code,internal_code,name,manufacturer_name,manufacture_country,manufacturer_item_description,unit_qty,quantity,unit_of_measure,weighted,qty_in_package,price,unit_of_measure_price,allow_discount,status,item_id
30,true,קרטון סודה טמפו 24 י,,,קרטון סודה טמפו 24 י,ליטרים,6.60,ליטר,false,,57.90,8.7727,true,1,1370480
41,true,לחם אחיד כהה 750 גרם,,,לחם אחיד כהה 750 גרם,גרמים,750.00,100 גרם,false,,4.90,0.0065,true,1,1369939
43,true,חלה פרג 500 גרם,,,חלה פרג 500 גרם,גרמים,500.00,100 גרם,false,,6.30,0.0126,true,1,1392424
48,true,חלה מתוקה עגולה לא א,,,חלה מתוקה עגולה לא א,גרמים,500.00,100 גרם,false,,8.90,0.0178,true,1,1369940
73,true,"10 ק""ג סוכר",,,"10 ק""ג סוכר",יחידה,0.00,יחידה,false,,39.00,0.0000,true,1,1380160
84,true,חלה רגילה/קלועה 500,,,חלה רגילה/קלועה 500,גרמים,500.00,100 גרם,false,,4.90,0.0098,true,1,1374193
87,true,"מארז פחיות 250 מ""ל X",,,"מארז פחיות 250 מ""ל X",ליטרים,6.00,ליטר,false,,89.90,14.9833,true,1,1370483
100,true,Temp Item,,,Temp Item,,0.00,,false,,0.00,0.0000,true,1,2276161
126,true,קרטון מי עדן קטן-24,,,קרטון מי עדן קטן-24,מיליליטרים,12000.00,"100 מ""ל",false,,45.00,0.0038,true,1,1381999
170,true,בגט בונזור.,,,בגט בונזור.,יחידה,0.00,יחידה,false,,4.40,0.0000,true,1,1349100
171,true,לחמים ג. בטעמים.,,,לחמים ג. בטעמים.,יחידה,0.00,יחידה,false,,14.90,0.0000,true,1,1349101
176,true,חלה מתוקה קלועה בונז,,,חלה מתוקה קלועה בונז,גרמים,560.00,100 גרם,false,,10.90,0.0195,true,1,1349106
177,true,חלה רגילה בונז'ור,,,חלה רגילה בונז'ור,יחידה,0.00,יחידה,false,,9.90,0.0000,true,1,1349107
213,true,בגט קראסט שיפון.,,,בגט קראסט שיפון.,יחידה,0.00,יחידה,false,,7.90,0.0000,true,1,1349112
290,true,באגט רוסטיק,,,באגט רוסטיק,יחידה,0.00,יחידה,false,,7.90,0.0000,true,1,1499218
351,true,קרטון סודה קינלי 250,,,קרטון סודה קינלי 250,ליטרים,6.00,ליטר,false,,60.00,10.0000,true,1,1382002
449,true,משקה ימבו פקק מארז 1,גלידות אריזונה,IL,ימבו פקק ענבים,יח',10.00,יח',false,,12.90,1.2900,true,1,1396091
473,true,בצל שאלוט,,,בצל שאלוט,00000000000000000יח',1.00,00000000000000000יח',false,,12.90,12.9000,true,1,1391223
507,true,משקה ימבו קש מארז 10,גלידות אריזונה,IL,ימבו פקק ענבים,יח',10.00,יח',false,,9.90,0.9900,true,1,1396092
650,true,פופקורן מלוח מוכן,,,פופקורן מלוח מוכן,גרמים,240.00,100 גרם,false,,6.90,0.0288,true,1,1369922
957,true,מים בורזום טבעיים מא,,,מים בורזום טבעיים מא,ליטרים,4.50,ליטר,false,,39.90,8.8667,true,1,1381894
1104,true,פטריות פורטבלה ארוז,,,פטריות פורטבלה ארוז,00000000000000000יח',1.00,00000000000000000יח',false,,7.90,7.9000,true,1,1400219
2545,true,תמר דקל נור,,,תמר דקל נור,קילוגרמים,1.00,"ק""ג",true,,19.00,19.0000,true,1,1365515
3601,true,ברוקולי ארוז,,,ברוקולי ארוז,000000000000000יחידה,1.00,000000000000000יחידה,false,,9.90,9.9000,true,1,1391231
4444,true,מארז בייגלה 4 יח'.,,,מארז בייגלה 4 יח'.,יח',4.00,יח',false,,14.90,3.7250,true,1,1349123
4914,true,אננס מיובש,,,אננס טבעי,קילוגרמים,1.00,"ק""ג",true,,79.00,79.0000,true,1,1412523
5010,true,חמוציות שלמות,,,חמוציות שלמות,קילוגרמים,1.00,"ק""ג",true,,39.00,39.0000,true,1,1401786
6500,true,אבטיח סידלס,,,אבטיח סידלס,קילוגרמים,1.00,"ק""ג",true,,5.90,5.9000,true,1,1391232
6504,true,ג'נגיר -זנגוויל,,,ג'נגיר -זנגוויל,קילוגרמים,1.00,"ק""ג",true,,29.90,29.9000,true,1,1396222
6550,true,לפת,,,לפת,קילוגרמים,1.00,"ק""ג",true,,7.90,7.9000,true,1,1391233
6600,true,בטטה,,,בטטה,קילוגרמים,1.00,"ק""ג",true,,5.90,5.9000,true,1,1391234
6660,true,בצל יבש רגיל,,,בצל יבש רגיל,קילוגרמים,1.00,"ק""ג",true,,3.90,3.9000,true,1,1391235
6800,true,גזר ארוז,,,גזר ארוז,קילוגרמים,1.00,"ק""ג",true,,2.90,2.9000,true,1,1391238
6801,true,גזר תפזורת,,,גזר תפזורת,קילוגרמים,1.00,"ק""ג",true,,3.90,3.9000,true,1,1369025
6850,true,סלק אדום,,,סלק אדום,קילוגרמים,1.00,"ק""ג",true,,5.90,5.9000,true,1,1391240
6900,true,חציל,,,חציל,קילוגרמים,1.00,"ק""ג",true,,3.90,3.9000,true,1,1391241
6950,true,קישואים רגיל,,,קישואים רגיל,קילוגרמים,1.00,"ק""ג",true,,7.90,7.9000,true,1,1391242
7000,true,עגבניות חממה גדול,,,עגבניות חממה גדול,קילוגרמים,1.00,"ק""ג",true,,5.90,5.9000,true,1,1391243
7007,true,אבטיח בייבי,,,אבטיח בייבי,קילוגרמים,1.00,"ק""ג",true,,5.90,5.9000,true,1,1391244
7036,true,חציל בלדי,,,חציל בלדי,קילוגרמים,1.00,"ק""ג",true,,6.90,6.9000,true,1,1391250
7065,true,בצל ירוק יחידה,,,בצל ירוק יחידה,00000000000000000000,0.00,00000000000000000000,false,,4.90,0.0000,true,1,1391266
7075,true,חטיפיפון/חטיפי מלפפו,,,חטיפיפון/חטיפי מלפפו,00000000000000000יח',1.00,00000000000000000יח',false,,7.90,7.9000,true,1,1391271
7100,true,מלפפון,,,מלפפון,קילוגרמים,1.00,"ק""ג",true,,5.90,5.9000,true,1,1391272
7111,true,בצל אדום,,,בצל אדום,קילוגרמים,1.00,"ק""ג",true,,5.90,5.9000,true,1,1391274
7114,true,פלפל אדום,,,פלפל אדום,קילוגרמים,1.00,"ק""ג",true,,5.90,5.9000,true,1,1391276
7117,true,פלפל ירוק,,,פלפל ירוק,קילוגרמים,1.00,"ק""ג",true,,5.90,5.9000,true,1,1391279
7123,true,פלפל נהריה,,,פלפל נהריה,קילוגרמים,1.00,"ק""ג",true,,7.90,7.9000,true,1,1391280
7124,true,פלפלון ארוז בנספק,,,פלפלון ארוז בנספק,000000000000000יחידה,1.00,000000000000000יחידה,false,,7.90,7.9000,true,1,1369038
7131,true,דלורית,,,דלורית,קילוגרמים,1.00,"ק""ג",true,,7.90,7.9000,true,1,1391282
7132,true,ארטישוק,,,ארטישוק,קילוגרמים,1.00,"ק""ג",true,,19.90,19.9000,true,1,1369039
7141,true,חסה אמריקאית,,,חסה אמריקאית,00000000000000000יח',1.00,00000000000000000יח',false,,4.90,4.9000,true,1,1391287
7145,true,כרובית,,,כרובית,קילוגרמים,1.00,"ק""ג",true,,9.90,9.9000,true,1,1391289
7148,true,פרסה,,,פרסה,קילוגרמים,1.00,"ק""ג",true,,19.90,19.9000,true,1,1391291
7149,true,לוביה,,,לוביה,קילוגרמים,1.00,"ק""ג",true,,19.90,19.9000,true,1,1391292
7150,true,מלון,,,מלון,קילוגרמים,1.00,"ק""ג",true,,5.90,5.9000,true,1,1391293
7156,true,צנון,,,צנון,קילוגרמים,1.00,"ק""ג",true,,7.90,7.9000,true,1,1391297
7159,true,קולרבי,,,קולרבי,קילוגרמים,1.00,"ק""ג",true,,7.90,7.9000,true,1,1391300
7162,true,שעועית ירוקה,,,שעועית ירוקה,קילוגרמים,1.00,"ק""ג",true,,29.90,29.9000,true,1,1391303
7170,true,סלרי עלים קצוץ,,,סלרי עלים קצוץ,00000000000000000000,0.00,00000000000000000000,false,,5.90,0.0000,true,1,1369044
7172,true,שומר,,,שומר,קילוגרמים,1.00,"ק""ג",true,,3.90,3.9000,true,1,1391307
7173,true,סלרי אמריקאי,,,סלרי אמרקאי,00000000000000000יח',1.00,00000000000000000יח',false,,4.90,4.9000,true,1,1391308
7175,true,פלפל חריף ירוק,,,פלפל חריף ירוק,קילוגרמים,1.00,"ק""ג",true,,5.90,5.9000,true,1,1391309
7177,true,פטריות שמפניון למילו,,,פטריות שמפניון למילו,קילוגרמים,1.00,"ק""ג",true,,29.90,29.9000,true,1,1375969
7178,true,דלעת,,,דלעת,קילוגרמים,1.00,"ק""ג",true,,9.90,9.9000,true,1,1391311
7179,true,פטריות פורטובלה בתפז,,,פטריות פורטובלה בתפז,קילוגרמים,1.00,"ק""ג",true,,29.90,29.9000,true,1,1375970
7181,true,דלעת ערמונים,,,דלעת ערמונים,קילוגרמים,1.00,"ק""ג",true,,19.90,19.9000,true,1,1391313
7242,true,סלרי ראש,,,סלרי ראש,00000000000000000יח',1.00,00000000000000000יח',false,,4.90,4.9000,true,1,1391320
7243,true,שורש פטרוזיליה יח,,,שורש פטרוזיליה יח,00000000000000000יח',1.00,00000000000000000יח',false,,3.90,3.9000,true,1,1391321
7248,true,פלפל צהוב,,,פלפל צהוב,קילוגרמים,1.00,"ק""ג",true,,5.90,5.9000,true,1,1391322
7249,true,פלפל כתום,,,פלפל כתום,קילוגרמים,1.00,"ק""ג",true,,7.90,7.9000,true,1,1391323
7250,true,"תפו""א לבן תפזורת",,,"תפוא"" לבן תפזורת",קילוגרמים,1.00,"ק""ג",true,,5.90,5.9000,true,1,1391324
7251,true,תפוח אדמה גורמה תפזו,,,תפוח אדמה גורמה תפזו,קילוגרמים,1.00,"ק""ג",true,,5.90,5.9000,true,1,1369048
7300,true,ירק,,,ירק,00000000000000000יח',1.00,00000000000000000יח',false,,2.90,2.9000,true,1,1369049
7320,true,צנונית ארוז,,,צנונית ארוז,גרמים,400.00,00000000000000000גרם,false,,4.90,0.0123,true,1,1391329
7342,true,קישואים זוקיני ירוק,,,קישואים זוקיני ירוק,קילוגרמים,1.00,"ק""ג",true,,9.90,9.9000,true,1,1391337
7350,true,תותים,,,תותים,00000000000000000000,0.00,00000000000000000000,false,,14.90,0.0000,true,1,1391340
7373,true,שעועית הילדה,,,שעועית הילדה,קילוגרמים,1.00,"ק""ג",true,,29.90,29.9000,true,1,1391342
7376,true,שום יבוא,,,שום יבוא,00000000000000000000,0.00,00000000000000000000,false,,4.90,0.0000,true,1,1391344
7390,true,פטריות שמפניון בתפזו,,,פטריות שמפניון בתפזו,קילוגרמים,1.00,"ק""ג",true,,29.90,29.9000,true,1,1369053
7400,true,כרוב אדום,,,כרוב אדום,קילוגרמים,1.00,"ק""ג",true,,3.90,3.9000,true,1,1391345
7432,true,שרי תמר,,,שרי תמר,קילוגרמים,1.00,"ק""ג",true,,19.90,19.9000,true,1,1391347
7433,true,שרי קלמר,,,שרי קלמר,00000000000000000000,0.00,00000000000000000000,false,,7.90,0.0000,true,1,1369057
7461,true,תירס ארוז,,,תירס ארוז,קילוגרמים,1.00,"ק""ג",true,,7.90,7.9000,true,1,1391352
7473,true,"תפו""א אדום תפזורת",,,"תפו""א אדום תפזורת",קילוגרמים,1.00,"ק""ג",true,,5.90,5.9000,true,1,1391353
7474,true,"תפו""א אדום לאפיה",,,"תפו""א אדום לאפיה",קילוגרמים,1.00,"ק""ג",true,,3.90,3.9000,true,1,1391354
7476,true,"תפו""א ירושלמי",,,"תפו""א ירושלמי",קילוגרמים,1.00,"ק""ג",true,,14.90,14.9000,true,1,1369060
7478,true,"תפו""א לבן לאפיה",,,"תפו""א לבן לאפיה",קילוגרמים,1.00,"ק""ג",true,,3.90,3.9000,true,1,1369061
7500,true,כרוב לבן,,,כרוב לבן,קילוגרמים,1.00,"ק""ג",true,,3.90,3.9000,true,1,1391361
7505,true,אננס,,,אננס,00000000000000000000,0.00,00000000000000000000,false,,34.90,0.0000,true,1,1391364
7508,true,אפרסק צהוב,,,אפרסק צהוב,קילוגרמים,1.00,"ק""ג",true,,7.90,7.9000,true,1,1391366
7509,true,קיווי,,,קיווי,קילוגרמים,1.00,"ק""ג",true,,19.90,19.9000,true,1,1391367
7523,true,ערמונים,,,ערמונים,קילוגרמים,1.00,"ק""ג",true,,17.90,17.9000,true,1,1391376
7528,true,רימון,,,רימון,קילוגרמים,1.00,"ק""ג",true,,12.90,12.9000,true,1,1391381
7533,true,תע זהוב מובחר,,,תע זהוב מובחר,קילוגרמים,1.00,"ק""ג",true,,11.90,11.9000,true,1,1391384
7534,true,תע אורליאנס,,,תע אורליאנס,קילוגרמים,1.00,"ק""ג",true,,9.90,9.9000,true,1,1391385
7536,true,תע חרמון מובחר,,,תע חרמון מובחר,קילוגרמים,1.00,"ק""ג",true,,9.90,9.9000,true,1,1391387
7541,true,תע סמיט מובחר,,,תע סמיט מובחר,קילוגרמים,1.00,"ק""ג",true,,12.90,12.9000,true,1,1391390
7544,true,"תפו""ע קריספינק",,,"תפו""ע קריספינק",קילוגרמים,1.00,"ק""ג",true,,18.90,18.9000,true,1,1391393
7545,true,"תפו""ע גלה מובחר",,,"תפו""ע גלה מובחר",קילוגרמים,1.00,"ק""ג",true,,12.90,12.9000,true,1,1391394
7550,true,שזיף סנטה רוזה,,,שזיף סנטה רוזה,קילוגרמים,1.00,"ק""ג",true,,17.90,17.9000,true,1,1391398
7552,true,שזיף שגיב,,,שזיף שגיב,קילוגרמים,1.00,"ק""ג",true,,9.90,9.9000,true,1,1391400
7553,true,שזיף שחור,,,שזיף שחור,קילוגרמים,1.00,"ק""ג",true,,17.90,17.9000,true,1,1391401
7600,true,אגס קוסיה,,,אגס קוסיה,קילוגרמים,1.00,"ק""ג",true,,12.90,12.9000,true,1,1391403
7662,true,לימון,,,לימון,קילוגרמים,1.00,"ק""ג",true,,8.90,8.9000,true,1,1391404
7663,true,תפוז גדול,,,תפוז גדול,קילוגרמים,1.00,"ק""ג",true,,7.90,7.9000,true,1,1391405
7697,true,אשכולית צהובה,,,אשכולית צהובה,קילוגרמים,1.00,"ק""ג",true,,6.90,6.9000,true,1,1391406
7698,true,אשכולית אדומה,,,אשכולית אדום,קילוגרמים,1.00,"ק""ג",true,,6.90,6.9000,true,1,1391407
7700,true,אפרסמון,,,אפרסמון,קילוגרמים,1.00,"ק""ג",true,,14.90,14.9000,true,1,1391409
7702,true,אפרסמון קרמבו,,,אפרסמון קרמבו,קילוגרמים,1.00,"ק""ג",true,,14.90,14.9000,true,1,1369078
7730,true,קרמבולה,,,קרמבולה,קילוגרמים,1.00,"ק""ג",true,,29.90,29.9000,true,1,1391416
7732,true,פומלה לבנה,,,פומלה לבנה,קילוגרמים,1.00,"ק""ג",true,,9.90,9.9000,true,1,1391418
7734,true,פומלה אדומה,,,פומלה אדומה,קילוגרמים,1.00,"ק""ג",true,,9.90,9.9000,true,1,1391419
7735,true,פומלית,,,פומלית,קילוגרמים,1.00,"ק""ג",true,,4.90,4.9000,true,1,1391420
7736,true,קלמנטינה אורה,,,קלמנטינה אורה,קילוגרמים,1.00,"ק""ג",true,,5.90,5.9000,true,1,1391421
7742,true,תפוז ארוז,,,תפוז ארוז,קילוגרמים,1.00,"ק""ג",true,,3.90,3.9000,true,1,1391427
7758,true,אגס תפוח,,,אגס תפוח,קילוגרמים,1.00,"ק""ג",true,,12.90,12.9000,true,1,1391432
7760,true,תמר לח חיאני,,,תמר לח חיאני,קילוגרמים,1.00,"ק""ג",true,,19.90,19.9000,true,1,1413424
7764,true,אוכמניות,,,אוכמניות,00000000000000000000,0.00,00000000000000000000,false,,9.90,0.0000,true,1,1391436
7800,true,בננה,,,בננה,קילוגרמים,1.00,"ק""ג",true,,5.90,5.9000,true,1,1391439
7900,true,מנגו,,,מנגו,קילוגרמים,1.00,"ק""ג",true,,12.90,12.9000,true,1,1391441
8011,true,אגס ספדונה,,,אגס ספדונה,קילוגרמים,1.00,"ק""ג",true,,12.90,12.9000,true,1,1391446
8092,true,מארז 10 לחמניות פטיט,,,מארז 10 לחמניות פטיט,יח',10.00,יח',false,,10.00,1.0000,true,1,1349126
8100,true,סברס,,,סברס,קילוגרמים,1.00,"ק""ג",true,,27.90,27.9000,true,1,1391449
8200,true,ענב לבן ישראלי,,,ענב לבן,קילוגרמים,1.00,"ק""ג",true,,19.90,19.9000,true,1,1369094
8303,true,ענב שחור בלי גרעינים,,,ענב שחור בלי גרעינים,קילוגרמים,1.00,"ק""ג",true,,14.90,14.9000,true,1,1391457
8500,true,אבוקדו,,,אבוקדו,קילוגרמים,1.00,"ק""ג",true,,14.90,14.9000,true,1,1391460
8880,true,מארז 6 יח' בייבי חלו,,,מארז 6 יח' בייבי חלו,יח',6.00,יח',false,,10.00,1.6667,true,1,1349128
8884,true,מארז חצי בגט 4 יחידו,,,מארז חצי בגט 4 יחידו,יח',4.00,יח',false,,9.90,2.4750,true,1,1349130
8888,true,מארז לחמניות 5 יחידו,,,מארז לחמניות 5 יחידו,יח',5.00,יח',false,,9.90,1.9800,true,1,1349132
9568,true,קוקטייל יווני,,,קוקטייל יוני,קילוגרמים,1.00,"ק""ג",true,,59.00,59.0000,true,1,1392882
498393,true,חלה מתוקה עגולה לא א,,,חלה מתוקה עגולה לא א,גרמים,500.00,100 גרם,false,,7.90,0.0158,true,1,2319440
799806,true,Temp Item,,,Temp Item,,0.00,,false,,0.00,0.0000,true,1,2244638
32147230,false,"מיץ לימון משומר 200מ""ל(לימונית אקסטרא)",ג'נרל מילס סאן אדריא,CH,"מיץ לימון משומר 200מ""ל",מיליליטרים,200.00,"100 מ""ל",false,,7.90,0.0395,true,1,1400837
40052403,false,קיט קט 4 אצבעות שוקולד חלב,נסטלה Nestle,,וופל קיט-קאט בודד,גרמים,41.50,100 גרם,false,,3.90,0.0940,true,1,1440651
40084107,false,ביצת שוקולד הפתעה קינדר,פרדי קונדטוריה אס פי,,ביצת הפתעה קינדר.,גרמים,20.00,100 גרם,false,,4.90,0.2450,true,1,1373160
40099132,false,מסטיק הובה בובה Hubba Bubba בטעם תות,הובה בובה Hubba Bubba,,מסטיק הובה בובה תות,גרמים,35.00,100 גרם,false,,2.90,0.0829,true,1,1383920
40111216,false,באונטי חטיף קוקוס ושוקולד 57ג',"נארז ע""י : א.ג. גילר",NL,57GR 'באונטי חטיף שוק,גרמים,57.00,100 גרם,false,,3.90,0.0684,true,1,1365200
40345123,false,סמרטיז גליל סוכריות כפתורים 38 ג',נסטלה Nestle,DE,סמרטיס גליל,גרמים,38.00,100 גרם,false,,3.90,0.1026,true,1,1392459
40786179,false,בירה לוונבראו פחית 500 מל,Spaten,,בירה לוונבראו בפחית.,מיליליטרים,500.00,"100 מ""ל",false,,9.90,0.0198,true,1,2260847
42123866,false,מסטיק הובה בובה צ'אנק פירות קלאסי 35ג',הובה בובה Hubba Bubba,,מסטיק הובה בובה קלאס,גרמים,35.00,100 גרם,false,,2.90,0.0829,true,1,1383923
42246640,false,"ניוואה - דאודורנט רול און לאישה פאודר טאצ' נשים 50 מ""ל",ביירסדורץ,,ניוואה דאו רול און ל,יחידה,1.00,יחידה,false,,19.90,19.9000,true,1,1380609
42299363,false,"ניוואה - דאודורנט רול און לגבר פרש פאוור 50 מ""ל",ביירסדורץ,,ניוואה דאו רול און פ,יחידה,0.00,יחידה,false,,19.90,0.0000,true,1,1489701
50398904,false,"קרם חמצן 6% אינדולה 60 מ""ל",גדעון קוסמטיקס,IL,"אינדולה קרם חמצן 6% 60 מ""",מיליליטרים,60.00,"100 מ""ל",false,,3.90,0.0650,true,1,1369511
50398911,false,"קרם חמצן 9% בקבוק 60 מ""ל",שוורצקופ,,קרם חמצן 9%,מיליליטרים,60.00,"100 מ""ל",false,,3.90,0.0650,true,1,1369512
54051140,false,מעדן סויה טעם וניל אלפרו רביעיה * 125 ג',הנסיך- מפעל לייצור ט,BE,אלפרו מעדן סויה בטעם וניל,גרמים,500.00,100 גרם,false,,16.90,0.0338,true,1,1386151
54051157,false,מעדן סויה טעם שוקו אלפרו רביעיה 125 ג',קריות זול,BE,אלפרו מעדן סויה בטעם שוקו,גרמים,500.00,100 גרם,false,,16.90,0.0338,true,1,1386152
59013662,false,דאב דאו רולאון קקאו והיביסקוס 50 מל,"יוניליוור אנגליה, דרך קו",,דאב דאו רולאון קקאו,מיליליטרים,50.00,"100 מ""ל",false,,17.90,0.3580,true,1,2271261
59079378,false,"אקס - דאודורנט רול און לגבר אייס צ'יל 50 מ""ל","יוניליוור אנגליה, דרך קו",,אקס דאודורנט רול און,מיליליטרים,50.00,"100 מ""ל",false,,18.90,0.3780,true,1,2268282
59079798,false,"רקסונה - דאודורנט רול און לאישה אנטי פרספירנט שאוור 50 מ""ל","יוניליוור אנגליה, דרך קו",,דאודורנט רול און רקס,מיליליטרים,50.00,"100 מ""ל",false,,15.90,0.3180,true,1,2229157
59079811,false,"רקסונה דאו' רול-און לנשים בניחוח פאודר, 50 מ""ל","יוניליוור אנגליה, דרך קו",,דאודורנט רול און רקס,מיליליטרים,50.00,"100 מ""ל",false,,15.90,0.3180,true,1,2253624
59082637,false,"רקסונה - דאודורנט רולאון לגבר אקסטרא קול 50 מ""ל",יוניליוור פיליפינים,,דאודורנטרול און רקסו,מיליליטרים,50.00,"100 מ""ל",false,,15.90,0.3180,true,1,2228542
72940754,false,"מילקי מעדן וניל עם קצפת שטראוס 133 מ""ל","שטראוס גרופ בע""\מ",IL,מילקי וניל,גרמים,135.00,100 גרם,false,,2.80,0.0207,true,1,1389451
72940761,false,"מילקי מעדן שוקולד עם קצפת שטראוס 133 מ""ל",מיוצר עי קונדיטוריית,IL,מילקי שוקולד,גרמים,170.00,100 גרם,false,,2.80,0.0165,true,1,1389452
72940952,false,מעדן מילקי בטעם שוקולד עם אקסטרה קצפת,"שטראוס גרופ בע""\מ",IL,מילקי אקסטרה קצפת,גרמים,170.00,100 גרם,false,,3.50,0.0206,true,1,1389453
72940976,false,סלט כרוב אדום אחלה 250 גרם,מיוצר עי קונדיטוריית,IL,כרוב אדום 250,גרמים,250.00,100 גרם,false,,6.90,0.0276,true,1,1389454
72940983,false,סלט חומוס 250 גר אחל,מיוצר עי קונדיטוריית,IL,חומוס אחלה 250,גרמים,250.00,100 גרם,false,,6.90,0.0276,true,1,1872199
72941041,false,מעדן מילקי מיני בטעם שוקולד עם קצפת,"שטראוס גרופ בע""\מ",,מעדן מילקי מיני שוקו,גרמים,70.00,100 גרם,false,,2.00,0.0286,true,1,1389456
72945308,false,קוביות שמרים לאפיה שמרית 2*25 ג',"פאקא תעשיות בע""\מ",IL,שמרית קוביה,גרמים,50.00,100 גרם,false,,3.20,0.0640,true,1,1389457
72961506,false,יוגורט עם תות 1.5% שומן 125 ג' פרילי,מיוצר עי קונדיטוריית,,מעדן פרילי חלב תנובה,מיליליטרים,125.00,"100 מ""ל",false,,3.20,0.0256,true,1,1387677
72961520,false,"פרילי יוגורט עם אננס 1.5% תנובה 125 מ""ל",מיוצר עי קונדיטוריית,,מעדן פרילי אננס 125,מיליליטרים,125.00,"100 מ""ל",false,,3.20,0.0256,true,1,1387679
72961544,false,"באדי יוגורט בטעם תות שדה 3% תנובה 125 מ""ל",מחלבת אלון תבור,,"מעדן באדי תות 125 מ""",מיליליטרים,125.00,"100 מ""ל",false,,2.80,0.0224,true,1,1387680
72964132,false,פרילי טבע יוגורט עם גרנולה 200 גרם,מיוצר עי קונדיטוריית,,מעדן פרילי טבעגורט 2,גרמים,200.00,100 גרם,false,,4.90,0.0245,true,1,1387685
72964422,false,יוגורט פרחים 4.5% שומן 200 גרם,מחלבת תנובה,,"יוגורט 4.5% 200 מ""ל.",מיליליטרים,200.00,"100 מ""ל",false,,2.70,0.0135,true,1,1387686
72986370,false,"גלידת בן & ג'ריס פיינטים וניל 500מ""ל",מוצרי איכות אמריקאיים,IL,"גל.וניל צרפתי 500 מ""ל",מיליליטרים,500.00,"100 מ""ל",false,,24.90,0.0498,true,1,1373729
72986424,false,"גלידת בן & ג'ריס פיינטים קרם עוגיות 500מ""ל",מוצרי איכות אמריקאיים בע,IL,"גל.קרם עוגיות 500 מ""ל",מיליליטרים,500.00,"100 מ""ל",false,,24.90,0.0498,true,1,1373730
72986448,false,"גלידת בן & ג'ריס פיינטים טופי קראנץ 500מ""ל",מוצרי איכות אמריקאיים בע,IL,"גל.טופי קראנץ 500 מ""ל",מיליליטרים,500.00,"100 מ""ל",false,,24.90,0.0498,true,1,1373731
72986455,false,"גלידה ניו יורק סופר פאדג' צ'אנק בן אנד ג'ריס 500 מ""ל",מוצרי איכות אמריקאיים בע,IL,גלידת שוקולד פאגד'אגוזים,מיליליטרים,500.00,"100 מ""ל",false,,24.90,0.0498,true,1,1373732
72986479,false,"גלידה שוקולד אגוז עם בננות בן וג'ירי 500 מ""ל",מוצרי איכות אמריקאיים בע,IL,"גל.צ'אנקי מאנקי 500 מ""ל",מיליליטרים,500.00,"100 מ""ל",false,,24.90,0.0498,true,1,1373733
72989425,false,"גלידת בן & ג'ריס פיינטים שוקולד בראוניז 500מ""ל",מוצרי איכות אמריקאיים בע,IL,500 גלידה שוקולד בראוניס,מיליליטרים,500.00,"100 מ""ל",false,,24.90,0.0498,true,1,1373734
72991886,false,"גלידת דולצ'ה בטעם ריבת חלב עם פאדג' בן וג'ירי 500 מ""ל",מוצרי איכות אמריקאיים בע,IL,500 גלידת דולצ'ה דה לצ'ה,מיליליטרים,500.00,"100 מ""ל",false,,24.90,0.0498,true,1,1373735
72993637,false,מעדן חלב בטעם שוקולד 125 ג' דני,"שטראוס גרופ בע""\מ",IL,דני שוקולד,גרמים,125.00,100 גרם,false,,2.70,0.0216,true,1,1389462
72994061,false,חטיף פסק זמן GOOD גלילית לבן 40 גרם,שולן צ'\יקולטה גידה סאן.,TR,פסק זמן 2Good,גרמים,36.00,100 גרם,false,,4.90,0.1361,true,1,1819777
80001287,false,וופל חטיף לואקר אגוז 38 גר',ליימן מותגים,,חטיף וופל גרדנה אגוז,גרמים,38.00,100 גרם,false,,3.50,0.0921,true,1,1373164
80001461,false,חטיף גרנדה שוקולד 38 גרם,"א. לואקר קונפקט בע""מ",IT,חטיף גרדנה מצופה,גרמים,38.00,100 גרם,false,,3.50,0.0921,true,1,1373166
80001485,false,חטיף גרדנה קוקוס 38 גרם,קריניציה ויטמינה אס,IT,חטיף גרדנה קוקוס,גרמים,38.00,100 גרם,false,,3.50,0.0921,true,1,1373167
80001911,false,וופל גרדנה במילוי קרם אגוזי לוז ובציפוי שוקולד לבן,ליימן מותגים,,חטיף וופל גרדנה אגוז,גרמים,38.00,100 גרם,false,,3.50,0.0921,true,1,1871466
80042556,false,POLPA עגבניות חתוכות דק 400 גרם MUTTI,"איי, בי, אינבוו",,עגבניות מרוסקות PO,גרמים,400.00,100 גרם,false,,5.90,0.0148,true,1,2326020
80050124,false,סוכריות טיק טק מנטה 16 גרם,פררו - אלבה,,סוכריות טיק-טק,גרמים,16.00,100 גרם,false,,2.90,0.1812,true,1,1373170
80052760,false,קינדר בואנו Kinder Bueno עם חלב ואגוזי לוז,פררו - אלבה,,קינדר בואנו שוקולד ב,גרמים,43.00,100 גרם,false,,3.50,0.0814,true,1,1373175
80052883,false,סוכריות טיק טק מנטה חזק 16 גרם,צ'וקטה,,סוכריות טיק טק,גרמים,16.00,100 גרם,false,,2.90,0.1812,true,1,2277039
80136194,false,חטיפי הפי היפו Happy Hippo במילוי קרם חלבי ואגוזי לוז,קינדר Kinder,,הפי היפו חמישייה,גרמים,103.50,100 גרם,false,,12.90,0.1246,true,1,1853173
80176800,false,נוטלה ממרח שוקולד 750 גרם,פררו תעשיות איטליה ס,,ממרח נוטלה 750 גרם,גרמים,750.00,100 גרם,false,,24.90,0.0332,true,1,1373178
80177173,false,ממרח שוקולד נוטלה 350 גרם,פררו - אלבה,,ממרח נוטלה 350 גרם,גרמים,350.00,100 גרם,false,,13.90,0.0397,true,1,1373179
80177609,false,אצבעות שוקולד קינדר Kinder ארבע יחידות,פררו - אלבה,,שוקולד קינדר אצבעות,גרמים,50.00,100 גרם,false,,3.50,0.0700,true,1,1373182
80177616,false,אצבעות שוקולד קינדר Kinder שמונה יחידות,פררו - אלבה,,שוקולד קינדר,גרמים,100.00,100 גרם,false,,6.90,0.0690,true,1,1373183
80273561,false,פלפל שחור במטחנה 45 גר ארומה דה טוסקנה,דרוגיה ואלימנטרי אס.אר.א,IT,פלפל שחור במטחנה 45גרם,גרמים,45.00,100 גרם,false,,12.90,0.2867,true,1,1384157
80273592,false,פלפל ארבע עונות 30 גר ארומה דה טוסקנה,דרוגיה ואלימנטרי אס.אר.א,IT,פלפל 4עונות מטחנה 35גרם,גרמים,35.00,100 גרם,false,,12.90,0.3686,true,1,1384158
80273639,false,מלח ים במטחנה 90 גר ארומה דה טוסקנה,דרוגיה ואלימנטרי אס.אר.א,IT,מלח ים במטחנה 90גרם,גרמים,90.00,100 גרם,false,,12.90,0.1433,true,1,1384160
80273677,false,צילי במטחנה 20 גר ארומה דה טוסקנה,דרוגיה ואלימנטרי אס.אר.א,IT,צ'ילי במטחנה 20גרם,גרמים,20.00,100 גרם,false,,12.90,0.6450,true,1,1384162
80273684,false,תערובת עשבי פרובנס במטחנה 20 גר ארומה דה,דרוגריה ואלימנטרי אס,IT,תערובת עשבי פרובנס במטחנה,גרמים,20.00,100 גרם,false,,12.90,0.6450,true,1,1384163
80310891,false,ג'וי ביצת הפתעה קינדר 20 גרם,קריות זול,,קינדר ג'וי ביצת הפתע,גרמים,20.00,100 גרם,false,,4.90,0.2450,true,1,2364990
80651000,false,שום צילי במטחנה 30 גרם ארומה דה טוסקנה,דרוגיה ואלימנטרי אס.אר.א,IT,שום וצ'ילי במטחנה 35גרם,גרמים,30.00,100 גרם,false,,12.90,0.4300,true,1,1384168
80651017,false,תערובת עשבי טוסקנה במטחנה 15 ארומה דה טו,דרוגריה ואלימנטרי אס,IT,תערובת עשבי טוסקנה במטחנה,גרמים,16.00,100 גרם,false,,12.90,0.8063,true,1,1384169
80651765,false,גינגר זנגביל במטחנה 35 גר ארומה דה טוסקנ,דרוגריה ואלימנטרי אס,IT,ג'ינג'ר זנגביל במטחנה 35ג,גרמים,28.00,100 גרם,false,,12.90,0.4607,true,1,1384171
80761761,false,קינדר בואנו לבן בודד 39 גרם,ליימן שליסל,,קינדר בואנו לבן בודד,גרמים,39.00,100 גרם,false,,3.50,0.0897,true,1,1373186
80768838,false,מסטיק מנטוס וויט ביג פירות ומנטה 105 ג',"אינסטנטה בע""מ",,מסטיק מנטוס בטעם פיר,גרמים,90.00,100 גרם,false,,10.00,0.1111,true,1,1490526
80773429,false,מנטוס בקבוק מעוגל - מסטיק ללא סוכר בטעם תות 60 גרם,"פרפטי ואן מלה ג'\ידה,סאן",,מסטיק מנטוס תות 60 ג,גרמים,60.00,100 גרם,false,,9.90,0.1650,true,1,1900137
80773443,false,מנטוס בקבוק מעוגל - מסטיק ללא סוכר בטעם מנטה 60 גרם,"פרפטי ואן מלה ג'\ידה,סאן",,מסטיק מנטוס פירות 60,גרמים,60.00,100 גרם,false,,9.90,0.1650,true,1,1741081
80776307,false,מסטיק מנטוס ביג בבקבוק מעוגל טעם פירות מנטה 90 ג',פרפטי ואן מלה הולנד,,מסטיק מנטוס בטעם פיר,גרמים,90.00,100 גרם,false,,10.00,0.1111,true,1,1741082
80780595,false,מסטיק מנטוס ביג בבקבוק מעוגל טעם מנטה-עדינה 90 ג',פרפטי ואן מלה הולנד,,מסטיק מנטוס בטעם מנט,גרמים,90.00,100 גרם,false,,10.00,0.1111,true,1,1741083
80790990,false,מסטיק מנטוס בבקבוק מעוגל בטעם פירות -מנטה 60 ג',"פרפטי ואן מלה ג'\ידה,סאן",,מסטיק מנטוס פירות,גרמים,60.00,100 גרם,false,,9.90,0.1650,true,1,1741084
80794233,false,מסטיק מנטוס ביג בבקבוק מעוגל טעם מנטה 90 ג',פרפטי ואן מלה הולנד,,מסטיק מנטוס בטעם מנט,גרמים,90.00,100 גרם,false,,10.00,0.1111,true,1,1741085
80804697,false,מסטיק וויט White בטעם מנטה מתוקה ללא סוכר,"אינסטנטה בע""מ",,מסטיק מנטוס בטעם מנט,גרמים,105.00,100 גרם,false,,10.00,0.0952,true,1,1490528
80831402,false,סוכריות מנטוס מנטה עדינה 30 יח' ללא סוכר CLEAN BREATH,פרפטי ואן מלה,,סוכריות מנטוס מנטה ע,גרמים,31.00,100 גרם,false,,6.90,0.2226,true,1,2252732
80832560,false,סוכריות מנטוס פירות יער 21 ג' ללא סוכר CLEAN BREATH,פרפטי ואן מלה,,סוכריות מנטוס פירות,גרמים,31.00,100 גרם,false,,6.90,0.2226,true,1,2356465
80843184,false,מנטוס מסטיק פיור פרש בטעם ענבים 60גר,פרפטי ואן מלה הולנד,,מסטיק מנטוס ענבים,גרמים,60.00,100 גרם,false,,9.90,0.1650,true,1,2315180
80854753,false,סוכריות מנטוס מנטה 30 יח' ללא סוכר CLEAN BREATH,פרפטי ואן מלה,,סוכריות מנטוס מנטה ל,גרמים,31.00,100 גרם,false,,6.90,0.2226,true,1,2252733
80864059,false,וופל גרדנה עם קרם חמאת בוטנים בציפוי שוקולד חלב,ליימן מותגים,,חטיף וופל גרדנה אגוז,גרמים,21.00,100 גרם,false,,3.50,0.1667,true,1,2350572
80864295,false,סוכריות פיור וויט טעם מנטה עדינה 60 ג' מנטוס,"פרפטי ואן מלה ג'ידה,סאן",,מסטיק מנטוס וויט מנט,גרמים,60.00,100 גרם,false,,9.90,0.1650,true,1,2317381
80896081,false,מנטוס בקבוק מעוגל - מסטיק ללא סוכר בטעם אבטיח 60 גרם,"פרפטי ואן מלה ג'\ידה,סאן",,מסטיק מנטוס אבטיח 60,גרמים,60.00,100 גרם,false,,9.90,0.1650,true,1,1900138
80913467,false,מנטוס בקבוק מעוגל - מסטיק ללא סוכר בטעם מנטה,פרפטי ואן מלה הולנד,,מסטיק מנטוס מנטה,גרמים,60.00,100 גרם,false,,9.90,0.1650,true,1,1741086
80926481,false,מסטיק מנטוס פיור פרש בבקבוק בינוני בטעם אבטיח 90ג',"פרפטי ואן מלה ג'ידה,סאן",,מסטיק מנטוס בטעם אבט,גרמים,90.00,100 גרם,false,,10.00,0.1111,true,1,2053281
80936848,false,סוכריות טיק טק בטעם תות שדה,ליימן-שליסל,,סוכריות טיק-טק,גרמים,16.00,100 גרם,false,,2.90,0.1812,true,1,1373205
80945468,false,סוכריות פיור וויט טעם מנטה מתוקה 60 ג' מנטוס,"פרפטי ואן מלה ג'ידה,סאן",,מסטיק מנטוס וויט מנט,גרמים,60.00,100 גרם,false,,9.90,0.1650,true,1,2317382
80974215,false,מסטיק מנטוס פיור פרש בבקבוק ביג בטעם תות 90ג',"פרפטי ואן מלה ג'ידה,סאן",,מסטיק מנטוס בטעם תות,גרמים,90.00,100 גרם,false,,10.00,0.1111,true,1,2053282
80979128,false,מנטוס מסטיק בקבוק מעוגל בטעם דובדבן,פרפטי ואן מלה הולנד,,מסטיק מנטוס דובדבן,גרמים,60.00,100 גרם,false,,9.90,0.1650,true,1,2315181
80986348,false,סוכריות פיור וויט טעם מנטה 60 ג' מנטוס,"פרפטי ואן מלה ג'ידה,סאן",,מסטיק מנטוס וויט מנט,גרמים,60.00,100 גרם,false,,9.90,0.1650,true,1,2317383
80995128,false,מנטוס בקבוק עגול בטעם הדרים בתוספת ויטמינים 60 גרם,פרפטי ואן מלה הולנד,,מסטיק מנטוס הדרים 6,גרמים,60.00,100 גרם,false,,9.90,0.1650,true,1,2371770
87108538,false,סוכריות בטעם תות מנטוס 37.5 גרם,הדקלאים אגודת שיתופי,,מנטוס תות בודד,גרמים,37.00,100 גרם,false,,3.00,0.0811,true,1,1373210
87108651,false,סוכריות בטעם מנטה מנטוס 4*37.5 גרם,הדקלאים אגודת שיתופי,,מנטוס 1/4 טעם מנטה,גרמים,150.00,100 גרם,false,,10.90,0.0727,true,1,1373211
87108712,false,סוכריות בטעם פירות מנטוס 4*37.5 גרם,פרפטי ואן מלה ברדה,,מנטוס 1/4 טעם פירות,גרמים,150.00,100 גרם,false,,10.90,0.0727,true,1,1373212
87311396,false,מנטוס ריינבאוו סוכריות לעיסה בטעמי פירות,פרפטי ואן מלה ברדה,,מנטוס גליל בודד,גרמים,37.50,100 גרם,false,,3.00,0.0800,true,1,1373218
87342802,false,"אקס דאודורנט רול און גולד 50 מ""ל","יוניליוור אנגליה, דרך קו",,אקס רול און רוק,מיליליטרים,50.00,"100 מ""ל",false,,18.90,0.3780,true,1,2268283
88888000,true,Temp SuperDept,,,Temp SuperDept,,0.00,,false,,0.00,0.0000,true,1,1413822
88888004,true,מוצרי מקרר טרי,,,מוצרי מקרר טרי,,0.00,,false,,0.00,0.0000,true,1,1413823
88888005,true,בשר / עופות / דגים,,,בשר / עופות / דגים,,0.00,,false,,0.00,0.0000,true,1,1413824
88888006,true,פירות וירקות,,,פירות וירקות,,0.00,,false,,0.00,0.0000,true,1,1413825
88888007,true,ארכיון,,,ארכיון,,0.00,,false,,0.00,0.0000,true,1,1413826
88888010,true,מכולת,,,מכולת,,0.00,,false,,0.00,0.0000,true,1,1413827
88888015,true,"ללא מע""מ",,,"ללא מע""מ",,0.00,,false,,0.00,0.0000,true,1,1413828
88888020,true,פירות וירקות הלחי,,,פירות וירקות הלחי,,0.00,,false,,0.00,0.0000,true,1,1413848
88888033,true,חלב וביצים,,,חלב וביצים,,0.00,,false,,0.00,0.0000,true,1,1413829
88888034,true,סלטים ונקניקים,,,סלטים ונקניקים,,0.00,,false,,0.00,0.0000,true,1,1413830
88888050,true,קצביה עוף,,,קצביה עוף,,0.00,,false,,0.00,0.0000,true,1,1413831
88888051,true,קצביה בקר,,,קצביה בקר,,0.00,,false,,0.00,0.0000,true,1,1413832
88888056,true,קצביה הודו,,,קצביה הודו,,0.00,,false,,0.00,0.0000,true,1,1413833
88888068,true,שתיה,,,שתיה,,0.00,,false,,0.00,0.0000,true,1,1413838
88888070,true,תינוקות ופעוטות,,,תינוקות ופעוטות,,0.00,,false,,0.00,0.0000,true,1,1413839
88888071,true,חומרי ניקוי,,,חומרי ניקוי,,0.00,,false,,0.00,0.0000,true,1,1413840
88888082,true,טיפוח והגיינה,,,טיפוח והגיינה,,0.00,,false,,0.00,0.0000,true,1,1413841
88888083,true,ביזרים וכלי עזר לבית,,,ביזרים וכלי עזר לבית,,0.00,,false,,0.00,0.0000,true,1,1413842
88888084,true,כלי עבודה ורכב,,,כלי עבודה ורכב,,0.00,,false,,0.00,0.0000,true,1,1413843
88888085,true,הלבשה,,,הלבשה,,0.00,,false,,0.00,0.0000,true,1,1413844
88888086,true,"ים, משרד ומוצרי פנאי",,,"ים, משרד ומוצרי פנאי",,0.00,,false,,0.00,0.0000,true,1,1413845
88888087,true,ודים מקוצרים למבצעים,,,ודים מקוצרים למבצעים,,0.00,,false,,0.00,0.0000,true,1,1413846
88888088,true,פקדונות,,,פקדונות,,0.00,,false,,0.00,0.0000,true,1,1413847
88888093,true,אוכל מוכן,,,אוכל מוכן,,0.00,,false,,0.00,0.0000,true,1,1413850
88888096,true,שיפודיה,,,שיפודיה,,0.00,,false,,0.00,0.0000,true,1,1413851
88888097,true,קפיטריה,,,קפיטריה,,0.00,,false,,0.00,0.0000,true,1,1413852
88888098,true,אוטו ספא,,,אוטו ספא,,0.00,,false,,0.00,0.0000,true,1,1413853
88888099,true,VENDOR,,,VENDOR,,0.00,,false,,0.00,0.0000,true,1,1413854
88888100,true,מוכרנים - מוצרי חשמל,,,מוכרנים - מוצרי חשמל,,0.00,,false,,0.00,0.0000,true,1,2200427
88888555,true,דגים טריים,,,דגים טריים,,0.00,,false,,0.00,0.0000,true,1,1413835
90087011,false,מיץ תפוחים 100% קרטונית ראוך,Rauch fruchtsafte gm,,מיץ תפוחים 100% 1 לי,ליטרים,1.00,ליטר,false,,11.90,11.9000,true,1,1387058
90087547,false,מיץ עגבניות 1 ליטר ראוך קרטונית,Rauch fruchtsafte gm,,מיץ עגבנית 1 ליטר,ליטרים,1.00,ליטר,false,,11.90,11.9000,true,1,2034583
90087769,false,מיץ אננס 100% קרטונית ראוך,Rauch fruchtsafte gm,,מיץ אננס 100%,ליטרים,1.00,ליטר,false,,11.90,11.9000,true,1,1387061
90087974,false,חומץ טבעי מתפוחים 750 מל,ראוך פרוכטסאפה,,"חומץ מתפוחים 750 מ""ל",מיליליטרים,750.00,"100 מ""ל",false,,12.90,0.0172,true,1,1387062
90087998,false,"מיץ לימון טבעי 250 מ""ל",Rauch fruchtsafte gm,,מיץ לימון טבעי 250 מ,מיליליטרים,250.00,"100 מ""ל",false,,5.90,0.0236,true,1,1387063
90162602,false,רד בול משקה אנרגיה פקדון 30 אג,רד בול ג'י.אם.בי. אץ,,משקה רד-בול אנרגיה.,מיליליטרים,250.00,"100 מ""ל",false,,5.90,0.0236,true,1,1394736
90446269,false,"משקה רד בול אבטיח מוגז פחית 250 מ""ל",ראון פרוכטסאפה,,משקה רד-בול אנרגיה א,מיליליטרים,250.00,"100 מ""ל",false,,5.90,0.0236,true,1,2305138
90448867,false,"משקה אנרגיה רד בול ללא פחמימות 250 מ""ל",רד בול,,משקה רד-בול אנרגיה ל,מיליליטרים,250.00,"100 מ""ל",false,,5.90,0.0236,true,1,2354555
96137130,false,"דאודורנט דאב רול און אגס ואלוורה 150 מ""ל",יוניליוור פיליפינים,,דאב רולאון אגס אלוור,מיליליטרים,50.00,"100 מ""ל",false,,17.90,0.3580,true,1,2007284
9800800056,false,חטיף שוקולד עם מקלות לחם אנד גו,פררו - אלבה,,ממרח נוטלה אנד גו,גרמים,52.00,100 גרם,false,,4.90,0.0942,true,1,1488505
11210000094,false,"רוטב ""טבסקו"" על בסיס פלפל אדום 60 מ""ל",מקאילהייני אייבורי,US,טבסקו אדום,מיליליטרים,60.00,"100 מ""ל",false,,9.90,0.1650,true,1,1376486
11210006508,false,רוטב פלפל הבנרו חריף טבסקו 60 מל,מקאילהייני Mc.Ilhenn,US,טבסקו הבנרו,מיליליטרים,60.00,"100 מ""ל",false,,15.90,0.2650,true,1,1376489
11210007253,false,"רוטב ""טבסקו"" על בסיס פלפל אדום ושום 60 מ""ל",מקאילהייני אייבורי,US,טבסקו שום,מיליליטרים,60.00,"100 מ""ל",false,,9.90,0.1650,true,1,1376490
11210009387,false,"רוטב ""טבסקו"" על בסיס פלפל ירוק חריף 60 מ""ל",מקאילהייני אייבורי,US,טבסקו ירוק,מיליליטרים,60.00,"100 מ""ל",false,,9.90,0.1650,true,1,1376491
11210607040,false,"רוטב ""טבסקו"" על בסיס פלפל צ'יפוטלי [בטעם מעושן] 60 מ""ל",מקאילהייני Mc.Ilhenn,US,טבסקו צ'יפוטלי,מיליליטרים,60.00,"100 מ""ל",false,,9.90,0.1650,true,1,1376492
13628609388,false,חומץ בלסמי מובחר 500מל,MONARI FEDERZONI,IT,חומץ בלסמי מובחר כשר בקבו,מיליליטרים,500.00,"100 מ""ל",false,,24.90,0.0498,true,1,1400841
16000185517,false,דגני בוקר פייבר וואן עתירי סובין FIBRE1,בטר אנד דיפרנט,,דגני בוקר פייבר וואן,גרמים,555.00,100 גרם,false,,27.90,0.0503,true,1,2330242
16000281684,false,חטיפי גרנולה קראנצ'י עם פקאן נייצ'ר ואלי 5*42 גרם,ליימן מותגים,US,קראנצי בטעם פקאן חמישייה,גרמים,210.00,100 גרם,false,,14.90,0.0710,true,1,1373223
16000423534,false,חטיפי גרנולה קראנצ'י עם שיבולת שועל ושוקולד מריר נייצ'ר ואלי 5*42 גרם,ג'נרל מילס סאן אדריאן,US,קראנצי שיבולת שועל ושוקול,גרמים,210.00,100 גרם,false,,14.90,0.0710,true,1,1373224
16000548503,false,חטיפי גרנולה קראנצ'י עם מייפל וסוכר חום נייצ'ר ואלי 5*42 גרם,ג'נרל מילס סאן אדריאן,ES,קראנצי בטעם מייפל וסוכר ח,גרמים,210.00,100 גרם,false,,14.90,0.0710,true,1,1373230
16000548602,false,חטיפי גרנולה קראנצ'י קינמון נייצ'ר ואלי 5*24 גרם,ג'נרל מילס סאן אדריאן,ES,קראנצי בטעם קנמון 210 גר,גרמים,210.00,100 גרם,false,,14.90,0.0710,true,1,1373231
16229917593,false,מי קוקוס 100% פוקו 3,ויט וורלד קומפני,,"מי קוקוס 330 מ""ל",מיליליטרים,330.00,"100 מ""ל",false,,6.90,0.0209,true,1,2276478
16229917609,false,"מי קוקוס עם רימון 330מ""ל",ויט וורלד קומפני,,מי קוקוס בתוספתרימון,מיליליטרים,330.00,"100 מ""ל",false,,6.90,0.0209,true,1,2276479
16229917630,false,"מי קוקוס בתוספת אננס 330 מ""ל",ויט וורלד קומפני,,מי קוקוס בתוספת אננס,מיליליטרים,330.00,"100 מ""ל",false,,6.90,0.0209,true,1,2276481
16229917654,false,"מי קוקוס בתוספת ליצי 330 מ""ל",ויט וורלד קומפני,,מי קוקוס בתוספת ליצ',מיליליטרים,330.00,"100 מ""ל",false,,6.90,0.0209,true,1,2276483
16229918354,false,ארוי די רוטב קארי אד,תאי אגרי פוד,,רוטב קארי אדום,מיליליטרים,250.00,"100 מ""ל",false,,9.90,0.0396,true,1,2184923
16229924263,false,"ארוי-די קרם קוקוס 250 מ""ל",תאי אגרי פוד פובליק קו'\,,"קרם קוקוס 250 מ""ל",מיליליטרים,250.00,"100 מ""ל",false,,9.90,0.0396,true,1,2276466
18000701223,false,"פילסברי, עוגה בטעם שוקולד, תערובת להכנת עוגה בטעם שוקולד. 500 גרם",הדקלאים אגודת שיתופי,IL,תערובת לעוגת שוקולד 517 ג,גרמים,500.00,100 גרם,false,,19.90,0.0398,true,1,1373234
18000703494,false,"פילסברי, עוגה בטעם וניל, תערובת להכנת עוגה בטעם וניל. 500 גרם.",הדקלאים אגודת שיתופי,IL,תערובת לעוגת וניל 517 גרם,גרמים,500.00,100 גרם,false,,19.90,0.0398,true,1,1373235
18000703517,false,תערובת להכנת עוגת שיש פילסברי 550 גרם,הדקלאים אגודת שיתופי,IL,תערובת לעוגת שיש 550 גרם,גרמים,550.00,100 גרם,false,,19.90,0.0362,true,1,1373236
18000766413,false,"פילסברי, עוגה בטעם שוקולד, תערובת להכנת עוגה בטעם שוקולד. 550 גרם.",הדקלאים אגודת שיתופי,IL,תערובת לבראוניס 552 גרם,גרמים,550.00,100 גרם,false,,19.90,0.0362,true,1,1373237
22200956932,false,דאודורנט ספיד סטיק גל 24/7 כחול 85 גר,הנסיך- מפעל לייצור ט,US,ספיד סטיק 24/7 גל כחול,גרמים,51.00,100 גרם,false,,19.90,0.3902,true,1,1386154
25675120006,false,חמצוצים 4 צבעים טעמים טבעי 100 גרם,פאסין ב.ו,NL,מקלות חמוצים 4 טעמים ללא,גרמים,100.00,100 גרם,false,,6.90,0.0690,true,1,1393853
25675120037,false,מקלות חמצוצים תות פשקז 100 גרם,פשקס קנדי,NL,מקלות חמוצים תות,גרמים,100.00,100 גרם,false,,6.90,0.0690,true,1,1393855
25675120044,false,מקלות חמצוצים תפוח עץ פשקז 100 גרם,פשקס קנדי,NL,מקלות חמוצים תפוח עץ,גרמים,100.00,100 גרם,false,,6.90,0.0690,true,1,1393856
25675120068,false,מקלות חמצוצים בטעם קולה פשקז 100 גרם,פשקז Paskesz,NL,מקלות חמוצים קולה,גרמים,100.00,100 גרם,false,,6.90,0.0690,true,1,1393857
25675121027,false,חמצוצים רחב צבעוני רחב בטעמים 115 גרם,פאסין,,חמצוצים רחב צבעוני,גרמים,115.00,100 גרם,false,,6.90,0.0600,true,1,2284763
25675121034,false,חמצוצים רחבים תות 115 גר,חמצוצים,NL,שטיח חמוץ תות,גרמים,115.00,100 גרם,false,,6.90,0.0600,true,1,1393865
25675121041,false,סאוור בלטס Sour Belts בטעם אוכמניות,פשקז Paskesz,NL,שטיח חמוץ פטל,גרמים,115.00,100 גרם,false,,6.90,0.0600,true,1,1393866
25675121058,false,"חמצוצים רחבים תפו""ע 115 גר",חמצוצים,NL,שטיח חמוץ תפוח עץ,גרמים,115.00,100 גרם,false,,6.90,0.0600,true,1,1393867
25675301092,false,פשקז חמצוצים מקלות צבעוני מיקס 50 גר,פאסין,NL,מקלות חמוצים 4 טעמים ללא,גרמים,40.00,100 גרם,false,,4.90,0.1225,true,1,1393885
25675301108,false,מקלות חמוצים חמצוצים תות 50 גרם,פאסין,NL,מקלות חמוצים תות,גרמים,50.00,100 גרם,false,,4.90,0.0980,true,1,1393886
25675301153,false,סאוור סטיקס Sour Sticks בטעם אוכמניות,פשקז Paskesz,NL,מקלות חמוצים פטל,גרמים,50.00,100 גרם,false,,4.90,0.0980,true,1,1393887
25675301184,false,חמצוצים מקלות חמוצים קולה 50 גרם,פשקז Paskesz,NL,מקלות חמוצים קולה,גרמים,50.00,100 גרם,false,,4.90,0.0980,true,1,1393888
25675301207,false,מקלות חמוצים חמצוצים תפוח עץ 50 גרם,פשקז Paskesz,NL,מקלות חמוצים תפוח עץ,גרמים,50.00,100 גרם,false,,4.90,0.0980,true,1,1393889
25700005650,false,שקיות הקפאה גדולות- 14 יח' זיפלוק,אס.סי.גונסון ובניו,,שקיות הקפאה גדולות ז,יח',14.00,יח',false,,12.90,0.9214,true,1,2276795
25700005674,false,זיפלוק שקיות אחסון סליידר גדולות 15 יחידות,אס.סי.ג'\ונסון מידרכט,,שקיות אחסון סליידר ג,יח',15.00,יח',false,,15.90,1.0600,true,1,2276796
25700005681,false,זיפלוק שקיות אחסון סליידר בינוניות 20 יחידות,אס.סי גונוסון,,שקיות אחסון סליידר ב,יח',20.00,יח',false,,15.90,0.7950,true,1,2276797
25700005698,false,זיפלוק שקיות אחסון בינוניות 24 יחידות,אס.סי.גונסון ובניו,,שקיות אחסון בינוניות,יח',24.00,יח',false,,12.90,0.5375,true,1,2276798
26102895207,false,צלחת עמוקה 21 מרובע,,,צלחת עמוקה 21 מרובע,יחידה,0.00,יחידה,false,,12.90,0.0000,true,1,2334453
31290140107,false,גודייבה אצבעות שוקולד 72% 90 גרם,"אולקר מקבוצת פלאדיס, ציק",,שוקולד גודייבה סטיקס,גרמים,90.00,100 גרם,false,,10.90,0.1211,true,1,2278047
31290140176,false,שוקולוד מריר בתוספת שקדים שוקולד גודייבה פינגרס,"אולקר מקבוצת פלאדיס, ציק",,שוקולד גודייבה סטיקס,גרמים,90.00,100 גרם,false,,10.90,0.1211,true,1,2278048
31290140190,false,גודייבה אצבעות שוקולד מריר עם נגיעות מלח ים 90 גרם,"אולקר מקבוצת פלאדיס, ציק",,שוקולד גודייבה סטיקס,גרמים,90.00,100 גרם,false,,10.90,0.1211,true,1,2278049
31290140237,false,שוקולד חלב שוקולד גודייבה פינגרס,"אולקר מקבוצת פלאדיס, ציק",,שוקולד גודייבה סטיקס,גרמים,90.00,100 גרם,false,,10.90,0.1211,true,1,2278050
33617000026,false,קרקר ואזה 203-275 גרם מקמח מלא 260,כלורוקס אוקלנד,,קרקרים ואזה מקמח מלא,גרמים,260.00,100 גרם,false,,12.90,0.0496,true,1,1417799
33617322616,false,קרקר ואזה 203-275 גרם מקמח שיפון,כלורוקס אוקלנד,SE,'ואזה קלה מקמח שיפון 270,גרמים,270.00,100 גרם,false,,12.90,0.0478,true,1,1353245
33617340610,false,קרקר ואזה 203-275 גרם מקמח שיפון 275,כלורוקס אוקלנד,SE,'ואזה מקמח שיפון 275 ג,גרמים,275.00,100 גרם,false,,12.90,0.0469,true,1,1353246
34000148301,false,הרשי נטיפי שוקולד מריר לאפייה 340 גר,ליימן מותגים,,נטיפים לאפייה שוקולד,גרמים,340.00,100 גרם,false,,18.90,0.0556,true,1,1859544
34000196173,false,הרשי טבלה XL בטעם שוקולד לבן עם שברי עוגיות 113 גרם,ליימן מותגים,,טבלת שוקולד הרשיס קו,גרמים,113.00,100 גרם,false,,7.90,0.0699,true,1,1413882
34000312177,false,הרשי סירופ בטעם שוקולד 680 גרם,ליימן מותגים,,סירופ שוקולד HERSHEY,גרמים,680.00,100 גרם,false,,19.90,0.0293,true,1,1373246
34000442652,false,ריזס טבלה בטעם שוקולד ממולאת קרם בוטנים 120 גרם,ליימן מותגים,,טבלת שוקולד ריזס,גרמים,120.00,100 גרם,false,,7.90,0.0658,true,1,1413883
34000470228,false,ריזס מיניס חטיף שוקולד במילוי חמאת בוטנים 70 גרם,הרשי,US,חטיף ריזס מיניס 70 גרם,גרמים,70.00,100 גרם,false,,4.90,0.0700,true,1,1373248
34000544028,false,סוכריות ארוכות בטעם תות טוויזלרס Twizzlers,ליימן מותגים,US,ממתקי טוויזלרס תות שדה 1,גרמים,198.00,100 גרם,false,,7.90,0.0399,true,1,1373249
35000458476,false,קולגייט מברשת שיניים ילדים מארז רביעייה,קולגייט פלמוליב,,מברשת שיניים קולגייט,יח',4.00,יח',false,,19.90,4.9750,true,1,2214487
37600207188,false,חמאת בוטנים סקיפי קלאסי 462 גרם,חברת המזון אלגוד,,ממרח סקיפי 462 גרם,גרמים,462.00,100 גרם,false,,19.90,0.0431,true,1,1350927
37600207256,false,חמאת בוטנים סקיפי עם שברי בוטנים 462 גרם,חברת המזון אלגוד,,ממרח סקיפי 462 גרם ש,גרמים,462.00,100 גרם,false,,19.90,0.0431,true,1,1350928
37977005288,false,מאם מוצצים סיליקון 6+ תכלת לבן,מאם Mam,,זוג מוצצי MAM +6,יחידה,0.00,יחידה,false,,34.90,0.0000,true,1,1380611
38000138607,false,חטיף צ'יפס בטעם מלח וחומץ,פרינגלס מנופקצ'ורינג,,חטיף פרינגלס חומץ מל,גרמים,158.00,100 גרם,false,,8.90,0.0563,true,1,2201578
38000138638,false,חטיף צ'יפס פרינגלס פיצה 158 גרם,פרינגלס מנופקצ'ורינג קונ,,חטיף פרינגלס 158 גרם,גרמים,158.00,100 גרם,false,,8.90,0.0563,true,1,1807467
38000138720,false,חטיף צ'יפס פרינגלס ראנץ 158 גרם,פרינגלס מנופקצ'ורינג קונ,,חטיף פרינגלס 158 גרם,גרמים,158.00,100 גרם,false,,8.90,0.0563,true,1,1987025
38000183928,false,פרינגלס דבש וחרדל 158 גרם,פרינגלס מניופקצ'ורינ,,חטיף פרינגלס 158 חרד,גרמים,158.00,100 גרם,false,,8.90,0.0563,true,1,2273869
38000197840,false,פרינגלס גלי בטעם חריף מתוק 137 ג',פרינגלס מניופקצ'ורינ,,חטיף פרינגלס 137 בטע,גרמים,137.00,100 גרם,false,,8.90,0.0650,true,1,2273870
38000202278,false,חטיף צ'יפס גלי בטעם אורגינל מלוח,פרינגלס מניופקצ'ורינ,,פרינגלס גלי בטעם אור,גרמים,130.00,100 גרם,false,,8.90,0.0685,true,1,2278660
38000232152,false,פרינגלס חטיפי תפוח אדמה בטעם ברביקיו 158 גרם,פרינגלס מנופקצ'ורינג קומ,,חטיף פרינגלס 158 גרם,גרמים,158.00,100 גרם,false,,8.90,0.0563,true,1,2242617
38000232183,false,פרינגלס ביג אורגינל 149 גרם,פרינגלס מנופקצ'ורינג קונ,,חטיף פרינגלס 149 גרם,גרמים,149.00,100 גרם,false,,8.90,0.0597,true,1,2242612
38527591053,false,קואקר דגנים מרובעים שיבולת שועל וקינמון,קוואקר אוטס קומפני,US,קוואקר ריבועים קנמון 411,גרמים,412.00,100 גרם,false,,19.90,0.0483,true,1,1390881
38527591060,false,דגני קוואקר מרובעים Quaker Squares עם סוכר חום,קוואקר אוטס קומפני,US,קוואקר ריבועים סוכר חום 4,גרמים,412.00,100 גרם,false,,19.90,0.0483,true,1,1390882
40000512943,false,סוכריות אם אנד אמס M&M שוקולד חלב,M&M אם אנד אם,,חטיף בוטנים MַM שוקו,גרמים,303.00,100 גרם,false,,19.90,0.0657,true,1,2040537
40000513568,false,סוכריות אם אנד אמס M&M שוקולד חלב,M&M אם אנד אם,,חטיף שוקולד m&m אריז,גרמים,156.00,100 גרם,false,,9.90,0.0635,true,1,1830841
40000513629,false,M&M's חמאת בוטנים אריזה גדולה 152 גרם,מארס,,חטיף חמאת בוטנים m&m,גרמים,156.00,100 גרם,false,,9.90,0.0635,true,1,1830843
40000514480,false,M&M אריזה קטנה's שוקולד אריזה קטנה 48 גרם,M&M אם אנד אם,,עדשי שוקולד אם אנד א,גרמים,48.00,100 גרם,false,,4.90,0.1021,true,1,1487414
40000514510,false,M&M אריזה קטנה's בוטנים אריזה קטנה 49 גרם,M&M אם אנד אם,,עדשי שוקולד אם אנד א,גרמים,49.00,100 גרם,false,,4.90,0.1000,true,1,1481665
41224700062,false,צלפים מיניאטורים במלח 75 גר,גידה,,צלפים מינאטורים במלח,גרמים,75.00,100 גרם,false,,12.90,0.1720,true,1,2233789
41390000058,false,"רוטב טריאקי קיקומן 296 מ""ל",קיקומן פודז אינק,,"רוטב טריאקי 296 מ""ל",מיליליטרים,296.00,"100 מ""ל",false,,17.90,0.0605,true,1,1350938
41390001079,false,"רוטב סויה קיקומן מופחת נתרן 444 מ""ל",קיקומן פודז אינק,,רוטב סויה קיקומן 444,מיליליטרים,444.00,"100 מ""ל",false,,19.90,0.0448,true,1,1350941
41390001451,false,רוטב סויה קיקומן 1.2 קילו,קיקומן פודז אינק,,רוטב סויה 1.2 ליטר,מיליליטרים,1200.00,"100 מ""ל",false,,44.90,0.0374,true,1,1350942
41390010309,false,"רוטב טריאקי קיקומן 444 מ""ל",קיקומן פודז אינק,,רוטב טריאקי קיקומן 4,מיליליטרים,444.00,"100 מ""ל",false,,19.90,0.0448,true,1,1350943
42400108153,false,דגני בוקר צבעוניים בטעם פירות טוטי פרוטיס,פוסט ארצות הברית,,דגני פרוטי פבלס.,גרמים,354.00,100 גרם,false,,22.90,0.0647,true,1,2279316
44600300580,false,כלורוקס קלין אפ פרש נוזל לניקוי רב תכלית,כלורוקס אוקלנד,,כלורקס קלין אפ פרש 9,מיליליטרים,946.00,"100 מ""ל",false,,19.90,0.0210,true,1,2276895
46214731552,false,עוגיות שוקולד צ'יפס 37% גודיס 225 גרם,קריניציה ויטמינה אס,NL,מרבה עוגיות 37% שוקולד צ,גרמים,225.00,100 גרם,false,,8.90,0.0396,true,1,1386162
48256214758,false,מסיר כתמים קשים לכביסה לבנה וצבעונית,יעקבי- אסטוניש Astonish,GB,אסטוניש-אבקת הפלא,קילוגרמים,1.00,"ק""ג",false,,29.90,29.9000,true,1,1372357
50000015474,false,"מזון חתולים פריסקיז מעדני הים 1.43 ק""ג",פריסקיז,,פריסקיז מעדני הים,קילוגרמים,1.40,"ק""ג",false,,34.90,24.9286,true,1,2299519
50000100347,false,"פריסקיז - מעדני החתול מועשר בחלב 1.40 ק""ג",נסטלה פורינה USA מק,US,פורינה פריסקיז מעדני החתו,קילוגרמים,1.43,"ק""ג",false,,34.90,24.4056,true,1,1349674
50000168583,false,"מזון חתולים פריסקיז אקסטרא קראנץ 1.43 ק""ג","פורינה ארה""\ב",,פריסקיז אקסטרא קראנץ,קילוגרמים,1.43,"ק""ג",false,,29.90,20.9091,true,1,2295879
50000170180,false,מזון חתולים פריסקיז עוף ברוטב 156 גרם,נסטלה פורינה USA קר,,פריסקיז פריים עוף בר,גרמים,156.00,100 גרם,false,,4.90,0.0314,true,1,1421045
50000225224,false,מזול חתולים פריסקיז פילה הודו ברוטב 156 גרם,נסטלה פורינה USA קר,,פריסקיז פריים פילה ה,גרמים,156.00,100 גרם,false,,4.90,0.0314,true,1,1421046
50000237951,false,פריסקיז פארטי מיקס מיקס גריל קראנץ*60ג,נסטלה פורינה פטקר ארצות,,פריסקיז פרטי מיקס גר,גרמים,60.00,100 גרם,false,,8.90,0.1483,true,1,2357030
50000238910,false,"""פריסקיז פארטי מיקס אוריגי'נל קראנץ 60 גרם",נטסלה פורינה פטקר ארצות,,פריסקיז פרטי מיקס או,גרמים,60.00,100 גרם,false,,8.90,0.1483,true,1,2357031
50000429042,false,מזון חתולים כבד מעודן ועוף פנסי פיסט 85 גרם,נסטלה פורינה USA ג',US,פנסי פיסט פטה כבד ועוף -,גרמים,85.00,100 גרם,false,,4.90,0.0576,true,1,1349682
50000429448,false,פריסקיז פנסי פיסט פטה מוס סלמון 85 גרם,נסטלה פורינה USA סט,US,פנסי פיסט פטה מוס סלמון -,גרמים,85.00,100 גרם,false,,4.90,0.0576,true,1,1349683
50000429646,false,פריסקיז פנסי פיסט לח דג אוקיאנוס 85 גרם,נסטלה פורינה USA ג',US,פנסי פיסט פטה דג אוקינוס,גרמים,85.00,100 גרם,false,,4.90,0.0576,true,1,1349684
50000434640,false,פריסקיז פנסי פיסט נתחי לבבות כבד ועוף 85 גרם,נסטלה פורינה USA סט,US,פנסי פיסט נתחי לבבות עוף,גרמים,85.00,100 גרם,false,,4.90,0.0576,true,1,1349686
50000445691,false,מזול חתולים פריסקיז עוף וסלמון ברוטב 156 גרם,נסטלה פורינה USA קר,US,פורינה פריסקיז נתחי עוף,גרמים,156.00,100 גרם,false,,4.90,0.0314,true,1,1349687
50000574414,false,"""פריסקיז פארטי מיקס פיקניק קראנץ 60 גרם",נסטלה פורינה פטקר ארצות,,פריסקיז פרטי מיקס פק,גרמים,60.00,100 גרם,false,,8.90,0.1483,true,1,2357032
50000578238,false,"""פריסקיז פארטי מיקס קרייזי צ'יז 60 גרם",נסטלה פורינה פטקר ארצות,,פריסקיז פרטי מיקס קר,גרמים,60.00,100 גרם,false,,8.90,0.1483,true,1,2357034
50000578450,false,פריסקיז פנסי פיסט עוף ברוטב 85 גרם,נסטלה פורינה USA סט,,פנסי פיסט עוף ברוטב,גרמים,85.00,100 גרם,false,,4.90,0.0576,true,1,1439539
51141234892,false,גליל ניירות דביקים 60 יחיודות סקוטש ברייט,3m,,גליל דביר לניקוי בגד,יחידה,0.00,יחידה,false,,29.90,0.0000,true,1,2321503
51500255162,false,"חמאת בוטנים לל""ג JIF אריזת 454ג'",ג'י.אס.קיי קונסיומר,,חמאת בוטנים ג'יפ 454,גרמים,454.00,100 גרם,false,,14.90,0.0328,true,1,2305323
51500255377,false,"חמאת בוטנים לל""ג JIF ושברי בוטנים 454ג'",ג'יי.אם.סמאקר,,חמאת בוטנים ג'יפ עם,גרמים,454.00,100 גרם,false,,14.90,0.0328,true,1,2305328
52100002453,false,תערובת תיבול לסטייק 96 גר,מקורמיק,,תערובת תיבול לסטייק,גרמים,96.00,"100 ג""ר",false,,19.90,0.2073,true,1,2003769
52100034898,false,"תמצית ליים טהורה 29 מ""ל",מקורמיק,,תמצית ליים טהורה,מיליליטרים,29.00,"100 מ""ל",false,,15.90,0.5483,true,1,2236515
52100070735,false,תמצית קוקוס מקורמיק,מקורמיק,,תמצית קוקוס,מיליליטרים,29.00,"100 מ""ל",false,,15.90,0.5483,true,1,2236517
54881000031,false,תה שחור ורד דובדבן 20 שקיות אחמד,תה אחמד Ahmad tea,,תה שחור ורד דובדבן 2,גרמים,40.00,100 גרם,false,,9.90,0.2475,true,1,1499219
54881000048,false,תה במבחר פרי הדר 20 שקיקים אחמד,אחמד תה אנגליה,,תה שחור פרחי הדר 20ש,גרמים,40.00,100 גרם,false,,9.90,0.2475,true,1,1738364
54881000062,false,תה שחור לימונית וקמומיל 20 שקיות אחמד,אחמד תה אנגליה,,תה שחור לימון וקמומי,גרמים,40.00,100 גרם,false,,9.90,0.2475,true,1,1499220
54881000109,false,תה עם ענבי שועל 20 שקיקים אחמד,תה אחמד Ahmad tea,,תה שחור ענבי שועל 20,גרמים,40.00,100 גרם,false,,9.90,0.2475,true,1,1738365
54881000208,false,תה שחור לימון וגינגיר 20 שקיות אחמד,אחמד תה אנגליה,,תה שחור לימון ןגינגר,גרמים,40.00,100 גרם,false,,9.90,0.2475,true,1,1499222
54881001137,false,מארז 6 סוגי חליטות תה ירוק בטעמים שונים,תה אחמד Ahmad tea,,חליטות 6 סוגים 60 שק,גרמים,115.00,100 גרם,false,,29.90,0.2600,true,1,2237018
54881001779,false,קופסת תה 12 טעמים 60 שקיות,תה אחמד Ahmad tea,,תה 12 סוגים 60 שק',גרמים,120.00,100 גרם,false,,29.90,0.2492,true,1,1387066
54881003995,false,תה אהמאד שחור פירות מארז 2X20ג',אחמד תה אנגליה,,תה פירות 20 שק',גרמים,40.00,100 גרם,false,,9.90,0.2475,true,1,1387068
54881005654,false,תה ירוק יסמין 20 שקיות AHMAD TEA,אחמד תה אנגליה,,תה ירוק יסמין 20 שקי,גרמים,40.00,100 גרם,false,,9.90,0.2475,true,1,1387073
54881006996,false,תה אפרסק ופסיפלורה 20 שקיקים אחמד,אחמד תה אנגליה,,תה אפרסק ופסיפלורה 2,גרמים,40.00,100 גרם,false,,9.90,0.2475,true,1,1922147
54881008167,false,תה אינגליש ברקפסט 100 שקיות AHMAD TEA,תה אחמד Ahmad tea,,תה ברקפסט 100 שקיות,גרמים,200.00,100 גרם,false,,16.90,0.0845,true,1,1387084
54881008174,false,תה אחמד ארל גריי 100 שקיקים,תה אחמד Ahmad tea,,תה ארל גריי 100 שקיו,גרמים,200.00,100 גרם,false,,16.90,0.0845,true,1,1387085
54881008181,false,תה אחמד אינגליש 100 שקיקים,תה אחמד Ahmad tea,,תה אינגליש 100 שקיות,גרמים,200.00,100 גרם,false,,16.90,0.0845,true,1,1387086
54881012720,false,אחמד מארז תה פירות 6 סוגים 120 גרם,,,תה 6 סוגים 60 שק',גרמים,120.00,100 גרם,false,,29.90,0.2492,true,1,2237019
55500012046,false,כלורוקס קלין אפ מרסס נוזל לניקוי רב תכלי,כלורוקס אוקלנד,US,"קלין אפ מרסס 946מ""ל",מיליליטרים,946.00,"100 מ""ל",false,,19.90,0.0210,true,1,1353256
58449185048,false,"טבעות דגנים ואורז מלא אורגני לל""ג 284 ג",ניישר פאט',,דגני בוקר צ'יטה צ'ופ,גרמים,284.00,100 גרם,false,,24.90,0.0877,true,1,2116183
58449450009,false,דייסת אינסטנט מיקס 400 גרם,נייטשר פאת'\,,דייסת אינסטנט מיקס,גרמים,400.00,100 גרם,false,,24.90,0.0622,true,1,2116184
58449450030,false,דייסת מייפל ואגוזי לוז 400 גרם,נייטשר פאת'\,,דייסת מייפל ואגוזי ל,גרמים,400.00,100 גרם,false,,24.90,0.0622,true,1,2116185
58449602187,false,קורנפלקס דבש אורגני,נייטשר פאת'\,,קורנפלקס בדבש,גרמים,300.00,100 גרם,false,,24.90,0.0830,true,1,2116187
58449779032,false,דגני טבעות תירס ואורז מלא 325 גר WHOLE,נאטשר פאת פוד,,WHOLE O's טבעות תירס,גרמים,325.00,100 גרם,false,,24.90,0.0766,true,1,2116189
58449860013,false,דגני אמאזון 325גר ללא גלוטן,נאטשר פאת פוד,,דגני בוקר אמאזון ניי,גרמים,400.00,100 גרם,false,,24.90,0.0622,true,1,2116190
58449860020,false,"דגני גורילה מאנצ'י לל""ג 284 גרם",נאטשר פאת פוד,,דגני בוקר גורילה מאנ,גרמים,284.00,100 גרם,false,,24.90,0.0877,true,1,2116191
62558202381,false,"ארגני טהור 236 מ""ל {12 כשר} b סירופ מייפל",דיקסר קוויבק,,סירופ מייפל אמיתי או,מיליליטרים,236.00,"100 מ""ל",false,,29.90,0.1267,true,1,1769613
62558212519,false,"סירופ מייפל טהור 251 מ""ל",les industries berna,CA,סירופ מייפל אמיתי,מיליליטרים,251.00,"100 מ""ל",false,,29.90,0.1191,true,1,1397885
64144090013,false,פאם תרסיס על בסיס שמן קנולה בטעם חמאה,קונאגרה פודס,US,ספריי שמן PAM בטעם חמאה 1,מיליליטרים,148.00,"100 מ""ל",false,,19.90,0.1345,true,1,1373252
64144090020,false,"ספריי שמן PAM בטעם שמן זית 141 מ""ל",ליימן מותגים,US,ספריי שמן PAM בטעם שמן זי,מיליליטרים,148.00,"100 מ""ל",false,,19.90,0.1345,true,1,1373253
64144090051,false,"ספריי שמן PAM קנולה אורגינל 148 מ""ל",קונאגרה פודס,US,ספריי שמן PAM קנולה אורגי,מיליליטרים,148.00,"100 מ""ל",false,,19.90,0.1345,true,1,1373254
70080000016,false,חרדל אמריקאי פלוכמן Plochman's,"פלוקמן בע""מ",,חרדל אמריקאי צהוב,גרמים,297.00,100 גרם,false,,7.90,0.0266,true,1,1490499
70177077563,false,תה ארל גריי 25 שקיות טוינינגס 50 גר,אר. טווינינגס אנד קומפני,,ארל גריי 50 גרם,גרמים,50.00,100 גרם,false,,17.90,0.3580,true,1,2233639
70177077693,false,תה אנגליש ברקפסט 25 שקיות טוינינגס 50 גר,אר. טווינינגס אנד קומפני,,אינגליש ברקפסט 50 גר,גרמים,50.00,100 גרם,false,,17.90,0.3580,true,1,2233640
70177078744,false,תה אינגליש ברקפסט נטול קפאין 25 שקיקי,טווינינגס Twinings,,אינגליש ברקפסט דיקפ,גרמים,50.00,100 גרם,false,,19.90,0.3980,true,1,2233641
70177173166,false,תה יסמין ירוק 25 שקיקים TWININGS,אר. טווינינגס אנד קומפני,,גרין ג'סמין 45 גרם,גרמים,45.00,100 גרם,false,,19.90,0.4422,true,1,2233644
70177175221,false,תה ירוק עם גינגר 25 שק. טוינינגס,טוינינג,,גרין ג'ינג'ר 40 גרם,גרמים,40.00,100 גרם,false,,19.90,0.4975,true,1,2233650
70177176914,false,תה טווינינג ארל גריי נטול קפאין 25 שקיקי,טווינינגס Twinings,,ארל גריי דיקפ 50 גר',גרמים,50.00,100 גרם,false,,19.90,0.3980,true,1,2233651
70177177669,false,חליטה למון גינגר 30 גרם טווינינג,אר. טווינינגס אנד קומפני,,חליטה למון ג'ינג'ר 3,גרמים,30.00,100 גרם,false,,16.90,0.5633,true,1,2233656
70177177683,false,חליטה קמומיל האני 30 גרם טווינינג,אר. טווינינגס אנד קומפני,,חליטה קמומיל האני 30,גרמים,30.00,100 גרם,false,,16.90,0.5633,true,1,2233658
70177177744,false,חליטה פיור פפרמינט 40 גרם טווינינג,טוינינג,,חליטה פיור פפרמינט 4,גרמים,40.00,100 גרם,false,,16.90,0.4225,true,1,2233662
70177273330,false,חליטת ורבנה 37.5 גרם טווינינג,טווינינג,,חליטת ורבנה 37.5 גרם,גרמים,37.50,100 גרם,false,,16.90,0.4507,true,1,2284835
70221011116,false,טובלרון - שוקולד חלב 100 גרם,טובלרון Toblerone,,שוקולד טובלרון חלב 1,גרמים,100.00,100 גרם,false,,9.90,0.0990,true,1,1350945
73490130359,false,אפיפית קרם קרקר 250 ג,אפיפית נצרת,IL,קרם קרקר רגיל 20/0.230 הד,גרמים,250.00,100 גרם,false,,5.90,0.0236,true,1,1395565
76840001767,false,גלידת וניל עוגיות חמאת בוטנים בצק לא אפו,מוצרי איכות אמריקאיים בע,,גלידת וניל בן אנד ג',מיליליטרים,500.00,"100 מ""ל",false,,24.90,0.0498,true,1,2268590
76840001774,false,"גלידה עוגיות חלב עם חתיכות פאדג בן וג'ירי 500 מ""ל",מוצרי איכות אמריקאיים בע,,גלידת עוגיות חלב,מיליליטרים,500.00,"100 מ""ל",false,,24.90,0.0498,true,1,2268591
76840002542,false,"גלידת בן & ג'ריס פיינט נטפליקס וצ'ילד 500מ""ל",מוצרי איכות אמריקאיים בע,,גלידת חמאת בוטנים בן,מיליליטרים,500.00,"100 מ""ל",false,,24.90,0.0498,true,1,2253660
76840100156,false,"בן אנד גריס גלידת צרי גרסיה 500 מ""ל",מוצרי איכות אמריקאיים בע,IL,גלידה צ'רי גרסיה 500מל,מיליליטרים,473.00,"100 מ""ל",false,,24.90,0.0526,true,1,1373742
76840100583,false,גלידה וניל +בצק עוגיות ושוקולד צי'פס 473ג,מוצרי איכות אמריקאיים בע,IL,גלידת וניל עם בצק עוגיות,מיליליטרים,473.00,"100 מ""ל",false,,24.90,0.0526,true,1,1373743
76840400218,false,"גלידה בן&ג'ריס תות שדה ועוגת גבינה 500מ""ל",מוצרי איכות אמריקאיים בע,IL,420 גל.עוגת גבינה עם תות,מיליליטרים,473.00,"100 מ""ל",false,,24.90,0.0526,true,1,1373754
76840620029,false,"גלידה בן&ג'ריס שמנת עם תות 500מ""ל",מוצרי איכות אמריקאיים בע,,גלידת תות שדה בן אנד,מיליליטרים,500.00,"100 מ""ל",false,,24.90,0.0498,true,1,1373755
77245110610,false,סוכריות מאסט ללא סוכר בטעם מנטה 80 ג'עלית,MIESZKO S.A - MS. JO,PL,כשלפ סוכריות MUST מנטה,גרמים,80.00,100 גרם,false,,7.90,0.0988,true,1,1390196
77343000127,false,נר נשמה 26 שעות בכוס,,,נר נשמה 26 שעות בכוס,יח',1.00,יח',false,,2.90,2.9000,true,1,2308591
77343001100,false,נר נשמה 26 שעות בפח,מנורה,,נר נשמה 26 שעות,יחידה,0.00,יחידה,false,,2.00,0.0000,true,1,1400744
77975093085,false,"בייגלה מצופה כעכים בציפוי שוקולד חלב, 141 ג סניידרס",סניידרס Snyder's,,בייגלה סניידרס מצופה,גרמים,141.00,100 גרם,false,,16.90,0.1199,true,1,2358089
77975093108,false,"בייגלה מצופה כעכים בציפוי בטעם שוקולד לבן, 141 ג סניידרס",סניידרס Snyder's,,בייגלה סניידרס מצופה,גרמים,141.00,100 גרם,false,,16.90,0.1199,true,1,2358090
77975094624,false,"סניידרס סנדוויץ בייגלה במילוי חמאת בוטנים , 226 ג'",סניידרס Snyder's,,שברי בייגלה במילוי ח,גרמים,283.50,100 גרם,false,,16.90,0.0596,true,1,2268788
77975094631,false,סניידרס סנדוויץ' בייגלה במילוי קרם בטעם צ'דר 226 גרם,סניידרס Snyder's,,סנדווי'ץ בייגלה במיל,גרמים,226.80,100 גרם,false,,16.90,0.0745,true,1,2268789
77975094761,false,סניידרס חטיפים על בסיס קמח חיטה בטעם גבינת צ'דר,סניידרס אוף האנובר,,שברי בייגלה צדר 340,גרמים,340.00,100 גרם,false,,16.90,0.0497,true,1,2297702
77975094778,false,סניידרס שברי בייגלה בטעם דבש חרדל ובצל,סניידרס אוף האנובר,,שברי בייגלה דבש חרדל,גרמים,340.00,100 גרם,false,,16.90,0.0497,true,1,2302228
77975095157,false,סניידרס שברי בייגלה בטעם חלפיניו 318 גרם,ליימן מותגים,,שברי בייגלה חלפיניו,גרמים,318.00,100 גרם,false,,16.90,0.0531,true,1,2350288
78895153453,false,רוטב סויה בהיר LEE KUM KEE,לי קום קיי Lee kum kee,,רוטב סויה בהיר Lee k,מיליליטרים,250.00,"100 מ""ל",false,,9.90,0.0396,true,1,2356442
78895153460,false,רוטב סויה כהה לי קום,לי קום קיי Lee kum kee,,רוטב סויה כהה Lee ku,מיליליטרים,250.00,"100 מ""ל",false,,9.90,0.0396,true,1,2356443
78895710922,false,שמן שומשום לא מזוכך LEE KUM KEE,לי קום קיי Lee kum kee,,שמן שומשום לא מזוכך,מיליליטרים,207.00,"100 מ""ל",false,,24.90,0.1203,true,1,2356444
80432400432,false,וויסקי שיבאס רגאל 12 שנה - ליטר,מזקקת האחים שיבאס,,וויסקי שיבאס רגאל 12,ליטרים,1.00,ליטר,false,,149.90,149.9000,true,1,1409872
87666052819,false,"רוטב סריראצ'ה סופר חריף 455 מ""ל",EXOTIC FOOD PCL,,רוטב סריראצ'ה סופר ח,מיליליטרים,455.00,"100 מ""ל",false,,24.90,0.0547,true,1,2076669
87666052888,false,"רוטב סריראצ'ה עם לימון גראס 455 מ""ל",EXOTIC FOOD PCL,,רוטב סריראצ'ה עם לימ,מיליליטרים,444.00,"100 מ""ל",false,,24.90,0.0561,true,1,2076670
195480030088,false,שוקולד צמקאו מריר אופנהיימר לאפייה ובישול 300ג',אופנהיימר,,בלוק צימקאו מריר 300,גרמים,300.00,100 גרם,false,,8.90,0.0297,true,1,2153977
305210256712,false,וזלין לשפתיים אורגינל 0.25 אונקיה,"יוניליוור ג'ונסבורו,",,וזלין מיני לשפתיים א,גרמים,7.00,100 גרם,false,,9.90,1.4143,true,1,2271375
305210416383,false,"ואזלין קרם גוף לגבר נספג במהירות 600 מ""ל","יוניליוור, ג'פרסון סיטי,",,תחליב גוף וזלין משקם,מיליליטרים,600.00,"100 מ""ל",false,,24.90,0.0415,true,1,2050385
305210464728,false,וזלין מיני לשפתיים בטעם קרם ברולה,"יונילוור ארה""ב - HPC",,וזלין מיני לשפתיים ק,גרמים,7.00,100 גרם,false,,9.90,1.4143,true,1,2271378
305213079004,false,"תחליב גוף להזנה עמוקה צהוב וזלין 600 מ""ל","יוניליוור, ג'פרסון סיטי,",,תחליב גוף וזלין הזנה,מיליליטרים,600.00,"100 מ""ל",false,,24.90,0.0415,true,1,2050386
413900010558,false,"רוטב סויה קיקומן מופחת נתרן 296 מ""ל",קיקומן פודז אינק,,רוטב קיקומן דל מלח 2,מיליליטרים,296.00,"100 מ""ל",false,,19.90,0.0672,true,1,1350952
611745280017,false,"מארז רטבי טבסקו אדום/ירוק +מתקן 60 מ""ל*2",,,מארז 2 בק' טבסקו אדו,יח',1.00,יח',false,,16.90,16.9000,true,1,1739716
611745285685,false,אבוקדו בשל מארז 2יחידות,"מור בריאות בע""מ",,אבוקדו בשל ארוז,גרמים,450.00,100 גרם,false,,9.90,0.0220,true,1,2149719
613008753290,false,"אריזונה אפרסק בקבוק 450 מ""ל",לני אנד לארי,,תה ירוק אפרסק,מיליליטרים,450.00,"100 מ""ל",false,,7.50,0.0167,true,1,2154691
613008753320,false,"אריזונה ג'ינסנג ודבש בקבוק 450 מ""ל.",לני אנד לארי,,תה ירוק גינסינג ודבש,מיליליטרים,450.00,"100 מ""ל",false,,7.50,0.0167,true,1,2154692
613008753351,false,"בקבוק אריזונה רימונים 450 מ""ל",לני אנד לארי,,אריזונה רימונים,מיליליטרים,450.00,"100 מ""ל",false,,7.50,0.0167,true,1,2154693
613008753382,false,"בקבוק אריזונה אוכמניות 450 מ""ל",לני אנד לארי,,תה קר בטעם אוכמניות,מיליליטרים,450.00,"100 מ""ל",false,,7.50,0.0167,true,1,2154694
613008755461,false,בקבוק אריזונה אוכמניות 1 ליטר,"נטורלה גטרנק בע""\מn\",,אריזונה תה אוכמניות,ליטרים,1.00,ליטר,false,,11.90,11.9000,true,1,2259471
633824111838,false,"וודקה וואן גוך בטעם אננס, 750 מ''ל",מזקקת קוימאנס טילבורג,,וודקה ואן גוך אננס 7,מיליליטרים,750.00,"100 מ""ל",false,,139.90,0.1865,true,1,1380897
638102201010,false,חטיף על בסיס חלבון סויה שוקולד וחמאת בוטנים,"אבוט נוטרישן, מעבדות",,חטיף חלבון זון פרפקט,גרמים,50.00,100 גרם,false,,12.90,0.2580,true,1,2277727
638102201416,false,זון פרפקט חטיף חלבון בטעם יוגורט תות שדה,"אבוט נוטרישן, מעבדות",,חטיף חלבון זון פרפקט,גרמים,50.00,100 גרם,false,,12.90,0.2580,true,1,2277728
639138513238,false,פילה הרינג מעושן צ'צ'יק 190 גרם,רוג'ין פיש,,פילה הרינג מעושן בשמ,גרמים,190.00,100 גרם,false,,10.90,0.0574,true,1,1411903
639138527624,false,פילה דג הרינג ברוטב פפריקה 200 ג' (16),,,פילה הרינג ברוטב פפר,גרמים,200.00,100 גרם,false,,10.90,0.0545,true,1,1411905
639138527631,false,פילה הרינג ברוטב חרדל 200 גרם,רוג'ין פיש,,פילה הרינג ברוטב חרד,גרמים,200.00,100 גרם,false,,10.90,0.0545,true,1,1411906
639138717902,false,פילה מקרל מעושן בשמן צמחי,Rugen Fisch,,מקרל פילה מעושן בשמן,גרמים,190.00,100 גרם,false,,12.90,0.0679,true,1,1411907
645173911038,false,קורנישון מלפפוןן מיני 720 גרם - תומר,קלמן אינדיה פי וי סי,,מלפפון מיני קורנישון,גרמים,670.00,100 גרם,false,,9.90,0.0148,true,1,1387091
651080161510,false,פלקרס פולסר לשיניים צפופות-מנטה 35 יחידו,מיוצר עי קונדיטוריית,,חוט דנטלי 36 יח פלאק,יח',36.00,יח',false,,9.90,0.2750,true,1,1778457
651080647519,false,קיסמים עם חוט דנטלי פלאקרס מנטה 35 יחידות,"פלקרס רנור ארה""ב",,קיסם עם חוט מנטה ג'ו,יח',36.00,יח',false,,9.90,0.2750,true,1,1773919
660089001147,false,נוזל לפתיחת סתימות 1ל,סטרוכם,,פותח סתימות נוזלי,מיליליטרים,950.00,"100 מ""ל",false,,18.90,0.0199,true,1,1376528
686412282984,false,נתחי טונה לבנה בשמן זית 220 גרם ORTIZ,אורטיז ORTIZ,,טונה לבנה בשמן זית O,גרמים,220.00,100 גרם,false,,42.90,0.1950,true,1,2326021
693493143806,false,מארז סויה פרימיום L,,,מארז סויה פרימיום L,מיליליטרים,250.00,"100 מ""ל",false,,18.90,0.0756,true,1,2376471
728229123590,false,טרה אורגינל חטיף על בסיס ירקות שורש בטעם טבעי 110 גרם,הונדורס צ'יפס יצור א,IL,טרה מירקות אקזוטיים 110ג[,גרמים,110.00,100 גרם,false,,14.90,0.1355,true,1,1400864
728229123811,false,טרה חטיף על בסיס ירקות שורש בתיבול ים תיכוני 110 גרם,הונדורס צ'יפס יצור א,IL,טרה מירקות אקזוטיים בנוסח,גרמים,110.00,100 גרם,false,,14.90,0.1355,true,1,1400866
728229124771,false,טרה חטיף על בסיס בטטה בטעם ברביקיו 110 גרם,היין פיוצ'ור נטורל פ,,חטיף טרה צ'יפס מבטטה,גרמים,110.00,100 גרם,false,,14.90,0.1355,true,1,1433405
728229130154,false,טרה חטיף על בסיס בטטה וסלק בטעם טבעי 110 גרם,הונדורס צ'יפס יצור א,IL,טרה מבטטה וסלק - 110ג'[3],גרמים,110.00,100 גרם,false,,14.90,0.1355,true,1,1400867
768404001640,false,"גלידה בן&ג'ריס קפה משפחתית 500מ""ל",מוצרי איכות אמריקאיים בע,IL,"גלידה בטעם קפה 500 מ""ל",מיליליטרים,500.00,"100 מ""ל",false,,24.90,0.0498,true,1,1373756
769904000997,false,שקדי מרק ללא גלוטן200גרם,דגש- דוכן גן שמואל,IL,"שקדי מרק דג""ש 200",גרמים,200.00,100 גרם,false,,14.90,0.0745,true,1,1398114
769904001116,false,פתיתים קוסקוס ללא גל,גיי אפ פי ייצור מזון,IL,פתיתים קוסקוס 200 גר,גרמים,200.00,100 גרם,false,,9.90,0.0495,true,1,1398120
786150000274,false,"בירה לף בראון בקבוק 330 מ""ל","אינבב, ברוורייפליין",,"בירה לף בראון 330 מ""",מיליליטרים,330.00,"100 מ""ל",false,,6.90,0.0209,true,1,2280476
786150000281,false,"שישייה בירה לף בראון בקבוק 330X6 מ""ל","אינבב, ברוורייפליין",,בירה לף בראון,ליטרים,1.98,ליטר,false,,39.90,20.1515,true,1,2280477
786560002240,false,שייקר פטנט קפיץ,סיטי תוספי מזון,,שייקר פטנט קפיץ,יח',1.00,יח',false,,15.90,15.9000,true,1,2276105
811250030699,false,פלפל שחור טחון 50 גר,נפטון Neptune,,פלפל שחור,גרמים,50.00,100 גרם,false,,4.90,0.0980,true,1,2254618
811250031344,false,רוטב שזיפים 340 גרם,נפטון מוצרי מזון (1990),,רוטב שזיפים צנצנת,גרמים,380.00,100 גרם,false,,12.90,0.0339,true,1,2281770
835811000396,false,נייר אפיה לתבנית מוארכת - מארז 30 ניירות,יבוא ושיווק: הנמל אריזות,,נייר אפיה לתבנית מאו,יח',30.00,יח',false,,9.90,0.3300,true,1,2259950
835811000730,false,גליליות וופל למילוי 15 יח` 150 גר`**ללא החזרות**,גילרו,,גליליות וופל למילוי,גרמים,340.00,100 גרם,false,,14.90,0.0438,true,1,2225970
835811001119,false,מיני עדשים 200 גרם בצנצנת לעוגה,,,מיני עדשים 200 גר בצ,גרמים,200.00,100 גרם,false,,12.90,0.0645,true,1,2259908
835811001133,false,קוקוס הנמל 400 גרם כ,,,קוקוס טחון,גרמים,400.00,100 גרם,false,,10.90,0.0273,true,1,2244806
835811001140,false,שומשום הנמל 400 גרם,הנמל אריזות.,,שומשום מקולף,גרמים,400.00,100 גרם,false,,8.90,0.0223,true,1,2245813
835811001157,false,צלחות גדול מדקל עגול 10 יח,,,צלחות גדול מדקל,יח',10.00,יח',false,,14.90,1.4900,true,1,2265497
835811001188,false,צלחות ענק מדקל עגול 10 יח,,,צלחות ענק מדקל,יח',10.00,יח',false,,14.90,1.4900,true,1,2265499
835811001201,false,מגש אובלי בינוני מדקל 5 יח,,,מגש אובלי גדול מדקל,יח',5.00,יח',false,,19.90,3.9800,true,1,2265510
835811001232,false,"נייר אפיה לתבנית עגולה 26 ס""מ - מארז 10 ניירות",האנג טונג,,נייר אפיה לתבנית עגו,יח',10.00,יח',false,,10.90,1.0900,true,1,2267999
835811001744,false,תבניות אלומיניום עבות במיוחד 46*34 רוסטר גדול,אופל אריזות בעמ,,תבנית אלומיניום עבה,יח',2.00,יח',false,,11.90,5.9500,true,1,1368036
835811001959,false,תבניות אלומיניום עבות במיוחד 41*30 רוסטר בינוני,הנמל,,תבנית אלומיניום רוסט,יח',3.00,יח',false,,11.90,3.9667,true,1,1368050
835811001966,false,"תבנית אלומ` עבה רוסטר 370X270X70 ס""מ 4 יח`",הנמל,,תבניות אלומניום עבה,יח',4.00,יח',false,,11.90,2.9750,true,1,1368051
835811001997,false,"תבנית אלומ` עבה לחלה 320X167X80 ס""מ 4 יח`",הנמל,,תבנית אלומניום עבה ל,יח',4.00,יח',false,,11.90,2.9750,true,1,1368054
835811002215,false,מאפינס צבעוני מס' 4 הנמל 200 יח',יונק,,מאפינס צבעוני מס' 4,יחידה,200.00,יחידה,false,,7.90,0.0395,true,1,1742711
835811002239,false,מאפינס צבעוני מס' 3 הנמל 200 יח',יונק,,מאפינס צבעוני מס' 3,יחידה,200.00,יחידה,false,,6.90,0.0345,true,1,1742712
835811003434,false,כוס משובחות 10 יח' הנמל,בי רייט,,כוס רויאל משובחות,יח',10.00,יח',false,,10.90,1.0900,true,1,2348966
835811003601,false,צימרונים לתינוק 90 יח' הנמל,ספה,,צמרוני תינוק 90 יח,יח',90.00,יח',false,,5.90,0.0656,true,1,2052718
835811003670,false,סירופ בטעם שוקולד 60,O.S,,סירופ שוקולד,גרמים,600.00,100 גרם,false,,9.90,0.0165,true,1,2259914
835811003700,false,סודה לשתיה הנמל 250 גרם,"פוליבה בע""מ",,סודה לשתיה,גרמים,250.00,100 גרם,false,,5.90,0.0236,true,1,2259915
835811004417,false,ריבת חלב הנמל 340 גר,,,ריבת חלב,גרמים,340.00,100 גרם,false,,9.90,0.0291,true,1,2225947
835811004455,false,קישקשים מנייר הנמל 125 יחידות,הנג טונג,,קישקשים מנייר 12 יח,יחידה,0.00,יחידה,false,,7.90,0.0000,true,1,2231615
835811004684,false,עטרות אלו` 3 לאפיה 100 יח` כסף /זהב,הנג טון,,גביע אלומיניום לאפיי,יח',100.00,יח',false,,7.90,0.0790,true,1,1368057
835811004691,false,עטרות אלו' לאפיה 100 יח' מס' 2 כסף/ זהב,הנג טון,,גביע אלומיניום לאפיי,יח',100.00,יח',false,,6.90,0.0690,true,1,1368058
835811004707,false,פירורי לחם מוזהבים 440 ג' הנמל,ברמן שוקולד ועוגיות,,פירורי לחם מוזהב.,גרמים,440.00,100 גרם,false,,6.90,0.0157,true,1,1368059
835811005049,false,נייר אפייה משובח וידידותי לסביבה מהדרין 38X42,"איטיליאן פוד, אס.פי.",,נייר אפייה 40 יח מתכ,יח',14.00,יח',false,,14.90,1.0643,true,1,1368078
835811005339,false,זוג שקיות אוכל ארוז בקרטון הנמל,,,זוג שקיות אוכל,יח',300.00,יח',false,,7.90,0.0263,true,1,1368097
835811005704,false,נייר עטיפה לכריכים הנמל 100 יחידות,טופ פלסט 2002 בעמ,,נייר עטיפה לכריכים,יח',100.00,יח',false,,7.90,0.0790,true,1,1368119
835811005711,false,הנמל עטרות אלומיניום מס.5 100יח,הנג טון,,גביע אלומיניום לאפיי,יח',100.00,יח',false,,9.90,0.0990,true,1,1368120
835811005728,false,עלים לעוגת קרמשניט 400 גרם,"רונית מאפים בע""מ",,עלים לקרמשניט 400 גר,גרמים,400.00,100 גרם,false,,14.90,0.0373,true,1,1368121
835811005810,false,מגש הכסף תבנית מרובע קטן +מכסה 10 יח`,הנמל,,מגש הכסף + מכסה,יח',10.00,יח',false,,11.90,1.1900,true,1,2133902
835811005933,false,מגש הכסף תבנית אלומ` ענק 5 יח`,ווינפאק,,מגש הכסף תבנית ענק,יח',5.00,יח',false,,11.90,2.3800,true,1,2133903
835811005940,false,מגש הכסף תבנית אלומ` גדולה + מכסה 8 יח`,,,מגש הכסף + מכסה,יח',8.00,יח',false,,11.90,1.4875,true,1,1368130
835811005957,false,מגש הכסף תבנית אלומ` 90 + מכסה 8 יח`,יבוא ושיווק: הנמל אר,,מגש הכסף + מכסה,יח',8.00,יח',false,,11.90,1.4875,true,1,2133904
835811005964,false,"הנמל תבניות אלומיניום מוארכת מארז, 20 יח'",ווינפאק,,מגש הכסף תבנית מאורך,יח',20.00,יח',false,,11.90,0.5950,true,1,2133905
835811006213,false,קערות מתכלה מקנה סוכר טבעי 25 יח,"איטיליאן פוד, אס.פי.",,קערה למרק מקנה סוכר,יח',25.00,יח',false,,15.90,0.6360,true,1,1368151
835811006220,false,צלחות ענקיות מתכלה מקנה סוכר טבעי 25 יח,הנמל,,צלחות ענקיות קנה סוכ,יח',25.00,יח',false,,17.90,0.7160,true,1,1368152
835811006237,false,צלחות קטנות מקנה סוכר טבעי 25 יח,הנמל,,צלחות קטנות קנה סוכר,יח',25.00,יח',false,,9.90,0.3960,true,1,1368153
835811006244,false,צלחות גדולות מקנה סוכר טבעי 25 יח,הנמל,,צלחות גדולות קנה סוכ,יח',25.00,יח',false,,15.90,0.6360,true,1,1368154
835811006435,false,מגש הכסף תבנית מלבן עמוק + מכסה 9 יח`,,,מגש כסף 9 יח,יח',9.00,יח',false,,11.90,1.3222,true,1,1368161
835811006770,false,תבניות אלומיניום עגולות,הנמל,,מגש כסף 5 יח,יח',5.00,יח',false,,11.90,2.3800,true,1,2133906
835811007432,false,תבנית משפחתית מנייר מלבן גדול 3 יחידות הנמל,דוקארט,,תבנית קרטון משפחתית,יח',3.00,יח',false,,10.90,3.6333,true,1,1368184
835811007494,false,גלטין טהור מדגים 2 יח` 14 X גר`,גואנגדונג מיניאנג,,גלטין טהור 14 גר 2יח,גרמים,28.00,100 גרם,false,,9.90,0.3536,true,1,1368185
835811008132,false,כריות מתכת בגליל 6יח,שוורצקוף& הנקל דיסלד,,ספוג מתכת בגליל 6 יח,יח',6.00,יח',false,,11.90,1.9833,true,1,1368195
835811008347,false,גפרור מיוחד ענק הנמל 1 יחידה,הנמל,,גפרור ארוך מאוד,יח',45.00,יח',false,,4.90,0.1089,true,1,1368199
839762000641,false,משקה איילנד מנגו נקטר 1 ל',פארייפאבה אגרואינדוס,,מיץ מנגו איילנד ליטר,ליטרים,1.00,ליטר,false,,10.90,10.9000,true,1,1350445
839762000658,false,איילנד גויאבה המשקה של חופי סיני 1 ליטר,The Egyptian Co. for,,מיץ גויאבה איילנד לי,ליטרים,1.00,ליטר,false,,10.90,10.9000,true,1,1350446
839762002379,false,משקה נקטר מנגו איילנד 350מל,פארייפאבה אגרואינדוס,,משקה איילנד מנגו 350,מיליליטרים,350.00,"100 מ""ל",false,,5.50,0.0157,true,1,1350448
839762002386,false,"איילנד גויאבה בקבוק 350 מ""ל",פארייפאבה אגרואינדוס,,משקה איילנד גויאבה 3,מיליליטרים,350.00,"100 מ""ל",false,,5.50,0.0157,true,1,1350449
844510012135,false,יין רמת יהודה פטיט ו,יין רמת יהודה א.ג.ת,,יין רמת יהודה,מיליליטרים,750.00,"100 מ""ל",false,,69.90,0.0932,true,1,2260211
844510012173,false,"יין רמת יהודה אדום חצי יבש 750 מ""ל",יין רמת יהודה א.ג.ת,,יין רמת יהודה,מיליליטרים,750.00,"100 מ""ל",false,,69.90,0.0932,true,1,2260212
844510012203,false,"יין יצחק רם קברנה סוביניון 750 מ""ל",רמת חברון,,יין יצחק רם,מיליליטרים,750.00,"100 מ""ל",false,,99.90,0.1332,true,1,2260197
844510013101,false,"יין ירושלים הילז קברנה סוביניון 750 מ""ל",אגדת,,יין גרוזלם,מיליליטרים,750.00,"100 מ""ל",false,,34.90,0.0465,true,1,2260199
844510013224,false,"ייין רושלים הילז גוורצטרמינר 750 מ""ל",,,יין גרוזלם,מיליליטרים,750.00,"100 מ""ל",false,,44.90,0.0599,true,1,2260203
844510013309,false,"יין גרוזלם הילז רזרב 750 מ""ל",אגדת,,יין גרוזלם,מיליליטרים,750.00,"100 מ""ל",false,,74.90,0.0999,true,1,2260205
850006036028,false,מאפה חיטה מקלונים בטעם סלק בצל 400 ג' עבאדי,עבאדי,,עוגיות מזרחיות מקלונ,גרמים,400.00,100 גרם,false,,17.90,0.0447,true,1,2353595
851621000050,false,בירה חיטה בטעם הדרים 1664 בלאנק - שישייה,קרלסברג ספליי קומפאני פו,,שישיית בירה בלאנק 16,ליטרים,1.98,ליטר,false,,39.90,20.1515,true,1,2251028
852629004774,false,נקניקיות ביונד מיט רביעייה 400 גר,סווג ריבר ביונד מיט ארהב,,רביעיית נקניקיות ביו,גרמים,400.00,100 גרם,false,,39.90,0.0997,true,1,2304752
856591000055,false,עוגיות מזרחיות קריספי שרוף במיוחד,מאפיית יוסף ושמחה עבאדי,,עוגיות מזרחיות קריספ,גרמים,400.00,100 גרם,false,,17.90,0.0447,true,1,1475926
856591000062,false,עוגיות מזרחיות עם מלח עבאדי 400 גרם,מאפיית יוסף ושמחה עבאדי,IL,ע.מזרחיות מלח 400 גרם,גרמים,400.00,100 גרם,false,,17.90,0.0447,true,1,1386798
856591000970,false,מאפה חיטה עבאדי מקלונים בטעם חריף 400 גר,עבאדי,,עוגיות מזרחיות מקלונ,גרמים,400.00,100 גרם,false,,17.90,0.0447,true,1,2353596
859547004084,false,ספוג ניקוי לימון פרש סקראב דדי,סקראב דאבי,,ספוג קרצוף סקראב דדי,יחידה,0.00,יחידה,false,,17.90,0.0000,true,1,2344208
859547004329,false,ספוג ניקוי צבעוני סקראב דדי Scrub Daddy,סקארקיסט,,ספוג ניקוי סקראב דד,יחידה,0.00,יחידה,false,,17.90,0.0000,true,1,2344209
877300000050,false,קינמון טחון 80 גרם ש,נפטון Neptune,,קינמון טחון,גרמים,80.00,100 גרם,false,,4.90,0.0613,true,1,2254632
877300000081,false,פלפל שחור טחון צנצנת,,,פלפל שחור טחון,גרמים,100.00,100 גרם,false,,14.90,0.1490,true,1,1500454
877300000210,false,תערובת לתיבול טוסקנה,נפטון Neptune,,תערובת תיבול טוסקנה,גרמים,60.00,100 גרם,false,,4.90,0.0817,true,1,2254645
877300000234,false,תערובת לתיבול פילדלפיה,נפטון Neptune,,פלדלפיה,גרמים,60.00,100 גרם,false,,4.90,0.0817,true,1,2254637
877300000364,false,אורגנו 20 גרם שקית.,,,אורגנו,גרמים,20.00,100 גרם,false,,4.90,0.2450,true,1,2254627
877300000760,false,רוטב פיצה 330גרם,נפטון מוצרי מזון (1990),,רוטב פיצה,מיליליטרים,330.00,"100 מ""ל",false,,12.90,0.0391,true,1,1401540
877300000777,false,ממרח צימיצורי נפטון,"נפטון מוצרי מזון בע""",,ממרח צימצורי,גרמים,180.00,100 גרם,false,,9.90,0.0550,true,1,1401541
877300000845,false,פפריקה מתוקה בשמן בסגנון מרוקאי,נפטון Neptune,,פפריקה מתוקה,גרמים,80.00,100 גרם,false,,4.90,0.0613,true,1,2254646
877300001019,false,כוסברה טחון 120גר,נפטון Neptune,,כוסברה טחון,גרמים,120.00,100 גרם,false,,9.90,0.0825,true,1,1401552
877300001040,false,כורכום טחון 150 גרם,נפטון Neptune,,כורכום טחון,גרמים,150.00,100 גרם,false,,9.90,0.0660,true,1,1401554
877300001101,false,נפטון קינמון טחון 15,נפטון Neptune,,קינמון טחון,גרמים,150.00,100 גרם,false,,9.90,0.0660,true,1,1401559
877300001170,false,פפריקה מתוקה 150 גרם,נפטון Neptune,,פפריקה מתוקה,גרמים,150.00,100 גרם,false,,9.90,0.0660,true,1,1401565
877300001286,false,כמון טחון 150 גרם,נפטון Neptune,,כמון טחון,גרמים,150.00,100 גרם,false,,9.90,0.0660,true,1,1401568
877300001361,false,נפטון תבלין לשווארמה,,,תבלין שווארמה,גרמים,150.00,100 גרם,false,,9.90,0.0660,true,1,1401571
877300001392,false,תערובת תיבול לגריל עוף,נפטון Neptune,,תבלין גריל עוף,גרמים,150.00,100 גרם,false,,9.90,0.0660,true,1,1401574
877300001453,false,תערובת תיבול זעתר שומשום,נפטון Neptune,,תבלין זעתר שומשום,גרמים,150.00,100 גרם,false,,9.90,0.0660,true,1,1401576
877300002160,false,רוטב צ'ילי מתוק 370 גרם,נפטון מוצרי מזון (1990),,רוטב צ'ילי מתוק,גרמים,370.00,100 גרם,false,,12.90,0.0349,true,1,1401596
877300002184,false,אריסה מתוקה נפטון 1,,,אריסה מתוקה,גרמים,180.00,100 גרם,false,,9.90,0.0550,true,1,1429809
877300002214,false,אריסה 180גרם,,,אריסה,גרמים,180.00,100 גרם,false,,9.90,0.0550,true,1,1401598
877300002290,false,פפריקה מרוקאית מעושנת 150 גרם-(צנצנת מרובעת),נפטון Neptune,,פפריקה מתוקה מעושנת,גרמים,150.00,100 גרם,false,,9.90,0.0660,true,1,1401599
877300002313,false,תבלין ראס אל חנות 150 גרם(צנצנת 150 חדשה),נפטון Neptune,,תבלין ראס אל חנות,גרמים,150.00,100 גרם,false,,9.90,0.0660,true,1,1401600
877300002504,false,רוטב פיקנטי בטעם עמב,,,רוטב פיקנטי בטעם עמב,גרמים,500.00,100 גרם,false,,12.90,0.0258,true,1,2281771
877300002610,false,ממרח אריסה לימון 180,,,ממרח אריסה לימון,גרמים,180.00,100 גרם,false,,9.90,0.0550,true,1,1826912
877300003112,false,ממרח עגבניות בתוספת,,,ממרח עגבניות,גרמים,180.00,100 גרם,false,,9.90,0.0550,true,1,1758120
877300003273,false,רוטב טריאקי 350 גרם,נפטון מוצרי מזון (1990),,רוטב טריאקי,גרמים,350.00,100 גרם,false,,12.90,0.0369,true,1,1401615
877300003310,false,רוטב צ'ילי חריף 370 גרם,נפטון מוצרי מזון (1990),,רוטב צילי חריף,גרמים,370.00,100 גרם,false,,12.90,0.0349,true,1,1401619
877300003327,false,רוטב סויה מתוק 360 גרם,נפטון מוצרי מזון (1990),,רוטב סויה מתוק,גרמים,370.00,100 גרם,false,,12.90,0.0349,true,1,1401620
877300003358,false,ממרח פלפל צ`ומה נפטו,,,פלפל צ'ומה,גרמים,180.00,100 גרם,false,,9.90,0.0550,true,1,1401623
877300004102,false,ממרח פסטו שום נפטון,נפטון Neptune,,ממרח פסטו שום,גרמים,180.00,100 גרם,false,,9.90,0.0550,true,1,1401635
877300004263,false,ציפוי לשניצל וינאי,,,ציפוי לשניצל וינאי,גרמים,400.00,100 גרם,false,,9.90,0.0248,true,1,1852460
877300004416,false,פלפל שחור גרוס דק,נפטון Neptune,,פלפל שחור גרוס דק,גרמים,50.00,100 גרם,false,,4.90,0.0980,true,1,2280805
877300004560,false,פפריקה חריפה 80 גרם,נפטון Neptune,,פפריקה חריפה,גרמים,80.00,100 גרם,false,,4.90,0.0613,true,1,1906919
877300004577,false,כמון טחון 50 גרם שקי,נפטון Neptune,,כמון טחון,גרמים,50.00,100 גרם,false,,4.90,0.0980,true,1,1509953
877300004584,false,כורכום טחון 80 גרם ש,נפטון Neptune,,כורכום טחון,גרמים,80.00,100 גרם,false,,4.90,0.0613,true,1,1500463
877300004614,false,גריל עוף 80 גרם שקית,,,גריל עוף,גרמים,80.00,100 גרם,false,,4.90,0.0613,true,1,1500466
877300004621,false,זעתר ושומשום תערובת לתיבול,נפטון Neptune,,זעתר שומשום,גרמים,80.00,100 גרם,false,,4.90,0.0613,true,1,1500467
877300008858,false,רוטב וינגרט הדרים,,,רוטב וינגרט הדרים,גרמים,310.00,100 גרם,false,,12.90,0.0416,true,1,1830713
877300008902,false,שום שמיר 310 גרם,,,רוטב שום שמיר,גרמים,310.00,100 גרם,false,,12.90,0.0416,true,1,1830701
877300009183,false,רוטב שמן זית ולימון,,,רוטב שמן זית ולימון,גרמים,300.00,100 גרם,false,,12.90,0.0430,true,1,1987670
877300009213,false,ממרח זעתר בתוספת שמן,,,ממרח זעתר בתוספת שמן,גרמים,180.00,100 גרם,false,,9.90,0.0550,true,1,2280011
877300009367,false,ממרח פסטו קלאסי בזיל,,,ממרח פסטו קלאסי בזיל,גרמים,180.00,100 גרם,false,,9.90,0.0550,true,1,1978948
877300009558,false,ציפוי לשניצל פירורי לחם בתיבול איטלקי,נפטון Neptune,,ציפוי לשניצל ירקות א,גרמים,400.00,100 גרם,false,,9.90,0.0248,true,1,1852462
884912002372,false,דגני בוקר גרייט גריינס פוסט453 גרם,פוסט ארצות הברית,US,סלקט קרנברי חדש,גרמים,396.00,100 גרם,false,,24.90,0.0629,true,1,1397824
884912116505,false,דגני בננה נאט קראנץ' Banana Nut Crunch,פוסט ארצות הברית,US,סלקט בננה נאט חדש,גרמים,439.00,100 גרם,false,,24.90,0.0567,true,1,1397832
884912117625,false,דגני שלווה מצופים בדבש Golden Crisp,הנסיך- מפעל לייצור ט,,דגני בוקר שלווה מצופ,גרמים,418.00,100 גרם,false,,22.90,0.0548,true,1,1789154
884912126115,false,גרייט גריינס דגני בוקר עם פירות יבשים פוסט 453 גרם,הנסיך- מפעל לייצור ט,US,סלקט גרייט גריינס דייטס ח,גרמים,453.00,100 גרם,false,,24.90,0.0550,true,1,1397833
884912129512,false,דגני בוקר קוקו פוסט פלינסטונס 311 גרם,פוסט לקיוויל,,דגני בוקר בטעם קקאו,גרמים,311.00,100 גרם,false,,24.90,0.0801,true,1,2376008
884912359155,false,דגני בוקר האני באנצ'ס האני רוסטד פוסט 340 גרם,פוסט ארצות הברית,,דגני האני באנצ' רוסט,גרמים,411.00,100 גרם,false,,22.90,0.0557,true,1,2349289
884912359162,false,האני באנצ' דגני בוקר עם שקדים פוסט 411 גרם,פוסט ארצות הברית,,דגני האני באנצ'.,גרמים,340.00,100 גרם,false,,22.90,0.0674,true,1,2349284
884912359414,false,דגני בוקר האני באנצס קינמון 340 ג' POST,פוסט ארצות הברית,,דגני האני באנצ' קינמ,גרמים,411.00,100 גרם,false,,22.90,0.0557,true,1,2349296
884912359421,false,דגני בוקר האני באנצ'ס מייפל ופקאן פוסט 340 גרם,פוסט ארצות הברית,,דגני האני באנצ' פקאן,גרמים,411.00,100 גרם,false,,22.90,0.0557,true,1,2349290
884912359483,false,דגני בוקר האני באנצ'ס תות פוסט 311 גרם,פוסט ארצות הברית,,דגני האני באנצ' תות,גרמים,368.00,100 גרם,false,,22.90,0.0622,true,1,2349291
884912365200,false,דגני בוקר אוראו שחור ולבן 311 גרם,פוסט ארצות הברית,,דגני בוקר בטעם אוראו,גרמים,311.00,100 גרם,false,,19.90,0.0640,true,1,2370729
884912377142,false,דגני בוקר האני באנצ'ס וניל פוסט 340 גרם,פוסט ארצות הברית,,דגני האני באנצ' וניל,גרמים,340.00,100 גרם,false,,22.90,0.0674,true,1,2349297
888849005994,false,קווסט עוגיית חלבון בטעם חמאת בוטנים שוקו,סיטי ספורט,,קווסט עוגיית חלבון ש,גרמים,59.00,100 גרם,false,,14.90,0.2525,true,1,2275890
888849006014,false,קווסט עוגיית חלבון בטעם שוקולד ציפ כפול,סיטי ספורט,,קווסט עוגיית חלבון ש,גרמים,59.00,100 גרם,false,,14.90,0.2525,true,1,2275891
888849011063,false,חטיף חלבון צ'יפס ספי,,,חטיף חלבון צ'יפס ספי,גרמים,32.00,100 גרם,false,,17.90,0.5594,true,1,2355248
1230000116022,false,המבורגר ביונד מיט מארז זוגות 226ג,ביונד מיט קליפורניה ארהב,,המבורגר ביונד מיט מא,גרמים,226.00,100 גרם,false,,34.90,0.1544,true,1,2354636
3014260022839,false,אורל בי דליקייט וויט זוג 40 MEDIUM,דיפלומט מפיצים 1968 בעמ,IN,דליקייט  וויט  זוג  40 רך,יח',2.00,יח',false,,14.90,7.4500,true,1,1351119
3014260023089,false,שלישייית מברשת שיניים אורל בי קלאסיק 40 מדיום,פרוקטר אנד גמבל,IN,קלאסיק שלישיה 40 מדיום,יח',3.00,יח',false,,14.90,4.9667,true,1,1351120
3014260201753,false,סכיני גילוח ג'ילט בלו 2 להבים - מארז 5 יח',דיפלומט מפיצים (1968) בעמ,PL,בלו 2*5 (שקית),יח',5.00,יח',false,,12.90,2.5800,true,1,1351122
3014260228842,false,"קצף גילוח ג'ילט לעור רגיל 200 מ""ל",דיפלומט מפיצים (1968) בעמ,GB,ק.גילוח רגיל,מיליליטרים,200.00,"100 מ""ל",false,,14.90,0.0745,true,1,1351131
3014260240226,false,"קצף גילוח ג'ילט לעור רגיש 200 מ""ל",דיפלומט מפיצים (1986) בע`מ,GB,ק.גילוח רגיש,מיליליטרים,200.00,"100 מ""ל",false,,14.90,0.0745,true,1,1351133
3014260258313,false,גילט סירייס אפטר שייב ספלאש AI,General,,אפטר שייב ספלאש 100,מיליליטרים,100.00,"100 מ""ל",false,,29.90,0.2990,true,1,1351138
3014260274924,false,גילט מאך 3 טורבו סכיני גילוח 8 יחידות,פרוקטר אנד גמבל,DE,מאך 3טורבו 8,יח',8.00,יח',false,,89.90,11.2375,true,1,1351146
3014260280772,false,אורל בי חוט דנטלי אסנשיאל מנטה שעווה 50מ',דיפלומט מפיצים (1968) בעמ,MX,חוט דנטלי אסנשיאל מנטה עם,מטרים,50.00,מטר,false,,12.90,0.2580,true,1,1351149
3014260284350,false,גילט גל אפטר שייב לאחר הגילוח 75 מל,פרוקטר אנד גמבל,FR,א.ש. ג'ל קלאסי רגיש,מיליליטרים,75.00,"100 מ""ל",false,,34.90,0.4653,true,1,2256502
3014260287030,false,ג`ילט סכיני גילוח חדפ לגבר יבוא מקביל,פארמה דיל (פ.א.ב.) שיווק והפצה,PL,גילט 2חמישיה,יח',5.00,יח',false,,7.90,1.5800,true,1,1351153
3014260289287,false,סכין גילוח גילט בלו 2 לנשים-חמישייה,דיפלומט מפיצים (1968) בעמ,PL,בלו 2 לנשים 5,יח',5.00,יח',false,,14.90,2.9800,true,1,1351154
3014260833848,false,מברשות שיניים אורל בי פרו אקספרט 35 זוג,דיפלומט מפיצים (1968) בעמ,,זוג מברשות שיניים או,יחידה,2.00,יחידה,false,,24.90,12.4500,true,1,2277477
3045201107001,false,אידיאל מסיר כתמים לפני כביסה -כדור מסאג,"יעקב יעקבי ובניו בע""מ",ES,אידאל-מסיר כתמים-אדום 009,מיליליטרים,150.00,"100 מ""ל",false,,19.90,0.1327,true,1,1372362
3045201108008,false,אידיאל מסיר כתמים לפני כביסה -כדור מבריש,יעקב יעקבי ובניו בעמ,ES,אידאל-מסיר כתמים-צהוב 006,מיליליטרים,150.00,"100 מ""ל",false,,19.90,0.1327,true,1,1372363
3045206312257,false,דזיטול מגבונים לחיטוי כללי 36 יחידות,יעקב יעקבי ובניו בעמ,ES,דזיטול - מגבונים,יח',24.00,יח',false,,12.90,0.5375,true,1,1372364
3046920010801,false,שוקולד מריר אקסלנס עם אגוזי לוז,לינדט ושפרונגלי קילשברג,,שוקולד לינדט אקסלנט,גרמים,100.00,100 גרם,false,,14.90,0.1490,true,1,1906013
3046920010856,false,לינדט שוקולד אקסלנס לימון גינגיר 100 גר,לינדט ושפרונגלי,,שוקולד לינדט אקסלנט,גרמים,100.00,100 גרם,false,,14.90,0.1490,true,1,2236743
3046920016377,false,לינדט שוקולד אקסלנס מריר 100% קקאו 50 גר,לינדט ושפרונגלי,,שוקולד לינדט אקסלנט,גרמים,50.00,100 גרם,false,,14.90,0.2980,true,1,2258270
3046920027281,false,שוקולד מריר אקסלנס במילוי קרמל ומלח ים,לינדט ושפרונגלי קילשברג,FR,לינדט אקסלנס 70% 100 גרם,גרמים,100.00,100 גרם,false,,14.90,0.1490,true,1,1365242
3046920028004,false,לינדט שוקולד אקסלנס מריר 70% 100 גר,לינדט ושפרונגלי קילשברג,FR,לינדט אקסלנס 70% 100 גרם,גרמים,100.00,100 גרם,false,,14.90,0.1490,true,1,1365244
3046920028363,false,לינדט אקסלנס 85% מוצקי קקאו 100 גרם,לינדט ושפרונגלי קילשברג,FR,לינדט אקסלנס 85% 100 גרם,גרמים,100.00,100 גרם,false,,14.90,0.1490,true,1,1365245
3046920028721,false,לינדט אקסלנס סטרוברי 100גר`,לינדט ושפרונגלי קילשברג,,שוקולד לינדט 99% אקס,גרמים,50.00,100 גרם,false,,14.90,0.2980,true,1,1906026
3046920028752,false,שוקולד לינדט אקסלנס מינט 100 גרם,לינדט ושפרונגלי קילשברג,FR,לינדט אקסלנס מינט 100 גר,גרמים,100.00,100 גרם,false,,14.90,0.1490,true,1,1365247
3046920029674,false,אקסלנס עם שבבי מלח לינדט (100 גרם),לינדט ושפרונגלי קילשברג,FR,לינדט אקס' סולט 100 גרם,גרמים,100.00,100 גרם,false,,14.90,0.1490,true,1,1365248
3046920029681,false,לינדט שוקולד אקסלנס מילד 85% קקאו 100 גר,משה סידס ובנו בעמ,,שוקולד אקסלנס 85%,גרמים,100.00,100 גרם,false,,14.90,0.1490,true,1,2258271
3046920029759,false,אקסלנס שוקולד מריר 90% לינדט (100 גרם),לינדט ושפרונגלי קילשברג,FR,לינדט אקסלנס 70% 100 גרם,גרמים,100.00,100 גרם,false,,14.90,0.1490,true,1,1365249
3059940007768,false,"מבשם אוויר אירוויק ספריי וניל אורכידאה 240 מ""ל",רקיט בנקיזר (ניר איסט) בעמ,GB,איירוויק ספריי וניל ואורכ,מיליליטרים,240.00,"100 מ""ל",false,,9.90,0.0413,true,1,1353463
3059943015128,false,מבשם אוויר נטול גז אקווה מיסט בניחוח לבנדר פראי ואוויר הרים,רקיט בנקיזר (ניר איסט) בעמ,PL,איירויק אקווה מיסט לבנדר,מיליליטרים,345.00,"100 מ""ל",false,,19.90,0.0577,true,1,1353469
3059943016507,false,"אירוויק ספריי בניחוח לבנדר וקמומיל 240 מ""ל",רקיט בנקיזר (ניר איסט) בעמ,GB,א.וייק ספריי לבנדר,מיליליטרים,240.00,"100 מ""ל",false,,9.90,0.0413,true,1,1353470
3059943016569,false,"מבשם אוויר אירוויק ספריי פרסיה ויסמין 240 מ""ל",רקיט בנקיזר (ניר איסט) בעמ,GB,איירוויק ספריי פריסיה ויס,מיליליטרים,240.00,"100 מ""ל",false,,9.90,0.0413,true,1,1353472
3067140243114,false,אבקה להכנת משקה על בסיס עולש בטעם קרמל,LEROUX COFFEE SUB,FR,לרו תחליף קפה קרמל,גרמים,100.00,100 גרם,false,,26.90,0.2690,true,1,1386167
3068320103389,false,"מים מינרלים אוויאן 750 מ""ל זכוכית",,,מים אויאן זכוכית 750,מיליליטרים,750.00,"100 מ""ל",false,,15.90,0.0212,true,1,2217696
3073781161663,false,גבינה מותכת 18.5% שומן לה וואש קירי,בני ג`ורג` שוקחה (חיפה) בעמ,,גבינה לוואש קירי 8 י,גרמים,128.00,100 גרם,false,,11.90,0.0930,true,1,2333530
3073781161687,false,גבינה לוואש קרי(מותכת) 16 יח 256 גר,בני ג`ורג` שוקחה (חיפה) בעמ,,גבינה לוואש קירי 16,גרמים,256.00,100 גרם,false,,21.90,0.0855,true,1,2333535
3073781162790,false,גבינה מותכת בייבי בל 120 גרם,א. סיימן סחר בעמ,,גבינת בייבי בל אדם 1,גרמים,120.00,100 גרם,false,,16.90,0.1408,true,1,2347742
3073781177220,false,גבינה בייבי בל אדום 120 גר`,א. סיימן סחר בעמ,,גבינת בייבי בל רול,גרמים,120.00,100 גרם,false,,16.90,0.1408,true,1,2369534
3080216034508,false,"בירה גרינברגן בלונדי בודד 330מ""ל",החברה המרכזית להפצת משקאות בעמ,,בירה גרימברגן בלונד,מיליליטרים,330.00,"100 מ""ל",false,,6.90,0.0209,true,1,2282022
3080216034645,false,"בירה רגינברג אמברה 330 מ""ל",company supply carlsberg,,בירה גרימברגן אמברה,מיליליטרים,330.00,"100 מ""ל",false,,6.90,0.0209,true,1,2282023
3141360054405,false,פיניש מפיץ ריח למדיח בניחוח לימון וליים,רקיט בנקיזר (ניר איסט) בעמ,,מפיג ריח למדיח פיניש,גרמים,27.00,100 גרם,false,,14.90,0.5519,true,1,1514783
3161911229199,false,חמאה צרפתית רכה למריחה אל & ויר 250 גרם,א. סיימן סחר בעמ,FR,חמאה רכה 250 ג,גרמים,250.00,100 גרם,false,,19.90,0.0796,true,1,1376431
3161911366429,false,חמאה צרפתית מלוחה רכה למריחה אלוויר 250 גר',א. סיימן סחר בעמ,FR,חמאה מלוחה 250 ג,גרמים,250.00,100 גרם,false,,19.90,0.0796,true,1,1376432
3161911393210,false,אלוויר חמאה נורמנדי מלוחה 200 גרם,א.סיימן סחר בעמ,,חמאה צרפתית נורמנדי,גרמים,200.00,100 גרם,false,,18.90,0.0945,true,1,2354094
3178530402278,false,"עוגיות פצפוצי קרמל, 150 גרם",סן מישל St Michel,,גלאט חמאה קרצל סן מי,גרמים,150.00,100 גרם,false,,14.90,0.0993,true,1,1717453
3178530402353,false,עוגות מיני מדלן קלאסי סאן מישל 175 גרם,סאן מישל ביסוויט,,מיני מדלן סן מישל,גרמים,175.00,100 גרם,false,,10.90,0.0623,true,1,1717454
3178530407938,false,עוגיות מיני מדליין עם שוקוצ'יפס סאן מישל 175 גרם,א. סיימן סחר בעמ,,מיני מדלן שוקו סן מי,גרמים,175.00,100 גרם,false,,10.90,0.0623,true,1,1717457
3178530409673,false,עוגיות פיל סאן מישל קרמל 100 גר`,סאן מישל צ'\אמפאגנאק,,עוגיות פלמיה קרמל,גרמים,100.00,100 גרם,false,,14.90,0.1490,true,1,2226596
3178530412703,false,עוגיות חמאה דונאט עם שוקולד 180 גר,א. סיימן סחר בעמ,,דונאט עם שוקולד,גרמים,180.00,100 גרם,false,,12.90,0.0717,true,1,2226597
3178530417418,false,עוגיות חמאה דונאט עם שוקולד ציפס 180 גר,א. סיימן סחר בעמ,,דונאט עם שוקולד ציפס,גרמים,180.00,100 גרם,false,,12.90,0.0717,true,1,2226599
3179730011017,false,פרייה מים מינרלים טבעיים מבעבעים,NESTLE WATERS,FR,פרייה זכוכית 750מל (ירוק),מיליליטרים,750.00,"100 מ""ל",false,,8.90,0.0119,true,1,1394761
3228022910023,false,חמאה צרפתית פריזידאן פרזידנט (200 גרם),סוסייטה בארייר דה אי,FR,חמאה פרזיגנט 200 ג,גרמים,200.00,100 גרם,false,,14.90,0.0745,true,1,1376441
3387390320244,false,פיטנס דגני בוקר מחיטה מלאה עם פירות נסטלה 375 גרם,קבוצת אוסם סחר שותפות מוגבלת,FR,פיטנס פירות 375 גרם,גרמים,375.00,100 גרם,false,,19.90,0.0531,true,1,1349695
3387390525960,false,קראנץ' דגני בוקר עם שוקולד חלב נסטלה 500 גרם,קבוצת אוסם סחר שותפות מוגבלת,FR,קראנץ' דגני בוקר פריכים ע,גרמים,500.00,100 גרם,false,,21.90,0.0438,true,1,1349696
3387390730852,false,פיטנס דגנים מחיטה מלאה ואורז נסטלה 375 גרם,קבוצת אוסם סחר-שות.מוגבלת,FR,פיטנס קלאסי 375 גרם,גרמים,375.00,100 גרם,false,,19.90,0.0531,true,1,1349697
3417320023881,false,בירה חזקה 8.8% סברנה פרמיום 500 מל פחי,קלסברוג ברוארי,,בירה חזקה 8.8% סברנה,מיליליטרים,500.00,"100 מ""ל",false,,6.90,0.0138,true,1,1739717
3451492750190,false,יין שאבלי קווה אמאנד,"איי, בי, אינבוו",,יין שאבלי כשר קווה,מיליליטרים,750.00,"100 מ""ל",false,,94.90,0.1265,true,1,2282631
3523230026888,false,"גבינת עיזים שום ועשבי תיבול למריחה פירמידה, 140 גרם",א. סיימן סחר בעמ,,גבינה עזים פירמידה 1,גרמים,140.00,100 גרם,false,,19.90,0.1421,true,1,1706571
3574660089547,false,טמפונים נורמל קלאסי אובה 32 יחידות,ג'\ונסון אנד ג'\ונסון,GR,אובה קלאסי נורמל 32,יח',32.00,יח',false,,29.90,0.9344,true,1,1386181
3574660115154,false,או-בה טמפונים קלאסי סופר 32יח',ג'\ונסון אנד ג'\ונסון,GR,אובה קלאסי סופר 32,יח',32.00,יח',false,,29.90,0.9344,true,1,1386184
3574660239829,false,קרם ידיים קל סדרה נורבגית נוטרוגינה 50 מ,ניוטרוג'ינה Neutrogena,FR,נוטרגינה ס.נורבגית קרם יד,מיליליטרים,75.00,"100 מ""ל",false,,19.90,0.2653,true,1,1386191
3574660333466,false,טמפונים מיני פרו קומפורט אובה 32 יחידות,הנסיך- מפעל לייצור ט,DE,אובה פרוקומפורט מיני 32 י,יח',32.00,יח',false,,29.90,0.9344,true,1,1386206
3574660464337,false,קרפרי מגה פק מגן תחתון אוורירי אלוורה 76,ג'\ונסון אנד ג'\ונסון,,תחתוניות קרפרי אוורי,יח',76.00,יח',false,,22.90,0.3013,true,1,1958204
3574660464368,false,קרפרי מגה פק מגן תחתון אוורירי מבושם 76,גונסון אנד גונסון,,תחתוניות קרפרי אוורי,יח',76.00,יח',false,,22.90,0.3013,true,1,1958205
3574660514643,false,קרם לחות רב שימושי עשיר נוטרוגינה 300 מל,ניוטרוג'ינה Neutrogena,FR,נוטרוגינה קרם לחות עשיר 3,מיליליטרים,300.00,"100 מ""ל",false,,19.90,0.0663,true,1,1386218
3574660571769,false,ניוטרוגינה שפתון לחות SPF20,ש.שסטוביץ בעמ,,שפתון לחות SPF20 נוט,גרמים,4.80,100 גרם,false,,17.90,3.7292,true,1,2334781
3574660676136,false,נטרוגינה קרם לחות קליל סדרה נורווגית 300,ג'ונסונס בייבי,,קרם גוף קליל ניוטרוג,מיליליטרים,300.00,"100 מ""ל",false,,19.90,0.0663,true,1,2277741
3574661003924,false,שטיפת פה טוטאל קר בטעם מנטה צלול,ג'\ונסון אנד ג'\ונסון,IT,LISTERINE TOTAL CARE 500M,מיליליטרים,500.00,"100 מ""ל",false,,22.90,0.0458,true,1,1350548
3574661098937,false,נטרוגינה תחליב גוף-יבש סדרה נורווגית,ניוטרוג'ינה Neutrogena,,תחליב גוף לעור יבש ע,מיליליטרים,400.00,"100 מ""ל",false,,19.90,0.0497,true,1,2035765
3574661114637,false,ליסטרין שטיפת פה קול מינט טעם מעודן 500,ג'\ונסון אנד ג'\ונסון,,"מי פה ליסטרין 500 מ""",מיליליטרים,500.00,"100 מ""ל",false,,19.90,0.0398,true,1,1350549
3574661141022,false,וניה תחבושות הגייניות מקסי לילה 12 יח,ש.שסטוביץ בעמ,BE,וניה תחבושות הגייניות מקס,יח',12.00,יח',false,,24.90,2.0750,true,1,1386236
3574661199894,false,"נוטרוגינה קרם ידיים ויזבלי ריניו 75 מ""ל",ניוטרוג'ינה Neutrogena,,קרם ידיים ויזבלי רינ,מיליליטרים,75.00,"100 מ""ל",false,,19.90,0.2653,true,1,1437666
3574661200019,false,נוטרוגינה ת.גוף ויזבלי ריניו משאבה 400 מל,ניוטרוג'ינה Neutrogena,,תחליב גוף עם משאבה 4,מיליליטרים,400.00,"100 מ""ל",false,,19.90,0.0497,true,1,1437667
3574661352275,false,"מי פה ליסטרין קידס 250 מ""ל פירות יער",ג'\ונסון אנד ג'\ונסון,,מי פה ליסטרין קידס 2,מיליליטרים,250.00,"100 מ""ל",false,,10.90,0.0436,true,1,2258605
3574661363998,false,ליסטרין תה ירוק 500 מל שטיפת פה,ג'\ונסון אנד ג'\ונסון,,שטיפת פה ליסטרין תה,מיליליטרים,500.00,"100 מ""ל",false,,22.90,0.0458,true,1,1804266
3574661391373,false,הידרו בוסט תחליב קרם ג'ל גוף לעור רגיל עד יבש,ניוטרוג'ינה Neutrogena,,תחליב גוף הידרו בוסט,מיליליטרים,400.00,"100 מ""ל",false,,19.90,0.0497,true,1,2186192
3574661419435,false,וניה תחבושות הגייניות מקסי לילה 12 יח,ש.שסטוביץ בעמ,,תחבושות הגייניות מקס,יח',12.00,יח',false,,24.90,2.0750,true,1,2350296
3574661425696,false,גונסונס בייבי תחליב לתינוק 500 מל,ג'ונסונס Johnson's,,תחליב גונסון בייבי 5,מיליליטרים,500.00,"100 מ""ל",false,,29.90,0.0598,true,1,2165429
3574661485201,false,טמפונים אובה סופר 32 יח' פרוקומפורט,ש.שסטוביץ בעמ,,טמפון או-בה סופר 32,יח',32.00,יח',false,,29.90,0.9344,true,1,2350760
3574661485218,false,טמפונים נורמל אובה 32 יח' פרוקומפורט,"ש. שסטוביץ בע""\מ",,טמפון או-בה נורמל 32,יח',32.00,יח',false,,29.90,0.9344,true,1,2350761
3574661487328,false,קרפרי מגני תחתון אורגינל פלוס 56 יח',הדקלאים אגודת שיתופי,,תחתוניות קרפרי 56 יח,יח',56.00,יח',false,,19.90,0.3554,true,1,2214439
3574661487335,false,מגן תחתון קרפרי מקסי לונג ריחני 40 יחידות,ש. שסטוביץ בע`מ,,תחתוניות קרפרי מקסי,יח',40.00,יח',false,,19.90,0.4975,true,1,2214453
3574661487618,false,קרפרי מגן תחתון מקסי לארג'' מבושם 48 יח'',ג'ויה מעבדות לקוסמטי,,תחתוניות קרפרי מבושם,יח',48.00,יח',false,,19.90,0.4146,true,1,2214454
3574661487625,false,מגן תחתון קרפרי מקסי לארג 48 יחידות,הדקלאים אגודת שיתופי,,תחתוניות קרפרי מקסי,יח',48.00,יח',false,,19.90,0.4146,true,1,2214464
3574661487632,false,מגני תחתון פלוס לארג' בניחוח עדין L,ג'\ונסון אנד ג'\ונסון,,תחתוניות קרפרי לארג',יח',64.00,יח',false,,22.90,0.3578,true,1,2230719
3574661491806,false,מי פה אדבנס וויט מנטה מסירה כתמים קשים,ג'\ונסון אנד ג'\ונסון,,מי פה ליסטרין עם שטי,מיליליטרים,500.00,"100 מ""ל",false,,22.90,0.0458,true,1,2282227
3574661500355,false,קרפרי מגן תחתון מקסי לונג רגיל 40 יח',ג'ויה מעבדות לקוסמטי,,תחתוניות קרפרי מקסי,יח',40.00,יח',false,,19.90,0.4975,true,1,2214455
3574661501901,false,שטיפה אינטימית יומיומית מכיל תה ירוק ואלוורה,קולגייט פלמוליב,,שטיפה אינטימית אלוור,מיליליטרים,200.00,"100 מ""ל",false,,16.90,0.0845,true,1,2228378
3574661504162,false,מוס לשטיפה אינטימית יומיומית מכיל תה ירוק ואלוורה,קולגייט פלמוליב,,מוס לשטיפה אינטימית,מיליליטרים,150.00,"100 מ""ל",false,,16.90,0.1127,true,1,2228379
3574661530697,false,גונסונס בייבי תרחיץ ושמפו לתינוק 500 מל,ג'ונסונס Johnson's,,תרחיץ ושמפו ג'ונסון,מיליליטרים,500.00,"100 מ""ל",false,,16.90,0.0338,true,1,2174513
3574661552576,false,קרפרי מגן תחתון רגיל טנגה לבן 56 יח חדש,הדקלאים אגודת שיתופי,,תחתוניות קרפרי טנגה,יח',56.00,יח',false,,19.90,0.3554,true,1,2248725
3574661552804,false,מגן תחתון קרפרי אלוורה 56 יחידות,הדקלאים אגודת שיתופי,,תחתוניות קרפרי אלוור,יח',56.00,יח',false,,19.90,0.3554,true,1,2248718
3574661552811,false,מגן תחתון קרפרי כותון אוורירי 56 יחידות,הדקלאים אגודת שיתופי,,תחתוניות קרפרי אוורי,יח',56.00,יח',false,,19.90,0.3554,true,1,2248719
3574661554877,false,מגן תחתון קרפרי כותון מבושם 56 יחידות,הנסיך- מפעל לייצור ט,,תחתוניות קרפרי מבושם,יח',56.00,יח',false,,19.90,0.3554,true,1,2248720
3574661554884,false,קרפרי מגן תחתון רגיל טנגה מבושם 56 יח,הדקלאים אגודת שיתופי,,תחתוניות קרפרי מבושם,יח',56.00,יח',false,,19.90,0.3554,true,1,2248726
3574669907682,false,גונסונס בייבי טלק 500 גרם חדש,גונסון אנד גונסון,,טלק גונסון 500 גר,גרמים,500.00,100 גרם,false,,29.90,0.0598,true,1,2165431
3574669907729,false,גונסונס בייבי שמפו לתינוק 750 מל,גונסון אנד גונסון,,גונסונס בייבי שמפו ג,מיליליטרים,750.00,"100 מ""ל",false,,16.90,0.0225,true,1,2350297
3574669908245,false,"ג'ונסונס מרכך טיפות של ברק 500 מ""ל חדש",ג'ונסונס Johnson's,,מרכך ג'ונסונס טיפות,מיליליטרים,500.00,"100 מ""ל",false,,16.90,0.0338,true,1,2165433
3574669908443,false,ג'ונסון בייבי אל סבון וקצף אמבט 750 חדש,ש.שסטוביץ בעמ,,אל-סבון/קצף אמבט ג'ו,מיליליטרים,750.00,"100 מ""ל",false,,16.90,0.0225,true,1,2174514
3574669908481,false,גונסונס בייבי אל סבון אמבט 750 מל חדש,ג'ונסונס Johnson's,,אל-סבון ג'ונסון בייב,מיליליטרים,750.00,"100 מ""ל",false,,16.90,0.0225,true,1,2174515
3574669908665,false,גונסונס בייבי אל סבון לפני השינה 750 מל,גונסון אנד גונסון,,אל-סבון ג'ונסון בייב,מיליליטרים,750.00,"100 מ""ל",false,,16.90,0.0225,true,1,2174516
3574669909495,false,"ג'ונסונס שמפו הקץ לקשרים 500 מ""ל",ג'ונסונס Johnson's,,שמפו די לקשרים ג'ונס,מיליליטרים,500.00,"100 מ""ל",false,,19.90,0.0398,true,1,2165434
3600522344032,false,"אלביב מסכה לשיער פגום טואל ריפר 300מ""ל",לוריאל ישראל קוסמטיקס בעמ,,מסיכת הזנה לשיער אלב,מיליליטרים,300.00,"100 מ""ל",false,,24.90,0.0830,true,1,1344363
3600522344070,false,אלביב מסכת קולור פרוטקט לוריאל (300 מל),לוריאל ישראל קוסמטיקס בעמ,,מסיכת הזנה לשיער אלב,מיליליטרים,300.00,"100 מ""ל",false,,24.90,0.0830,true,1,1344364
3600522550129,false,קרם אנטי-אייג'ינג יום אייג' ספשיאליסט +45,לוריאל ישראל קוסמטיקס בעמ,,אייג' ספשיאליסט קרם,מיליליטרים,50.00,"100 מ""ל",false,,49.90,0.9980,true,1,1485232
3600522550204,false,קרם אנטי-אייג'ינג יום אייג' ספשיאליסט +55,לוריאל ישראל קוסמטיקס בעמ,,אייג' ספשיאליסט קרם,מיליליטרים,50.00,"100 מ""ל",false,,49.90,0.9980,true,1,1485234
3600522632436,false,קרם אנטי-אייג'ינג לילה אייג' ספשיאליסט +55,לוריאל ישראל קוסמטיקס בעמ,,אייג' ספשיאליסט קרם,מיליליטרים,50.00,"100 מ""ל",false,,49.90,0.9980,true,1,1485235
3600523428663,false,לוריאל - דרמו רויטליפט לייזר יום,"קרלסרו, גרמניה",,קרם יום LOREAL REVIT,יחידה,0.00,יחידה,false,,99.90,0.0000,true,1,1503052
3600523571161,false,לוריאל רויטליפט לייזר פדס,לוריאל,,פדים רויטליפט ליזר,גרמים,121.00,100 גרם,false,,69.90,0.5777,true,1,2235766
3600523605972,false,אלביב קרם לחות מועשר בשמן קוקוס 300 מל,לוריאל ישראל קוסמטיקס בעמ,,אלביב קרם לחות מעושר,מיליליטרים,300.00,"100 מ""ל",false,,24.90,0.0830,true,1,1891782
3600523642489,false,מסכת הזנה אינטנסיבית 6 שמנים לשיער יבש,לוריאל ישראל קוסמטיקס בעמ,,אלביב מסכה 6 שמנים מ,מיליליטרים,300.00,"100 מ""ל",false,,24.90,0.0830,true,1,2147412
3600523651870,false,שמפו לחיזוק סיב השערה לכל סוגי השיער,לוריאל ישראל קוסמטיקס בעמ,,שמפו אלביב 6 שמנים,מיליליטרים,550.00,"100 מ""ל",false,,14.90,0.0271,true,1,1929152
3600523651887,false,"לוריאל - אלביב שמפו טוטאל ריפר 550 מ""ל",לוריאל ישראל קוסמטיקס בעמ,,שמפו אלביב טוטאל,מיליליטרים,550.00,"100 מ""ל",false,,14.90,0.0271,true,1,1929153
3600523651900,false,מרכך לחיזוק סיב השערה לכל סוגי השיער,לוריאל ישראל קוסמטיקס בעמ,,מרכך אלביב 6 שמנים,מיליליטרים,550.00,"100 מ""ל",false,,14.90,0.0271,true,1,1929154
3600523652228,false,"לוריאל - אלביב מרכך טוטאל ריפר 550 מ""ל",לוריאל ישראל קוסמטיקס בעמ,,מרכך אלביב טוטאל,מיליליטרים,550.00,"100 מ""ל",false,,14.90,0.0271,true,1,1929155
3600523652242,false,"לוריאל - אלביב שמפו קולור פרוטקט 550 מ""ל",לוריאל ישראל קוסמטיקס בעמ,,שמפו אלביב קולור,מיליליטרים,550.00,"100 מ""ל",false,,14.90,0.0271,true,1,1929157
3600523652259,false,"לוריאל - אלביב מרכך קולור פרוטקט 550 מ""ל",לוריאל ישראל קוסמטיקס בעמ,,מרכך אלביב קולור,מיליליטרים,550.00,"100 מ""ל",false,,14.90,0.0271,true,1,1929158
3600523652280,false,"לוריאל אלביב שמפו מועשר ב 6 שמנים, 550 מ""ל",לוריאל ישראל קוסמטיקס בעמ,,שמפו אלביב 6 שמנים,מיליליטרים,550.00,"100 מ""ל",false,,14.90,0.0271,true,1,1929161
3600523652297,false,"מרכך לשיער אלביב זהב 6 שמנים , 550 מ""ל",לוריאל ישראל קוסמטיקס בעמ,,מרכך אלביב 6 שמנים,מיליליטרים,550.00,"100 מ""ל",false,,14.90,0.0271,true,1,1929162
3600523755660,false,לוריאל - אקסלנס קרם 2 חום שחור,לוריאל פריז,,צבע שיער אקסלנס קרם,יחידה,0.00,יחידה,false,,34.90,0.0000,true,1,2233723
3600523755806,false,"לוריאל - אלביב שמפו קוקוס 550 מ""ל",לוריאל ישראל קוסמטיקס בעמ,,שמפו אלביב קוקוס,מיליליטרים,550.00,"100 מ""ל",false,,14.90,0.0271,true,1,2227739
3600523756322,false,"לוריאל - אלביב מרכך קוקוס 550 מ""ל",לוריאל ישראל קוסמטיקס בעמ,,מרכך אלביב 6 שמנים,מיליליטרים,550.00,"100 מ""ל",false,,14.90,0.0271,true,1,2227740
3600523782567,false,"לוריאל - אלביב שמפו דרים לונג 500 מ""ל",לוריאל ישראל קוסמטיקס בעמ,,שמפו אלביב דרים לונו,מיליליטרים,500.00,"100 מ""ל",false,,14.90,0.0298,true,1,2182442
3600523782581,false,מרכך מתיר קשרים לשיער ארוך ופגום Dream Long,לוריאל ישראל קוסמטיקס בעמ,,מרכך אלביב דרים לונג,מיליליטרים,500.00,"100 מ""ל",false,,14.90,0.0298,true,1,2182444
3600523816699,false,לוריאל - דרמו פעולה משולשת פרש ג'ל עברית,"קרלסרו, גרמניה",,קרם לחות יום לעור רג,מיליליטרים,50.00,"100 מ""ל",false,,44.90,0.8980,true,1,2226158
3600523936700,false,לוריאל - דרמו משולשת נוטרישן לעור יבש עברית,"קרלסרו, גרמניה",,קרם לחות ליום דרמו פ,מיליליטרים,50.00,"100 מ""ל",false,,44.90,0.8980,true,1,2296819
3600524051334,false,אלביב מרכך חומצה היאלורונית 400 מל,לוריאל ישראל קוסמטיקס בעמ,,מרכך אלביב היאלורוני,מיליליטרים,400.00,"100 מ""ל",false,,14.90,0.0373,true,1,2378214
3600524051570,false,לוריאל - אלביב מסכה היאלורונית 300 מ''ל,לוריאל ישראל קוסמטיקס בעמ,,מסכה אלביב היאלורוני,מיליליטרים,300.00,"100 מ""ל",false,,29.90,0.0997,true,1,2371524
3600524055400,false,לוריאל - אלביב שמפו היאלורונית 500 מ''ל,לוריאל ישראל קוסמטיקס בעמ,,שמפו אלביב היאלורוני,מיליליטרים,550.00,"100 מ""ל",false,,14.90,0.0271,true,1,2371596
3600541023291,false,גרניה 7 ימים קרם גוף אלוורה 400 מל,קוסמופול,,קרם גוף GARNIER אלוו,מיליליטרים,400.00,"100 מ""ל",false,,14.90,0.0373,true,1,2231462
3600541029323,false,מסיר איפור עמיד במים אסנשיאלס 2 ב-1,לוריאל ישראל קוסמטיקס בעמ,FR,200 מס.איפור אסנשיאל 2ב1,מיליליטרים,200.00,"100 מ""ל",false,,19.90,0.0995,true,1,1344530
3600541351493,false,גרניה אנטי אייגינג אססנטיאל 45+ קרם יום,לוריאל ישראל קוסמטיקס בעמ,,קרם אנטי אייג',מיליליטרים,50.00,"100 מ""ל",false,,39.90,0.7980,true,1,1891783
3600541402270,false,"גרנייה - דאודורנט ספריי לאישה אינביזיבל BWC (ירוק) 150 מ""ל",לוריאל ישראל קוסמטיקס בעמ,,דאודורנט GARNIER אינ,מיליליטרים,150.00,"100 מ""ל",false,,11.90,0.0793,true,1,1344627
3600541448476,false,גרנייה דאו רול-און אינבזיבל קונטרול,לוריאל ישראל קוסמטיקס בעמ,,דאודורנט GARNIER רול,מיליליטרים,50.00,"100 מ""ל",false,,11.90,0.2380,true,1,1430166
3600541740006,false,"גרנייה - דאודורנט ספריי לאישה אקשן קונטרול 72 שעות 150 מ""ל",לוריאל ישראל קוסמטיקס בעמ,,דאודורנט ספריי אקשן,מיליליטרים,150.00,"100 מ""ל",false,,11.90,0.0793,true,1,1438099
3600541928169,false,"גרנייה פיור פחם ג'ל ניקוי 150 מ""ל",לוריאל ישראל קוסמטיקס בעמ,,גל גרגרים פיור פחם ג,מיליליטרים,200.00,"100 מ""ל",false,,29.90,0.1495,true,1,1471338
3600541928275,false,מי פנים מיסלריים דו-פאזיים מסיר איפור עמיד במים,לוריאל ישראל קוסמטיקס בעמ,,גרנייה מים מיסלריים,מיליליטרים,400.00,"100 מ""ל",false,,29.90,0.0747,true,1,1490920
3600541937475,false,גרניה פיור גרגרים מסיכה לעור מעורב עד שמן,לוריאל ישראל קוסמטיקס בעמ,,תחליב לפנים מסיכה ני,מיליליטרים,150.00,"100 מ""ל",false,,29.90,0.1993,true,1,1471339
3600541946705,false,מסכת טישו מסק תה ירוק.,סין,,טישו גרנייה מסק תה י,גרמים,32.00,100 גרם,false,,11.90,0.3719,true,1,1929117
3600541956223,false,"גרנייה פיור לניקוי וטיפול בסימנים ופגעי עם מברשת 150 מ""ל",לוריאל ישראל קוסמטיקס בעמ,,תרחיץ פנים לעור רגיל,יחידה,0.00,יחידה,false,,29.90,0.0000,true,1,1471341
3600542050579,false,גרניה בוטניקל מי פנים ורדים 200 מל,קוסמופול,,גרנייה בוטניקל מי פנ,מיליליטרים,200.00,"100 מ""ל",false,,19.90,0.0995,true,1,2371577
3600542052788,false,גרנייה בוטניקל חלב פנים ורדים 200 מל,קוסמופול,,גרנייה בוטניקל חלב פ,מיליליטרים,200.00,"100 מ""ל",false,,19.90,0.0995,true,1,2371578
3600542216623,false,"גרנייה - דאודורנט רול און לאישה אקשן קונטרול רול 96 שעות 50 מ""ל",סופרוקוס,,דאודורנט GARNIER רול,מיליליטרים,50.00,"100 מ""ל",false,,11.90,0.2380,true,1,2233739
3600542216647,false,"גרנייה - דאודורנט ספריי לאישה 96 שעות אקשן קונטר 150 מ""ל",לוריאל ישראל קוסמטיקס בעמ,,דאודורנט ספריי אקשן,מיליליטרים,150.00,"100 מ""ל",false,,11.90,0.0793,true,1,2233740
3600542232036,false,גרניה סקין נט אלו גל אלוורה ללחות 50 מל,לוריאל,,קרם לחות גל אלוורה,מיליליטרים,50.00,"100 מ""ל",false,,39.90,0.7980,true,1,2222223
3600542267953,false,גרנייה - פיור אקטיב מים מיסלריים 400,גרנייה-קוסמטיקה,,פיור מי מיסלר GARNIE,מיליליטרים,400.00,"100 מ""ל",false,,29.90,0.0747,true,1,2226604
3600542309974,false,"גרנייה - דאודורנט רול און לאישה מגנזיום 50 מ""ל",סופרוקוס,,דאודורנט GARNIER רול,מיליליטרים,50.00,"100 מ""ל",false,,11.90,0.2380,true,1,2371513
3600542310444,false,"גרנייה - דאודורנט ספריי לאישה מגנזיום 150 מ""ל",סופרוקוס,,דאודורנט GARNIER ספר,מיליליטרים,150.00,"100 מ""ל",false,,11.90,0.0793,true,1,2371551
3600542365710,false,פיור ג`ל ניקוי עור הפנים,לוריאל ישראל קוסמטיקס בעמ,,"ג""ל לניקוי פנים GARN",מיליליטרים,200.00,"100 מ""ל",false,,29.90,0.1495,true,1,2252428
3600542365758,false,גרניה בוטניקל מי פנים ענבים 200 מל,"קוסמופול, פולין",,מי פנים ענבים בוטניק,מיליליטרים,200.00,"100 מ""ל",false,,19.90,0.0995,true,1,2296839
3600542365796,false,בוטניקל ג`ל ניקוי ענבים 200 מל גרניה,לוריאל ישראל קוסמטיקס בעמ,,ג'ל ניקוי לפנים בוטנ,מיליליטרים,200.00,"100 מ""ל",false,,24.90,0.1245,true,1,2259984
3600542367936,false,גרניה סקין נט מי פנים אלוורה 200 מל,לוריאל ישראל קוסמטיקס בעמ,,גרנייה אלו מי פנים א,מיליליטרים,200.00,"100 מ""ל",false,,19.90,0.0995,true,1,2371579
3600542375801,false,קרם גרנייה פיוראקטיב 3ב1 פחם 150 מל,לוריאל ישראל קוסמטיקס בעמ,,גרנייה פיוראקטיב 3 ב,מיליליטרים,150.00,"100 מ""ל",false,,29.90,0.1993,true,1,2296846
3600542385091,false,"גרנייה - דאודורנט רול און לאישה אקשן קונטרול 72 שעות 50 מ""ל",לוריאל ישראל קוסמטיקס בעמ,,אקשן קונטרול טרמיק 7,מיליליטרים,50.00,"100 מ""ל",false,,11.90,0.2380,true,1,2296847
3600542385107,false,"גרנייה - דאודורנט רול און לאישה אינביזיבל BWC (ירוק) 50 מ""ל",לוריאל ישראל קוסמטיקס בעמ,,דאודורנט GARNIER אינ,מיליליטרים,50.00,"100 מ""ל",false,,11.90,0.2380,true,1,2296848
3600542385220,false,"גרנייה - דאודורנט רול און לאישה פרוטקשן 6 פלורל (סגול) 50 מ""ל",לוריאל ישראל קוסמטיקס בעמ,,דאודורנט GARNIER רול,מיליליטרים,50.00,"100 מ""ל",false,,11.90,0.2380,true,1,2296849
3600542385251,false,"גרנייה - דאודורנט רול און לאישה פרוטקשן 6 כותנה (ורוד) 50 מ""ל",לוריאל ישראל קוסמטיקס בעמ,,דאודורנט GARNIER רול,מיליליטרים,50.00,"100 מ""ל",false,,11.90,0.2380,true,1,2296850
3600542385268,false,"גרנייה - דאודורנט רול און לאישה אינביזיבל BWC (ורוד) 50 מ""ל",לוריאל ישראל קוסמטיקס בעמ,,דאודורנט אינביזבל רו,מיליליטרים,50.00,"100 מ""ל",false,,11.90,0.2380,true,1,2296856
3600542385275,false,"גרנייה - דאודורנט רול און לאישה פיור אקטיב 50 מ""ל",לוריאל ישראל קוסמטיקס בעמ,,דאודורנט GARNIER רול,מיליליטרים,50.00,"100 מ""ל",false,,11.90,0.2380,true,1,2296857
3600542397926,false,"גרנייה - דאודורנט ספריי לאישה פרוטקשן 6 כותנה (ורוד) 150 מ""ל",לוריאל ישראל קוסמטיקס בעמ,,דאודורנט 5 GARNIER פ,מיליליטרים,150.00,"100 מ""ל",false,,11.90,0.0793,true,1,2296861
3600542398206,false,גרניה סקין נט תרחיץ אלוורה 200 מל,לוריאל ישראל קוסמטיקס בעמ,,גרנייה אלו ג'ל ניקוי,מיליליטרים,200.00,"100 מ""ל",false,,19.90,0.0995,true,1,2371591
3600542431828,false,גרנייה - קולור נטורלס 1 שחור טבעי חדש,לוריאל ישראל קוסמטיקס בעמ,,צבע שיער קולור נטורל,מיליליטרים,40.00,"100 מ""ל",false,,19.90,0.4975,true,1,2338788
3600542431859,false,גרנייה - קולור נטורלס 5 חום טבעי חדש,לוריאל ישראל קוסמטיקס בעמ,,צבע לשיער קולור נטור,מיליליטרים,40.00,"100 מ""ל",false,,19.90,0.4975,true,1,2338791
3600542431866,false,גרנייה קולור נטורלס צבע לשיער חום בהיר 6,לוריאל ישראל קוסמטיקס בעמ,,צבע לשיער קולור נטור,מיליליטרים,40.00,"100 מ""ל",false,,19.90,0.4975,true,1,2338792
3600542431873,false,גרנייה - קולור נטורלס 7 בלונד טבעי חדש,לוריאל ישראל קוסמטיקס בעמ,,צבע לשיער קולור נטור,מיליליטרים,40.00,"100 מ""ל",false,,19.90,0.4975,true,1,2338793
3600542431897,false,גרנייה - קולור נטורלס 9 בלונד בהיר מאוד חדש,לוריאל ישראל קוסמטיקס בעמ,,צבע לשיער קולור נטור,מיליליטרים,40.00,"100 מ""ל",false,,19.90,0.4975,true,1,2338802
3600542431903,false,גרנייה - קולור נטורלס 10 בלונד סופר בהיר חדש,לוריאל ישראל קוסמטיקס בעמ,,צבע לשיער קולור נטור,מיליליטרים,40.00,"100 מ""ל",false,,19.90,0.4975,true,1,2338803
3600542431927,false,גרנייה - קולור נטורלס 8.1 בלונד אפרפר בהיר חדש,לוריאל ישראל קוסמטיקס בעמ,,צבע שיער קולור נטורל,מיליליטרים,40.00,"100 מ""ל",false,,19.90,0.4975,true,1,2338805
3600542431934,false,גרנייה - קולור נטורלס 6.25 חום אגוז חדש,לוריאל ישראל קוסמטיקס בעמ,,צבע לשיער קולור נטור,מיליליטרים,40.00,"100 מ""ל",false,,19.90,0.4975,true,1,2338806
3600542431941,false,גרנייה - קולור נטורלס 5.3 חום זהוב חדש,לוריאל ישראל קוסמטיקס בעמ,,צבע לשיער קולור נטור,מיליליטרים,40.00,"100 מ""ל",false,,19.90,0.4975,true,1,2338807
3600542431958,false,גרנייה - קולור נטורלס 7.3 בלונד זהוב חדש,לוריאל ישראל קוסמטיקס בעמ,,צבע לשיער קולור נטור,יחידה,0.00,יחידה,false,,19.90,0.0000,true,1,2338808
3600542431965,false,גרנייה - קולור נטורלס 5.52 חום דבש חדש,לוריאל ישראל קוסמטיקס בעמ,,צבע לשיער קולור נטור,יחידה,0.00,יחידה,false,,19.90,0.0000,true,1,2338809
3600542431972,false,צבע לשיער קולור נטורלס - 111 בלונד אולטרה בהיר אפור,לוריאל ישראל קוסמטיקס בעמ,,צבע לשיער קולור נטור,מיליליטרים,40.00,"100 מ""ל",false,,19.90,0.4975,true,1,2338810
3600542431996,false,גרנייה - קולור נטורלס 5.15 חום שוקולד עשיר חדש,לוריאל ישראל קוסמטיקס בעמ,,צבע לשיער קולור נטור,מיליליטרים,50.00,"100 מ""ל",false,,19.90,0.3980,true,1,2338812
3600542432009,false,גרנייה - קולור נטורלס 4.5 חום שוקולד כהה חדש,לוריאל ישראל קוסמטיקס בעמ,,צבע לשיער קולור נטור,מיליליטרים,50.00,"100 מ""ל",false,,19.90,0.3980,true,1,2338813
3600542456579,false,מים מיסלר ויטמין סי 400 מל גרנייה,לוריאל ישראל קוסמטיקס בעמ,,גרנייה מיסלר ויטמין,מיליליטרים,400.00,"100 מ""ל",false,,29.90,0.0747,true,1,2371563
3607343817547,false,"אדידס - דאודורנט ספריי לגבר קליימקול 150 מ""ל",דנשר (1963) בעמ,,דיאודורנט ספריי לגבר,מיליליטרים,150.00,"100 מ""ל",false,,12.90,0.0860,true,1,2268658
3607345265117,false,"אדידס - דאודורנט ספריי לגבר טים פורס 150 מ""ל",מיוצר עי קונדיטוריית,ES,פיוז'ן-ספריי גוף טים פורס,מיליליטרים,150.00,"100 מ""ל",false,,10.90,0.0727,true,1,1400893
3614223736485,false,"אדידס דאודורנט ספריי לגבר אדיפיור 200מ""ל",דנשר (1963) בעמ,,דאו ספריי לגבר,מיליליטרים,200.00,"100 מ""ל",false,,15.90,0.0795,true,1,1954776
3614224051235,false,אדידס דאודורנט ספריי גברים אדיפוואר 200מל,דנשר (1963) בעמ,,בודי ספריי אדידס 200,מיליליטרים,200.00,"100 מ""ל",false,,15.90,0.0795,true,1,2152954
3614225394645,false,צבע לשיער קולסטון קיט לשורשים 3/0 חום כהה מאוד,HFC פרסטיג',,צבע קולסטון קיט חום,גרמים,70.00,100 גרם,false,,24.90,0.3557,true,1,2269856
3661163970448,false,"אדידס דאודורנט ספריי מקס פרש לגברים 200 מ""ל",מיוצר עי קונדיטוריית,PT,דאו' ספריי לגבר A3קול דרי,מיליליטרים,200.00,"100 מ""ל",false,,15.90,0.0795,true,1,1400911
3800020403631,false,קיט קט וופל פריך עם קרם בוטנים (19%) בציפוי שוקולד חלב (61.8%),קבוצת אוסם סחר שותפות מוגבלת,BG,קיט קאט צ'אנקי חמאת בוטני,גרמים,40.00,100 גרם,false,,3.90,0.0975,true,1,1392462
3800020423578,false,חטיף שוקולד חלב צאנקי 40 ג' קיט קט,קבוצת אוסם סחר שותפות מוגבלת,BG,קיט קאט צ'אנקי,גרמים,40.00,100 גרם,false,,3.90,0.0975,true,1,1392464
3800020472569,false,חטיף קיט קאט צ`אנקי קרמל מלוח 42 גרם,קבוצת אוסם סחר שותפות מוגבלת,,חטיף קיט קט צ'אנקי ק,גרמים,43.50,100 גרם,false,,3.90,0.0897,true,1,2364835
3800020472712,false,חטיף קיט קאט צאנקי פופקורן 42 ג',קבוצת אוסם סחר שותפות מוגבלת,,חטיף קיט קט צאנקי פו,גרמים,42.00,100 גרם,false,,3.90,0.0929,true,1,2318688
3800864013508,false,כוס מאג לונדון רחב 3,,,כוס מאג לונדון רחב 3,יח',1.00,יח',false,,6.90,6.9000,true,1,2351605
3838824367781,false,גליס מסכה פרוטאין 4 ב-1 שמן אגוז בבאסו,שוורצקופף והנקל,,מסיכה לשיער גליס 4 ב,מיליליטרים,400.00,"100 מ""ל",false,,49.90,0.1247,true,1,2365051
3838824371191,false,גליס מרכך ספריי לאיזון והזנת הקרקרפת 200,הנקל שוורצקוף,,מרכך משקם אקספרס גלי,מיליליטרים,200.00,"100 מ""ל",false,,21.90,0.1095,true,1,2284343
4000415004408,false,שוגטן שוקולד קקאו מריר אגוזים 100 גר,לודוויג שוקולד,,שוקולד שוגטן מריר אג,גרמים,100.00,100 גרם,false,,5.90,0.0590,true,1,2253561
4000415039707,false,שוקולד שוגטן עוגיות וניל טבעי 100ג,לודוויג שוקולד,,שוקולד שוגטן וניל 10,גרמים,100.00,100 גרם,false,,5.90,0.0590,true,1,1372225
4000415040109,false,שוקולד שוגטן קרמל בראוני טבעי100ג,לודוויג שוקולד,,שוקולד שוגטן קרמל 10,גרמים,100.00,100 גרם,false,,5.90,0.0590,true,1,1372226
4000415065904,false,שוקולד סאלוט חלב/אגוזים 100 גרם,יעד ממתקים בעמ,,שוקולד סאלוט אגוזים,גרמים,100.00,100 גרם,false,,3.90,0.0390,true,1,2353650
4000415066000,false,מוקסיון שוקולד חלב 100גר,יעד ממתקים בעמ,,שוקולד סאלוט חלב 100,גרמים,100.00,100 גרם,false,,3.90,0.0390,true,1,2353651
4000415143800,false,שוקולד טרילוגיה טבעי שוגטן 100 גרם,לודוויג שוקולד,,שוקולד שוגטן טרילוגי,גרמים,100.00,100 גרם,false,,5.90,0.0590,true,1,1372241
4000415730109,false,שוקולד שוגטן מריר עם אגוזים קצוצים 100גר,לודוויג שוקולד,,שוקולד שוגטן מריר אג,גרמים,100.00,100 גרם,false,,5.90,0.0590,true,1,2353262
4000415749606,false,שוקולד שוגטן יום הולדת 100 גרם,לודוויג שוקולד,,שוקולד שוגטן יום הול,גרמים,100.00,100 גרם,false,,5.90,0.0590,true,1,2353257
4000415851705,false,שוקולד נוגט טבעי שוגטן 100 גרם,"לודוויג שוקולד בע""\מ",,שוקולד שוגטן נוגט 10,גרמים,100.00,100 גרם,false,,5.90,0.0590,true,1,1372247
4000417019004,false,שוקולד חלב אגוזי לוז שלמים ריטר ספורט 100 גרם,ריטר ספורט Ritter sport,DE,שוקולד RITTER SPORT אגוזי,גרמים,100.00,100 גרם,false,,9.90,0.0990,true,1,1859556
4000417022004,false,ריטר ספורט שוקולד חלב מעולה עם צימוקים ואגוזי לוז 100 גרם,ריטר ספורט Ritter sport,DE,שוקולד RITTER SPORT צימוק,גרמים,100.00,100 גרם,false,,7.90,0.0790,true,1,1373262
4000417023001,false,ריטר ספורט שוקולד חלב מעולה עם שקדים שלמים,ריטר ספורט Ritter sport,DE,שוקולד RITTER SPORT שקדים,גרמים,100.00,100 גרם,false,,9.90,0.0990,true,1,1373263
4000417025005,false,שוקולד מריר במילוי מרציפן ריטר ספורט 100 גרם,ריטר ספורט Ritter sport,DE,שוקולד RITTER SPORT מרצפן,גרמים,100.00,100 גרם,false,,7.90,0.0790,true,1,1373264
4000417026002,false,שוקולד ריטר ספורט פרלין 100 גרם חלב נוכרי,ריטר ספורט Ritter sport,DE,שוקולד RITTER SPORT נוגט,גרמים,100.00,100 גרם,false,,7.90,0.0790,true,1,1373265
4000417101211,false,גלילי וופל עם קרם אגוזי לוז בציפוי שוקולד חלב,ליימן שליסל בע`מ,,גלילי וופל עם קרם אג,גרמים,150.00,100 גרם,false,,17.90,0.1193,true,1,2334192
4000417101310,false,אמיצ`לי עם קרם קקאו בציפוי שוקולד גלילי,ליימן שליסל בע`מ,,גלילי וופל עם קרם קק,גרמים,150.00,100 גרם,false,,17.90,0.1193,true,1,2374665
4000417211002,false,שוקולד חלב מעולה ממולא קרם קרמל מוקצף ושברי שקדים מומלחים,ריטר ספורט Ritter sport,,שוקולד ספורט מוס קרמ,גרמים,100.00,100 גרם,false,,7.90,0.0790,true,1,1492252
4000417212009,false,ריטר ספורט שוקולד מריר מעולה עם שקדים קצוצים וקליפות תפוז מסוכרות,ריטר ספורט Ritter sport,,שוקולד חלב ריטר מריר,גרמים,100.00,100 גרם,false,,7.90,0.0790,true,1,2119788
4000417222008,false,שוקולד ריטר ספורט חלב+שברי אגוזים 100 גרם חלב נוכרי,ריטר ספורט Ritter sport,,שוקולד חלב אגוז ריטר,גרמים,100.00,100 גרם,false,,7.90,0.0790,true,1,1492253
4000417224002,false,"ריטר ספורט טבלת שוקולד מריר אגוזים, 100 גרם",ריטר ספורט Ritter sport,DE,שוקולד RITTER SPORT מריר,גרמים,100.00,100 גרם,false,,9.90,0.0990,true,1,1373267
4000417294005,false,שוקולד ריטר מוס קקאו 100 גרם חלב נוכרי,ריטר ספורט Ritter sport,DE,שוקולד RITTER SPORT מוס ק,גרמים,100.00,100 גרם,false,,7.90,0.0790,true,1,1373270
4000417298003,false,שוקולד ריטר ספורט קוקוס 100 גרם חלב נוכרי,ריטר ספורט Ritter sport,DE,שוקולד RITTER SPORT קוקוס,גרמים,100.00,100 גרם,false,,7.90,0.0790,true,1,1373271
4000417626417,false,שוקולד חלב חמוציות ממותקות ושברי אגוזי לוז,ליימן שליסל בע`מ,,שוקולד ספורט חמוציות,גרמים,100.00,100 גרם,false,,7.90,0.0790,true,1,2369758
4000522061752,false,בייגלה צ'יו מקלות מלוחים 100 גרם,ר.ב. מוצרי דגנים בעמ,,בייגלה מקלות 100 גרם,גרמים,100.00,100 גרם,false,,3.90,0.0390,true,1,1397839
4000539280726,false,שוקולד לינדט אקסלנס מילד 70% 100 גר`,משה סידס ובנו בעמ,,שוקולד לינדט אקסלנס,גרמים,100.00,100 גרם,false,,14.90,0.1490,true,1,2358414
4000539280740,false,לינדט אקסלנס 78% מוצקי קקאו 100 גרם,לינדט ושפרונגלי קילשברג,,שוקולד לינדט 78% אקס,גרמים,100.00,100 גרם,false,,14.90,0.1490,true,1,2363020
4000539363108,false,שוקולד לינדור סטיקס 38 גרם,משה סידס ובנו בעמ,,שוקולד לינדור סטיק 3,גרמים,38.00,100 גרם,false,,5.90,0.1553,true,1,1906879
4000576399405,false,פדים רחבים להסרת איפור,ג'ין קרול Jean Carol,,פדים להסרת איפור רחב,יח',40.00,יח',false,,8.90,0.2225,true,1,1348971
4000576481889,false,צימרוני אוזניים לתינוק 72 יח',ג'ין קרול Jean Carol,,צימרונים לתינוק,יחידה,0.00,יחידה,false,,6.40,0.0000,true,1,1348974
4000576722654,false,פדים להסרת איפור זוג *70 יח',ג'ין קרול Jean Carol,,פדים להסרת איפור 140,יח',140.00,יח',false,,14.90,0.1064,true,1,1348989
4000607850004,false,שוקולד חלב טבעי שוגטן 100 גרם,"לודוויג שוקולד בע""\מ",,שוקולד שוגטן חלב 100,גרמים,100.00,100 גרם,false,,5.90,0.0590,true,1,1372252
4000607851001,false,שוקולד חלב אגוזים טבעי שוגטן 100 גרם,"לודוויג שוקולד בע""\מ",,שוקולד שוגטן חלב אגו,גרמים,100.00,100 גרם,false,,5.90,0.0590,true,1,1372253
4000607852008,false,שוקולד מריר טבעי שוגטן 100 גרם,"לודוויג שוקולד בע""\מ",,שוקולד שוגטן מריר 10,גרמים,100.00,100 גרם,false,,5.90,0.0590,true,1,1372254
4001507161948,false,קווקר פתיתי שיבולת שועל דקה 500 גר,פורטין מולנברקה ג'ב,,פתיתי שיבולת שועל דק,גרמים,500.00,100 גרם,false,,5.90,0.0118,true,1,1503868
4001507161955,false,קווקר פתיתי שיבולת שועל עבה 500 גר,פורטין מולנברקה ג'ב,,פתיתי שיבולת שועל עב,גרמים,500.00,100 גרם,false,,5.90,0.0118,true,1,1905021
4001751035705,false,רוטב חרדל עם דבש סקנדיה 215 גרם,Erich trapp,,רוטב חרדל עם דבש 215,גרמים,215.00,100 גרם,false,,9.90,0.0460,true,1,1503814
4001751038669,false,חזרת עם וואסבי 190 גרם,סקנדיה,,רוטב חזרת וואסבי 190,גרמים,190.00,100 גרם,false,,9.90,0.0521,true,1,1503796
4001751064262,false,רוטב חזרת שמנת 190 ג,סקנדיה,,רוטב חזרת שמנת 190 ג,גרמים,190.00,100 גרם,false,,9.90,0.0521,true,1,1503797
4002448017684,false,"סיליט באנג ספריי ניקוי כללי מסיר אבנית 750 מ""ל",רקיט בנקיזר (ניר איסט) בעמ,PL,סיליט מסיר אבנית שרוול 75,מיליליטרים,750.00,"100 מ""ל",false,,14.90,0.0199,true,1,1353485
4002448019480,false,"סיליט באנג מסיר שומנים רב שימושי 750 מ""ל",רקיט בנקיזר (ניר איסט) בעמ,PL,סיליט ספרי שומנים 750 שרו,מיליליטרים,750.00,"100 מ""ל",false,,14.90,0.0199,true,1,1353486
4002575016253,false,מרציפן מצופה שוקולד זנטיס (100 גרם),הדקלאים אגודת שיתופי,DE,מרציפן 100 גרם,גרמים,100.00,100 גרם,false,,8.90,0.0890,true,1,1373273
4002590000039,false,סוכריות בטעם פירות הדר קלפני 150 גרם,ליימן שליסל בע`מ,,סוכריות בטעם פרי הדר,גרמים,150.00,100 גרם,false,,8.90,0.0593,true,1,1373278
4002590703541,false,סוכריות קלפני תות בפחית 150גר,ליימן שליסל בע`מ,,סוכריות קלפני בטעם ת,גרמים,150.00,100 גרם,false,,8.90,0.0593,true,1,2331649
4002631025069,false,"בירה קוניגסבכר 4.6% 500 מ""ל פחית",קרלסברג יבוא יצוא,,בירה קוניגסבכר פחית,מיליליטרים,500.00,"100 מ""ל",false,,5.90,0.0118,true,1,1739718
4002720004371,false,קפה אספרסו קלוי וטחון 250 גרם BELLA CREMA,דנשר (1963) בעמ,DE,מליטה CREMA BELLAקפה אספר,גרמים,250.00,100 גרם,false,,22.90,0.0916,true,1,1400921
4002720005736,false,מליטה קפה לפילטר פרימיום 250 גרם,המאפיה של הרמן,DE,מליטה קפה PREMIUMלפילטר 2,גרמים,250.00,100 גרם,false,,14.90,0.0596,true,1,1400922
4004666042004,false,"מלרוד מרסס משמיד עובש יעקבי 500 מ""ל","יעקב יעקבי ובניו בע""מ",DE,מלרוד מרסס 0.5 ליטר,מיליליטרים,500.00,"100 מ""ל",false,,34.90,0.0698,true,1,1372369
4004666107819,false,"מלרוד - מרסס לניקוי וטיהור המזגן 500 מ""ל",יעקב יעקבי ובניו בעמ,,מרסס לניקוי וטיהור ה,מיליליטרים,500.00,"100 מ""ל",false,,22.90,0.0458,true,1,2270592
4004666111656,false,"ג'ל פעיל להשמדת עובש 250 מ""ל מרלוד",יעקב יעקבי ובניו בעמ,,מלרוד ג'ל פעיל להשמד,מיליליטרים,250.00,"100 מ""ל",false,,29.90,0.1196,true,1,2335864
4004715020755,false,קישוטים לעוגה 3 צילינדרים בקופסא,היינץ צפון אמריקה מק,,קישוטי עוגה פרינס אנ,יחידה,0.00,יחידה,false,,10.90,0.0000,true,1,1373289
4005808128273,false,ג'ל רחצה לגבר אנרג'י עם תמציות מנטה בניחוח ממריץ,טרופיקל דגיל תעשיות,DE,ENERGY SHOWER GEL BODY&HA,מיליליטרים,500.00,"100 מ""ל",false,,13.90,0.0278,true,1,1380676
4005808128631,false,ניוואה ג`ל רחצה לגבר עם תמציות ליים 50,אלפא ב.ד.ף בעמ,DE,N SPORT SHOWER GEL BODY&H,מיליליטרים,500.00,"100 מ""ל",false,,13.90,0.0278,true,1,1380677
4005808170005,false,ניוואה קצף גילוח 200 מל,ניוואה Nivea,DE,קצף גילוח ניוואה,מיליליטרים,200.00,"100 מ""ל",false,,19.90,0.0995,true,1,1380678
4005808222698,false,ניוואה לגבר- קצף גילוח לבעלי עור רגיש,ביירסדורף,DE,ניוואה לגבר- קצף גילוח לב,מיליליטרים,200.00,"100 מ""ל",false,,19.90,0.0995,true,1,1380683
4005808293469,false,"ניוואה - דאודורנט ספריי לגבר יבש 150 מ""ל",אלפא- ב.ד.ף בעמ,,ניוואה דאו ספרי גבר,מיליליטרים,150.00,"100 מ""ל",false,,19.90,0.1327,true,1,2325743
4005808361915,false,ניוואה בייבי קרם סופט לתינוק 200 מל,אלפא,,קרם סופט לתינוק,מיליליטרים,200.00,"100 מ""ל",false,,29.90,0.1495,true,1,2142706
4005808368280,false,שפתון ליובש דובדבן לבלו 48 גרם,טרופיקל דגיל תעשיות,,שפתון לבלו דובדובן ב,מיליליטרים,5.50,"100 מ""ל",false,,9.90,1.8000,true,1,1489691
4005808400348,false,"קרם רב שימושי מיוחד לתינוק 150מ""ל",אלפא ב.ד.ף בעמ,,ניוואה קרם רב שימושי,מטרים,150.00,100 מ'ל,false,,19.90,0.1327,true,1,1992622
4005808571246,false,ניוואה מסיר איפור עיניים דו פאזי 125 מל,אלפא- ב.ד.ף בעמ,,מסיר איפור דאבל אקשן,יחידה,0.00,יחידה,false,,22.90,0.0000,true,1,1380709
4005808588640,false,"ניוואה קרם גילוח לעור רגיש 100 מ""ל",אלפא ב.ד.ף בעמ,DE,קרם גילוח לעור רגיש,יחידה,0.00,יחידה,false,,12.90,0.0000,true,1,1380710
4005808702169,false,"ניוואה תחליב גוף לעור רגיל 500 מ""ל",אלפא ב.ד.ף בעמ,DE,"קרם גוף רגיל 500 מ""ל",מיליליטרים,500.00,"100 מ""ל",false,,19.90,0.0398,true,1,1380717
4005808813063,false,אפטר שייב לעור רגיש 100 מל ניוואה,בטר אנד דיפרנט,DE,תחליב לחות לעור רגיש לאחר,מיליליטרים,100.00,"100 מ""ל",false,,39.90,0.3990,true,1,1380737
4005808817405,false,"ג'ל גילוח לעור רגיש ניוואה 200 מ""ל",פרוטרופיק סיה.,DE,ג'ל גילוח לעור רגיש ניווא,מיליליטרים,200.00,"100 מ""ל",false,,16.90,0.0845,true,1,1380745
4005808817726,false,ניוואה קרם גילוח לגבר100,אלפא ב.ד.ף בעמ,DE,קרם גילוח לעור רגיל,מיליליטרים,100.00,"100 מ""ל",false,,12.90,0.1290,true,1,1380747
4005808828838,false,"ניוואה - דאודורנט ספריי לגבר קול קיק 150 מ""ל",אלפא ב.ד.ף בעמ,DE,DEO AQUA COOL SPRAY 150ML,מיליליטרים,150.00,"100 מ""ל",false,,19.90,0.1327,true,1,1380749
4005808837359,false,"ניוואה - דאודורנט רול און לאישה פרל אנד ביוטי 50 מ""ל",אלפא- ב.ד.ף בעמ,DE,N. DEO PEARL&BEAUTY ROLL-,מיליליטרים,50.00,"100 מ""ל",false,,19.90,0.3980,true,1,1380754
4005808850723,false,שפתון ליובש תות שדה לבלו,טרופיקל דגיל תעשיות,DE,לבלו תות בליסטר,מיליליטרים,5.50,"100 מ""ל",false,,9.90,1.8000,true,1,1380762
4005808851515,false,שפתון לבלו גבר בליסט,אלפא,,שפתון לבלו לגבר,יחידה,0.00,יחידה,false,,9.90,0.0000,true,1,2268795
4005808890507,false,ניוואה קרם סופט רב שימושי 200 מל יבוא,פארמה דיל (פ.א.ב.) שיווק והפצה,DE,"קרם סופט 200 מ""ל",מיליליטרים,200.00,"100 מ""ל",false,,19.90,0.0995,true,1,1380769
4005808890576,false,"קרם ידיים סופט ניוואה 75 מ""ל",אלפא ב.ד.ף בעמ,DE,"קרם סופט 75 מ""ל בשפופרת",מיליליטרים,75.00,"100 מ""ל",false,,12.90,0.1720,true,1,1380770
4005900036445,false,"ניוואה - דאודורנט רול און לאישה בלק&וויט פיור 50 מ""ל",אלפא ב.ד.ף בעמ,,ניוואה דאו רול און ל,יחידה,1.00,יחידה,false,,19.90,19.9000,true,1,1380781
4005900036476,false,"ניוואה - דאודורנט רול און לאישה בלק אנד וויט קליר 50 מ""ל",טרופיקל דגיל תעשיות,DE,NDEO RLL-ON INV BLC&WHT C,מיליליטרים,50.00,"100 מ""ל",false,,19.90,0.3980,true,1,1380782
4005900036506,false,"ניוואה - דאודורנט רול און לגבר שקוף בלק 50 מ""ל",טרופיקל דגיל תעשיות,DE,NDEO RLL-ON INV BLC&WHT P,מיליליטרים,50.00,"100 מ""ל",false,,19.90,0.3980,true,1,1380784
4005900036568,false,ניוואה דאודורנט רולאון ספריי לאישה בלק אנד וויט 150 מ''ל,אלפא- ב.ד.ף בעמ,DE,NDEO SPY INV BLC&WHT CLR,מיליליטרים,150.00,"100 מ""ל",false,,19.90,0.1327,true,1,1380785
4005900037909,false,"ניוואה - דאודורנט ספריי לאישה אינויזיבל פיור 150 מ""ל",אלפא ב.ד.ף בעמ,,ניוואה דאו ספריי לאש,יחידה,1.00,יחידה,false,,19.90,19.9000,true,1,1380786
4005900111449,false,"ניוואה קרם רב שימושי לגבר 150 מ""ל",HELLAS BEIERSDORF,,ניוואה קרם רב שימושי,מיליליטרים,150.00,"100 מ""ל",false,,16.90,0.1127,true,1,1380788
4005900273482,false,שפתון ליובש כחול אוכמניות בליסטר לבלו,אלפא- ב.ד.ף בעמ,,שפתון לבלו אוכמניות,יחידה,0.00,יחידה,false,,9.90,0.0000,true,1,2268796
4005900431776,false,לבלו שפתון וניל בליסטר,ביירסדורף,,שפתון לבלו וניל,יחידה,0.00,יחידה,false,,9.90,0.0000,true,1,2268797
4005900485243,false,"ניוואה - דאודורנט רול און לגבר דריי פרש 50 מ""ל",אלפא- ב.ד.ף בעמ,,דאודורנט רול און לגב,מיליליטרים,50.00,"100 מ""ל",false,,19.90,0.3980,true,1,2141728
4005900488459,false,"ניוואה - דאודורנט רול און לאישה דריי פרש 50 מ""ל",אלפא ב.ד.ף בעמ,,דאודורנט רול און לאי,מיליליטרים,50.00,"100 מ""ל",false,,19.90,0.3980,true,1,2141729
4005900494924,false,"ניוואה - דאודורנט ספריי לאישה דריי פרש אישה 150 מ""ל",אלפא ב.ד.ף בעמ,,דאודורנט ספריי לאישה,מיליליטרים,150.00,"100 מ""ל",false,,19.90,0.1327,true,1,2141731
4005900521262,false,"ג'ל רחצה לגבר פיור אימפקט ניוואה 500 מ""ל",אלפא- ב.ד.ף בעמ,,ג'ל רחצה לגבר דיפ 50,מיליליטרים,500.00,"100 מ""ל",false,,13.90,0.0278,true,1,2030896
4005900542557,false,"ניוואה - דאודורנט רול און לאישה בלק אנד וויט 50 מ""ל",אלפא- ב.ד.ף בעמ,,ניוואה דאו רול און ל,מיליליטרים,50.00,"100 מ""ל",false,,19.90,0.3980,true,1,2293974
4005900547316,false,"ניוואה - דאודורנט ספריי לאישה שקוף בלק וווי 150 מ""ל",בטר אנד דיפרנט,,ניוואה דאו ספריי לאי,מיליליטרים,150.00,"100 מ""ל",false,,19.90,0.1327,true,1,2286491
4005900555915,false,"ניוואה - תחליב רחצה קוקוס וחוחובה 750 מ""ל",אלפא- ב.ד.ף בעמ,,תחליב רחצה קוקוס 750,מיליליטרים,750.00,"100 מ""ל",false,,13.90,0.0185,true,1,2281180
4005900648181,false,"ניוואה - תחליב רחצה אלוורה 750 מ""ל",אלפא- ב.ד.ף בעמ,,תחליב רחצה קוקוס 750,מיליליטרים,750.00,"100 מ""ל",false,,13.90,0.0185,true,1,2308362
4005900683878,false,שפתון ליובש לבלו סקראב אלוה ורה בליסטר,אלפא- ב.ד.ף בעמ,,שפתון לבלו סקראב אלו,יחידה,0.00,יחידה,false,,9.90,0.0000,true,1,2268798
4005900683908,false,לבלו סקראב שפתון פילינג רוז היפ בליסטר,אלפא- ב.ד.ף בעמ,,שפתון לבלו סקראב ווי,יחידה,0.00,יחידה,false,,9.90,0.0000,true,1,2268799
4005900800770,false,ניוואה רביעיית סבון מוצק אלו-ורה ופרחים,אלפא ב.ד.ף בעמ,,רביעיית סבונים מוצקי,גרמים,360.00,100 גרם,false,,12.90,0.0358,true,1,2258776
4005900816016,false,"ניוואה - דאודורנט ספריי לאישה פרש טבעי לאישה 150 מ""ל",טרופיקל דגיל תעשיות,DE,פרש ספריי לאישה ניוואה,מיליליטרים,150.00,"100 מ""ל",false,,19.90,0.1327,true,1,1380794
4005900816108,false,"דאודורנט רול און לגבר אפקט היובש ניוואה 50 מ""ל",טרופיקל דגיל תעשיות,DE,רול און יבש לגבר ניוואה,מיליליטרים,50.00,"100 מ""ל",false,,19.90,0.3980,true,1,1380797
4005900816115,false,"ניוואה - דאודורנט רול און לאישה יבש 50 מ""ל",אלפא- ב.ד.ף בעמ,DE,רול און יבש לאישה ניוואה,מיליליטרים,50.00,"100 מ""ל",false,,19.90,0.3980,true,1,1380798
4005900828088,false,"ניוואה - דאודורנט רול און לגבר פרש 50 מ""ל",טרופיקל דגיל תעשיות,DE,רול און פרש לגבר ניוואה,מיליליטרים,50.00,"100 מ""ל",false,,19.90,0.3980,true,1,1380802
4005900833723,false,"ג'ל רחצה לגבר פאוור רפרש ניוואה 500 מ""ל",אלפא- ב.ד.ף בעמ,,ניוואה 500גל רחצה לג,מיליליטרים,500.00,"100 מ""ל",false,,13.90,0.0278,true,1,2317740
4005900845702,false,"ניוואה - דאודורנט רול און לגבר קול קיק פרש 50 מ""ל",אלפא ב.ד.ף בעמ,,ניוואה דאו רול און ל,מיליליטרים,50.00,"100 מ""ל",false,,19.90,0.3980,true,1,2312647
4005900845733,false,"דאודורנט ספריי קול קיק פרש לגבר ניוואה מן 150 מ""ל",אלפא ב.ד.ף בעמ,,ניוואה דאו ספרי גבר,מיליליטרים,150.00,"100 מ""ל",false,,19.90,0.1327,true,1,2312648
4005900874931,false,"דאודורנט ספריי דיפ ביט לגבר 150 מ""ל ניוויה",אלפא ב.ד.ף בעמ,,ניוואה מן דאודורנט ס,מיליליטרים,150.00,"100 מ""ל",false,,19.90,0.1327,true,1,2356080
4006387097370,false,קנקן סטייל+פילטר מקסטרא סודהסטרים,בריטה,,קנקן בירטה STYLE,יחידה,0.00,יחידה,false,,149.00,0.0000,true,1,2236399
4006508123094,false,"מליטה-נייר פילטר לקפה מספר 2, 40 יח",דנשר (1963) בעמ,,נייר פילטר.,יח',40.00,יח',false,,9.90,0.2475,true,1,1473137
4006508177325,false,מטליות לניקוי משקפיים,סווירל Swirl,,מטליות למשקפיים,יח',30.00,יח',false,,13.90,0.4633,true,1,1376530
4007519050713,false,שקיות אשפה עם שרוך חזקות במיוחד 35 ליטר,פאלי Pely,,שקיות אשפה 35 ל,יח',25.00,יח',false,,9.90,0.3960,true,1,1348992
4007519050720,false,שקיות אשפה עם שרוך חזקות במיוחד 60 ליטר,פאלי Pely,,שקיות אשפה 60 ל,יח',20.00,יח',false,,9.90,0.4950,true,1,1348993
4007519050744,false,שקיות אשפה עם שרוך חזקות במיוחד 120 ליטר,פאלי Pely,,שקיות אשפה 120 ל,יח',10.00,יח',false,,9.90,0.9900,true,1,1348994
4008102002867,false,גרגירים להכנת תה לימון מילפורד 400 גרם,ליימן מותגים,DE,תה לימון 400 גרם,גרמים,400.00,100 גרם,false,,14.90,0.0373,true,1,1373290
4008287051032,false,בירה קרומבאכר פילס 0.50 ליטר פחית,מנדלז סי.אר. פרודקשן,,בירה קרומבאכר,מיליליטרים,500.00,"100 מ""ל",false,,9.90,0.0198,true,1,2299944
4008287905786,false,בירה קרומבאכר חיטה 5.3% פחית 500 מל,אגודת הכורמים -כרמל מזרחי,,בירה קרומבכר,מיליליטרים,500.00,"100 מ""ל",false,,9.90,0.0198,true,1,2299937
4008400290126,false,ק'נדר פינגווי עוגת ספוג במילוי חלבי מצופה שוקולד מריר 30 ג' OUD,פררו טורקיה צ'\יקולטה וו,,עוגת ספוג במילוי חלב,גרמים,30.00,100 גרם,false,,3.90,0.1300,true,1,2304651
4008400290423,false,עוגת ספוג במילוי חלבי מצופה שוקולד מריר ק'נדר פינגווי 120 ג',פררו טורקיה צ'\יקולטה וו,,עוגת ספוג במילוי חלב,גרמים,120.00,100 גרם,false,,13.90,0.1158,true,1,2304652
4008496884810,false,רביעית סוללות AAA,ד.ש.ש אלקטרוניקה בעמ`,,רביעית סוללות AAA,יחידה,0.00,יחידה,false,,4.90,0.0000,true,1,2276066
4008496884964,false,סוללה VARTA 9V-חדש,ד.ש.ש אלקטרוניקה בעמ`,,סוללת 9V,יחידה,0.00,יחידה,false,,6.90,0.0000,true,1,2276068
4008496927364,false,מארז 10 סוללות VARTA AAA -חדש,ד.ש.ש אלקטרוניקה בעמ`,,עשירית סוללות AAA,יחידה,0.00,יחידה,false,,12.90,0.0000,true,1,2276069
4008496927401,false,זוג סוללות VARTA C-חדש,ד.ש.ש אלקטרוניקה בעמ`,,זוג סוללות C,יחידה,0.00,יחידה,false,,9.90,0.0000,true,1,2276065
4008600314189,false,נוק זוג מוצצי סיליקון אדור 6-18 ורוד,פרומדיקו,,זוג מוצצים אדור ורוד,יח',2.00,יח',false,,29.90,14.9500,true,1,2222746
4008600314226,false,נוק זוג מוצצי סיליקון מיקי 6-18 אדום,פרומדיקו,,זוג מוצצים מיני מאוס,יח',2.00,יח',false,,29.90,14.9500,true,1,2222757
4008600384427,false,נוק זוג מוצצים סיגנטור 6-18 חודשים ורוד,פרומדיקו,,זוג מוצצים הפי דייז,יח',2.00,יח',false,,29.90,14.9500,true,1,2327083
4008600387381,false,נוק בקבוק אימון דיסני אפור 150 מל 6-18 ח,General,,בקבוק אימון דיסני אפ,יחידה,0.00,יחידה,false,,34.90,0.0000,true,1,2326277
4009300522935,false,תה ירוק לימונית ולואיזה פומפדור 20 יחידות,"איטיליאן פוד, אס.פי.",DE,פומפדור תה ירוק עם לימוני,גרמים,30.00,100 גרם,false,,14.90,0.4967,true,1,1386239
4009300522966,false,תה ירוק עם נענע פומפדור 20 יחידות,"איטיליאן פוד, אס.פי.",DE,פומפדור תה ירוק נענע,גרמים,30.00,100 גרם,false,,14.90,0.4967,true,1,1386240
4009300524588,false,חליטת צמחים פומפדור פירות יער 20 יחידות,ש. שסטוביץ בע`מ,DE,פומפדור חליטת צמחים פירות,גרמים,60.00,100 גרם,false,,11.90,0.1983,true,1,1386241
4009300524625,false,תה צ'אי מסאלה פומפדור 20 יחידות,ש.שסטוביץ בעמ,DE,פומפדור צאי מסאלה,גרמים,40.00,100 גרם,false,,11.90,0.2975,true,1,1386242
4009300525011,false,פומפידור תה ירוק עם תפוז וג'ינגר 25 שקיקים,"איטיליאן פוד, אס.פי.",DE,פומפדור תה ירוק תפוז גינג,גרמים,30.00,100 גרם,false,,14.90,0.4967,true,1,1386244
4009300525684,false,חליטת צמחים פומפדור ג'ינג'ר ולימון 20 יחידות,ש. שסטוביץ בע`מ,DE,פומפדור חליטת צמחים גי'נג,גרמים,35.00,100 גרם,false,,11.90,0.3400,true,1,1386246
4009300526438,false,תה ירוק פומפדור קלאסי 20 יחידות,"איטיליאן פוד, אס.פי.",DE,פומפדור תה ירוק קלאסי 30,גרמים,30.00,100 גרם,false,,14.90,0.4967,true,1,1386248
4009300527909,false,חליטת צמחים ג'ינג'ר כורכום ללא קפאין,ש. שסטוביץ בע`מ,,חליטת פומפדור ג'ינג',גרמים,35.00,100 גרם,false,,11.90,0.3400,true,1,1848494
4009300528821,false,תה ירוק פומפדור ג'ינגר וקינמון 20 יחידות,ש.שסטוביץ בעמ,,תה ירוק פומפדור ג'ינ,גרמים,30.00,100 גרם,false,,14.90,0.4967,true,1,2203931
4009300528845,false,"פומפדור תה ירוק עם לימונית דבש 30 מ""ל",פומפדור Pompadour,,תה ירוק פומפדור לימו,גרמים,30.00,100 גרם,false,,14.90,0.4967,true,1,2203932
4009300529514,false,תה חליטת פומפדור פירות אוכמניות 20 יח,ש.שסטוביץ בעמ,,פומפדור חליטת פירות,גרמים,50.00,100 גרם,false,,11.90,0.2380,true,1,2356665
4009300529538,false,תה חליטת פומפדור פירות לימון 20 יח,ש.שסטוביץ בעמ,,פומפדור חליטת פירות,גרמים,45.00,100 גרם,false,,11.90,0.2644,true,1,2356666
4009300529552,false,תה חליטת פומפדור פירות אפרסק 20 יח,ש.שסטוביץ בעמ,,פומפדור חליטת פירות,גרמים,50.00,100 גרם,false,,11.90,0.2380,true,1,2356667
4009300529576,false,תה חליטת פומפדור פירות רימונים 20 יח,ש.שסטוביץ בעמ,,חליטת פומפדור 30 גרם,גרמים,50.00,100 גרם,false,,11.90,0.2380,true,1,2316516
4009300529613,false,"חליטת צמחים אורגנית עם קמומיל, מליסה ויערת דבש","איטיליאן פוד, אס.פי.",,חליטת פומפדור קאלם א,גרמים,36.00,100 גרם,false,,19.90,0.5528,true,1,2275738
4009300529651,false,"חליטת צמחים אורגניצת עם ג'ינג'ר, לימון וכורכום",פומפדור Pompadour,,חליטת פומפדור ג'ינג',גרמים,36.00,100 גרם,false,,19.90,0.5528,true,1,2275739
4009300529699,false,"חליטת צמחים אורגנית עם מאטה, נענע וגרידת לימון","איטיליאן פוד, אס.פי.",,חליטת פומפדור סטארט,גרמים,36.00,100 גרם,false,,19.90,0.5528,true,1,2275740
4009300530183,false,תה חליטת פומפדור תפוז ספרדי 20 יח,ש.שסטוביץ בעמ,,תה פומפדור חליטה תפו,גרמים,44.00,100 גרם,false,,11.90,0.2705,true,1,2374745
4009300530206,false,תה חליטת פומפדור תפוח טורקי 20 יח,ש.שסטוביץ בעמ,,תה פומפדור חליטה תפו,גרמים,50.00,100 גרם,false,,11.90,0.2380,true,1,2374746
4009300530275,false,תה חליטת פומפדור מנטה מרוקאית 20 יח,ש.שסטוביץ בעמ,,תה פומפדור חליטה מנט,גרמים,36.00,100 גרם,false,,11.90,0.3306,true,1,2374747
4009300595106,false,חליטת צמחים קמומיל דבש פומפדור 45 ג',טיקנה,,חליטת פומפדור קמומיל,גרמים,30.00,100 גרם,false,,11.90,0.3967,true,1,2256929
4009300595120,false,חליטת צמחים פומפדור ג'ינג'ר מנגו 20 יחידות,ש. שסטוביץ בע`מ,,חליטת פומפדור ג'ינג',גרמים,30.00,100 גרם,false,,11.90,0.3967,true,1,2256930
4009900013581,false,מסטיק אורביט סטיקס מארז חמישייה ללס בטע,"מרס ריגלי ישראל בע""מ",,מסטיק אורביט סטיקס ח,גרמים,65.00,100 גרם,false,,9.90,0.1523,true,1,1383955
4009900379564,false,מסטיק הובה בובה Hubba Bubba טייפ בטעם פירות,מרס ריגלי קונפקשונרי,,מסטיק הובה בובה פירו,גרמים,56.00,100 גרם,false,,6.50,0.1161,true,1,1383965
4009900385824,false,מסטיק אורביט פפרמינט סטיקס משפחתי-חמישיות,"מרס ריגלי ישראל בע""מ",,מסטיק אורביט סטיקס ח,גרמים,65.00,100 גרם,false,,9.90,0.1523,true,1,1383968
4009900402965,false,אורביט וויט בטעם פירות בקבוקון 46מלבניות,"מרס ריגלי ישראל בע""מ",,מסטיק אורביט White ב,גרמים,64.00,100 גרם,false,,9.90,0.1547,true,1,1383971
4009900403023,false,אורביט וויט בטעם מנטה בקבוקון 46 מלבניות,"מרס ריגלי ישראל בע""מ",,מסטיק אורביט בקבוקון,גרמים,64.00,100 גרם,false,,9.90,0.1547,true,1,1383972
4009900406918,false,מסטיק הובה בובה טייפ טריפל מיקס 56ג',מרס ריגלי קונפקשונרי,,מסטיק הובה בובה טייפ,גרמים,56.00,100 גרם,false,,6.50,0.1161,true,1,1383975
4009900420129,false,מסטיק אורביט פרופשנל פפרמינט בקבוקון 64 גר',"מרס ריגלי ישראל בע""מ",,מסטיק אורביט פפרמינט,גרמים,64.00,100 גרם,false,,9.90,0.1547,true,1,2114642
4009900426039,false,מסטיק מנטה אקליפטוס בקבוקון איירווייבס 64 גרם,"מרס ריגלי ישראל בע""מ",,מסטיק איירוויבז בקבו,גרמים,64.00,100 גרם,false,,9.90,0.1547,true,1,1500811
4009900426121,false,מסטיק אורביט איירוויז בקבוקון אוכמניות 64ג',"מרס ריגלי ישראל בע""מ",,מסטיק איירוויבז בקבו,גרמים,64.00,100 גרם,false,,9.90,0.1547,true,1,1500812
4009900455299,false,"סוכרית ג'לי אדומה 174 גרם ""סקיטלס""","מרס ריגלי ישראל בע""מ",,סוכריות סקיטלס פירות,גרמים,174.00,100 גרם,false,,8.90,0.0511,true,1,1383983
4009900465304,false,סוכריות סקיטלס פירות חמוצים 174 גרם,"מרס ריגלי ישראל בע""מ",,סוכריות סקיטלס חמוצי,גרמים,174.00,100 גרם,false,,8.90,0.0511,true,1,1383985
4009900479998,false,אורביט וויט אוכמניות בקבוקון 46 מלבניות,"מרס ריגלי ישראל בע""מ",,מסטיק אורביט White ב,גרמים,64.00,100 גרם,false,,9.90,0.1547,true,1,1383991
4009900482417,false,מסטיק אורביט פירות מנטה בקבוקון באבל מינט 45יח,"מרס ריגלי ישראל בע""מ",,מסטיק אורביט באבל מי,גרמים,64.00,100 גרם,false,,9.90,0.1547,true,1,1383992
4009900483803,false,מסטיק איירובס מנטה אקליפטוס בקבוקון 60יח',"מרס ריגלי ישראל בע""מ",,מסטיק אורביט מנטה M,גרמים,84.00,100 גרם,false,,12.90,0.1536,true,1,2138520
4009900484060,false,מסטיק אורביט פרופשיונל בטעם מנטה ללא סוכר,מרס ריגלי ישראל בעמ,,מסטיק אורביט פפרימינ,גרמים,84.00,100 גרם,false,,12.90,0.1536,true,1,1383994
4009900484091,false,מסטיק אורביט פרופשיונל בטעם מנטה ללא סוכר,"מרס ריגלי ישראל בע""מ",,מסטיק אורביט ספירימנ,גרמים,84.00,100 גרם,false,,12.90,0.1536,true,1,1383995
4009900484305,false,מסטיק אורביט פרופשיונל סוויטמינט ביגי לבן 60יח',"מרס ריגלי ישראל בע""מ",,מסטיק אורביט אקליפטו,גרמים,84.00,100 גרם,false,,12.90,0.1536,true,1,1383996
4009900487283,false,מסטיק אורביט סטיקס מארז חמישייה ללס בטע,"מרס ריגלי ישראל בע""מ",,מסטיק אורביט סטיקס ח,גרמים,65.00,100 גרם,false,,9.90,0.1523,true,1,1383997
4009900491044,false,מסטיק אירוויבז בטעם מנטה אוכמניות ללס,מרס ריגלי ישראל בעמ,,מסטיק אורביט אוכמניו,גרמים,84.00,100 גרם,false,,12.90,0.1536,true,1,2138521
4009900496247,false,"מסטיק אורביט לל""ס מלבניות בקבוק בבלימנט 60 יח",מרס ריגלי ישראל בעמ,,מסטיק אורביט פפרימינ,גרמים,84.00,100 גרם,false,,12.90,0.1536,true,1,1744164
4009900500166,false,סוכריות פירות אדום סקיטלס בקבוקון 125ג',"מרס ריגלי ישראל בע""מ",,סוכריות סקיטלס בקבוק,גרמים,125.00,100 גרם,false,,8.90,0.0712,true,1,1686754
4009900509770,false,מסטיק אורביט בטעם תות ללס אריזה מוגדלת,מרס ריגלי ישראל בעמ,,מסטיק אורביט פפרימינ,גרמים,84.00,100 גרם,false,,12.90,0.1536,true,1,1448438
4009900521581,false,סוכריות אורביט מינטס מנטה בבקבוקון 77 גר,מרס ריגלי ישראל בעמ,,סוכריות אורביט מנטה,גרמים,77.00,100 גרם,false,,9.90,0.1286,true,1,1861558
4009900521611,false,סוכריות אורביט מינטס דובדבן מנטה בבקבוקון,מרס ריגלי ישראל בעמ,,סוכריות אורביט מינטס,גרמים,77.00,100 גרם,false,,9.90,0.1286,true,1,1861559
4009900531122,false,"מסטיק בטעם מנטה ספירמינט, 64 ג' פרופשיונל אורפיט","מרס ריגלי ישראל בע""מ",,מסטיק אורביט ספירמינ,גרמים,64.00,100 גרם,false,,9.90,0.1547,true,1,2114643
4009900534611,false,מסטיק איירוויבז בקבוקון בטעם מלון ומנטה,מרס ריגלי ישראל בעמ,,מסטיק איירוויבז בקבו,גרמים,64.00,100 גרם,false,,9.90,0.1547,true,1,2245331
4009900535519,false,מסטיק אורביט רפרשרס ספירמינט ללא סוכר 15.6גר',"מרס ריגלי ישראל בע""מ",,מסטיק אורביט ללא סוכ,גרמים,15.60,100 גרם,false,,3.90,0.2500,true,1,2303401
4009900535540,false,מסטיק אורביט רפרשרס פפרמינט ללא סוכר 15.6גר',"מרס ריגלי ישראל בע""מ",,מסטיק אורביט ללא סוכ,גרמים,15.60,100 גרם,false,,3.90,0.2500,true,1,2303402
4009900535823,false,מסטיק אורביט רפרשרס באבלמינט ללא סוכר 15.6גר',"מרס ריגלי ישראל בע""מ",,מסטיק אורביט ללא סוכ,גרמים,15.60,100 גרם,false,,3.90,0.2500,true,1,2303403
4009900536257,false,מסטיק אורביט רפרשרס ספירמינט בקבוקון ללא סוכר 67 גר',מרס ריגלי קונפקשונרי,,מסטיק אורביט ללא סוכ,גרמים,67.00,100 גרם,false,,10.90,0.1627,true,1,2303394
4009900536288,false,מסטיק אורביט רפרשרס פפרמינט בקבוקון ללא סוכר 67 גר',מרס ריגלי קונפקשונרי,,מסטיק אורביט ללא סוכ,גרמים,67.00,100 גרם,false,,10.90,0.1627,true,1,2303395
4009900536486,false,מסטיק אורביט רפרשרס באבלמינט בקבוקון ללא סוכר 67 גר',מרס ריגלי קונפקשונרי,,מסטיק אורביט ללא סוכ,גרמים,67.00,100 גרם,false,,10.90,0.1627,true,1,2303396
4009900539401,false,מסטייק אורבייט פייב באונוס מנטה HP,מרס ריגלי ישראל בעמ,,מסטיק פייב באונס בטע,גרמים,14.40,100 גרם,false,,3.90,0.2708,true,1,2343753
4009900539432,false,מסטייק אורבייט פייב באונוס אבטיח HP,מרס ריגלי ישראל בעמ,,מסטיק פייב באונס בטע,גרמים,14.40,100 גרם,false,,3.90,0.2708,true,1,2343754
4009900539685,false,"מסטיק פייב באונס בטעם מנטה בקבוקון, 61.8 גרם","מרס ריגלי ישראל בע""מ",,מסטיק פייב באונס בטע,גרמים,61.80,100 גרם,false,,10.90,0.1764,true,1,2343746
4009900539746,false,"מסטיק פייב באונס בטעם אבטיח בקבוקון, 61.8 גרם",מרס ריגלי ישראל בעמ,,מסטיק פייב באונס בטע,גרמים,61.80,100 גרם,false,,10.90,0.1764,true,1,2343747
4009900540551,false,מסטיק אורביט רפרשרס טרופיקל בקבוקון ללא סוכר,מרס ריגלי ישראל בעמ,,מסטיק אורביט ללא סוכ,גרמים,67.00,100 גרם,false,,10.90,0.1627,true,1,2338676
4010492051141,false,מעדן פרמיום בקר אתנה,אתנה Athena,,אתנה בקר לחתול 100ג',גרמים,100.00,100 גרם,false,,4.90,0.0490,true,1,2372609
4010492051189,false,אתנה דגי ים ושרימפס לחתולים,אתנה Athena,,אתנה דגי ים ושרימפס,גרמים,100.00,100 גרם,false,,4.90,0.0490,true,1,2372611
4010492051653,false,אתנה עוף והודו ללא דגנים לחתול,אתנה Athena,,אתנה עוף והודו ללא ד,גרמים,100.00,100 גרם,false,,4.90,0.0490,true,1,2372612
4010492052742,false,אתנה כבש לחתול 100ג',אתנה Athena,,אתנה כבש לחתול 100ג',גרמים,100.00,100 גרם,false,,4.90,0.0490,true,1,2372615
4010492961723,false,אתנה סטיק סלמון ופורל לחתול,שחורי אריה ואנסטסיה,,אתנה סטיק סלמון ופור,גרמים,50.00,100 גרם,false,,16.90,0.3380,true,1,2372621
4011800528416,false,קורני חטיף דגנים עם בוטנים מתוק-מלוח*6,משה סידס ובנו בעמ,,חטיף קורני דגנים עם,גרמים,150.00,100 גרם,false,,9.90,0.0660,true,1,2236258
4011800567613,false,מאגדת קורני מילק דרק & ואיט 120 גרם,מיוצר עי קונדיטוריית,DE,קורני סנדוויץ שחור ולבן ע,גרמים,120.00,100 גרם,false,,9.90,0.0825,true,1,1400953
4011800568610,false,מארז רביעיית קורני בטעם קלאסי,משה סידס ובנו בעמ,DE,קורני סנדוויץ קלאסי עם קר,גרמים,120.00,100 גרם,false,,9.90,0.0825,true,1,1400954
4011800577810,false,מארז חטיפי קורני פרי נוגט 120 גרם,משה סידס ובנו בעמ,,חטיף קורני נוגט 6 יח,גרמים,120.00,100 גרם,false,,9.90,0.0825,true,1,2328110
4011800617714,false,"""קורני"" ביג שוקו בננה50 גרם",מיוצר עי קונדיטוריית,,קורני ביג ביג שוקו ב,גרמים,50.00,100 גרם,false,,3.90,0.0780,true,1,2259836
4011800617813,false,"""קורני"" ביג בראוניס 50 גרם",משה סידס ובנו בעמ,,קורני ביג ביג בראוני,גרמים,50.00,100 גרם,false,,3.90,0.0780,true,1,2259841
4011800628512,false,חטיף קורני שוקולד חלב 6 יח 150 גר,מיוצר עי קונדיטוריית,DE,קורני עם שוקולד חלב - 1X6,גרמים,150.00,100 גרם,false,,9.90,0.0660,true,1,1400975
4011800629519,false,"מארז חטיפי דגנים אגוזים ""קורני""",משה סידס ובנו בעמ,DE,קורני עם אגוזים 1X6,גרמים,150.00,100 גרם,false,,9.90,0.0660,true,1,1400976
4011800630515,false,חטיף קורני שוקולד חלב ובננה 6 יח 150 גר,מיוצר עי קונדיטוריית,DE,קורני עם שוקולד חלב ובננה,גרמים,150.00,100 גרם,false,,9.90,0.0660,true,1,1400977
4011800633516,false,קורני בציפוי שוקולד מריר מעולה 6*23,משה סידס ובנו בעמ,DE,קורני עם שוקולד מריר מעול,גרמים,138.00,100 גרם,false,,9.90,0.0717,true,1,1400980
4011800635510,false,חטיף קורני Corny Free עם אגוזי לוז ללא תוספת סוכר,משה סידס ובנו בעמ,DE,"קורני ""פרי ""עם אגוזים ושק",גרמים,120.00,100 גרם,false,,9.90,0.0825,true,1,1400981
4011800636517,false,קורני פרי שוקולד חלב מעולה ללא סוכר 6*1,מיוצר עי קונדיטוריית,DE,"קורני ""פרי ""עם שוקולד חלב",גרמים,120.00,100 גרם,false,,9.90,0.0825,true,1,1400982
4011800637514,false,חטיף קורני Corny Free עם שוקולד לבן ללא תוספת סוכר,מ.סידס ובנו בעמ,DE,"קורני ""פרי ""עם שוקולד לבן",גרמים,120.00,100 גרם,false,,9.90,0.0825,true,1,1400983
4012273123009,false,נטרוגינה קרם ידיים 50 מל הסדרה הנורבגית,גונסון אנד גונסון,FR,נוטרוגינה ס.נורבגית קרם י,מיליליטרים,50.00,"100 מ""ל",false,,19.90,0.3980,true,1,2281676
4012839597596,false,כבד דג שיבוט רויגן,רוג'ין פיש,,כבד דג שיבוט בשמן,גרמים,121.00,100 גרם,false,,9.90,0.0818,true,1,2357589
4013197767010,false,קבנדיש סוכריות בפחית בטעם פירות,שוקוטרייד בעמ,,סוכריות פחיות טעם פי,גרמים,200.00,100 גרם,false,,9.90,0.0495,true,1,1384382
4013197767027,false,קוונדיש סוכריות בפחית דובדבן,שוקוטרייד בעמ,,סוכריות פחיות טעם דו,גרמים,200.00,100 גרם,false,,9.90,0.0495,true,1,1384383
4013197767119,false,קוונדיש סוכריות בפחית מנטה קליר,שוקוטרייד בעמ,,סוכריות פחיות טעם מנ,גרמים,200.00,100 גרם,false,,9.90,0.0495,true,1,1384388
4013227013391,false,משקה כהלי קרם אוטום כשר,הכרם - משקאות חריפים בעמ,,משקה קרם אוטום.,מיליליטרים,700.00,"100 מ""ל",false,,39.90,0.0570,true,1,1380910
4013227013414,false,פינה קולדה סרפרז (700 מל),הכרם - משקאות חריפים בעמ,,פינה קולדה.,מיליליטרים,700.00,"100 מ""ל",false,,39.90,0.0570,true,1,1380911
4014400900217,false,בונבונריית מרסי מבחר ממתקי שוקולד 400 גרם,קריניציה ויטמינה אס,DE,בונבוניירה מרסי 400 גרם,גרמים,400.00,100 גרם,false,,54.90,0.1372,true,1,1373297
4014400901191,false,בונבונריית מרסי מבחר ממתקי שוקולד 250 גרם,ליימן שליסל בע`מ,,בונבוניירה מרסי 250,גרמים,250.00,100 גרם,false,,25.90,0.1036,true,1,1373299
4014400901412,false,מרסי בונבוניירה שוק`מריר 250 גר כשלפ,ליימן שליסל בע`מ,DE,בונבוניירה מרסי 250 גר מר,גרמים,250.00,100 גרם,false,,25.90,0.1036,true,1,1373301
4014400904376,false,סוכריות טופי בטעם שוקולד סטורק 325 גרם,קריניציה ויטמינה אס,DE,סוכריות שוקולדן 325 גרם,גרמים,325.00,100 גרם,false,,14.90,0.0458,true,1,1373306
4014400904390,false,סוכריות טופי ממולא חלב סטורק 325 גרם,קריניציה ויטמינה אס,DE,סוכריות וולמילש 325 גרם,גרמים,325.00,100 גרם,false,,14.90,0.0458,true,1,1373307
4014400907902,false,"וורטרס אורגינל סוכריות חמאה ללא סוכר בקופסה
42 גרם",ליימן שליסל בע`מ,DE,סוכריות וורטר בוקס ללא סו,גרמים,42.00,100 גרם,false,,6.90,0.1643,true,1,1373308
4014400910063,false,סוכריות חמאה וורטרס אורגינל (135 גרם),ליימן שליסל בע`מ,DE,סוכריות וורטר אורגינל שקי,גרמים,135.00,100 גרם,false,,9.90,0.0733,true,1,1373312
4014400913910,false,וורטרס אורגינל סוכריות חמאה ממולאות קרם קרמל בשקית,ליימן שליסל בע`מ,DE,וורטר אוריגינל במילוי קרם,גרמים,125.00,100 גרם,false,,9.90,0.0792,true,1,1373313
4014400914696,false,וורטרס אורגינל סוכריות ללא סוכר 80 גרם,ליימן שליסל בע`מ,DE,סוכריות חמאה וורטר אור לל,גרמים,70.00,100 גרם,false,,7.90,0.1129,true,1,1373314
4014400914924,false,"סוכריות בטעם קפה וורטר אורגינל לל""ס 80 גרם",קריניציה ויטמינה אס,DE,סוכריות וורטר ללא סוכר ק,גרמים,80.00,100 גרם,false,,7.90,0.0988,true,1,1373315
4014400920857,false,וורטר אורגינל ללא סוכר בטעם שוקולד-שקית 70 גרם,קריניציה ויטמינה אס,,וורטר סוכריות טעם שו,גרמים,70.00,100 גרם,false,,7.90,0.1129,true,1,1373316
4014400923711,false,בונבוניירה שוקולד אגוזים טופיפי 125 גרם,ליימן שליסל בע`מ,,סוכריות טופיפי 125 ג,גרמים,125.00,100 גרם,false,,12.90,0.1032,true,1,1507876
4014400925319,false,וורטרס אורגינל פופקורן קרמל 140 גרם,ליימן שליסל בע`מ,,פופקורן קרמל וורטר,גרמים,140.00,100 גרם,false,,14.90,0.1064,true,1,2330844
4014400929010,false,וופל מיני קנופרס 200 גר 10 גר*20 יחידות,ליימן שליסל בע`מ,,וופל מיני קנופרס 200,גרמים,200.00,100 גרם,false,,19.90,0.0995,true,1,2344233
4014400931327,false,ורטרס אורגינל פופקורן עם קרמל זרעי דלעת 1/12,ליימן שליסל בע`מ,,פופקורן וורטר בציפוי,גרמים,140.00,100 גרם,false,,14.90,0.1064,true,1,2342602
4015000031394,false,"ספטיל - משחה להסרת כתמים 200 מ""ל",גורי שיווק בעמ,IL,משחה להסרת כתמים ספטיל 20,גרמים,200.00,100 גרם,false,,14.90,0.0745,true,1,1409029
4015000280211,false,"פה - דאודורנט רול און לאישה קאריביין לימון 50 מ""ל",שוורצקוף& הנקל דיסלד,DE,פה דאודורנט רולאון קריביא,מיליליטרים,50.00,"100 מ""ל",false,,9.90,0.1980,true,1,1369580
4015000280372,false,"דאודורנט רול און בניחוח לימון פה 50 מ""ל",שוורצקופף והנקל,DE,פה דאודורנט רולאון ספורט,מיליליטרים,50.00,"100 מ""ל",false,,9.90,0.1980,true,1,1369581
4015000519915,false,"פה - דאודורנט ספריי לאישה פינק פרדייס 200 מ""ל",שוורצקופף והנקל,DE,פה דאודורנט ספריי פינק פש,מיליליטרים,200.00,"100 מ""ל",false,,9.90,0.0495,true,1,1369586
4015000615884,false,"פה - דאודורנט ספריי לאישה קריביין לימון 200 מ""ל",שוורצקופף והנקל,DE,פה דאודורנט ספריי קריביאן,מיליליטרים,200.00,"100 מ""ל",false,,9.90,0.0495,true,1,1369616
4015000615891,false,"פה - דאודורנט ספריי לאישה אקווה 200 מ""ל",שוורצקופף והנקל,DE,פה דאודורנט ספריי אקווה 2,מיליליטרים,200.00,"100 מ""ל",false,,9.90,0.0495,true,1,1369617
4015000615921,false,"פה - דאודורנט ספריי לגבר ספורט 200 מ""ל",שוורצקופף והנקל,DE,פה דאודורנט ספריי ספורט 2,מיליליטרים,200.00,"100 מ""ל",false,,9.90,0.0495,true,1,1369618
4015000940948,false,מרכך גליס Gliss שיקום נזק קיצוני אולטימט ריפייר,שוורצקוף Schwarzkopf,DE,גליס מרכך אולטימט ריפייר,מיליליטרים,400.00,"100 מ""ל",false,,18.90,0.0472,true,1,1369638
4015000940955,false,שמפו גליס Gliss שיקום נזק קיצוני אולטימט ריפייר,שוורצקופף והנקל,DE,גליס שמפו אולטימיט ריפייר,מיליליטרים,400.00,"100 מ""ל",false,,18.90,0.0472,true,1,1369639
4015000976268,false,שמפו גליס Gliss למראה שיער מבריק Million Gloss,"הובי קוסמטיק, חברת ייצור",DE,גליס שמפו מיליון גלוס 400,מיליליטרים,400.00,"100 מ""ל",false,,18.90,0.0472,true,1,1369680
4015000976275,false,מרכך גליס Gliss למראה שיער מבריק Million Gloss,שוורצקופף והנקל,DE,גליס מרכך מיליון גלוס 400,מיליליטרים,400.00,"100 מ""ל",false,,18.90,0.0472,true,1,1369681
4015000995122,false,"דאודורנט פה ספריי כח המשיכה 200 מ""ל",שוורצקופף והנקל,DE,פה דאודורנט ספריי כח המשי,מיליליטרים,200.00,"100 מ""ל",false,,9.90,0.0495,true,1,1369693
4015000996204,false,"גליס שמפו אולטימט שמן אלקסייר 400 מ""ל",שוורצקופף והנקל,DE,גליס שמפו שמן אליקסייר 40,מיליליטרים,400.00,"100 מ""ל",false,,18.90,0.0472,true,1,1369694
4015000996273,false,"גליס מרכך אולטימטיב שמן אלקסייר 400 מ""ל","הובי קוסמטיק, חברת ייצור",DE,גליס מרכך שמן אליקסייר 40,מיליליטרים,400.00,"100 מ""ל",false,,18.90,0.0472,true,1,1369698
4015000997430,false,פה דאודורנט ספריי אינויזיבל פאוור 200 מל,שוורצקופף והנקל,DE,פה דאודורנט ספריי אינוויז,מיליליטרים,200.00,"100 מ""ל",false,,9.90,0.0495,true,1,1369699
4015100190762,false,"גליס - מסכה שיקום שמן אלקסיר 300 מ""ל",שוורצקופף והנקל,,גליס מסכה,מיליליטרים,200.00,"100 מ""ל",false,,21.90,0.1095,true,1,1846064
4015100190786,false,גליס מסכת סרום לשיקום עמוק עם קרטין,שוורצקופף והנקל,,גליס מסכה,מיליליטרים,300.00,"100 מ""ל",false,,21.90,0.0730,true,1,1846066
4015100190793,false,גליס מסכה לשיער יבש ופגום במיוחד Ultimate Repair,שוורצקופף והנקל,,גליס מסכה,מיליליטרים,200.00,"100 מ""ל",false,,21.90,0.1095,true,1,1846067
4015400564034,false,מגן תחתון אולוויז מגה פק לונג פלוס 58 יחידות,דיפלומט מפיצים (1986) בע`מ,DE,מגן תחתון אולוויז מגה פק,יח',58.00,יח',false,,21.90,0.3776,true,1,1351251
4015400564454,false,מגני תחתון אולוויז לארג' עם ניחוח מגה פק,דיפלומט מפיצים (1986) בע`מ,DE,מגן תחתון אולוויז מגה פק,יח',68.00,יח',false,,21.90,0.3221,true,1,1351255
4015400598329,false,תחבושות אולוויז קוואטרו נורמל פלוס 56 יחידות,דיפלומט מפיצים (1968) בעמ,DE,אולוויז קוואטרו נורמל + א,יח',56.00,יח',false,,39.90,0.7125,true,1,1351263
4015400598381,false,תחבושות היגייניות אולטרה לונג - מארז קוואטרו 48 יח',דיפלומט מפיצים (1968) בעמ,DE,אולוויז קוואטרו לונג + אי,יח',48.00,יח',false,,39.90,0.8312,true,1,1351264
4015400598411,false,תחבושות היגייניות יום ולילה Day & Night - מארז 40 יח',דיפלומט מפיצים (1968) בעמ,DE,אולוויז קוואטרו לילה אירו,יח',40.00,יח',false,,39.90,0.9975,true,1,1351265
4015400681670,false,תחבושות אולוויז וליו פק לילה בטוח 18 יחידות,דיפלומט מפיצים (1986) בע`מ,,אולוויז לילה 18 יח',יח',18.00,יח',false,,19.90,1.1056,true,1,1351291
4015400690313,false,טמפונים פרל רגולר טמפקס קומפאק 18 יח,דיפלומט מפיצים (1968) בעמ,,טמפוני טמפקס פרל 18,יח',18.00,יח',false,,27.90,1.5500,true,1,1484907
4015400690405,false,טמפונים פרל סופר טמפקס קומפאק 18 יח,דיפלומט מפיצים (1968) בעמ,,טמפוני טמפקס פרל 18,יח',18.00,יח',false,,27.90,1.5500,true,1,1484908
4015400690498,false,טמפונים פרל סופר פלוס טמפקס קומפאק 18 יח,דיפלומט מפיצים (1968) בעמ,,טמפוני טמפקס פרל 18,יח',18.00,יח',false,,27.90,1.5500,true,1,1484909
4015400731719,false,תחבושות היגייניות אולוויז יום ולילה Day & Night,דיפלומט מפיצים (1986) בע`מ,,אולוויז דואו 20 יחיד,יח',20.00,יח',false,,19.90,0.9950,true,1,1448357
4015400746812,false,מגני תחתון אולוויז נורמל עם ניחוח מגה פק,דיפלומט מפיצים (1986) בע`מ,DE,מגן תחתון אולוויז מגה פק,יח',80.00,יח',false,,21.90,0.2737,true,1,1476795
4015400755241,false,תחבושות היגייניות אולוויז אולטרה נורמל - 28 יח',דיפלומט מפיצים (1986) בע`מ,,אולוויז דואו 28 יחיד,יח',28.00,יח',false,,19.90,0.7107,true,1,1448359
4015400755487,false,תחבושות היגייניות אולוויז אולטרה לונג - 24 יח',דיפלומט מפיצים (1986) בע`מ,,אולוויז דואו 24 יחיד,יח',24.00,יח',false,,19.90,0.8292,true,1,1448362
4015400824725,false,טמפונים סופר עם מוליך טמפקס 30 יחידות,דיפלומט מפיצים 1968 בעמ,HU,טמפקס סופר 30 יחידות,יח',30.00,יח',false,,24.90,0.8300,true,1,1351312
4015400824749,false,טמפונים טמפקס פלאש סופר פלוס 30 יחידות,דיפלומט מפיצים (1968) בעמ,HU,טמפקס פלאש סופר פלוס 30יח,יח',30.00,יח',false,,29.90,0.9967,true,1,1351313
4015400990482,false,אבקת כביסה אריאל קולור 3 ק`ג,דיפלומט מפיצים (1986) בע`מ,,"אריאל 3 ק""ג קולור",קילוגרמים,3.00,"ק""ג",false,,31.90,10.6333,true,1,1425251
4015600762742,false,שמפו יומיומי למניעת קשקשים הנוסחה הקלאסית,דיפלומט מפיצים (1986) בע`מ,FR,"ה&ש שמפו קלאסי 500 מ""ל",מיליליטרים,500.00,"100 מ""ל",false,,20.90,0.0418,true,1,1351342
4015600762780,false,שמפו וקונדישינר יומיומי למניעת קשקשים הנוסחה הקלאסית 2in1,דיפלומט מפיצים (1986) בע`מ,FR,"ה&ש 2 ב 1 קלאסי 500 מ""ל",מיליליטרים,500.00,"100 מ""ל",false,,20.90,0.0418,true,1,1351343
4015600762902,false,"האד אנד שולדרס שמפו מנטול 500 מ""ל",דיפלומט מפיצים (1986) בע`מ,FR,"ה&ש שמפו מנטול 500 מ""ל",מיליליטרים,500.00,"100 מ""ל",false,,20.90,0.0418,true,1,1351346
4015600762940,false,שמפו יומיומי למניעת קשקשים בניחוח תפוח,דיפלומט מפיצים (1986) בע`מ,FR,"ה&ש שמפו תפוח 500 מ""ל",מיליליטרים,500.00,"100 מ""ל",false,,20.90,0.0418,true,1,1351347
4015600763022,false,שמפו יומיומי למניעת קשקשים לשיער יבש/פגום לשיער רך כמשי,דיפלומט מפיצים (1986) בע`מ,FR,"ה&ש שמפו מגע משי 500 מ""ל",מיליליטרים,500.00,"100 מ""ל",false,,20.90,0.0418,true,1,1351349
4015600766900,false,"שמפו ומרכ ך נגד קשקשים 500 מ""ל הד אנד שולדרס",דיפלומט מפיצים (1986) בע`מ,,שמפו הד אנד שולדרס 5,מיליליטרים,500.00,"100 מ""ל",false,,20.90,0.0418,true,1,1351355
4015600807436,false,"ג'ילט - דאודורנט ג'ל לגבר כדוריות קול וויב 75 מ""ל",פארמה דיל (פ.א.ב.) שיווק והפצה,US,דאו ג'ל 75 מל CW-PB חדש,מיליליטרים,75.00,"100 מ""ל",false,,19.90,0.2653,true,1,1351362
4015600807573,false,"ג'ילט - דאודורנט ג'ל לגבר כדוריות פאוור ראש 75 מ""ל",פארמה דיל (פ.א.ב.) שיווק והפצה,US,דאו ג'ל 75 מל PR-PB חדש,מיליליטרים,75.00,"100 מ""ל",false,,19.90,0.2653,true,1,1351363
4015600810849,false,גילט דאו קליר גל 70 מל פאוור ראש,פרוקטר אנד גמבל,CZ,דאודורנט פאוייר רוש 70 מל,מיליליטרים,70.00,"100 מ""ל",false,,18.90,0.2700,true,1,1351365
4017100160110,false,בלזן גלילי וופל במילוי קרם בטעם שוקולד 75 גר',ליימן שליסל,,וופל קרמי שוקולד בלז,גרמים,75.00,100 גרם,false,,7.90,0.1053,true,1,2259749
4017100198151,false,בלזן היט ביסקוויט עם מלית קרם בטעם וניל (41%) 220 גרם,הדקלאים אגודת שיתופי,,ביסקוויט ממולא קקאו,גרמים,220.00,100 גרם,false,,7.90,0.0359,true,1,1373322
4017100210105,false,וופל מגולגל מצופה שוקולד מריר בלזן 100 גרם,הדקלאים אגודת שיתופי,,גלילי וופל מריר.,גרמים,100.00,100 גרם,false,,10.90,0.1090,true,1,1373324
4017100219900,false,בלזן וופלטן וופל מגולגל מצופה שוקולד חלב 100 גרם,הדקלאים אגודת שיתופי,,גלילי וופל עם שוקולד,גרמים,100.00,100 גרם,false,,10.90,0.1090,true,1,1373326
4017100290008,false,בלזן בסקויט חמאה מצופה שוקולד חלב 125 גרם,הדקלאים אגודת שיתופי,,ביסקוויט וופל שוקולד,גרמים,125.00,100 גרם,false,,10.90,0.0872,true,1,1373329
4017100290503,false,ביסקוויט מצופה שוקולד בטעם תפוז בלזן 125 גרם,ליימן שליסל בע`מ,,ביסקוויט וופל שוקולד,גרמים,125.00,100 גרם,false,,10.90,0.0872,true,1,2346027
4017100291005,false,בלזן לייבניז בסקויט חמאה מצופה שוקולד מריר 125 גרם,הדקלאים אגודת שיתופי,,ביסקוויט וופל שוקולד,גרמים,125.00,100 גרם,false,,10.90,0.0872,true,1,1373330
4017100364112,false,בלזן היט בסקוויט סנדביץ עם מלית קרם בטעם שוקולד קקאו (41%) 220 גרם,הדקלאים אגודת שיתופי,,ביסקוויט ממולא וניל,גרמים,220.00,100 גרם,false,,7.90,0.0359,true,1,1373333
4018722100188,false,אלב גולד-אטריות רחבות כוסמין וביצים 250 גרם,נטורפוד בעמ,,אטריות רחבות כוסמין,גרמים,250.00,100 גרם,false,,15.90,0.0636,true,1,1958935
4018722102656,false,ספגטי כוסמין אורגני 500 גרם,נטורפוד בעמ,,ספגטי כוסמין אורגני,גרמים,500.00,100 גרם,false,,16.90,0.0338,true,1,1958937
4023800012109,false,מרציפן שלוקוורד מצופ,שוקוטרייד בעמ,,מרציפן 100 גרם,גרמים,100.00,100 גרם,false,,7.90,0.0790,true,1,1384391
4023800231647,false,בונבוניירה מוצארט 200 גרם Mozartkugeln,שוקוטרייד בעמ,,בונבו מוצרט קוגל 200,יחידה,0.00,יחידה,false,,19.90,0.0000,true,1,2223837
4025700001962,false,מילקה טבלה 100 גר' לבן 1/22 (4248023),דיפלומט מפיצים (1968) בעמ**,,מילקה שוקולד לבן 100,גרמים,100.00,100 גרם,false,,5.90,0.0590,true,1,2250093
4027314005800,false,צמח מלח סליקורניה,,,סלקוריניה,00000000000000000000,0.00,00000000000000000000,false,,6.90,0.0000,true,1,1483595
4028208000284,false,נייר פילטר מספר 4 - BRIGITTA ובו 80 יחידות,דנשר (1963) בעמ,DE,מליטה נייר פילטר מספר 80,יח',80.00,יח',false,,11.90,0.1488,true,1,1400988
4037719068317,false,קוונדיש סוכריות בפחית פירות יער,קוונדיש והרווי C&H,,סוכריות פחיות טעם יע,גרמים,200.00,100 גרם,false,,9.90,0.0495,true,1,1384401
4037719680212,false,סוכריות קוונדיש תות שדה 200ג' (9),שוקוטרייד בעמ,,סוכריות פחיות טעם תו,גרמים,200.00,100 גרם,false,,9.90,0.0495,true,1,1384402
4045787068375,false,"אינדולה - פרוטאין צבע 6 בלונד כהה 60 מ""ל",שוורצקופף והנקל,DE,אינדולה פרוטאין קולור שפו,מיליליטרים,60.00,"100 מ""ל",false,,11.90,0.1983,true,1,1369721
4052197000017,false,"בירה בנדיקטינר חיטה לא מסוננת 500 מ""ל",בנדיקטינר וויצבראו,,בירה בנדקטינר,מיליליטרים,500.00,"100 מ""ל",false,,9.90,0.0198,true,1,2260133
4052197001281,false,בירה בנדיקטינר 500 מל פחית,לפ א.ג.ת.ד. שיווק והפצה,,בירה בנדקטינר,מיליליטרים,500.00,"100 מ""ל",false,,7.90,0.0158,true,1,2268042
4056800649884,false,"וולה - פלקס ספריי לנפח ליומיים 250 מ""ל",פרוקטר אנד גמבל,,ספריי לשיער וולה פלק,מיליליטרים,250.00,"100 מ""ל",false,,29.90,0.1196,true,1,2278495
4056800762637,false,קולסטון נטורלס מיני קיט 7/3 חום ערמוני,HFC פרסטיג',,צבע קולסטון מיני קיט,גרמים,150.00,100 גרם,false,,24.90,0.1660,true,1,1926357
4056800762699,false,צבע לשיער קולסטון מיני קיט בלונד בינוני 7/0,HFC פרסטיג',,צבע קולסטון מיני קיט,גרמים,150.00,100 גרם,false,,24.90,0.1660,true,1,1926359
4056800762842,false,צבע לשיער קולסטון מיני קיט חום בהיר 5/0,HFC פרסטיג',,צבע קולסטון מיני קיט,גרמים,150.00,100 גרם,false,,24.90,0.1660,true,1,1926362
4056800762873,false,צבע לשיער קולסטון מיני קיט חום בינוני 4/0,HFC פרסטיג',,צבע קולסטון מיני קיט,גרמים,150.00,100 גרם,false,,24.90,0.1660,true,1,1926363
4056800762903,false,צבע לשיער קולסטון מיני קיט חום כהה 3/0,HFC פרסטיג',,צבע קולסטון מיני קיט,גרמים,150.00,100 גרם,false,,24.90,0.1660,true,1,1926348
4056800762934,false,צבע לשיער קולסטון מיני קיט שחור 2/0,HFC פרסטיג',,צבע קולסטון מיני קיט,גרמים,150.00,100 גרם,false,,24.90,0.1660,true,1,1926349
4056800763085,false,צבע לשיער קולסטון מיני קיט אדום חושני 5/45,HFC פרסטיג',,צבע קולסטון מיני קיט,גרמים,150.00,100 גרם,false,,24.90,0.1660,true,1,1926367
4056800777853,false,צבע לשיער קולסטון קיט 4/0 חום בינוני,פרוקטר אנד גמבל,DE,קולסטון קיט 4/0 חום בינונ,גרמים,165.00,100 גרם,false,,39.90,0.2418,true,1,1351397
4056800912483,false,"וולה - פלקס מוס למראה שיער מלא 200 מ""ל",דיפלומט מפיצים (1968) בעמ,,מוס לשיער למראה שיער,מיליליטרים,200.00,"100 מ""ל",false,,24.90,0.1245,true,1,2278496
4056800943739,false,קרם חמצן וולוקסון Welloxon 6%,דיפלומט מפיצים 1968 בעמ,FR,וולוקסון 6%,מיליליטרים,75.00,"100 מ""ל",false,,3.90,0.0520,true,1,1351428
4056800943791,false,קרם חמצן וולוקסון Welloxon 9%,דיפלומט מפיצים (1986) בע`מ,FR,וולוקסון 9%,מיליליטרים,75.00,"100 מ""ל",false,,3.90,0.0520,true,1,1351429
4056800980444,false,צבע לשיער קולסטון מיני קיט סגול 3/66,HFC פרסטיג',,צבע קולסטון מיני קיט,גרמים,150.00,100 גרם,false,,24.90,0.1660,true,1,1926368
4056800980567,false,קולסטון נטורלס מיני קיט 6/7 חום שוקולד,דיפלומט,,צבע קולסטון מיני קיט,גרמים,150.00,100 גרם,false,,24.90,0.1660,true,1,1926370
4064666232393,false,"וולה - פלקס ספריי לשיער צבוע 250 מ""ל",THEORAT INTERSPRAY,,ספריי לשיער צבוע ו,מיליליטרים,250.00,"100 מ""ל",false,,29.90,0.1196,true,1,2372940
4064666232409,false,"וולה - פלקס מוס לעיצוב אקסטרה גמיש 200 מ""ל",דיפלומט מפיצים (1968) בעמ,,מוס לשיער וולה פלקס,מיליליטרים,200.00,"100 מ""ל",false,,24.90,0.1245,true,1,2372941
4066600601920,false,פאולנר ביתר חיטה מעוננת 500 מל,טמפו משקאות בע`מ,,"בירה פאולנר 500 מ""ל",מיליליטרים,500.00,"100 מ""ל",false,,10.90,0.0218,true,1,2240346
4066600612049,false,"בירה פאולנר אורטובר פאסט 500 מ""ל בקובק",טמפו משקאות בע`מ,,בירה פאולנר אוקטוברפ,מיליליטרים,500.00,"100 מ""ל",false,,10.90,0.0218,true,1,2222355
4066600999614,false,"בירה פאולנר, בירת חיטה מעוננת, בקבוק 500 מ""ל",טמפו משקאות בע`מ,,"בירה פאולנר 500 מ""ל",מיליליטרים,500.00,"100 מ""ל",false,,10.90,0.0218,true,1,1517015
4067700014849,false,"ליקר ייגרמייסטר 700מ""ל",הכרם - משקאות חריפים בעמ,,ייגרמייסטר ליקר,מיליליטרים,700.00,"100 מ""ל",false,,79.90,0.1141,true,1,1486484
4084500065536,false,פנטן קרם לחות מוגברת לעיצוב השיער 300 מ,דיפלומט מפיצים (1968) בעמ,,"קרם לחות פנטן 300 מ""",מיליליטרים,300.00,"100 מ""ל",false,,18.90,0.0630,true,1,1351431
4084500065598,false,"קרם לחות פנטן לתלתלים מושלמים 300 מ""ל",דיפלומט מפיצים (1968) בעמ,,"קרם לחות פנטן 300 מ""",מיליליטרים,300.00,"100 מ""ל",false,,18.90,0.0630,true,1,1351432
4084500088917,false,נוזל לניקוי כלים לימון פיירי (650 מל),דיפלומט מפיצים (1986) בע`מ,GB,פיירי אוריגינל 750מ'ל,מיליליטרים,650.00,"100 מ""ל",false,,11.90,0.0183,true,1,1415519
4084500149526,false,טייד גל כביסה 2.48 ליטר אלפים רענן,דיפלומט מפיצים (1986) בע`מ,FR,טייד ג'ל 2.48 ליטר,ליטרים,2.48,ליטר,false,,29.90,12.0565,true,1,1351438
4084500178137,false,טייד נוזל כביסה 4 ליטר,דיפלומט מפיצים (1968) בעמ,FR,טייד ג'ל 4 ליטר,ליטרים,4.00,ליטר,false,,35.90,8.9750,true,1,1351439
4084500739253,false,"אוראל בי משחת שיניים- להלבנה לובן מהודר 75 מ""ל",דיפלומט מפיצים (1968) בעמ,,אורל בי משחת שיניים,מיליליטרים,75.00,"100 מ""ל",false,,19.90,0.2653,true,1,2280050
4084500853553,false,פיירי נוזל כלים קלאסי אורגינל 650 מל,דיפלומט מפיצים (1986) בע`מ,GB,פיירי אוריגינל 750מ'ל,מיליליטרים,650.00,"100 מ""ל",false,,11.90,0.0183,true,1,1415520
4084500853836,false,"נוזל כלים פיירי ורדים ומשי 515 מ""ל בד""צ",דיפלומט מפיצים (1986) בע`מ,GB,פיירי אלוורה ומלפפונים 6,מיליליטרים,515.00,"100 מ""ל",false,,11.90,0.0231,true,1,1415523
4084500853898,false,"נוזל כלים פיירי אלוורה ומלפפונים 515 מ""ל בד""צ",דיפלומט מפיצים (1986) בע`מ,GB,פיירי אלוורה ומלפפונים 6,מיליליטרים,515.00,"100 מ""ל",false,,11.90,0.0231,true,1,1415524
4084500854048,false,נוזל לניקוי כלים לימון פיירי (1.24 ליטר),דיפלומט מפיצים (1968) בעמ,,פיירי לימון 1.24 ליט,ליטרים,1.24,ליטר,false,,17.90,14.4355,true,1,1415525
4084500920880,false,נוזל כלים פיירי אורגינל ירוק 1.24 ליטר,דיפלומט מפיצים (1968) בעמ,,פיירי 1.24 ליטר אורג,ליטרים,1.24,ליטר,false,,17.90,14.4355,true,1,1415526
4100130924002,false,בירה בקס ללא אלכוהול,,,בירה בק'ס שישייה ללא,ליטרים,1.65,ליטר,false,,24.90,15.0909,true,1,2282166
4100130937163,false,בירה בקס שישייה 6*275 מל,הכרם -משקאות חריפים בע`מ,,בירה בקס שישיה,ליטרים,1.65,ליטר,false,,24.90,15.0909,true,1,1789286
4105120623941,false,"בירה ויינשטפן בק' ח""פ 500 מ""ל",החברה המרכזית להפצת משקאות בעמ,,"בירה ויינשטפן 500 מ""",מיליליטרים,500.00,"100 מ""ל",false,,9.90,0.0198,true,1,1842997
4105120624412,false,"ויינשטפן ויטוס בק`ח""פ 500 מ""ל",החברה המרכזית להפצת משקאות בעמ,,בירה ויינשטפן ויטוס,מיליליטרים,500.00,"100 מ""ל",false,,10.90,0.0218,true,1,2297819
4210201176534,false,אורל בי ראש חשמלי סנסיטיב זוג,דיפלומט,,2יח ראש אורל בי ראש,יח',2.00,יח',false,,59.90,29.9500,true,1,2337652
4210201176688,false,אורל בי ראש חשמלי סנסיטיב רביעייה,דיפלומט מפיצים (1968) בעמ,,4 ראש אורל בי ראש חש,יח',4.00,יח',false,,84.90,21.2250,true,1,2337653
4210201320111,false,אורל בי מברשת שיניים חשמלית נטענת לילדים,"מיוצר עבור בראון, גרמניה",,מברשת שיניים חשמלית,יחידה,0.00,יחידה,false,,84.90,0.0000,true,1,2337665
4210201360742,false,אורל בי ראש חשמלי ניקוי יסודי רביעייה,דיפלומט מפיצים (1968) בעמ,,4 ראש אורל בי ראש חש,יח',4.00,יח',false,,84.90,21.2250,true,1,2337655
4210201822448,false,אורל בי מברשת שיניים עם סוללות פרואקספרט,פרוקטר & גמבל,,מברשת שיניים עם סולל,יחידה,0.00,יחידה,false,,59.90,0.0000,true,1,1491484
4260147890513,false,אטריות ביצים דקות ורמיצ'לי 500ג',דין שיווק וקליה 2021 בעמ,,איטריות ורמיצ'לי איט,גרמים,500.00,100 גרם,false,,9.90,0.0198,true,1,1374397
4260334140193,false,וגו ממרח אגוזי לוז וקקאו אורגני 200 גרם,גוד פוד פרודקטס S.p,,ממרח אגוזי לוז אורגנ,גרמים,200.00,100 גרם,false,,24.90,0.1245,true,1,2135135
4446668881470,false,מפיון לבן/שחור מלבן,,,מפיון לבן/שחור מלבן,יחידה,0.00,יחידה,false,,12.90,0.0000,true,1,2301998
4511428200010,false,ביטוי פיט דר` מל ספרי לנעל 6-1,חלאבין,,ספריי לנעלים,מיליליטרים,250.00,"100 מ""ל",false,,24.90,0.0996,true,1,1782877
4600659010854,false,וודקה סטוליצ`יניה (700 מל),הכרם -משקאות חריפים בע`מ,,וודקה סטוליצ'ניה 700,מיליליטרים,700.00,"100 מ""ל",false,,59.90,0.0856,true,1,1380916
4600659011059,false,וודקה סטולי פרימיום 1 ליטר,הכרם - משקאות חריפים בעמ,,וודקה סטוליצניה,ליטרים,1.00,ליטר,false,,79.90,79.9000,true,1,1380917
4601576004032,false,מיונז מצטה חוזייקי זיתים רוטב לסלט 876 ג,OAO ZHIROVOY KOMBINA,,רוטב לסלט מצ'טה חוזי,גרמים,873.00,100 גרם,false,,19.90,0.0228,true,1,1381922
4601576004100,false,מיונז מצטה חוזייקי קלאסי רוטב לסלט 873 ג,OAO ZHIROVOY KOMBINA,,מיונז מצ'טה חוזייקי,גרמים,873.00,100 גרם,false,,19.90,0.0228,true,1,1381923
4602486002057,false,"וודקה בלנקאיה ספשיאל אדישן כשל""פ 0.7ל",לפ א.ג.ת.ד. שיווק והפצה,,וודקה בלנקאיה,מיליליטרים,700.00,"100 מ""ל",false,,59.90,0.0856,true,1,2297769
4602486002071,false,"וודקה בלנקאיה גולד 700 מ""ל",מזקקת גאורגייבסקי קר,,וודקה בלנקאיה,מיליליטרים,700.00,"100 מ""ל",false,,59.90,0.0856,true,1,2297770
4603400000043,false,וודקה רוסקי יורוסטנדרט (700 מל),רוסקי סטנדרט וודקה,,"וודקה רוסקי 700מ""ל",מיליליטרים,700.00,"100 מ""ל",false,,69.90,0.0999,true,1,1381924
4603928000983,false,וודקה בלוגה נובל 1 ליטר,מרינסקי ליקרו-וודאצ'ני ז,,וודקה בלוגה 1 ליטר,ליטרים,1.00,ליטר,false,,159.90,159.9000,true,1,1409877
4605246003738,false,תה גרינפילד ירוק יסמין 25 שקי 50 גר,אורימי,RU,תה גרינפילד 25\1 שק ירוק,גרמים,50.00,100 גרם,false,,11.90,0.2380,true,1,1395222
4605246004339,false,חליטה תה גרינפילד סאמר בוקט 25 שקי,גרינפילד Greenfield,RU,תה גרינפילד 25\1 שק פטל,גרמים,50.00,100 גרם,false,,11.90,0.2380,true,1,2276264
4605246005251,false,תה גרינפילד שחור ספרינג מלודי 25 שקי,אורימי,RU,תה גרינפילד 25\1 שק ספרינ,גרמים,37.50,100 גרם,false,,11.90,0.3173,true,1,1395236
4605246007118,false,תה גרינפילד שחור לימון 25 שקי 37.5 גר,גרינפילד Greenfield,RU,תה גרינפילד 25\1 שק לימון,גרמים,37.50,100 גרם,false,,11.90,0.3173,true,1,1395241
4605246013690,false,תה גרינפלד בתפזורת 100 גר Summer Bouquet,,,תה גרינפילד תערובת ח,גרמים,50.00,100 גרם,false,,11.90,0.2380,true,1,2276265
4605246013881,false,תה ירוק בטעם גינגר וחבושים-25 שקיות,אורימי,,תה גרינפילד בטעם ג'י,גרמים,37.50,100 גרם,false,,11.90,0.3173,true,1,2283578
4607002990290,false,מלפפונים מוחמצים 680 גר D. Vanya,רוסקויי פולה אלבאשי,,מלפפונים מוחמצים,גרמים,680.00,100 גרם,false,,11.90,0.0175,true,1,2057171
4607002990474,false,עגבניות מוחמצות דיאדיה וניה 680 גר,רוסקויי פולה אלבאשי,,עגבניות מוחמצות,גרמים,680.00,100 גרם,false,,11.90,0.0175,true,1,2231597
4607002990481,false,עגבניות במיץ עגבניות דיאדיה וניה 680 גרם,דדיה ואניה,,עגבניות במיץ עגבניות,גרמים,680.00,100 גרם,false,,11.90,0.0175,true,1,2057172
4607002995868,false,"פלפלים ברוטב עגבניות ""לצ'ו""",דדיה ואניה,,שימורי ירקות מוחמצים,גרמים,680.00,100 גרם,false,,11.90,0.0175,true,1,2057174
4607002995943,false,ממרח קישואים קלויים דיאדיה וניה 460 גר,דדיה ואניה,,ממרח קישואים קלויים,גרמים,460.00,100 גרם,false,,9.90,0.0215,true,1,2275072
4607012352095,false,גרעיני חמניות מרטין עם מלח 500 גרם,מרטין,,גרעיני חמניות 500 גר,גרמים,500.00,100 גרם,false,,26.90,0.0538,true,1,2062473
4607012352453,false,גרעיני חמניות מרטין פסים עם מלח 150 גר,אל אל סי מרטין,,גרעיני חמניות עם פסי,גרמים,150.00,100 גרם,false,,8.90,0.0593,true,1,1853233
4607051158306,false,תה שחור איזבלה גראפ,או א.או מאי קומפני,,תה שחור,גרמים,34.00,100 גרם,false,,9.90,0.2912,true,1,2252384
4607109409619,false,פיניש הכל ב-1 טבליות למדיח 25 יח,רקיט בנקיזר (ניר איסט) בעמ,,פיניש 25 טבליות AIO,יח',25.00,יח',false,,29.90,1.1960,true,1,1483086
4640018993343,false,פיניש קוואנטום קפסולות ג'ל למדיח כלים 30 יח',רקיט בנקיזר (ניר איסט) בעמ,,טבליות למדיח כלים 30,יח',30.00,יח',false,,34.90,1.1633,true,1,2256218
4640018993350,false,פיניש קוואנטום קפסולות ג'ל למדיח כלים לימון 30 יח',רקיט בנקיזר (ניר איסט) בעמ,,טבליות למדיח כלים 30,יח',30.00,יח',false,,34.90,1.1633,true,1,2256219
4640018993398,false,פיניש קוואנטום 60 יח' קפסולות ג'ל למדיח כלים,רקיט בנקיזר (ניר איסט) בעמ,,טבליות למדיח כלים 60,יח',60.00,יח',false,,54.90,0.9150,true,1,2256226
4710068001692,false,מאסטר קפה בטעם לאטה בפחית 240מ`ל,תאיט מרקטינג אנד דיסטריב,,מאסטר קפה,מיליליטרים,240.00,"100 מ""ל",false,,5.90,0.0246,true,1,1350450
4710068001715,false,משקה בטעם טירמיסו מאסטר קפה (240 מל),יוני פרזינדנט אנטרפר,,מאסטר קפה טרמיסו,מיליליטרים,250.00,"100 מ""ל",false,,5.90,0.0236,true,1,1350451
4710068001739,false,מאסטר קפה בטעם קולומביאני בפחית 240מ`ל,יוני פרזינדנט אנטרפר,,מאסטר קפה קולומביאני,מיליליטרים,250.00,"100 מ""ל",false,,5.90,0.0236,true,1,1350452
4710068002798,false,מאסטר קפה בטעם וניל בפחית 240מ`ל,מאיטה פוד אינדוסטריאל קו,,מאסטר קפה ונילה,מיליליטרים,240.00,"100 מ""ל",false,,5.90,0.0246,true,1,2186606
4740098079316,false,"סיידר ""FIZZ"" תות שדה 500 מ""ל","""cesu alus""",,סיידר פיז תות שדה 50,מיליליטרים,500.00,"100 מ""ל",false,,7.90,0.0158,true,1,1503957
4740098079323,false,סיידר אלכוהול אגס 0.,"""cesu alus""",,"סיידר פיז אגס 500 מ""",מיליליטרים,500.00,"100 מ""ל",false,,7.90,0.0158,true,1,2197127
4740098084440,false,"סיידר ""FIZZ"" תפוח עץ 500 מ""ל","""cesu alus""",,סיידר פיז תפוח-עץ 50,מיליליטרים,500.00,"100 מ""ל",false,,7.90,0.0158,true,1,1732618
4750142002719,false,"בירה בירה לא מסוננת צסו יורמלה 500 מ""ל","""cesu alus""",,בירה בפחית לא מסוננת,מיליליטרים,500.00,"100 מ""ל",false,,6.90,0.0138,true,1,2354943
4750142003426,false,"בירה פילסנר פחית 500 מ""ל אקסטרה",צ'סו אלוס,,בירה פילזנר בהירה בפ,מיליליטרים,500.00,"100 מ""ל",false,,6.90,0.0138,true,1,2252665
4750142005000,false,"בירה כהה בוהמיין צסו 568 מ""ל","""cesu alus""",,בירה צ'סו כהה בוהמיי,מיליליטרים,568.00,"100 מ""ל",false,,8.90,0.0157,true,1,2354936
4750142005062,false,"בירה ברוזה לא מסוננת צסו 568 מ""ל","""cesu alus""",,בירה ברוז'ה לא מסונן,מיליליטרים,568.00,"100 מ""ל",false,,8.90,0.0157,true,1,2354937
4750142016518,false,בירה צסו לא מסוננת 5.4% 568 מל,מנדלז סי.אר. פרודקשן,,בירה צ'סו לא מסונן 5,מיליליטרים,568.00,"100 מ""ל",false,,8.90,0.0157,true,1,1503940
4750142021505,false,"בירה PILSENER בהירה 4.7% פחית 500 מ""ל",צ'סו אלוס,,בירה פילזנר .בהירה ב,מיליליטרים,500.00,"100 מ""ל",false,,6.90,0.0138,true,1,1853207
4750616000258,false,שפרוטים גדולים מעושנים בשמן צמחי,בריויאס וילניוס,,שימורי דגים שפרוטים,גרמים,190.00,100 גרם,false,,7.90,0.0416,true,1,2057184
4750616000593,false,דגי שפרוטים גדולים מעושנים,בריויאס וילניוס,,שימורי דגים שפרוטים,גרמים,190.00,100 גרם,false,,7.90,0.0416,true,1,2057185
4750616001194,false,שפרוטים מעושנים ריגה 240 גרם פ.ק,בריויאס וילניוס,,שימורי דגים שפרוטים,גרמים,240.00,100 גרם,false,,7.90,0.0329,true,1,1972436
4750616001361,false,סלאקה מעושנת בשמן 190 גר BRIVAIS VILNIS,בריויאס וילניוס,,שימורי דגים סלאקה מע,גרמים,190.00,100 גרם,false,,7.90,0.0416,true,1,1972437
4750616001651,false,דגי שיפרוט גדולים מעושנים בשמן צמחי,בריויאס וילניוס,,שימורי דגים שפרוטים,גרמים,240.00,100 גרם,false,,7.90,0.0329,true,1,1972430
4750616001989,false,ממרח שפרוטים 250 גרם פ.ק,בריויאס וילניוס,,שימורי דגים פטה שפרו,גרמים,240.00,100 גרם,false,,4.90,0.0204,true,1,1972444
4750616002337,false,קילקה במיץ עגבניות בריווס וילנוס 240 גר,בריויאס וילניוס,,שימורי דגים קילקה במ,גרמים,240.00,100 גרם,false,,4.90,0.0204,true,1,1972446
4750616002344,false,קילקה עם ירקות במיץ עגבניות 240 גר,בריויאס וילניוס,,שימורי דגים קילקה עם,גרמים,240.00,100 גרם,false,,4.90,0.0204,true,1,1972447
4796019790013,false,שמן קוקוס כבישה קרה אורגני גרין קוקו 300,נטורפוד בעמ,,שמן קוקוס אורגני 300,מיליליטרים,300.00,"100 מ""ל",false,,19.90,0.0663,true,1,1486847
4796019790020,false,שמן קוקוס אורגני כבישה קרה גרין קוקו 500,נטורפוד בעמ,,שמן קוקוס אורגני 500,מיליליטרים,500.00,"100 מ""ל",false,,29.90,0.0598,true,1,1486848
4800888150080,false,"דאב - דאודורנט רול און לאישה פרש טאצ' מלפפונים 50 מ""ל",יוניליוור ישראל שיווק בע`מ,PH,דאב דאו רול-און פרש 50טאץ,מיליליטרים,50.00,"100 מ""ל",false,,17.90,0.3580,true,1,1388884
4800888209368,false,רקסונה - דאודורנט סטיק לגבר אקסטרא קול 50 גרם,"יוניליוור ישראלשיווק בע""מ",,דאודורנט סטיק רקסונה,מיליליטרים,50.00,"100 מ""ל",false,,16.90,0.3380,true,1,2247896
4800888209382,false,רקסונה דאודורנט סטיק אינביזיבל 50 גרם (נשים),יוניליוור ישראל שיווק בע`מ,,דאודורנט סטיק רקסונה,מיליליטרים,50.00,"100 מ""ל",false,,16.90,0.3380,true,1,2255029
4800888209405,false,רקסונה - דאודורנט סטיק לגבר קובלט דריי 50 גרם,יוניליוור ישראל שיווק בעמ,,דאודורנט סטיק רקסונה,מיליליטרים,50.00,"100 מ""ל",false,,16.90,0.3380,true,1,2247898
4800888210197,false,דאו דאב סטיק אנטיפרספירנט קוקוס ויסמין50,"יוניליוור ישראל שיווק בע""מ",,דאב דאו סטיק קוקוס 5,גרמים,50.00,100 גרם,false,,18.90,0.3780,true,1,2232605
4800888219527,false,דאב - דאודורנט סטיק לאישה ללא סימן אינביזיבל 50 גרם,יוניליוור ישראל שיווק בעמ,,דאב דאו סטיק אינביזי,גרמים,50.00,100 גרם,false,,18.90,0.3780,true,1,2308500
4800888219534,false,דאב - דאודורנט סטיק לאישה אנטי פרספירמט 50 גרם,יוניליוור ישראל שיווק בע`מ,,דאב סטיק אורגינל 50,גרמים,50.00,100 גרם,false,,18.90,0.3780,true,1,2302209
4800888219541,false,רקסונה - דאודורנט סטיק לאישה פאוודר דרי 50 גרם,יוניליוור ישראל שיווק בעמ,,דאודורנט סטיק רקסונה,מיליליטרים,150.00,"100 מ""ל",false,,16.90,0.1127,true,1,2318573
4801234159856,false,גלייד מיני-ג'ל מפיץ ריח בניחוח מרכך כביסה 70 גרם,ג'ינסו ג'ונסון טונגד,ID,גלייד מיני ג'ל בניחוח מרכ,גרמים,75.00,100 גרם,false,,6.90,0.0920,true,1,1400999
4801234159863,false,גלייד מיני-ג'ל מפיץ ריח בניחוח חבצלות ופרחי בר 70 גרם,המאפיה של הרמן,ID,גלייד מיני ג'ל בניחוח חבצ,גרמים,75.00,100 גרם,false,,6.90,0.0920,true,1,1401000
4810168000011,false,פילה דג הרינג מלוח מצונן 250 גרם,דילר בי.אם.די. פורמולה בעמ,,פילה דג הרינג מלוח מ,גרמים,250.00,100 גרם,false,,13.90,0.0556,true,1,2097392
4810168000066,false,פילה דג הרינג מלוח מצונן עם תבלינים 250 גרם,דילר בי.אם.די. פורמולה בעמ,,פילה דג הרינג מלוח מ,גרמים,250.00,100 גרם,false,,13.90,0.0556,true,1,2097393
4810168000998,false,פילה דג הרינג מלוח מצונן עם בצל בצנצנת חתיכות 260גרם,דילר בי.אם.די. פורמולה בעמ,,חתיכות פילה דג הרינג,גרמים,260.00,100 גרם,false,,17.90,0.0688,true,1,2097394
4810168001056,false,פילה דג הרינג מלוח מצונן בצנצנת חתיכות 260גרם,דילר בי.אם.די. פורמולה בעמ,,חתיכות פילה דג הרינג,גרמים,260.00,100 גרם,false,,17.90,0.0688,true,1,2097395
4810168018795,false,חתיכות פילה דג הרינג מלוח מצונן 200גרם,דילר בי.אם.די. פורמולה בעמ,,חתיכות פילה דג הרינג,גרמים,200.00,100 גרם,false,,13.90,0.0695,true,1,2097396
4810168019051,false,חתיכות פילה דג הרינג מלוח מצונן עם תבלין 200גרם,דילר בי.אם.די. פורמולה בעמ,,חתיכות פילה דג הרינג,גרמים,200.00,100 גרם,false,,13.90,0.0695,true,1,2097397
4810168024512,false,פילה דג הרינג מלוח מצונן עם תבלין בצנצנת חתיכות 260 גרם,דילר בי.אם.די. פורמולה בעמ,,חתיכות פילה דג הרינג,גרמים,260.00,100 גרם,false,,17.90,0.0688,true,1,2097398
4810168058975,false,חתיכות פילה דג הרינג סקנדינבי מלוח מצונן 260 גר,דילר בי.אם.די. פורמולה בעמ,,חתיכות פילה דג הרינג,גרמים,260.00,100 גרם,false,,17.90,0.0688,true,1,2364069
4810278004008,false,חליטת פירות וצמחים O,,,תה ירוק 25 שקיות,גרמים,45.00,100 גרם,false,,9.90,0.2200,true,1,2281549
4820080720584,false,"וודקה חלבני 700 מ""ל דאר קלסיק 700מל כ",יורוסטנדרט בעמ,,"וודקה קלאסיק 700מ""ל",מיליליטרים,700.00,"100 מ""ל",false,,54.90,0.0784,true,1,1381935
4820163880167,false,"מאג רוז 260 מ""ל",,,"מאג רוז 260 מ""ל",יחידה,0.00,יחידה,false,,3.90,0.0000,true,1,2154678
4820198873264,false,תה שחור ריצ ציילון 2,,,תה שחור 25 שקיות,גרמים,45.00,100 גרם,false,,9.90,0.2200,true,1,2228884
4823077602863,false,רושן סוכריות ג'לי קרייזי פצ'ולקה 200 גרם,דילר בי.אמ.די.אינטרנשויונל בעמ,UA,סוכ.דבורה משוגעת 200 ג בש,גרמים,200.00,100 גרם,false,,6.90,0.0345,true,1,2304261
4823077604379,false,"סוכריות ראצקי 1 ק""ג רושן",קייב קרמנציק,,סוכריות קשות במילוי,גרמים,1000.00,100 גרם,false,,24.90,0.0249,true,1,2097194
4823077608933,false,"סוכריות לצנה 1 ק""ג רושן",,,סוכריות שוקולד לצ'נה,גרמים,1000.00,100 גרם,false,,54.90,0.0549,true,1,2097218
4823077612732,false,רושן סוכריות ממולאות בטעם פירות ביים בום 200 גרם,דילר בי.אמ.די.אינטרנשויונל בעמ,,סוכריות קשות ממולאות,גרמים,150.00,100 גרם,false,,4.90,0.0327,true,1,2149660
4823077613203,false,שוקולד רושן מריר + פונדוק שלם 90 גר רושן,דילר בי.אמ.די.אינטרנשויונל בעמ,,שוקולד רושן מריר + פ,גרמים,90.00,100 גרם,false,,7.90,0.0878,true,1,2097223
4823077613630,false,חטיף שוקולד רושן ממולה קרם בורלה 43 גרם,דילר בי.אמ.די.אינטרנשויונל בעמ,,חטיף שוקולד באטונצ'י,גרמים,40.00,100 גרם,false,,3.90,0.0975,true,1,2295857
4823077614699,false,ביסקוויט לקפה רושן בטעם חמאה וניל 185 גרם,דילר בי.אמ.די.אינטרנשויונל בעמ,,ביסקוויט לקפה רושן,גרמים,185.00,100 גרם,false,,3.90,0.0211,true,1,2378395
4823077614767,false,שוקולד רושן חלב נוגט בטעם אגוזי לוז 90 גרם,דילר בי.אמ.די.אינטרנשויונל בעמ,,שוקולד רושן חלב נוגט,גרמים,90.00,100 גרם,false,,4.90,0.0544,true,1,2312277
4823077614804,false,שוקולד רושן חלב נוגט בטעם אוכמניות כחולות 90 גרם,דילר בי.אמ.די.אינטרנשויונל בעמ,,שוקולד חלב נוגט בטעם,גרמים,90.00,100 גרם,false,,4.90,0.0544,true,1,2097228
4823077617041,false,חטיף שוקולד רושן ממולה קרם קרמל 43 גרם,דילר בי.אמ.די.אינטרנשויונל בעמ,,חטיף שוקולד באטונצ'י,גרמים,40.00,100 גרם,false,,3.90,0.0975,true,1,2097232
4823077618161,false,גליליות ופל רושן קונפטו חלב 140 גרם,דילר בי.אמ.די.אינטרנשויונל בעמ,,"גליליות רושן ""קונאפט",גרמים,140.00,100 גרם,false,,6.90,0.0493,true,1,2378405
4823077618901,false,בונבוניירה רושן דובדבן ליקר רום 150 גרם,דילר בי.אמ.די.אינטרנשויונל בעמ,,בונבוניירה שוטרס רום,גרמים,150.00,100 גרם,false,,12.90,0.0860,true,1,2097233
4823077621635,false,חטיף שוקולד רושן בטעם חלב 72 גרם,דילר בי.אמ.די.אינטרנשויונל בעמ,,וופל רושן אישי,גרמים,72.00,100 גרם,false,,3.90,0.0542,true,1,2334805
4823077621642,false,חטיף שוקולד רושן בטעם שוקולד 72 גר,דילר בי.אמ.די.אינטרנשויונל בעמ,,וופל רושן אישי,גרמים,72.00,100 גרם,false,,3.90,0.0542,true,1,2334806
4823077621659,false,חטיף שוקולד רושן בטעם אגוז 72 גר,דילר בי.אמ.די.אינטרנשויונל בעמ,,וופל רושן אישי,גרמים,72.00,100 גרם,false,,3.90,0.0542,true,1,2334807
4823077623684,false,רושן סוכריות ממולאות קרם בטעם חלב סוייט דרופס 150 גרם,דילר בי.אמ.די.אינטרנשויונל בעמ,,סוכריות קשות ממולאות,גרמים,150.00,100 גרם,false,,4.90,0.0327,true,1,2137265
4823077623714,false,רושן סוכריות טופי ממולאים בטעם חלב מילקי ספלש 150 גרם,דילר בי.אמ.די.אינטרנשויונל בעמ,,סוכריות טופי בטעם חל,גרמים,180.00,100 גרם,false,,6.90,0.0383,true,1,2097244
4823077624223,false,"רושן ממתקי סוכריות ג'ילי ""בוני פרוט"" בטעמי פירות 200 גר",דילר בי.אמ.די.אינטרנשויונל בעמ,,"ממתקי ג'ילי ""בוני פר",גרמים,200.00,100 גרם,false,,6.90,0.0345,true,1,2195893
4823077624247,false,"רושן ממתקי סוכריות ג'ילי ""בוני פרוט"" בטעם הדרים 200 גר",דילר בי.אמ.די.אינטרנשויונל בעמ,,"ממתקי ג'ילי ""בוני פר",גרמים,200.00,100 גרם,false,,6.90,0.0345,true,1,2097245
4823077625145,false,ממתקי שוקולד מריר עם דובדבן בליקר דובדבן,דילר בי.אמ.די.אינטרנשויונל בעמ,,בונבוניירה דובדבן+ ל,גרמים,155.00,100 גרם,false,,12.90,0.0832,true,1,2137266
4823077626203,false,שוקולד רושן אורירי מריר 80 גרם,דילר בי.אמ.די.אינטרנשויונל בעמ,,שוקולד אורירי חלב 80,גרמים,80.00,100 גרם,false,,6.90,0.0863,true,1,2195894
4823077626241,false,שוקולד רושן אורירי לבן קרמל 80 גרם,דילר בי.אמ.די.אינטרנשויונל בעמ,,שוקולד אורירי לבן קר,גרמים,80.00,100 גרם,false,,6.90,0.0863,true,1,2195896
4823077629136,false,שוקולד רושן חלב lacmuי 90 גרם,דילר בי.אמ.די.אינטרנשויונל בעמ,,שוקולד רושן חלב,גרמים,90.00,100 גרם,false,,6.90,0.0767,true,1,2363625
4823077630422,false,"סנדוויץ' קרקר חלב וניל רושן 235 גרם "" 2 CRACK """,דילר בי.אמ.די.אינטרנשויונל בעמ,,סנדוויץ קרקר רושן,גרמים,235.00,100 גרם,false,,9.90,0.0421,true,1,2333791
4823077630439,false,"סנדוויץ' קרקר שוקולד רושן 235 גרם "" 2 CRACK """,דילר בי.אמ.די.אינטרנשויונל בעמ,,סנדוויץ קרקר רושן,גרמים,235.00,100 גרם,false,,9.90,0.0421,true,1,2333785
4823077630996,false,"סנדוויץ' קרקר קקאו-אגוז רושן 235 גרם "" 2 CRACK """,דילר בי.אמ.די.אינטרנשויונל בעמ,,סנדוויץ קרקר רושן,גרמים,235.00,100 גרם,false,,9.90,0.0421,true,1,2333786
4823077631467,false,קרקר עם מלח ים רושן 168 גר HI DAY,דילר בי.אמ.די.אינטרנשויונל בעמ,,קרקר עם מלח ים רושן,גרמים,168.00,100 גרם,false,,4.90,0.0292,true,1,2378396
4823077631474,false,קרקר קלאסי רושן 168 גר HI DAY,דילר בי.אמ.די.אינטרנשויונל בעמ,,קרקר קלאסי רושן,גרמים,168.00,100 גרם,false,,4.90,0.0292,true,1,2378397
4823077631856,false,גליליות ופל רושן קונפטו קוקוס 140 גרם,דילר בי.אמ.די.אינטרנשויונל בעמ,,"גליליות רושן ""קונאפט",גרמים,140.00,100 גרם,false,,6.90,0.0493,true,1,2378409
4823077631863,false,גליליות ופל רושן קונפטו וניל 140 גרם,דילר בי.אמ.די.אינטרנשויונל בעמ,,"גליליות רושן ""קונאפט",גרמים,140.00,100 גרם,false,,6.90,0.0493,true,1,2378410
4823077632259,false,חטיף שוקולד רושן עם בוטנים 43 גרם,דילר בי.אמ.די.אינטרנשויונל בעמ,,חטיף שוקולד חלב ממו,גרמים,40.00,100 גרם,false,,3.90,0.0975,true,1,2289460
4823077632570,false,שוקולד רושן BRUT מריר 85 גרם,דילר בי.אמ.די.אינטרנשויונל בעמ,,שוקולד רושן מריר,גרמים,85.00,100 גרם,false,,6.90,0.0812,true,1,2310632
4823077632587,false,שוקולד רושן חלב עם שקד שלם 90 גר` LACMI,דילר בי.אמ.די.אינטרנשויונל בעמ,,שוקולד רושן חלב,גרמים,90.00,100 גרם,false,,7.90,0.0878,true,1,2310637
4823077633034,false,"גליליות וופל רושן ""קונאפטו"" קקאו 140 ג",דילר בי.אמ.די.אינטרנשויונל בעמ,,"גליליות רושן ""קונאפט",גרמים,140.00,100 גרם,false,,6.90,0.0493,true,1,2378412
4823077633058,false,"גליליות וופל רושן ""קונאפטו"" אגוז 140 ג",דילר בי.אמ.די.אינטרנשויונל בעמ,,"גליליות רושן ""קונאפט",גרמים,140.00,100 גרם,false,,6.90,0.0493,true,1,2378413
4823077633508,false,חטיף שוקולד רושן במילוי קרם קקאו מצופה 34 גרם,דילר בי.אמ.די.אינטרנשויונל בעמ,,וופל רושן אישי,גרמים,72.00,100 גרם,false,,3.90,0.0542,true,1,2363626
4823077633515,false,חטיף שוקולד רושן במילוי קרם חלבי מצופה 34 גרם,דילר בי.אמ.די.אינטרנשויונל בעמ,,וופל רושן אישי,גרמים,72.00,100 גרם,false,,3.90,0.0542,true,1,2363627
4823077633690,false,בונבוניירה רושן שוטרס ויסקי 150 גרם,דילר בי.אמ.די.אינטרנשיונל בעמ,,בונבוניירה רושן שוטר,גרמים,155.00,100 גרם,false,,12.90,0.0832,true,1,2325107
4823077634116,false,"סוכריות קורובקה 1 ק""ג רושן",,,סוכריות רושן קורובקה,יחידה,0.00,יחידה,false,,24.90,0.0000,true,1,2307026
4823077634178,false,עוגיות רושן LOVITA במילוי תפוח קינמון 168 גרם,דילר בי.אמ.די.אינטרנשויונל בעמ,,עוגיות במילוי תפוח ו,גרמים,168.00,100 גרם,false,,6.90,0.0411,true,1,2333803
4823077634192,false,עוגיות רושן LOVITA במילוי דובדבן וניל 168 גרם,דילר בי.אמ.די.אינטרנשויונל בעמ,,עוגיות במילוי דובדבן,גרמים,168.00,100 גרם,false,,6.90,0.0411,true,1,2333804
4823077634222,false,עוגיות Lovita ממולאות ג'לי תפוז מצופות צימקאו,דילר בי.אמ.די.אינטרנשויונל בעמ,,עוגיות במילוי תפוז,גרמים,135.00,100 גרם,false,,6.90,0.0511,true,1,2333810
4823077634246,false,עוגיות Lovita ממולאות ג'לי פטל מצופות צימקאו,דילר בי.אמ.די.אינטרנשויונל בעמ,,עוגיות במילוי פטל,גרמים,135.00,100 גרם,false,,6.90,0.0511,true,1,2333811
4823077634277,false,עוגיות Lovita ממולאות ג'לי תות שדה מצופות צימקאו,דילר בי.אמ.די.אינטרנשויונל בעמ,,עוגיות במילוי תות שד,גרמים,135.00,100 גרם,false,,6.90,0.0511,true,1,2333812
4823077634369,false,שוקולד רושן חלב אוורירי ופצפוצי אורז 85 גר LACMI CRISP,דילר בי.אמ.די.אינטרנשויונל בעמ,,שוקולד רושן חלב,גרמים,85.00,100 גרם,false,,6.90,0.0812,true,1,2363628
4823077634376,false,שוקולד רושן חלב אוורירי קרם אגוזים 85 גר LACMI NUT,דילר בי.אמ.די.אינטרנשויונל בעמ,,שוקולד רושן חלב,גרמים,85.00,100 גרם,false,,6.90,0.0812,true,1,2363629
4823077634413,false,"עוגות אישיות ""TOO COOL"" תות שדה 270 גר",דילר בי.אמ.די.אינטרנשיונל בעמ,,עוגות אישיות מצופות,גרמים,270.00,100 גרם,false,,13.90,0.0515,true,1,2333819
4823077634420,false,"עוגות אישיות ""TOO COOL"" חלב 270 גר 6 יחידות",דילר בי.אמ.די.אינטרנשיונל בעמ,,עוגות אישיות מצופות,גרמים,270.00,100 גרם,false,,13.90,0.0515,true,1,2333820
4823077634741,false,עוגיות רושן LOVITA במילוי תות שדה 168 גרם,דילר בי.אמ.די.אינטרנשויונל בעמ,,עוגיות במילוי תות ש,גרמים,168.00,100 גרם,false,,6.90,0.0411,true,1,2333805
4823077635533,false,חטיף וופל רושן קרם חלב JOHNY KROCKERי 350 גרם,דילר בי.אמ.די.אינטרנשויונל בעמ,,חטיף וופל רושן קרם ח,גרמים,350.00,100 גרם,false,,16.90,0.0483,true,1,2378419
4823077636004,false,עוגיות Lovita ממולאות ג'לי דובדבן מצופות צימקאו,דילר בי.אמ.די.אינטרנשויונל בעמ,,עוגיות במילוי קקאו ד,גרמים,135.00,100 גרם,false,,6.90,0.0511,true,1,2333813
4840008001199,false,מיני סושקה וניל 500 גרם FRANZELUTA,פרנזלוטה,,מיני כעכים סושקה וני,גרמים,500.00,100 גרם,false,,9.90,0.0198,true,1,1503748
4840008008624,false,מיני סושקה לוביטלסקיה 500 גרם FRANZELUTA,פרנזלוטה,,מיני כעכים סושקה לוב,גרמים,500.00,100 גרם,false,,9.90,0.0198,true,1,1503755
4840008018319,false,דובשניות עם שזיף 400 גרם פרנצלוטה,פרנזלוטה,,דובשניות עם שזיף -40,גרמים,400.00,100 גרם,false,,7.90,0.0198,true,1,1970479
4840008018333,false,דובשניות טעם דבש 400 גרם פרנצלוטה,פרנזלוטה,,דובשניות בטעם דבש 40,גרמים,400.00,100 גרם,false,,7.90,0.0198,true,1,1970480
4840008018371,false,דובשניות סברנייה 400 גרם פרנצלוטה,פרנזלוטה,,דובשניות צפניות-סברנ,גרמים,400.00,100 גרם,false,,7.90,0.0198,true,1,1970481
4840008019521,false,עוגיות בצק עלים לבבות דקל פרנצלוטה 350 ג,פרנזלוטה,,"עוגיות בצק עלים ""אוז",גרמים,350.00,100 גרם,false,,9.90,0.0283,true,1,2275085
4840008040075,false,350 עוגיות אוזניים עם קינמון גר,FRANZELUTA,,"עוגיות בצק עלים ""אוז",גרמים,350.00,100 גרם,false,,9.90,0.0283,true,1,2312911
4840709002440,false,"ברנדי קווינט 3 500 מ""ל כשר",יורוסטנדרט בעמ,,ברנדי קווינט,מיליליטרים,500.00,"100 מ""ל",false,,54.90,0.1098,true,1,2010734
4860009000014,false,מיץ רימונים 100% סחוט ללא תוספת סוכר,תומר ייבוא ושיווק מוצרי מזון [,,נקטר רימונים 100% טב,ליטרים,1.00,ליטר,false,,19.90,19.9000,true,1,1387114
4860019001346,false,בורז'ומי מים מינרליים טבעיים 500מ'ל חדש,אי די אס בורגומי,,מים בורזומי מינרליים,מיליליטרים,500.00,"100 מ""ל",false,,6.90,0.0138,true,1,1381941
4860019001414,false,מים מינרליים 750 מל בורזוימי,האי נאם סי או אל.טי.,,מים בורג'ומי מינרלים,מיליליטרים,750.00,"100 מ""ל",false,,6.90,0.0092,true,1,1381943
4860019001421,false,"שישייה מים מינרלים בורג`ומי 750מ""ל",יורוסטנדרט בעמ,,מים בורזום טבעיים מא,ליטרים,4.50,ליטר,false,,39.90,8.8667,true,1,2148124
4865602000027,false,"מים מינרלים מוגזים ""נבגלבי"" 1 ליטר PET",נבגלבי,,מים מינרלים נבגלבי מ,ליטרים,1.00,ליטר,false,,5.90,5.9000,true,1,1970482
4891199027659,false,סול אולטרה אלקליין C4 1.5V AAA,סמיקום לקסיס בעמ,,סוללות אולטרה אלקליי,יחידה,0.00,יחידה,false,,9.90,0.0000,true,1,1401983
4891199034473,false,סוללות אולטרה אלקליין 1.5 וולט,סמיקום,,סוללות אולטרה אלקליי,יחידה,0.00,יחידה,false,,19.90,0.0000,true,1,1401985
4891199034688,false,סוללה אולטרה אלקליין 9 וולט,,,סוללות אולטרה אלקליי,יחידה,0.00,יחידה,false,,19.90,0.0000,true,1,1401986
4891199088117,false,בליסטר אולטרה אלקליין AAx8+AAAx4,סמיקום לקסיס בעמ,,סוללות אלקליין,יחידה,0.00,יחידה,false,,19.90,0.0000,true,1,1401989
4891199091131,false,סוללות סול טולטרה 10,,,סוללות סול טולטרה 10,יחידה,0.00,יחידה,false,,14.90,0.0000,true,1,1401990
4891228302023,false,ס.גילוח שיק אקסטרים 3 אולטימייט לגבר 4 י,ש.שסטוביץ בעמ,,סכיני גילוח שיק אקסט,יח',3.00,יח',false,,19.90,6.6333,true,1,1462578
4891228304478,false,שיק היידרו 5 סנס רביעיית סכינים,ארץ ייצור סכינים: ארהבn\,,רביעיית סכינים שיק ה,יח',4.00,יח',false,,59.90,14.9750,true,1,2114637
4891228308032,false,שיק סכינים גילוח אינטואישן ידית + 5,ארץ ייצור סכינים: ארהבn\,,שיק אינטואישן אישה מ,יח',5.00,יח',false,,59.90,11.9800,true,1,2354584
4891228308049,false,שיק היידרו גבר מארז סנס ידית +7 סכינים,ארץ ייצור סכינים: ארהבn\,,שיק היידרו גבר מארז,יח',7.00,יח',false,,59.90,8.5571,true,1,2354585
4891228310509,false,שיק היידרו סילק מכשיר+4 סכינים לנשים,שסטוביץ,,מארז ידית שיק היידרו,יחידה,0.00,יחידה,false,,69.90,0.0000,true,1,2314700
4891228430030,false,סכיני גילוח שיק אקזקטה 2 לעור רגיש ירוק 5 יח',אנרג'יזר Energizer,CN,שיק אקזקטה2 רגיש חמישייה,יח',5.00,יח',false,,14.90,2.9800,true,1,1386252
4891228430085,false,סכיני גילוח שיק אקסטרים קומפורט לגבר 3 להבים 4 יחידות,אנרג'יזר Energizer,CN,שיק אקסטרים 3 קומפורט + ר,יח',4.00,יח',false,,19.90,4.9750,true,1,1386255
4891228430092,false,סכיני גילוח שיק אקסטרים קומפורט לנשים 3 להבים 4 יחידות,אנרג'יזר Energizer,CN,שיק אקסטרים 3 קומפורט +לנ,יח',4.00,יח',false,,19.90,4.9750,true,1,1386256
4903001904192,false,"רוטב סויה יאמאסה פרימיום 500מ""ל",הדקלאים אגודת שיתופי,JP,רוטב סויה יאמסה פרימיום 5,מיליליטרים,500.00,"100 מ""ל",false,,17.90,0.0358,true,1,1373339
4903001925784,false,"רוטב סויה יאמאסה דל מלח 500מ""ל פרימיום",הדקלאים אגודת שיתופי,JP,רוטב סויה יאמאסה פרמיום ד,מיליליטרים,500.00,"100 מ""ל",false,,17.90,0.0358,true,1,1373340
5000054353300,false,פריסקיז פטה סלומון 156גר`,קבוצת אוסם סחר-שות.מוגבלת,,פריסקיז פטה סלומון,גרמים,156.00,100 גרם,false,,4.90,0.0314,true,1,2364053
5000054359500,false,פריסקיז פטה כבד ועוף 156גרם,קבוצת אוסם סחר-שות.מוגבלת,,פריסקיז פטה כבד ועוף,גרמים,156.00,100 גרם,false,,4.90,0.0314,true,1,2364056
5000111041065,false,רוטב ווסטרשייר היינץ,תאי פרזידנט פוד פאבל,,רוטב ווסטרשייר היינץ,מיליליטרים,150.00,"100 מ""ל",false,,10.90,0.0727,true,1,2201586
5000127533196,false,קלוגס וורייטי שמינייה 191 גרם,דיפלומט מפיצים (1968) בע`מ,,קלוגס ווראייטי 191 ג,גרמים,191.00,100 גרם,false,,22.90,0.1199,true,1,2057824
5000146057710,false,ספריי רב שימושי לחלונות ומשטחים ווינדולין Windolene,רקיט בנקיזר (ניר איסט) בעמ,PL,גלסקס חלונות 750 מל,מיליליטרים,750.00,"100 מ""ל",false,,12.90,0.0172,true,1,1353494
5000146401568,false,וולייט דפים למניעת העברת צבע 10 דפים,רקיט בנקיזר (ניר איסט) בעמ,IT,וולייט דפים למניעת מעבר צ,יח',10.00,יח',false,,14.90,1.4900,true,1,1353499
5000146980322,false,קרם להסרת שיער לעור רגיל מועשר בחלב לוטוס ויסמין,רקיט בנקיזר (ניר איסט) בעמ,FR,ויט קרם להסרת שיער רגיל 1,יחידה,0.00,יחידה,false,,29.90,0.0000,true,1,1353500
5000157143365,false,מתבל בטעם מיונז וקטשופ היינץ 425 גרם,דיפלומט מפיצים (1968) בעמ**,,מתבל בטעם מיונז וקטש,גרמים,425.00,100 גרם,false,,14.90,0.0351,true,1,2236388
5000159376655,false,סוכריות SKITTLES פירות קטן 38 גרם אדום,"מרס ריגלי ישראל בע""מ",,סוכריות סקיטלס פירות,גרמים,38.00,100 גרם,false,,2.90,0.0763,true,1,1384009
5000159376792,false,סוכריות סקיטלס Skittles פירות חמוצים,"מרס ריגלי ישראל בע""מ",,סוכריות סקיטלס חמוץ,גרמים,38.00,100 גרם,false,,2.90,0.0763,true,1,1384010
5000159407236,false,מרס חטיף שוקולד עם קרמל 51 גרם,"מרס ריגלי ישראל בע""מ",NL,51G 'מרס חטיף שוק,גרמים,51.00,100 גרם,false,,3.90,0.0765,true,1,1365278
5000159414197,false,מלטיזרס-כדורים פריכים בציפוי שוולד חלב 135 גרם,מרס שוקולד צ.אמריקה,,חטיף בוטנים m&m אריז,גרמים,135.00,100 גרם,false,,9.90,0.0733,true,1,2354983
5000159452540,false,סניקרס חטיף שוקולד עם בוטנים חמישייה ברי,"מרס ריגלי ישראל בע""מ",,מארז חטיפי סניקרס,גרמים,250.00,100 גרם,false,,10.90,0.0436,true,1,2252587
5000159452663,false,מרס מארז חטיף 45 גרם חמישייה,"מרס ריגלי ישראל בע""מ",,מארז חטיפי מארס,גרמים,225.00,100 גרם,false,,10.90,0.0484,true,1,2305910
5000159461122,false,סניקרס חטיף שוקולד עם בוטנים 50 גרם,"מרס ריגלי ישראל בע""מ",NL,50G סניקרס חטיף שוק,גרמים,57.00,100 גרם,false,,3.90,0.0684,true,1,1365287
5000159500692,false,בקבוק סלבריישן - מבחר חטיפי מיני שוקולד,מרס ריגלי ישראל בעמ,,בקבוק עם שוקולדים סל,גרמים,312.00,100 גרם,false,,29.90,0.0958,true,1,2278091
5000159538626,false,טוויקס מארז חטיף 50 גרם חמישייה,"מרס ריגלי ישראל בע""מ",,מארז חטיפי טוויקס,גרמים,250.00,100 גרם,false,,10.90,0.0436,true,1,2305911
5000159538640,false,באונטי מארז חטיף 57 גרם חמישייה,"מרס ריגלי ישראל בע""מ",,מארז חטיפי באונטי,גרמים,285.00,100 גרם,false,,10.90,0.0382,true,1,2305912
5000168199245,false,שוקולד חלב מעולה בתוספת קרמל מלוח פיור גודייבה 90 ג',"אולקר מקבוצת פלאדיס, ציק",,שוקולד גודייבה חלב ב,גרמים,90.00,100 גרם,false,,10.90,0.1211,true,1,2095885
5000189974579,false,מארז מיני חטיפי קיט קט Kit Kat,קבוצת אוסם סחר שותפות מוגבלת,,חטיף קיט קט מיני,גרמים,200.00,100 גרם,false,,12.90,0.0645,true,1,1879292
5000204114867,false,"גלייד אורסול בניחוח וניל 300 מ""ל","דנשר (1963) בע,מ",,מטהר אוויר גלייד איר,מיליליטרים,300.00,"100 מ""ל",false,,9.90,0.0330,true,1,2233129
5000204114898,false,גלייד ארוסול מבשם אוויר ניחוח מרכך כביסה,"אס.סי ג'\ונסון,מידרכט, ה",,מטהר אוויר גלייד איר,מיליליטרים,300.00,"100 מ""ל",false,,9.90,0.0330,true,1,2233130
5000204114928,false,"גלייד ארוסול בניחוח דובדבן 300 מ""ל",דנשר (1963) בעמ,,מטהר אוויר גלייד איר,מיליליטרים,300.00,"100 מ""ל",false,,9.90,0.0330,true,1,2233131
5000204114959,false,"גלייד ארוסול בניחוח פריחה בלבן 300 מ""ל","אס.סי ג'\ונסון,מידרכט, ה",,מטהר אוויר גלייד איר,מיליליטרים,300.00,"100 מ""ל",false,,9.90,0.0330,true,1,2233137
5000204115048,false,גלייד ארוסול מבשם אוויר בניחוח לבנדר,"אס.סי ג'\ונסון,מידרכט, ה",,מטהר אוויר גלייד איר,מיליליטרים,300.00,"100 מ""ל",false,,9.90,0.0330,true,1,2233132
5000204133509,false,זיפלוק שקיות אחסון גדולות 19 יחידות,אס.סי.גונסון ובניו,,שקיות אחסון גדולות ז,יח',19.00,יח',false,,12.90,0.6789,true,1,2276799
5000204151084,false,"פלדג' אירוסול לניקוי כללי לימון 250 מ""ל",פלדג' Pledge,,פלדג' תרסיס לניקוי ע,מיליליטרים,250.00,"100 מ""ל",false,,10.90,0.0436,true,1,2253456
5000204151381,false,"מרסס פלדג לניקוי כללי אמבר וארגן 250 מ""ל","אס.סי ג'ונסון, אירופ",,פלדג' תרסיס לניקוי ע,מיליליטרים,250.00,"100 מ""ל",false,,10.90,0.0436,true,1,2253457
5000204153729,false,מטהר אוויר גלייד מילוי אוטומטי לבנדר וניל,המאפיה של הרמן,,מילוי למטהר אוויר או,מיליליטרים,269.00,"100 מ""ל",false,,15.90,0.0591,true,1,2259729
5000204153842,false,גלייד ספריי אוטומטי מילוי (מילוי בניחוח,קוסטר אירוסול ואלף סאן,,מילוי למטהר אוויר או,מיליליטרים,269.00,"100 מ""ל",false,,15.90,0.0591,true,1,2259737
5000204153903,false,מטהר אוויר גלייד מילוי אוטומטי מרכך כביסה,"קוסטר אירוסול ואלף סאן,",,מילוי למטהר אוויר או,מיליליטרים,269.00,"100 מ""ל",false,,15.90,0.0591,true,1,2259738
5000204154252,false,מילוי למטהר אוויר או,coster aerosol vail,,מילוי למטהר אוויר או,מיליליטרים,269.00,"100 מ""ל",false,,15.90,0.0591,true,1,2259739
5000204155723,false,"גלייד מארז אוטומטי-בניחות מרכך כביסה 269 מ""ל",קוסטר אירוסול ואלף סאן,,גלייד מארז אוטומטי מ,גרמים,400.00,100 גרם,false,,49.90,0.1247,true,1,2259730
5000204155815,false,"גלייד מארז אוטומטי מרכך כביסה 269 מ""ל","דנשר (1963) בע,מ",,מטהר אוויר אוטומטי ג,גרמים,400.00,100 גרם,false,,49.90,0.1247,true,1,2259731
5000204156218,false,מבשם אויר אוטומטי בניחוח לבנדר גלייד 269,יצרן אירוסול: קוסטור איר,,מטהר אוויר אוטומטי ג,גרמים,400.00,100 גרם,false,,49.90,0.1247,true,1,2259732
5000204167610,false,"גלייד ארוסול בניחוח פסטיבל קינמון 300 מ""ל",דנשר (1963) בעמ,,מטהר אוויר גלייד איר,מיליליטרים,300.00,"100 מ""ל",false,,9.90,0.0330,true,1,2328751
5000204196894,false,"נוזל מילוי אקליפטוס 45 לילות 36 מ""ל רייד",גונסון שנגחאי,,רייד ליתושים נוזל מי,מיליליטרים,43.80,"100 מ""ל",false,,18.90,0.4315,true,1,2304163
5000204225655,false,"מטהר אוויר גלייד מילוי אוטומטי מסיבת פטל 269 מ""ל",דנשר (1963) בעמ,,מילוי למטהר אוויר או,מיליליטרים,269.00,"100 מ""ל",false,,15.90,0.0591,true,1,2328753
5000204226256,false,"מילוי אוטומטי פסטיבל קינמון 269 מ""ל גלייד",דנשר (1963) בעמ,,מטהר אוויר גלייד איר,מיליליטרים,300.00,"100 מ""ל",false,,9.90,0.0330,true,1,2328754
5000204243000,false,"נוזל לאסלה אפרסק על חלל 750 מ""ל דאק",טואלט דאק (ג'ונסון),,ט.דאק נוזל אפרסק על,מיליליטרים,750.00,"100 מ""ל",false,,12.90,0.0172,true,1,2344955
5000204243031,false,"נוזל לאסלה ירח פורח 750 מ""ל דאק",טואלט דאק (ג'ונסון),,ט.דאק נוזל ירח פורח,מיליליטרים,750.00,"100 מ""ל",false,,12.90,0.0172,true,1,2344956
5000204254587,false,סבון מוצק לאסלהאפרסק על חלל 38.6 ג' דאק,דאופלור אס.פי.אי כונ,,דאק סבון ניקוי אסלה,גרמים,38.60,100 גרם,false,,7.90,0.2047,true,1,2344957
5000204254617,false,סבון מוצק לאסלה ירח פורח 38.6 ג' דאק,דאופלור אס.פי.אי כונ,,דאק סבון ניקוי אסלה,גרמים,38.60,100 גרם,false,,7.90,0.2047,true,1,2344935
5000204657913,false,קיווי משחת נעליים בקופסא שחור 50 מ`ל,ג' אל ראיה בוגור,,מ.נעליים שחור קיווי,מיליליטרים,50.00,"100 מ""ל",false,,4.90,0.0980,true,1,1987043
5000204658125,false,קיווי נוזל לניקוי נעליים חום 75 מל,אס' סי' ג'ונסון במה,ID,קיווי קראון נוזלי מבריק ח,מיליליטרים,75.00,"100 מ""ל",false,,14.90,0.1987,true,1,1401007
5000204658187,false,משחת נעליים קראון שחור קיווי (75 מל),אס' סי' ג'ונסון במה,ID,קיווי קראון נוזלי מבריק ש,מיליליטרים,75.00,"100 מ""ל",false,,14.90,0.1987,true,1,1401008
5000204661392,false,משחת נעליים שחורה קיווי אקסרא לארג`,המאפיה של הרמן,ID,קיווי אקסטרא לארג' שחור(ג,מיליליטרים,100.00,"100 מ""ל",false,,8.90,0.0890,true,1,1401011
5000204886566,false,"תרסיס מנקה, מזין ומגן על העץ עם שמן תפוז טבעי","דנשר (1963) בע,מ",US,"פלדג' 473 ORANGE OILמ""ל",מיליליטרים,473.00,"100 מ""ל",false,,22.90,0.0484,true,1,1401014
5000213000359,false,בירה גינס אקסטרא סטאוט,החברה המרכזית להפצת משקאות בעמ,,"בירה ג'ינס 330 מ""ל ב",מיליליטרים,330.00,"100 מ""ל",false,,11.50,0.0348,true,1,1382140
5000213014905,false,בירה בפחית גינס (440 מל),החברה המרכזית להפצת משקאות בעמ,IE,"גינס פחית 440 מ""ל",מיליליטרים,440.00,"100 מ""ל",false,,12.90,0.0293,true,1,1382141
5000267014203,false,וויסקי ג'וני ווקר אדום,אלכוהול (איי.בי.בי),,ג'וני ווקר אדום 700,מיליליטרים,700.00,"100 מ""ל",false,,79.90,0.1141,true,1,1400267
5000267014234,false,וויסקי ג'וני ווקר רד לייבל Red label,החברה המרכזית להפצת משקאות בעמ,,ג'וני ווקר אדום 700,מיליליטרים,700.00,"100 מ""ל",false,,79.90,0.1141,true,1,2187110
5000281040899,false,"רום קפטן מורגן וייט 750 מ""ל",קפטן מורגן Captain Morgan,,קפטן מורגן וויט 700,מיליליטרים,700.00,"100 מ""ל",false,,99.90,0.1427,true,1,2284624
5000394002562,false,4 סוללות דורסל AAאולטרה,פרוקטר & גמבל,,סוללות דורסל AA4,יחידה,0.00,יחידה,false,,16.90,0.0000,true,1,1506847
5000394018457,false,רבעיות סוללות דורסל AAA פלוס פאוור,,,סוללות דורסל AAA4 פל,יח',4.00,יח',false,,16.90,4.2250,true,1,1479120
5000394019089,false,סוללה פלוס פאוור 2 יחידות C דורסל,דיפלומט מפיצים (1986) בע`מ,,2 סוללות C פלוס פאוו,יח',2.00,יח',false,,22.90,11.4500,true,1,1479123
5000394137486,false,רביעיות סוללות אופטימום AA דורסל,דיפלומט מפיצים (1968) בעמ,,סוללות דורסל רביעיות,יח',4.00,יח',false,,16.90,4.2250,true,1,2338418
5000394137516,false,רביעיות סוללות אופטימום AAA דורסל,דיפלומט מפיצים (1968) בעמ,,סוללות דורסל רביעיות,יח',4.00,יח',false,,16.90,4.2250,true,1,2338419
5000394140851,false,רבעיות סוללות דורסל AA פלוס פאוור,פרוקטר אנד גמבל,,סוללות דורסל AA4 פלו,יח',4.00,יח',false,,10.90,2.7250,true,1,2331886
5000394140899,false,סוללות AA דורסל פלוס - 8 יח',דורסל Duracell,,סוללות דורסל שמיניות,יח',8.00,יח',false,,19.90,2.4875,true,1,2338411
5000394140967,false,סוללות דורסל תריסר A,,,סוללות דורסל תריסר A,יח',12.00,יח',false,,30.90,2.5750,true,1,2338412
5000394141117,false,רבעיות סוללות דורסל AAA פלוס פאוור,פרוקטר אנד גמבל,,סוללות דורסל AAA4 פל,יח',4.00,יח',false,,10.90,2.7250,true,1,2331887
5000394141179,false,סוללות AAA דורסל פלוס - 8 יח',דורסל Duracell,,סוללות דורסל שמיניות,יח',8.00,יח',false,,19.90,2.4875,true,1,2338413
5000394141230,false,סוללות AAA דורסל פלוס - 12 יח',דורסל Duracell,,סוללות דורסל תריסר A,יח',12.00,יח',false,,30.90,2.5750,true,1,2338420
5000394142190,false,סוללות דורסל V9 פלוס פאור,דיפלומט מפיצים (1986) בע`מ,,סוללות 9V פלוס פאוור,יח',1.00,יח',false,,20.90,20.9000,true,1,2363361
5000394203884,false,סוללות דורסל ליתיום זוג,דיפלומט מפיצים (1968) בעמ,,דורסל ליתיום 2016,יח',2.00,יח',false,,14.90,7.4500,true,1,2258429
5000394203921,false,זוג סוללות ליתיום 2032 דורסל,דיפלומט מפיצים (1986) בע`מ,,דורסל זוג סוללות לית,יח',2.00,יח',false,,14.90,7.4500,true,1,2233066
5000396037531,false,מקוויטיס ביסקוויט מצופה שוקולד חלב 200 גרם,תה ויסוצקי (ישראל)בעמ,,ביסקוויט מקוויטיס מצ,גרמים,200.00,100 גרם,false,,8.90,0.0445,true,1,1858818
5000396037548,false,מקוויטיס ביסקוויט מצופה שוקולד מריר 200 גרם,תה ויסוצקי (ישראל)בעמ,,ביסקוויט מקוויטיס מצ,גרמים,200.00,100 גרם,false,,8.90,0.0445,true,1,1858819
5000396037944,false,מקוויטיס ביסקוויט אורגינל 250 גרם,תה ויסוצקי (ישראל)בעמ,,ביסקוויט מקוויטיס קל,גרמים,250.00,100 גרם,false,,8.90,0.0356,true,1,1858821
5010026515919,false,מוזלי קריספי נאטי מורנפלייק 650 גרם,מורנפלייק Mornflake,,מוזלי קריספי נאטי 65,גרמים,650.00,100 גרם,false,,23.90,0.0368,true,1,2344763
5010026515933,false,מוזלי קריספי פירות ואגוזים מורנפלייק 750 גרם,מורנינג פוד,,מוזלי קריספי פירות ו,גרמים,750.00,100 גרם,false,,23.90,0.0319,true,1,2344764
5010029000252,false,וויטביקס תערובת דגנים מחיטה מלאה 430 גרם,ר.ב. מוצרי דגנים בעמ,,דיגני בריאות וויטביק,גרמים,430.00,100 גרם,false,,22.90,0.0533,true,1,1815483
5010029222005,false,דגנים חיטה מלאה עם פרוטאין וויטביקס 440,ר.ב. מוצרי דגנים בעמ,,דגני בוקר וויטביקס פ,גרמים,440.00,100 גרם,false,,24.90,0.0566,true,1,2317932
5010067322453,false,טרוביה תחליף אבקת סוכר 280 גרם,גורי ע.ע.ע. בעמ,,טרוביה תחליף אבקת סו,גרמים,280.00,100 גרם,false,,29.90,0.1068,true,1,2376932
5010103800259,false,"וויסקי גיי אנד בי 700 מ""ל",גסטוריני אנד ברוקס,,וויסקי גיי אנד בי.,מיליליטרים,700.00,"100 מ""ל",false,,79.90,0.1141,true,1,1400276
5010106111956,false,וויסקי בלנטיין פיינסט 1 ליטר,בלנטיינ'ס Ballantines,,וויסקי בלנטיינס 1.לי,ליטרים,1.00,ליטר,false,,109.90,109.9000,true,1,1409884
5010182996799,false,ג'ל אסלה מנטרל ריחות בניחוח פרחי בר ורודים,דאופלור אס.פי.אי איט,IT,דאק ג'ל אסלה פרחי בר ורוד,מיליליטרים,55.00,"100 מ""ל",false,,9.90,0.1800,true,1,1401017
5010182997253,false,רייד תרסיס קוטל ג'וקים/תיקנים 300 מל,אס.סי.ג'ונסון מידרכט,NL,"RAIDקוטל ג'וקים 300מ""ל",מיליליטרים,300.00,"100 מ""ל",false,,15.90,0.0530,true,1,1401019
5010182997338,false,דאק ג'ל לניקוי אסלות בניחוח רענן 55 מל,"איטיליאן פוד, אס.פי.",IT,ט.ד ג'ל אסלה ניחוח רענן י,מיליליטרים,55.00,"100 מ""ל",false,,9.90,0.1800,true,1,1401020
5010182997680,false,"ארוסול-קוטל זוחלים אדום 400 מ""ל",אס.סי.ג'ונסון מידרכט,NL,"RAIDקוטל נמלים 300מ""ל",מיליליטרים,300.00,"100 מ""ל",false,,15.90,0.0530,true,1,1401023
5010182997918,false,דאק ג'ל לניקוי אסלות בניחוח ים 55 מל,"איטיליאן פוד, אס.פי.",IT,ט.ד ג'ל אסלה ניחוח ים כחו,מיליליטרים,55.00,"100 מ""ל",false,,9.90,0.1800,true,1,1401024
5010182998847,false,דאק נוזל לניקוי אסלות בניחוח ים 750 מל,מיוצר עי קונדיטוריית,NL,"טואלט דאק נוזל כחול 750מ""",מיליליטרים,750.00,"100 מ""ל",false,,12.90,0.0172,true,1,1401025
5010182998861,false,דאק נוזל לניקוי אסלות בניחוח רענן 750 מל,מיוצר עי קונדיטוריית,NL,"טואלט דאק נוזל ירוק 750מ""",מיליליטרים,750.00,"100 מ""ל",false,,12.90,0.0172,true,1,1401026
5010327000046,false,"וויסקי גרנטס וויסקי 700 מ""ל","וויליאם גראנט ובניו בע""\",,וויסקי גראנטס.,מיליליטרים,700.00,"100 מ""ל",false,,74.90,0.1070,true,1,1380919
5010327205182,false,וויסקי גרנטס אייל קא,גרנט'ס (William Gran,,וויסקי גרנטס.,מיליליטרים,700.00,"100 מ""ל",false,,99.00,0.1414,true,1,2237344
5010327399614,false,"גלנפידיך 12 אמריקן אווק כשר 700 מ""ל",הכרם - משקאות חריפים בעמ,,גולנפידיך 12 אמריקן,מיליליטרים,750.00,"100 מ""ל",false,,159.90,0.2132,true,1,2356718
5010496003565,false,סינגל מאלט סקוטי אוכנטושן אמריקו הוק 700,מוריסון בואומור,,וויסקי אוכנטושן,מיליליטרים,700.00,"100 מ""ל",false,,139.90,0.1999,true,1,1988165
5010622005012,false,חוט דנטלי אסנשייאל ללא שעווה 50 מטר,פארמה דיל (פ.א.ב.) שיווק והפצה,MX,חוט דנטלי אסנשייאל ללא שע,מטרים,50.00,מטר,false,,15.90,0.3180,true,1,1351514
5010622018258,false,אורל בי חוט דנטלי סאטין 25 מטר,פרוקטר & גמבל,,אוראל בי חוט דנטלי ס,מטרים,25.00,מטר,false,,18.90,0.7560,true,1,1351518
5010677551397,false,"בקרדי בריזר בטעם לימון ליים 275 מ""ל",בקרדי בריזר Bacardi Breezer,,בקרדי בריזר-לימון לי,מיליליטרים,275.00,"100 מ""ל",false,,12.90,0.0469,true,1,1370651
5010677552387,false,"בקרדי בריזר אננס 275 מ""ל בקבוק",בקרדי בריזר Bacardi Breezer,,בקרדי בריזר-אננס 275,מיליליטרים,275.00,"100 מ""ל",false,,12.90,0.0469,true,1,1370652
5010677554398,false,בריזר אבטיח בבקבוק בקרדי (275 מל),בקרדי בריזר Bacardi Breezer,,בקרדי בריזר-אבטיח 27,מיליליטרים,275.00,"100 מ""ל",false,,12.90,0.0469,true,1,1370653
5010677714006,false,"ג'ין בומביי ספייר 700מ""ל",ג'ון דיואר ובניו,,ג'ין בומביי ספייר,מיליליטרים,700.00,"100 מ""ל",false,,119.90,0.1713,true,1,1897591
5010677850100,false,"וודקה צרפתית גריי גוס 700מ""ל",בקרדי מרטיני,,וודקה גריי גוס 700 מ,מיליליטרים,700.00,"100 מ""ל",false,,104.90,0.1499,true,1,2165501
5010724527375,false,בטיסט שמפו יבש בניחוח פריחה אביבית,צ'\רצ'\ אנד דיוויט,,שמפו יבש בניחוח פריח,מיליליטרים,200.00,"100 מ""ל",false,,24.90,0.1245,true,1,1767234
5010724527481,false,בטיסט שמפו יבש בניחוח קלאסי,צ'\רצ'\ אנד דיוויט,,שמפו יבש בניחוח קלאס,מיליליטרים,200.00,"100 מ""ל",false,,24.90,0.1245,true,1,1767174
5010724527511,false,בטיסט שמפו יבש בניחוח טרופי,צ'\רצ'\ אנד דיוויט,,שמפו יבש בניחוח טרופ,מיליליטרים,200.00,"100 מ""ל",false,,24.90,0.1245,true,1,1767175
5011007003227,false,וויסקי גיימיסון 1 ליטר,אייריש דיסטלריז,,וויסקי ג'ימסון 1 ליט,ליטרים,1.00,ליטר,false,,119.90,119.9000,true,1,1409885
5011157630281,false,אורז בסמטי המשאלי טילדה (1 קג),ש. שסטוביץ בע`מ,GB,טילדה אורז בסמטי 1 קג,קילוגרמים,1.00,"ק""ג",false,,21.90,21.9000,true,1,1386267
5011157730271,false,אורז יסמין לבן ארוך טילדה,ש.שסטוביץ בעמ,,"אורז יסמין טילדה 1ק""",קילוגרמים,1.00,"ק""ג",false,,19.90,19.9000,true,1,2352994
5011408027976,false,"ספריי לשיער רגיל לוריאל 400 מ""ל",לוריאל Loreal,,ספריי לשיער אלנט לשי,מיליליטרים,400.00,"100 מ""ל",false,,29.90,0.0747,true,1,1344647
5011408027990,false,ספרי עיצוב חזק מאוד לשיער Elnett,לוריאל Loreal,,ספריי לשיער אלנט חזק,מיליליטרים,400.00,"100 מ""ל",false,,29.90,0.0747,true,1,1344648
5011408028034,false,"ספריי לשיער חזק מאוד לוריאל 400 מ""ל",לוריאל Loreal,,ספריי לשיער אלנט לשי,מיליליטרים,400.00,"100 מ""ל",false,,29.90,0.0747,true,1,1344649
5011417552247,false,"אירוויק מבשם אויר נטול גז בניחוח פשתן ופרחי לילך 345 מ""ל",רקיט בנקיזר (ניר איסט) בעמ,PL,איירויק אקווה מיסט פשתן ו,מיליליטרים,345.00,"100 מ""ל",false,,19.90,0.0577,true,1,1353511
5011417554760,false,"אירוויק מבשם אויר נטול גז בניחוח ורדים וארכידאה 345 מ""ל",רקיט בנקיזר (ניר איסט) בעמ,PL,אקווה מיסט ורדים,מיליליטרים,345.00,"100 מ""ל",false,,19.90,0.0577,true,1,1353512
5013931015802,false,מארז 3 יח ספוגי החלפה לניקוי עדין דיש מט,דנשר (1963) בעמ,,מארז 3 יח ספוג החלפה,יח',3.00,יח',false,,19.90,6.6333,true,1,2344936
5013931015819,false,מארז כריות פלדה דיש מטיק (2 יח),דישמטיק Dish matic,,מארז כריות פלדה דיש,יח',2.00,יח',false,,19.90,9.9500,true,1,2280544
5013965850455,false,מי פה פרו אקספרט אורל-בי (250 מל),דיפלומט מפיצים (1968) בעמ,,מי פה פרו אקספרט 250,מיליליטרים,250.00,"100 מ""ל",false,,8.90,0.0356,true,1,2258431
5013965953354,false,אורל בי 123 משחה 100 מל עם פלואוריד,פרוקטר אנד גמבל,,משחת שיניים אוראל בי,מיליליטרים,100.00,"100 מ""ל",false,,10.90,0.1090,true,1,2040381
5014271001210,false,מעדן סנדלפור ארבע פי,סנדלפור St.dalfour,,מעדן פרי סנדלפור 4 פ,גרמים,500.00,100 גרם,false,,24.90,0.0498,true,1,2250929
5014271001227,false,מעדן פרי סנדלפור משמ,סנדלפור St.dalfour,,מעדן פרי סנדלפור משמ,גרמים,500.00,100 גרם,false,,24.90,0.0498,true,1,2250930
5014271001234,false,מעדן פרי דובדבנים שחורים,סנדלפור St.dalfour,,מעדן פרי סנדלפור דוב,גרמים,500.00,100 גרם,false,,24.90,0.0498,true,1,2250931
5014271001241,false,מעדן פרי סנדלפור תות,סנדלפור St.dalfour,,מעדן פרי סנדלפור תות,גרמים,500.00,100 גרם,false,,24.90,0.0498,true,1,2250932
5014271300429,false,"מעדן משמש 100% פרי סנטדלפור 284 גרם לל""ס",סאן דלפור - שמבור,FR,מעדן ריבת משמש 284 גרם,גרמים,284.00,100 גרם,false,,19.90,0.0701,true,1,1376451
5014271310428,false,מעדן דובדבנים שחורים ללא תוספת סוכר 284 גרם,סאן דלפור - שמבור,FR,מעדן ריבת דובדבנים 284 גר,גרמים,284.00,100 גרם,false,,19.90,0.0701,true,1,1376452
5014271330426,false,מעדן אוכמניות כחולות ללא תוספת סוכר 284 גרם,סאן דלפור - שמבור,FR,מעדן ריבת אוכמניות 284 גר,גרמים,284.00,100 גרם,false,,19.90,0.0701,true,1,1376453
5014271350424,false,מעדן ארבעה פירות ללא תוספת סוכר 284 גרם,סאן דלפור - שמבור,FR,מעדן ריבת פירות 284 גרם,גרמים,284.00,100 גרם,false,,19.90,0.0701,true,1,1376454
5014271360423,false,"מעדן תפוזים לל""ס סאן דלפור 284 גרם",סאן דלפור - שמבור,FR,מעדן ריבת תפוז 284 גרם,גרמים,284.00,100 גרם,false,,19.90,0.0701,true,1,1376455
5014271370422,false,מעדן אפרסקים ללא תוספת סוכר 284 גרם,סאן דלפור - שמבור,FR,מעדן ריבת אפרסק 284 גרם,גרמים,284.00,100 גרם,false,,19.90,0.0701,true,1,1376456
5014271400426,false,"מעדן בטעם תות שדה לל""ס סאן דלפור 284 גרם",נטו מלינדה סחר בעמ,FR,מעדן ריבת תות שדה 284 גרם,גרמים,284.00,100 גרם,false,,19.90,0.0701,true,1,1376459
5014271560427,false,מעדן תפוז וג'ינג'ר ללא סוכר סאן דלפור 284 גר,סאן דלפור - שמבור,FR,מעדן ריבת תפוז 284 גרם,גרמים,284.00,100 גרם,false,,19.90,0.0701,true,1,1376460
5014271795980,false,מעדן חמוציות ואוכמניות ללא תוספת סוכר 284 גרם,א. סיימן סחר בעמ,FR,מעדן חמוציות ואוכמניות 28,גרמים,284.00,100 גרם,false,,19.90,0.0701,true,1,1376462
5024546366630,false,וויסקי לאודרס 1 ליטר SCOTCH,לאודרס,,ויסקי לאודרס,ליטרים,1.00,ליטר,false,,99.90,99.9000,true,1,2260177
5032678006553,false,"פרנקלין & סאנס טוניק אשכולית אדומה וברגמוט 200 מ""ל",,,טוניק אשכולית אדומה,מיליליטרים,200.00,"100 מ""ל",false,,7.90,0.0395,true,1,2284819
5035766044673,false,"סטרונגבואו גולד, סיידר תפוחים אלכוהולי, בקבוק 330 מ''ל",האי נאם סי או אל.טי.,,סיידר תפוחים סטרונגב,מיליליטרים,330.00,"100 מ""ל",false,,7.90,0.0239,true,1,1370655
5035766060253,false,"בירה מרפיס, בירת סטאוט, פחית 500 מ""ל",טמפו משקאות בע`מ,,"בירה מרפיס 500 מ""ל.",מיליליטרים,500.00,"100 מ""ל",false,,14.90,0.0298,true,1,1370657
5050083559761,false,דגני בוקר קלוגס קוקו פופס שוקוס 500 גרם,קלוגס מניופקטורינג אספנה,,קורנפלקס קוקו פופס ש,גרמים,500.00,100 גרם,false,,16.90,0.0338,true,1,1350968
5053827193368,false,דגני בוקר קלוגס ברנפלקס 500 גרם,קלוגס קומפני אוף גרייט ב,,קלוגס ברנפלקס 500 גר,גרמים,500.00,100 גרם,false,,22.90,0.0458,true,1,2102808
5056357903834,false,באונטי מעושר בחלבון 52 גרם,מארס יורק אנגליה,,באונטי חטיף חלבון,גרמים,55.00,100 גרם,false,,16.90,0.3073,true,1,2369468
5060045588128,false,"וויסקי גים בים לבן 700 מ""ל",הכרם - משקאות חריפים בעמ,,ווסקי ג'ים בים לבן,מיליליטרים,700.00,"100 מ""ל",false,,79.00,0.1129,true,1,1873310
5060255492154,false,חול חתולים תורכיז6ל ספיגה מוגברת,שחורי אריה ואנסטסיה,,אברקלין תורכיז ללא ב,ליטרים,6.00,ליטר,false,,49.90,8.3167,true,1,2372624
5060517886486,false,"משקה אנרגיה מונסטר אנרג'י בפחית 500 מ""ל",החברה המרכזית להפצת משקאות בעמ,,מונסטר אנרג'י פח 500,מיליליטרים,500.00,"100 מ""ל",false,,8.90,0.0178,true,1,2236858
5060517886516,false,"משקה אנרגיה מונסטר אנרג'י זירו בפחית 500 מ""ל",החברה המרכזית להפצת משקאות בעמ,,מונסטר אנרג'י זירו פ,מיליליטרים,500.00,"100 מ""ל",false,,8.90,0.0178,true,1,2236859
5060639128051,false,"משקה אנרגיה מונסטר אולטרה בפחית 500 מ""ל",החברה המרכזית להפצת משקאות בעמ,,מונסטר אולטרה פח 500,מיליליטרים,500.00,"100 מ""ל",false,,8.90,0.0178,true,1,2259496
5060639129102,false,"משקה אנרגיה מונסטר אנרג'י מנגו בפחית 500 מ""ל",החברה המרכזית להפצת משקאות בעמ,,מונסטר אנרג'י פח 500,מיליליטרים,500.00,"100 מ""ל",false,,8.90,0.0178,true,1,2280248
5060751218173,false,"משקה אנרגיה מונסטר אנרג'י piplin punch בפחית 500 מ""ל",החברה המרכזית להפצת משקאות בעמ,,מונסטר PIPLINE PUNCH,מיליליטרים,500.00,"100 מ""ל",false,,8.90,0.0178,true,1,2350804
5060751219033,false,"משקה אנרגיה מונסטר אנרג'י זירו paradise בפחית 500 מ""ל",החברה המרכזית להפצת משקאות בעמ,,מונסטר ZERO PARADISE,מיליליטרים,500.00,"100 מ""ל",false,,8.90,0.0178,true,1,2350805
5200133120476,false,גלילות וופלים ממולאים קרם אגוזים וקקאו 400 ג',דיפלומט מפיצים (1968) בעמ**,,גליליות קרם אגוזים ו,גרמים,400.00,100 גרם,false,,15.90,0.0398,true,1,1942086
5200133120483,false,גליליות וופלים גולדן ברייק קרם וניל 400 גרם,דיפלומט מפיצים (1968) בעמ**,,גליליות קרם וניל 400,גרמים,400.00,100 גרם,false,,15.90,0.0398,true,1,1942087
5200133120582,false,גולדן ברייק גליליות וופל במילוי קרם עם שוקולד מריר 150 גרם,דיפלומט מפיצים (1968) בע`מ,,גליליות וופל במילוי,גרמים,150.00,100 גרם,false,,7.90,0.0527,true,1,2058875
5200133120735,false,גליליות וופלים קרם שוקולד מריר 400 גר`,דיפלומט מפיצים (1968) בע`מ,,גליליות וופלים שוקול,גרמים,400.00,100 גרם,false,,15.90,0.0398,true,1,2236465
5201004020338,false,גליליות קפריס קרם אגוזים שוקולד 400 גר,משה סידס ובנו בעמ,,קפריס רולס קלאסיק 40,גרמים,400.00,100 גרם,false,,19.90,0.0497,true,1,2233669
5201100872602,false,לוריאל - לוריאל אקסלנס קרם 9.1 עברית/יוונית,לוריאל פריז,,צבע שיער אקסלנס 9.1,מיליליטרים,180.00,"100 מ""ל",false,,34.90,0.1939,true,1,2233741
5201178801054,false,"קרם רב שימושי ניוואה 250 מ""ל",טרופיקל דגיל תעשיות,DE,קרם ניוואה 250מל',גרמים,250.00,100 גרם,false,,36.90,0.1476,true,1,1380816
5201246002215,false,"בירה פילס היילס ויליפוד 500 מ""ל",ג. וילי-פוד אינטרנשיונל בע`מ,,בירה פילס היילס,מיליליטרים,500.00,"100 מ""ל",false,,4.90,0.0098,true,1,2062956
5201347160326,false,גל לשמירה על חיי מכונת הכביסה קלגון 750מ,רקיט בנקיזר (ניר איסט) בעמ,,ג'ל למניעת אבנית 750,מיליליטרים,750.00,"100 מ""ל",false,,29.90,0.0399,true,1,1867898
5201347400545,false,רצועות שעווה מוכנות לשימוש לפנים ולאזורים רגישים,רקיט בנקיזר (ניר איסט) בעמ,FR,ויט רצועות שעווה לפנים,יחידה,0.00,יחידה,false,,29.90,0.0000,true,1,1353522
5201940010011,false,זיתים שחורים טבעיים בפח ויליפוד 454 גרם,ג. וילי-פוד אינטרנשיונל בע`מ,GR,זיתים שחורים טבעיים בפח 4,גרמים,454.00,100 גרם,false,,14.90,0.0328,true,1,1352926
5201940010110,false,זיתים שחורים קלמטה וילי פוד 250 גרם,ג. וילי-פוד אינטרנשיונל בע`מ,GR,זיתים שחורים מזן קלמטה בפ,גרמים,454.00,100 גרם,false,,14.90,0.0328,true,1,1352927
5202300042932,false,צבע לשיער קולסטון - 6/45 אדום רימונים,פרוקטר אנד גמבל,DE,קולסטון 2000 6/45 רימונים,מיליליטרים,60.00,"100 מ""ל",false,,24.90,0.4150,true,1,1351570
5202300043175,false,צבע לשיער קולסטון - 6/0 בלונד כהה,פרוקטר אנד גמבל,DE,קולסטון 6/0 בלונד כהה,מיליליטרים,60.00,"100 מ""ל",false,,24.90,0.4150,true,1,1351585
5202300043182,false,צבע לשיער קולסטון - 5/0 חום בהיר,פרוקטר אנד גמבל,DE,קולסטון 5/0 חום בהיר,מיליליטרים,60.00,"100 מ""ל",false,,24.90,0.4150,true,1,1351586
5202300043267,false,צבע לשיער קולסטון - 9/1 בלונד אפרפר בהיר מאוד,פרוקטר אנד גמבל,DE,קולסטון 9/1 בלונד אפרפר ב,מיליליטרים,60.00,"100 מ""ל",false,,24.90,0.4150,true,1,1351591
5202390014192,false,גבינה צהובה טבעונית זיתים ויאו לייף 200 ג',דיפלומט מפיצים (1968) בעמ**,,צהובה טבעונית זיתים,גרמים,200.00,100 גרם,false,,21.90,0.1095,true,1,1925826
5202390015618,false,גבינה צהובה טבעונית אורגינל ויאו לייף 200 ג',דיפלומט מפיצים (1968) בעמ**,,צהובה טבעונית אורגינ,גרמים,200.00,100 גרם,false,,21.90,0.1095,true,1,1420289
5202390016141,false,גבינה מוצרלה צהובה לפיצה טבעונית ויאו לייף 400 ג',דיפלומט מפיצים (1968) בעמ**,,גוש מוצרלה טבעונית,גרמים,400.00,100 גרם,false,,27.90,0.0697,true,1,1420293
5202390020407,false,פטה טבעונית גוש ויולייף 200 ג',דיפלומט מפיצים (1968) בעמ**,,פטה טבעונית גוש,גרמים,200.00,100 גרם,false,,24.90,0.1245,true,1,2284340
5202390021121,false,קרמי אוריגינל טבעוני ויולייף 150 גר,דיפלומט מפיצים (1968) בעמ**,,קרמי טבעוני 150 גרם,גרמים,150.00,"100 ג""ר",false,,18.90,0.1260,true,1,2284341
5202795080709,false,אוזו מטקסה Ouzo Metaxa,הכרם - משקאות חריפים בעמ,,אוזו מטקסה.,מיליליטרים,700.00,"100 מ""ל",false,,69.90,0.0999,true,1,1380929
5391523057929,false,סימילאק גולד שלב 1 תרכובת מזון על בסיס חלב,אבוט מעבדות רפואיות,,סימילאק גולד שלב 1 7,גרמים,700.00,100 גרם,false,,69.90,0.0999,true,1,1932961
5391523057936,false,סימילאק גולד שלב 2 תרכובת מזון על בסיס חלב,אבוט מעבדות רפואיות,,סימילאק גולד שלב 2 7,גרמים,700.00,100 גרם,false,,69.90,0.0999,true,1,1932962
5391523057943,false,סימילאק גולד שלב 3 תרכובת מזון על בסיס חלב,אבוט מעבדות רפואיות,,סימילאק גולד שלב 3 7,גרמים,700.00,100 גרם,false,,69.90,0.0999,true,1,1932963
5391523058063,false,סימילאק אדבנס פלוס 1 תרכובת מזון על בסיס חלב,טרופיקל דגיל תעשיות,,סימילאק אדוואנס שלב,גרמים,700.00,100 גרם,false,,64.90,0.0927,true,1,1965680
5391523058070,false,סימילאק אדבנס פלוס 3 תרכובת מזון על בסיס חלב,אבוט מעבדות רפואיות,,סימילאק אדוואנס שלב,גרמים,700.00,100 גרם,false,,64.90,0.0927,true,1,1965681
5391523058087,false,סימילאק אדבנס פלוס 2 תרכובת מזון על בסיס חלב,טרופיקל דגיל תעשיות,,סימילאק אדוואנס שלב,גרמים,700.00,100 גרם,false,,64.90,0.0927,true,1,1965682
5410076379378,false,אבקת כביסה טייד קולור,דיפלומט מפיצים (1968) בעמ,,"טייד קולור 5 ק""ג",קילוגרמים,5.00,"ק""ג",false,,49.90,9.9800,true,1,1351616
5410076933129,false,אריאל אבקת כביסה שושן צחור 3 קג,דיפלומט מפיצים (1986) בע`מ,TR,"אריאל שושן צחור 2.5 ק""ג",קילוגרמים,3.00,"ק""ג",false,,31.90,10.6333,true,1,1416330
5410091648176,false,"פה - דאודורנט רול און לאישה פינק פרדייס 50 מ""ל",שוורצקופף והנקל,DE,פה דאודורנט רולאון פינק פ,מיליליטרים,50.00,"100 מ""ל",false,,9.90,0.1980,true,1,1369754
5410091678005,false,"סאיוס - ספריי לשיער ליצירת נפח 400 מ""ל",הנקל סוד בעמ,DE,סאיוס ספריי לשיער ליצירת,מיליליטרים,400.00,"100 מ""ל",false,,29.90,0.0747,true,1,1369756
5410103161518,false,קרם יום עם פעולה משולשת לעור רגיל ומעורב,לוריאל ישראל קוסמטיקס בעמ,DE,קרם לחות פעולה משולשת50מ,מיליליטרים,50.00,"100 מ""ל",false,,44.90,0.8980,true,1,1344674
5410103161617,false,קרם יום עם פעולה משולשת Triple active לעור יבש ועדין,לוריאל ישראל קוסמטיקס בעמ,DE,קרם לחות פעולה משולשת50מ,מיליליטרים,50.00,"100 מ""ל",false,,44.90,0.8980,true,1,1344675
5410126006087,false,ביסקויט ביסקפה לוטוס בטעם קרמל 700גר`ב,דיפלומט מפיצים (1968) בעמ**,,ביסקפה לוטוס 700 גרם,גרמים,700.00,100 גרם,false,,24.90,0.0356,true,1,1350976
5410126106022,false,לוטוס ביסקויט מארז חג 2*250ג.,דיפלומט מפיצים (1968) בעמ**,,מארז חג לוטוס 2*250ג,גרמים,500.00,100 גרם,false,,17.90,0.0358,true,1,2277871
5410126106183,false,עוגיות לוטוס 50 יחידות ארוזות בנפרד 312 גרם,דיפלומט מפיצים (1968) בעמ**,,ביסקפה לוטוס 312 גרם,גרמים,312.00,100 גרם,false,,17.90,0.0574,true,1,1350979
5410126116953,false,ממרח ביסקוויט קרמל לוטוס (400 גרם),דיפלומט מפיצים (1968) בעמ**,,ממרח קרמל לוטוס 400,גרמים,400.00,100 גרם,false,,18.90,0.0472,true,1,1350980
5410126666038,false,"ביסקוויט קרמל לוטוס 279 גרם בד""צ",דיפלומט מפיצים (1968) בעמ**,,ביסקפה לוטוס 276 גרם,גרמים,276.00,100 גרם,false,,12.90,0.0467,true,1,2033472
5410126716016,false,"עוגיות לוטוס ביסקויט קרמל בד""צ 250 גרם",דיפלומט מפיצים (1968) בעמ**,,ביסקפה לוטוס 250 גרם,גרמים,250.00,100 גרם,false,,9.90,0.0396,true,1,1350981
5410126726947,false,ממרח ביסקוויט קרמל קראנץ' לוטוס 380 גרם,דיפלומט מפיצים (1968) בעמ**,,ממרח עוגיות לוטוס 38,גרמים,380.00,100 גרם,false,,18.90,0.0497,true,1,1427601
5410173210055,false,רומבוטס קפה קלוי וטחון לפילטר 10 יח' 70 גרם,ליימן שליסל בע`מ,,קפה רומבוטס קפילטר 1,גרמים,70.00,100 גרם,false,,19.90,0.2843,true,1,1373344
5410228217732,false,"בירה סטלה ארטואה 440מ""ל פחית.",מנדלז סי.אר. פרודקשן,,בירה סטלה ארטואה-פחי,מיליליטרים,440.00,"100 מ""ל",false,,12.90,0.0293,true,1,2280478
5410228267515,false,"שישיית בירה לאגר באדוויזר 6*330 מ""ל",הכרם - משקאות חריפים בעמ,,בירה באדוויזר שישייה,ליטרים,1.98,ליטר,false,,29.90,15.1010,true,1,2229242
5410291021991,false,ממרח אגוזי לוז עם קקאו צ`וקטה (700 גרם),ש. שסטוביץ בע`מ,,ממרח אגוזי לוז 700 ג,גרמים,700.00,100 גרם,false,,18.90,0.0270,true,1,1463941
5410291022011,false,ממרח אגוזי לוז עם קקאו צ`וקטה (350 גרם),ש. שסטוביץ בע`מ,,ממרח אגוזי לוז צוקטה,גרמים,350.00,100 גרם,false,,11.90,0.0340,true,1,1463932
5410291022738,false,צ'וקטה ממרח חלב ואגוזי לוז עם קקאוי 350ג',ש. שסטוביץ בע`מ,,ממרח אגוזי לוז צוקטה,גרמים,350.00,100 גרם,false,,11.90,0.0340,true,1,1755701
5410291022752,false,צ'וקטה ממרח אגוזי לוז עם קקאו פרווה 350 ג',ש. שסטוביץ בע`מ,,ממרח אגוזי לוז צוקטה,גרמים,350.00,100 גרם,false,,11.90,0.0340,true,1,1504561
5410291022776,false,צ`וקטה ממרח אגוזי לוז עם קקאו 700 גר`,ש. שסטוביץ בע`מ,,ממרח אגוזי לוז 700 ג,גרמים,700.00,100 גרם,false,,18.90,0.0270,true,1,1504562
5410316983693,false,וודקה סמירנוף אייס בודד 275 מ``ל.,החברה המרכזית להפצת משקאות בעמ,IT,סמירנוף אייס בודד,מיליליטרים,275.00,"100 מ""ל",false,,10.90,0.0396,true,1,1382151
5410316994019,false,וודקה סמירנוף אדום (700 מל),החברה המרכזית להפצת משקאות בעמ,,"וודקה סמירנוף 700 מ""",מיליליטרים,700.00,"100 מ""ל",false,,54.90,0.0784,true,1,1400287
5410769100081,false,"בירה לה שוף קטן 330 מ""ל בקבוק",הכרם משקאות חריפים בעמ,,"בירה לה שוף 330 מ""ל",ליטרים,330.00,100 ליטר,false,,14.90,0.0452,true,1,1499629
5410769200088,false,"בירה מק שוף קטן 330 מ""ל בקבוק",הכרם משקאות חריפים בעמ,,"בירה מק שוף 330 מ""ל",ליטרים,330.00,100 ליטר,false,,14.90,0.0452,true,1,1499631
5410769800097,false,"בירה לה צרי שוף 8% 330 מ""ל בקבוק",הכרם - משקאות חריפים בעמ,,"בירה לה שוף 330 מ""ל",ליטרים,330.00,100 ליטר,false,,14.90,0.0452,true,1,1815478
5411188081852,false,אלפרו משקה סויה בטעם וניל 1 ליטר,הנסיך- מפעל לייצור ט,BE,אלפרו סויה וניל 1 ליטר *,ליטרים,1.00,ליטר,false,,14.90,14.9000,true,1,1386269
5411188094159,false,רביעיית מעדן סויה שוקו מריר אלפרו 125 גרם,הנסיך- מפעל לייצור ט,BE,אלפרו מעדן סויה בטעם שוקו,גרמים,500.00,100 גרם,false,,16.90,0.0338,true,1,1386271
5411188094173,false,רביעיה מעדן סויה טעם קרמל 125 ג' אלפרו,שטראוס גרופ בע`מ,,מארז 4 מעדן סויה אלפ,גרמים,500.00,100 גרם,false,,16.90,0.0338,true,1,1734199
5411188096108,false,"אלפרו שמנת צמחית לבישול לייט 250מ""ל",שטראוס גרופ בעמ/מצונן,BE,"אלפרו לבישול ע""ב סויה 250",מיליליטרים,250.00,"100 מ""ל",false,,9.90,0.0396,true,1,1386272
5411188110835,false,אלפרו חלב סויה שקדים וניל 1ל',הנסיך- מפעל לייצור ט,BE,אלפרו משקה שקדים 1 ליטר,ליטרים,1.00,ליטר,false,,15.90,15.9000,true,1,1386277
5411188112549,false,משקה קוקוס אלפרו 1 ליטר משקה אורז 1 ליטר,הנסיך- מפעל לייצור ט,BE,אלפרו משקה אורז 1 ליטר,ליטרים,1.00,ליטר,false,,15.90,15.9000,true,1,1386280
5411188112709,false,"משקה קוקוס אלפרו 1 ליטר משקה שקדים לל""ס",הנסיך- מפעל לייצור ט,BE,אלפרו משקה שקדים ללא סוכר,ליטרים,1.00,ליטר,false,,15.90,15.9000,true,1,1386281
5411188115366,false,משקה קוקוס אלפרו 1 ליטר משקה שיבולת שועל 1 ליטר,הנסיך- מפעל לייצור ט,BE,אלפרו משקה שיבולת שועל 1,ליטרים,1.00,ליטר,false,,15.90,15.9000,true,1,1386283
5411188115434,false,משקה אלפרו בריסטה סויה 1 ליטר,"שטראוס גרופ בע""מ",,אלפרו בריסטה סויה 1ל,ליטרים,1.00,ליטר,false,,14.90,14.9000,true,1,2337909
5411188115472,false,משקה סויה 1 ליטר אלפרו,הנסיך- מפעל לייצור ט,,אלפרו משקה סויה,ליטרים,1.00,ליטר,false,,13.90,13.9000,true,1,2267140
5411188120742,false,משקה קוקוס אלפרו 1 ליטר שקדים וניל 1 ל',הנסיך- מפעל לייצור ט,,משקה שקדים בטעם וניל,ליטרים,1.00,ליטר,false,,15.90,15.9000,true,1,1427265
5411188120957,false,"אלפרו תערובת לבישול על בסיס קוקוס 250 מ""ל",שטראוס גרופ בעמ/מצונן,,שמנת קוקוס לבישול אל,מיליליטרים,250.00,"100 מ""ל",false,,9.90,0.0396,true,1,1782908
5411188121923,false,"משקה סויה מועשר סידן אלפרו 3*250 מ""ל",הנסיך- מפעל לייצור ט,,אלפרו חלב סויה סידן,מיליליטרים,750.00,"100 מ""ל",false,,13.90,0.0185,true,1,1885338
5411188121978,false,אלפרו משקה סויה עמיד מועשר בסידן 3*250,"שטראוס גרופ בע""מ",,אלפרו חלב סויה סידן,מיליליטרים,750.00,"100 מ""ל",false,,13.90,0.0185,true,1,1854038
5411188122586,false,אלפרו משקה אגוזי קשיו 1 ל`,הנסיך- מפעל לייצור ט,,משקה שקדים אלפרו 250,מיליליטרים,250.00,"100 מ""ל",false,,5.90,0.0236,true,1,1958183
5411188124689,false,משקה אלפרו שיבולת שועל ללא סוכר 1 ליטר,שטראוס גרופ בע`מ,,אלפרו שיבולת שועל לל,ליטרים,1.00,ליטר,false,,13.90,13.9000,true,1,2274232
5411188127697,false,אלפרו בריסטה משקה שיבולת שועל 1 ליטר,הנסיך- מפעל לייצור ט,,אלפרו בריסטה שיבולת,ליטרים,1.00,ליטר,false,,14.90,14.9000,true,1,2267142
5411188129899,false,אלפרו בריסטה משקה שקדים 1 ליטר,הנסיך- מפעל לייצור ט,,אלפרו בריסטה שקדים,ליטרים,1.00,ליטר,false,,14.90,14.9000,true,1,2267143
5411188133476,false,אלפרו משקה סויה שוקו+חלבון 250 גרם בית יוסף,שטראוס גרופ בעמ/מצונן,,משקה אלפרו סויה שוק,מיליליטרים,250.00,"100 מ""ל",false,,6.90,0.0276,true,1,2325728
5411188134985,false,אלפרו 3.5% NOT M*LK שיבולת שועל 1 ליטר בית יוסף,שטראוס גרופ בעמ/מצונן,,משקה אלפרו 3.5% שיב,ליטרים,1.00,ליטר,false,,13.90,13.9000,true,1,2315702
5411188135005,false,אלפרו 1.8% NOT M*LK שיבולת שועל 1 ליטר בית יוסף,שטראוס גרופ בעמ/מצונן,,משקה אלפרו 1.8% שיב,ליטרים,1.00,ליטר,false,,13.90,13.9000,true,1,2315703
5411188300328,false,אלפרו משקה סויה עמיד בטעם שוקו 1 ליטר,הנסיך- מפעל לייצור ט,BE,אלפרו סויה שוקו 1 ליטר *,ליטרים,1.00,ליטר,false,,14.90,14.9000,true,1,1386287
5411188513483,false,"סויה לבישול 14% שומן אלפרו 250 מ""ל",שטראוס גרופ בעמ/מצונן,,אלפרו סויה לבישול 14,מיליליטרים,250.00,"100 מ""ל",false,,9.90,0.0396,true,1,2338186
5411188543398,false,אלפרו משקה סויה 1 ליטר ללא סוכר,הנסיך- מפעל לייצור ט,,אלפרו משקה סויה ללא,ליטרים,1.00,ליטר,false,,13.90,13.9000,true,1,2267144
5411223030081,false,"בירה לינדמנס קריק דובדבנים 250 מ""ל",הכרם - משקאות חריפים בעמ,,בירה לינדמנס דובדבן,ליטרים,250.00,100 ליטר,false,,9.90,0.0396,true,1,1499675
5411681014005,false,"בירה דובל בקבוק 330 מ""ל",הכרם משקאות חריפים בעמ,,"בירה דובל 330 מ""ל",ליטרים,330.00,100 ליטר,false,,14.90,0.0452,true,1,1499653
5411681014234,false,"מארז דובל 4*330 מ""ל + כוס",,,מארז בירה דובל + כוס,מיליליטרים,1320.00,"100 מ""ל",false,,44.90,0.0340,true,1,1909735
5411686700118,false,בירה ליפמנס פרוטס בתוספת,הכרם - משקאות חריפים בעמ,,בירה ליפמנס און דה ר,ליטרים,250.00,100 ליטר,false,,9.90,0.0396,true,1,1499677
5411718911963,false,סטרונגבואו רוזה אכוהולי 4.5% בטעם דבש,האי נאם סי או אל.טי.,,סיידר רוזה סטרונגבאו,מיליליטרים,330.00,"100 מ""ל",false,,7.90,0.0239,true,1,2269297
5413149655522,false,"אבקת כביסה שושן צחור 1.25 ק""ג אריאל",דיפלומט מפיצים (1986) בע`מ,,"אריאל 1.25 ק""ג שושן",קילוגרמים,1.25,"ק""ג",false,,19.90,15.9200,true,1,1351684
5413149930025,false,אבקת כביסה טייד אלפיין פרש,דיפלומט מפיצים (1968) בעמ,,"טייד אלפיין 5 ק""ג",קילוגרמים,5.00,"ק""ג",false,,49.90,9.9800,true,1,1351697
5413216990242,false,בונבוניירה צדפים ממולאים בקרם אגוזים,ש. שסטוביץ בע`מ,,צדפי שוקולד ממולאים,גרמים,250.00,100 גרם,false,,13.90,0.0556,true,1,1428450
5601008200444,false,עוגיות גודיס טבעות מצופות שוקולד חלב מרבה 150 גרם,הנסיך- מפעל לייצור ט,PT,מרבה גודיס שוקולד חלב,גרמים,150.00,100 גרם,false,,8.90,0.0593,true,1,1386293
5601008200451,false,עוגיות גודיס טבעות מצופות שוקולד מריר מרבה 150 גרם,ש. שסטוביץ בע`מ,PT,מרבה גודיס שוקולד מריר,גרמים,150.00,100 גרם,false,,8.90,0.0593,true,1,1386294
5601008200468,false,עוגיות גודיס טבעות מצופות שוקולד לבו מרבה 150 גרם,קריניציה ויטמינה אס,PT,מרבה גודיס שוקולד לבן,גרמים,150.00,100 גרם,false,,8.90,0.0593,true,1,1386295
5601010111035,false,סרדין בשמן זית רמירז 125 גרם,רמירז אנד קה פילהאוס,,סרדינים בשמן,גרמים,125.00,100 גרם,false,,9.90,0.0792,true,1,2233793
5601010211070,false,סרדין במים רמירז 125 גרם,רמירז אנד קה פילהאוס,,סרדין במים,גרמים,125.00,100 גרם,false,,8.90,0.0712,true,1,2233794
5601036205589,false,צבע לשיער אקסלנס קרם - 5 חום טבעי,לוריאל Loreal,,צבע שיער אקסלנס 5 LO,יחידה,0.00,יחידה,false,,34.90,0.0000,true,1,1344687
5601036205602,false,צבע לשיער אקסלנס קרם - 5.5 חום מהגוני,לוריאל ישראל קוסמטיקס בע,,צבע שיער אקסלנס 5.5,יחידה,0.00,יחידה,false,,34.90,0.0000,true,1,1344689
5601036205626,false,צבע לשיער אקסלנס קרם - 6 בלונד כהה,לוריאל Loreal,,צבע שיער אקסלנס 6 LO,יחידה,0.00,יחידה,false,,34.90,0.0000,true,1,1344691
5601036205664,false,לוריאל - אקסלנס קרם 7.1 בלונד טבעי אפרפר,ליברמו,,צבע שיער אקסלנס 7.1,יחידה,0.00,יחידה,false,,34.90,0.0000,true,1,1344693
5601045300022,false,משקה גוארנה אנטרטיקה פחית 355 מל,סומול וקומפל אס.איי,,משקה גווארנה בפחית,מיליליטרים,330.00,"100 מ""ל",false,,5.50,0.0167,true,1,1350457
5604912415041,false,סרדינים בשמן חמניה פורטוס 125 גרם,קונסרבס פורטוגל נורטה לי,,סרדינים בשמן חמניה פ,גרמים,125.00,100 גרם,false,,6.90,0.0552,true,1,2124892
5604912415058,false,סרדינים פורטוס בשמן חמניות חריף 125 גרם,דיפלומט מפיצים (1968) בעמ**,,סרדינים בשמן חמניה ח,גרמים,125.00,100 גרם,false,,6.90,0.0552,true,1,2124893
5604912425057,false,מקרלים בשמן חמניה חריף פורטוס 125 גרם,קונסרבס פורטוגל נורטה לי,,מקרלים בשמן חמניה חר,גרמים,125.00,100 גרם,false,,6.90,0.0552,true,1,2124895
5701932026964,false,"הוטפופ גרעיני תירס להכנת פופקורן במיקרוגל בטעם טבעי, בתוספת מלח, 600 גרם",ליימן שליסל בע`מ,US,הוט פופ מלוח 600 גרם,גרמים,600.00,100 גרם,false,,16.90,0.0282,true,1,1373351
5701932026971,false,הוטפופ גרעיני תירס להכנת פופקורן במיקרוגל בטעם חמאה 600 גרם,ליימן שליסל בע`מ,US,הוטפופ חמאה 600 גרם,גרמים,600.00,100 גרם,false,,16.90,0.0282,true,1,1373352
5701932026995,false,"הוטפופ גרעיני תירס להכנת פופקורן במיקרוגל בטעם טבעי מופחת שומן, 510 גרם",קריניציה ויטמינה אס,US,פופקורן הוט פופ טבעי לייט,גרמים,510.00,100 גרם,false,,16.90,0.0331,true,1,1373353
5706516031358,false,פופקורן להכנה במיקרוגל בטעם טבעי מופחת שומן 5 שקיות,ליימן שליסל בע`מ,US,הוטפופ 100 קלוריות 160 גר,גרמים,160.00,100 גרם,false,,16.90,0.1056,true,1,1373354
5711953106583,false,גבינת שמנת בטעם טבעי 200 גרם ארלה,שטראוס גרופ בעמ/מצונן,,גבינת שמנת ארלה 24.5,גרמים,200.00,100 גרם,false,,14.90,0.0745,true,1,2227989
5711953106590,false,גבינת שמנת ארלה שמנת שום 200 גרם,שטראוס גרופ בעמ/מצונן,,גבינת שמנת ארלה 24%,גרמים,200.00,100 גרם,false,,14.90,0.0745,true,1,2227990
5711953106606,false,גבינת שמנת עם תבלינים ועשבי תיבול 23.5%,שטראוס גרופ בעמ/מצונן,,גבינת שמנת ארלה 23.5,גרמים,200.00,100 גרם,false,,14.90,0.0745,true,1,2227991
5740900403215,false,ממרח חמאה דנית לורפק עם מלח 250 גרם,שטראוס גרופ בעמ/מצונן,,ממרח לורפאק עם מלח 2,גרמים,250.00,100 גרם,false,,15.90,0.0636,true,1,2126256
5740900403222,false,ממרח לורפק חמאה עם מלח מופחת שומן 250 ג,שטראוס גרופ בעמ/מצונן,,ממרח לורפאק עם מלח מ,גרמים,250.00,100 גרם,false,,15.90,0.0636,true,1,2126257
5740900403239,false,ממרח חמאה דנית לורפק ללא מלח 250 גרם,שטראוס גרופ בעמ/מצונן,,ממרח לורפאק בלי מלח,גרמים,250.00,100 גרם,false,,15.90,0.0636,true,1,2126258
5740900403246,false,ממרח לורפק ללא תוספת מלח 500 גר,שטראוס גרופ בעמ/מצונן,,ממרח לורפאק בלי מלח,גרמים,500.00,100 גרם,false,,24.90,0.0498,true,1,2126259
5740900403253,false,ממרח מחמאת לורפק עם מלח 500 ג',שטראוס גרופ בעמ/מצונן,,ממרח לורפאק עם מלח 5,גרמים,500.00,100 גרם,false,,24.90,0.0498,true,1,2126260
5740900403260,false,ממרח מחמאת לורפק ללא מלח 27% פחות שומן,שטראוס גרופ בעמ/מצונן,,ממרח לורפאק ללא מלח,גרמים,250.00,100 גרם,false,,15.90,0.0636,true,1,2126261
5900017062822,false,ניוואה קרם רב שימושי,,,ניוואה קרם רב שימושי,יחידה,0.00,יחידה,false,,24.90,0.0000,true,1,2066184
5900020012814,false,דגנים תפוחים בטעם שוקולד נסקוויק נסטלה 500 גרם,קבוצת אוסם סחר שותפות מוגבלת,PL,נסקוויק דגני בוקר תפוחים,גרמים,500.00,100 גרם,false,,24.90,0.0498,true,1,1349699
5900020015174,false,פיטנס חטיפי אנרגיה דגנים בטעם שוקולד נסטלה 6*23.5 גרם,קבוצת אוסם סחר-שות.מוגבלת,PL,פיטנס חטיף דגנים עם שוקול,גרמים,141.00,100 גרם,false,,15.90,0.1128,true,1,1349700
5900020018908,false,פיטנס חטיפי אנרגיה דגנים בטעם קרם עוגיות נסטלה 6*23.5 גרם,קבוצת אוסם סחר-שות.מוגבלת,PL,פיטנס חטיף דגנים עם עוגיו,גרמים,141.00,100 גרם,false,,15.90,0.1128,true,1,1349706
5900020020710,false,מארז חטיף דגנים קראנץ' בטעם שוקו וניל נסטלה,קבוצת אוסם סחר שותפות מוגבלת,PL,קראנץ' חטיף דגנים שוקו-ונ,גרמים,150.00,100 גרם,false,,15.90,0.1060,true,1,1349707
5900020020741,false,חטיפי דגנים נסקוויק בר שוקו שוקו 6*25 גר,קבוצת אוסם סחר שותפות מוגבלת,PL,נסקוויק חטיף דגנים שוקו-ש,גרמים,150.00,100 גרם,false,,15.90,0.1060,true,1,1349708
5900020022325,false,חטיף סיני מיניס Cini Minis בטעם קינמון - 6 במארז,קבוצת אוסם סחר שותפות מוגבלת,PL,סיני מיניס חטיף דגנים בטע,גרמים,150.00,100 גרם,false,,15.90,0.1060,true,1,1349710
5900020024770,false,פיטנס - דליס חטיף דגנים שוקולד אגוז 22.50 גרם * 6,קבוצת אוסם סחר שותפות מוגבלת,PL,פיטנס חטיף דגנים 141 גרם,גרמים,135.00,100 גרם,false,,15.90,0.1178,true,1,1349711
5900020024817,false,פיטנס דליס Fitness Delice חטיף דגנים עם שוקולד לבן,קבוצת אוסם סחר שותפות מוגבלת,PL,פיטנס חטיף דגנים 141 גרם,גרמים,135.00,100 גרם,false,,15.90,0.1178,true,1,1349712
5900020025647,false,חטיף דגנים פיטנס שוקולד חלב 135 גרם מארז 6 יחידות,קבוצת אוסם סחר שותפות מוגבלת,PL,פיטנס חטיף דגנים 141 גרם,גרמים,135.00,100 גרם,false,,15.90,0.1178,true,1,1349714
5900020026552,false,דגני בוקר האני נאט צ'יריוס בטעם דבש ושקדים,קבוצת אוסם סחר שותפות מוגבלת,,דגני בוקר האני צ'ריו,גרמים,625.00,100 גרם,false,,24.90,0.0398,true,1,1447838
5900020029669,false,פיטנס - חטיף דגנים פירות יער 23.50 גרם * 6,קבוצת אוסם סחר שותפות מוגבלת,,חטיף פיטנס פירות יער,גרמים,141.00,100 גרם,false,,15.90,0.1128,true,1,1795737
5900020031877,false,נסטלה האני ציריוס חטיף דגני בוקר שישייה,קבוצת אוסם סחר-שות.מוגבלת,,חטיף דגנים צ'יריוס,גרמים,132.00,100 גרם,false,,15.90,0.1205,true,1,1964797
5900020033314,false,חטיף דגני בוקר Lion בטעם קרמל ושוקולד על קרם חלב,קבוצת אוסם סחר שותפות מוגבלת,,חטיף ליון דגנים 25*6,גרמים,150.00,100 גרם,false,,15.90,0.1060,true,1,2057162
5900020034021,false,פיטנס חטיף דגנים שוקו בננה נסטלה (23.5x6,קבוצת אוסם סחר שותפות מוגבלת,,חטיף פיטנס דגנים שוק,גרמים,141.00,100 גרם,false,,15.90,0.1128,true,1,2153971
5900020034991,false,דגני בוקר צדפים בטעם שוקולד 450 ג' קראנץ',קבוצת אוסם סחר שותפות מוגבלת,,קראנץ צדפים בטעם שוק,גרמים,450.00,100 גרם,false,,24.90,0.0553,true,1,2233201
5900020036407,false,ליון דגני בוקר שוקולד וקרמל נסטלה 480 גרם,קבוצת אוסם סחר שותפות מוגבלת,,דגני בוקר ליון וקרמל,גרמים,480.00,100 גרם,false,,24.90,0.0519,true,1,2243380
5900020039590,false,פיטנס חטיף דגנים קלאסי 6.8*23.5גר פרווה,קבוצת אוסם סחר-שות.מוגבלת,,חטיף פיטנס דגנים קלא,גרמים,141.00,100 גרם,false,,15.90,0.1128,true,1,2312311
5900020039620,false,פיטנס חטיף דגנים שקדים ודבש פרווה 8 6*23 ג,קבוצת אוסם סחר שותפות מוגבלת,,חטיף פיטנס דגנים שקד,גרמים,141.00,100 גרם,false,,15.90,0.1128,true,1,2312312
5900238587234,false,שוקולד מריר 62% ברון 100 גרם,,,שוקולד מריר 62% ברון,גרמים,100.00,100 גרם,false,,5.90,0.0590,true,1,1395938
5900352000770,false,ממתק ג`לי דובדבן מצופה שוקולד 190 גרם,יעד ממתקים בעמ,,בונבונירה 190 גרם,גרמים,190.00,100 גרם,false,,8.90,0.0468,true,1,1372260
5900352001814,false,שוקולד גלרטקה תפוז מלה 190 גרם,יעד ממתקים בעמ,,בונבונירה 190 גרם,גרמים,190.00,100 גרם,false,,8.90,0.0468,true,1,1372261
5900352001821,false,שוקולד חלב ממולא ג'לי לימון Mella,יעד ממתקים בעמ,,בונבונירה 190 גרם,גרמים,190.00,100 גרם,false,,8.90,0.0468,true,1,1372262
5900352002576,false,ממתק ג`לי אוכמניות מצופה שוקולד190 גרם,יעד ממתקים בעמ,,בונבונירה אוכמניות 1,גרמים,190.00,100 גרם,false,,8.90,0.0468,true,1,1372263
5900352002866,false,חטיף אליבי שוקולד וקרמל 49 גרם,אליבי מקס Alibi Max,,חטיף שוקולד אליבי מק,גרמים,49.00,100 גרם,false,,2.90,0.0592,true,1,1372264
5900352012605,false,טייגר חטיף אליבי קוקוס 49 גרם,אליבי מקס Alibi Max,,חטיף קוקוס אליבי 49,גרמים,49.00,100 גרם,false,,2.90,0.0592,true,1,1372269
5900352014456,false,וופל בלגי שוקולד 130 גר` יעד ממתקים,יעד ממתקים בעמ,,וופל בלגי שוקולד 130,גרמים,130.00,100 גרם,false,,3.90,0.0300,true,1,2353653
5900352014470,false,וופל בלגי קרמל 140 גר` יעד ממתקים,יעד ממתקים בעמ,,וופל בלגי קרמל 130 ג,גרמים,130.00,100 גרם,false,,3.90,0.0300,true,1,2353654
5900617015716,false,חטיף קרנצ' אגוזים שק,,,חטיף קרנצ' אגוזים שק,גרמים,40.00,100 גרם,false,,3.90,0.0975,true,1,2355249
5900617015723,false,חטיף קרנצ' פרות יער,,,חטיף קרנצ' פרות יער,גרמים,40.00,100 גרם,false,,3.90,0.0975,true,1,2355250
5900617015976,false,חטיף קרנצ' שזיף,,,חטיף קרנצ' שזיף,גרמים,40.00,100 גרם,false,,3.90,0.0975,true,1,2355253
5900617035905,false,חטיף חלבון נוטרישיין בטעם קרמל מלוח,סיטי תוספי מזון,,חטיף חלבון פרוטאין 3,גרמים,50.00,100 גרם,false,,9.90,0.1980,true,1,2330737
5900617035929,false,חטיף חלבון נוטרישיין בטעם וניל תות יער,סיטי תוספי מזון,,חטיף חלבון פרוטאין 3,גרמים,50.00,100 גרם,false,,9.90,0.1980,true,1,2330738
5900627040104,false,"הרפיק נוזל לניקוי אסלות שחור סיטרוס 750 מ""ל",רקיט בנקיזר,PL,"הרפיק שחור סיטרום 750 מ""ל",מיליליטרים,750.00,"100 מ""ל",false,,14.90,0.0199,true,1,1353530
5900627066715,false,טבליות למדיח פיניש הכל ב-1 100 יח,רקיט בנקיזר (ניר איסט) בעמ,,פיניש 100 טבליות למד,יח',100.00,יח',false,,54.90,0.5490,true,1,1506013
5900951283963,false,חטיף סניקרס עם חמאת בוטנים Creamy Peanut Butter,"מרס ריגלי ישראל בע""מ",,חטיף סניקרס קרמי חמא,גרמים,57.00,100 גרם,false,,3.90,0.0684,true,1,2321596
5901105745207,false,"כוס מאג נבדה 350 מ""ל",,,"כוס מאג נבדה 350 מ""ל",יחידה,0.00,יחידה,false,,6.90,0.0000,true,1,2247035
5901105745214,false,"כוס מאג מילנו 250 מ""",,,"כוס מאג מילנו 250 מ""",יחידה,0.00,יחידה,false,,6.90,0.0000,true,1,2237161
5901105745252,false,"כוס מאג גמבו 450 מ""ל",,,"כוס מאג גמבו 450 מ""ל",יחידה,0.00,יחידה,false,,7.90,0.0000,true,1,2247036
5901677009011,false,שוקולד מריר 70% ברון 100 גרם,,,שוקולד ברון מריר 70%,גרמים,100.00,100 גרם,false,,5.90,0.0590,true,1,1395993
5902198160403,false,XL משקה אנרגיה מוגז ללא סוכר עד 10 קלוריות לפחית 250 מל,"טמפו משקאות בע""\מ",,משקה XL בפחית,מיליליטרים,250.00,"100 מ""ל",false,,4.30,0.0172,true,1,1708976
5902581683793,false,שוקולד חלב ממולא קרמל ברון 100 גרם,,,שוקולד חלב ממולא קרמ,גרמים,100.00,100 גרם,false,,4.90,0.0490,true,1,2357642
5902581683816,false,שוקולד חלב ממולא תות ברון 100 גרם,,,שוקולד חלב ממולא תות,גרמים,100.00,100 גרם,false,,4.90,0.0490,true,1,2357643
5904603190739,false,אסורטי ירקות דוורק 8,,,אסורטי ירקות,גרמים,860.00,100 גרם,false,,12.90,0.0150,true,1,2349528
5904603190937,false,מלפפנים בחומץ עם עלה אוכמניות 1/8/850 *UNI*,,,מלפפונים בחומץ עם על,גרמים,860.00,100 גרם,false,,12.90,0.0150,true,1,2349533
5904941750312,false,"משקה אנרגיה BLU מוחיטו בודד 250 מ""ל",בני פאוזי שמשום (2009) בעמ,,משקה בלו מוחיטו,מיליליטרים,250.00,"100 מ""ל",false,,4.20,0.0168,true,1,1412604
5904941751241,false,"משקה אנרגיה BLU דיי סיקס ללא סוכר 250 מ""ל",בני פאוזי שמשום (2009) בעמ,,משקה אנרגיה BLU SUGA,מיליליטרים,250.00,"100 מ""ל",false,,4.20,0.0168,true,1,2267776
5904941751302,false,משקה אנרגיה בפחית בלו (250 מל),בני פאוזי שמשום (2009) בעמ,,BLU משקה אנרגיה 250מ,מיליליטרים,250.00,"100 מ""ל",false,,4.20,0.0168,true,1,1412605
5904941751371,false,"בלו אקזוטי (מלון תפוח) 250 מ""ל בודד",בני פאוזי שמשום (2009) בעמ,,משקה בלו דיי אקזו,מיליליטרים,250.00,"100 מ""ל",false,,3.90,0.0156,true,1,1798443
5904941751524,false,"משקה אנרגיה BLU DAY אבטיח בודד 250 מ""ל",בני פאוזי שמשום (2009) בעמ,,משקה בלו דיי אבטיח,מיליליטרים,250.00,"100 מ""ל",false,,4.20,0.0168,true,1,1412607
5904941751913,false,משקה אנרגיה Blu פחית בטעם פסיפלורה250מ,בני פאוזי שמשום (2009) בעמ,,BLU משקה אנרגיה 250מ,מיליליטרים,250.00,"100 מ""ל",false,,3.90,0.0156,true,1,1412612
5904941751920,false,בלו משקה אנרגיה דיי חצי מכמות הקלו250 מל,בני פאוזי שמשום (2009) בעמ,,משקה בלו דיי,מיליליטרים,250.00,"100 מ""ל",false,,4.20,0.0168,true,1,1412613
5906485301012,false,משקה אנרגיה XL מוגז פחית 250 מל,"טמפו משקאות בע""מ",,"משקה XL בפחית 250 מ""",מיליליטרים,250.00,"100 מ""ל",false,,4.30,0.0172,true,1,1413351
5997321701806,false,אבקה למניעת אבנית במכונת כביסה 2 ב-1,רקיט בנקיזר (ניר איסט) בעמ,,אבקה למניעת אבנית 1ק,קילוגרמים,1.00,"ק""ג",false,,29.90,29.9000,true,1,1758849
5997321770307,false,ויט רצועות שעווה מוכנות לעור רגיש 12 יחידות,רקיט בנקיזר (ניר איסט) בעמ,,רצועות שעווה לעור רג,יחידה,0.00,יחידה,false,,29.90,0.0000,true,1,2130377
5998623526739,false,יין גוורצטרמינר חצי מתוק סי גראס 750 מ,מ. אקרמן בעמ,,יין גוורצטרמינר,מיליליטרים,750.00,"100 מ""ל",false,,29.90,0.0399,true,1,2221871
5998710131877,false,בונבונטי חטיף דובדבן בשוקולד 36 גרם,דילר בי.אמ.די.אינטרנשיונל בעמ,,סוכריות שוקולד 36 CH,גרמים,36.00,100 גרם,false,,3.90,0.1083,true,1,2097197
6001067017523,false,מברשת שיניים קולגייט לילדים מגיל חמש 1 יחידה,יבואן ומשווק: ש. שסט,CN,קולגייט מברשת ילדים ספידר,יח',1.00,יח',false,,18.90,18.9000,true,1,1386296
6001067017530,false,מברשת שיניים קולגייט לילדים מגיל שנתיים עד חמש 1 יחידה,יבואן ומשווק: ש. שסט,CN,קולגייט מברשת ילדים ספידר,יחידה,0.00,יחידה,false,,18.90,0.0000,true,1,1386297
6001067027324,false,קולגייט בארבי-באטמן מברשת חשמלית,קולגייט - פלמוליב,CN,קולגייט מברשת ילדים בארבי,יח',1.00,יח',false,,49.90,49.9000,true,1,1386303
6009188004828,false,קיט קאט צ`אנקי לבן 40 גר`,קבוצת אוסם סחר שותפות מוגבלת,,חטיף קיט קט צ'אנקי ל,גרמים,40.00,100 גרם,false,,3.90,0.0975,true,1,2364836
6086142556418,false,עלי מורינגה אורגניים יח,אודי,,עלי מוריגה אורגניים,יחידה,0.00,יחידה,false,,12.90,0.0000,true,1,2311135
6111094000198,false,קוסקוס דארי בינוני 350 גרם,דארי קוספאט אס. איי. או,,קוסקוס דארי 350 גרם,גרמים,350.00,100 גרם,false,,5.90,0.0169,true,1,1893924
6111094000242,false,תומר קוסקוס דארי דק 500גר,תומר ייבוא ושיווק מוצרי מזון [,,קוסקוס דארי דק 500 ג,גרמים,500.00,100 גרם,false,,7.90,0.0158,true,1,1387124
6111094000259,false,קוסקוס דארי בינוני 500 גר`,תומר ייבוא ושיווק מוצרי מזון [,,קוסקוס דארי בינוני 0,גרמים,500.00,100 גרם,false,,7.90,0.0158,true,1,1387125
6111094000709,false,דארי קוסקוס מחיטה מלאה 500 גרם,תומר יבוא ושיווק מוצרי מזון (1,,קוסקוס דארי 500גר דא,גרמים,500.00,100 גרם,false,,7.90,0.0158,true,1,2354156
6111094002123,false,דארי אטריות דקות תוספת 10% 550 גרם,דארי,,איטריות דקות דארי,גרמים,550.00,100 גרם,false,,7.90,0.0144,true,1,2369753
6253017300029,false,טחינה גולמית קרוואן,קרואן Karawan,,טחינה גולמית קרוואן,גרמים,950.00,100 גרם,false,,22.90,0.0241,true,1,1395423
6281001510390,false,מברשת שיניים לילדים אקסטרא סופט לגילאי 0-2,קולגייט-פלמוליב,CN,קולגייט מברשת ילדים 0-2 ח,יח',1.00,יח',false,,18.90,18.9000,true,1,1386304
6667770700161,false,"מסננת אורז 30 ס""מ -",,,"מסננת אורז 30 ס""מ -",יחידה,0.00,יחידה,false,,9.90,0.0000,true,1,2303914
6667770702480,false,פותחן מלצרים,א. דינצי ובניו בעמ,,פותחן מלצרים,יחידה,0.00,יחידה,false,,9.90,0.0000,true,1,2303915
6667770902282,false,פומפיה 6 צלעות סיליק,,,פומפיה 6 צלעות סיליק,יחידה,0.00,יחידה,false,,16.90,0.0000,true,1,2303916
6667771501790,false,ק. חיתוך 2 צבעים קטן,,,ק. חיתוך 2 צבעים קטן,יחידה,0.00,יחידה,false,,19.90,0.0000,true,1,2302007
6920354822193,false,משחת שיניים נטורל הדרים אקליפטוס קולגייט 90 ג',קולגייט פלמוליב,,משחת שניים קולגייט נ,מיליליטרים,68.00,"100 מ""ל",false,,29.90,0.4397,true,1,2311586
6920354822223,false,משחת שיניים נטורל גינגר קוקוס קולגייט 90 ג',קולגייט פלמוליב,,משחת שניים קולגייט נ,מיליליטרים,68.00,"100 מ""ל",false,,29.90,0.4397,true,1,2311587
6920354824395,false,משחת שיניים נטורל תמציות פחם קולגייט 90 ג',קולגייט פלמוליב,,משחת שניים קולגייט נ,מיליליטרים,71.00,"100 מ""ל",false,,29.90,0.4211,true,1,2311593
6922163616659,false,תה ירוק שקיקים 40 גר,טעמי אסיה Taste of Asia,TH,תה ירוק שקיקים 40 גרם-כשר,גרמים,40.00,100 גרם,false,,7.90,0.1975,true,1,1391052
6922163616666,false,תה ירוק עם יסמין 20 שקיקים,טעמי אסיה Taste of Asia,CN,תה ירוק עם יסמין -שקיקים,גרמים,40.00,100 גרם,false,,7.90,0.1975,true,1,1391053
6935673035612,false,כפפות אלוורה להקלה על עור יבש - קטן S,מ.א.ייצור ויבוא מטליות בעמ,CN,כפפות אלוורה 1/120 S,יחידה,0.00,יחידה,false,,5.90,0.0000,true,1,1373585
6935673035629,false,כפפות אלוורה להקלה על עור יבש - בינוני M,מ.א. יצור ויבוא מטליות בעמ`,CN,כפפות אלוורה 1/120 M,יחידה,0.00,יחידה,false,,5.90,0.0000,true,1,1373586
6935673035636,false,כפפות אלוורה להקלה על עור יבש - גדול L,מ.א. יצור ויבוא מטליות בעמ`,CN,כפפות אלוורה 1/120 L,יח',2.00,יח',false,,5.90,2.9500,true,1,1373587
6935673035643,false,כפפות אלוורה להקלה על עור יבש - גדול מאוד XL,מ.א.ייצור ויבוא מטליות בעמ,CN,כפפות אלוורה 1/120 XL,יחידה,0.00,יחידה,false,,5.90,0.0000,true,1,1373588
6943707585941,false,כוסות אספרסו,,,כוסות אספרסו,יח',50.00,יח',false,,5.90,0.1180,true,1,2311886
6971071749485,false,אוזניות סיליקון,,,אוזניות סיליקון,יחידה,0.00,יחידה,false,,9.90,0.0000,true,1,2273853
7038513866328,false,גורדן מברשת ילדים 6-9 סופט סטפ בי סטפ,דנשר (1963) בעמ,MY,ג'ורדן מברשת לילדים 6-8,יח',1.00,יח',false,,12.90,12.9000,true,1,1401041
7038516140357,false,מברשת שיניים ג'ורדן טוטל סופט מארז 4 יחידות,מיוצר במלזיה עבור ג',MY,ג'ורדן מברשת טוטאל קלין ס,יח',4.00,יח',false,,14.90,3.7250,true,1,1401046
7038516140418,false,ג'ורדן מברשת שיניים טוטאל קלין מדיום רביעייה,"דנשר (1963) בע,מ",MY,ג'ורדן מברשת טוטאל קלין מ,יח',4.00,יח',false,,14.90,3.7250,true,1,1401047
7038516550309,false,מברשת שיניים גורדן,ג'ורדן Jordan,MY,ג'ורדן מ.שיניים אינדיבידו,יחידה,0.00,יחידה,false,,14.90,0.0000,true,1,1401052
7038516552303,false,גורדן מברשת שיניים אינדיבידואל ראש בינוני,ג'ורדן Jordan,MY,ג'ורדן מ.שיניים אינדיבידו,יח',1.00,יח',false,,14.90,14.9000,true,1,1401053
7046110052686,false,גורדן חוט דנטלי מנטה יומי 50 מטר,דנטלון,,חוט דנטלי גורדן בניח,מטרים,50.00,מטר,false,,9.90,0.1980,true,1,2371333
7046110064016,false,ג'ורדן מארז זוג מברשת שיניים לילדים מגיל 3-5,"דנשר (1963) בע,מ",,מברשת שיניים 3-5 ג'ו,יח',1.00,יח',false,,14.90,14.9000,true,1,1827007
7046110064047,false,מארז זוג מברשת שיניים ג'ורדן ילדים 6-9,"דנשר (1963) בע,מ",,מברשת שיניים 6-9 ג'ו,יח',1.00,יח',false,,14.90,14.9000,true,1,1827008
7046110064535,false,מארז זוג מברשת שיניים ג'ורדן ילדים 0-2,"דנשר (1963) בע,מ",,מברשת שיניים 0-2 ג'ו,יח',1.00,יח',false,,14.90,14.9000,true,1,1826998
7046110071519,false,משחת שיניים לילדים לשיני חלב 2-6 ג`ורדון,דנשר (1963) בעמ,,מברשת שיניים 2-6 ג'ו,מיליליטרים,50.00,"100 מ""ל",false,,9.90,0.1980,true,1,2279325
7046110075036,false,ג'ורדן מב' שיניים אולטימייט יו *רביעיה *סופט,דנטלון,,מברשת שיניים גורדן א,יח',4.00,יח',false,,14.90,3.7250,true,1,2227632
7046110075562,false,"ג'ורדן משחת שיניים לשיניים קבועות 6-12 50 מ""ל",דנשר (1963) בעמ,,מברשת שיניים 6-12 ג',מיליליטרים,50.00,"100 מ""ל",false,,9.90,0.1980,true,1,2279326
7271730901261,false,ווקי מאק ארוחת אטריות עם גבינה 156 גרם,ניו וורלד פסטה קומפנ,,ווקי מאק ארוחת אטריו,גרמים,156.00,100 גרם,false,,9.90,0.0635,true,1,2302258
7290000000982,false,סלסלה לחג,,,סלסלה לחג,יחידה,0.00,יחידה,false,,139.00,0.0000,true,1,2372543
7290000000996,false,סברס מקולף,,,שתיה קרה,יחידה,0.00,יחידה,false,,8.00,0.0000,true,1,2215798
7290000001134,false,רביעייה סופגניות,מעדני מניה תעשיות בש,,רביעייה סופגניות,יח',4.00,יח',false,,10.00,2.5000,true,1,2274086
7290000001603,false,מארז מסיכות 50 יח',,,מארז מסיכות 50 יח',יח',50.00,יח',false,,9.90,0.1980,true,1,2247698
7290000003001,false,חלה ויזניץ לשבת,,,חלה ויזניץ לשבת,יחידה,0.00,יחידה,false,,17.90,0.0000,true,1,2364838
7290000004015,false,פריט תרומה מארז גרבי,,,פריט תרומה מארז גרבי,יחידה,0.00,יחידה,false,,10.00,0.0000,true,1,2378860
7290000006503,false,חצי אבטיח סידלס,,,חצי אבטיח סידלס,קילוגרמים,1.00,"ק""ג",true,,5.90,5.9000,true,1,1745587
7290000010809,false,צ'יאה,,,צ'יאה,קילוגרמים,1.00,"ק""ג",true,,30.00,30.0000,true,1,1375278
7290000010816,false,גוג'י ברי,,,גוג'י ברי,קילוגרמים,1.00,"ק""ג",true,,60.00,60.0000,true,1,1401343
7290000010953,false,גבינה צהובה 28% נועם,,,גבינה צהובה 28% נועם,קילוגרמים,1.00,"ק""ג",true,,44.75,44.7500,true,1,1375300
7290000010984,false,גבינה צהובה 9% נועם,טרה,IL,חריץ גבינה צהובה נעם 9% ב,קילוגרמים,1.00,"ק""ג",true,,71.00,71.0000,true,1,1375301
7290000010991,false,גבינה צהובה 22% נועם,טרה,IL,חריץ גבינה צהובה נעם 22%,קילוגרמים,1.00,"ק""ג",true,,42.55,42.5500,true,1,1375302
7290000011462,false,עצמות מח טרי,,,עצמות מח טרי,קילוגרמים,1.00,"ק""ג",true,,49.90,49.9000,true,1,1391690
7290000012131,false,רצועות עוף,,,רצועות עוף,קילוגרמים,1.00,"ק""ג",true,,44.90,44.9000,true,1,1391691
7290000012384,false,"גבינה עמק מרוסקת ק""ג",,,"גבינה עמק מרוסקת ק""ג",קילוגרמים,1.00,"ק""ג",true,,44.75,44.7500,true,1,1387296
7290000017426,false,"גבינה גאודה ק""ג",,,"גבינה גאודה ק""ג",קילוגרמים,1.00,"ק""ג",true,,90.00,90.0000,true,1,1744865
7290000019482,false,חזה עוף נקי,,,חזה עוף נקי,קילוגרמים,1.00,"ק""ג",true,,44.90,44.9000,true,1,2180992
7290000019673,false,צימוק גדול שחור,,,צימוק גדול שחור,קילוגרמים,1.00,"ק""ג",true,,39.00,39.0000,true,1,1853607
7290000019697,false,שקד מולבן חצוי,,,שקד מולבן חצוי,קילוגרמים,1.00,"ק""ג",true,,79.00,79.0000,true,1,1853608
7290000021294,false,דונאטס רביעייה,,,דונאטס רביעייה,יחידה,0.00,יחידה,false,,19.90,0.0000,true,1,2228574
7290000023083,false,ערק אשקלון בקבוק 700,טמפו משקאות בע`מ,,ערק אשקלון 40% 700 מ,מיליליטרים,700.00,"100 מ""ל",false,,59.90,0.0856,true,1,1370504
7290000023809,false,קלאסיק קברנה סובניון יקבי ברקן (750 מל),יקבי ברקן שיווק והפצה בע,,יין קברנה סובניון 75,מיליליטרים,750.00,"100 מ""ל",false,,39.90,0.0532,true,1,1370519
7290000023823,false,"יין קלאסיק סוביניון בלאן ברקן 750 מ""ל",יקבי ברקן שיווק והפצה בע,,קלאסיק סובניון בלאן,מיליליטרים,750.00,"100 מ""ל",false,,32.90,0.0439,true,1,1370521
7290000023847,false,קלאסיק שרדונה יקבי ברקן (750 מל),יקבי ברקן שיווק והפצה בע,,"יין שרדונה 750 מ""ל",מיליליטרים,750.00,"100 מ""ל",false,,32.90,0.0439,true,1,1370523
7290000023977,false,קלאסיק מרלו יקבי ברקן (750 מל),יקבי ברקן שיווק והפצה בע,,"יין מרלו 750 מ""ל",מיליליטרים,750.00,"100 מ""ל",false,,39.90,0.0532,true,1,1370526
7290000024202,false,רזרב קברנה סובניון יקבי ברקן (750 מל),ברקן שיווק והפצה בעמ,,יין רזרב קברנה סובינ,מיליליטרים,750.00,"100 מ""ל",false,,59.90,0.0799,true,1,1370531
7290000024264,false,רזרב מרלו יקבי ברקן (750 מל),"כרמי צבי - אחים סגל בע""\",,יין רזרב מרלו אדום 7,מיליליטרים,750.00,"100 מ""ל",false,,59.90,0.0799,true,1,1370536
7290000024486,false,סלק אדום,,,סלק אדום,קילוגרמים,1.00,"ק""ג",true,,29.00,29.0000,true,1,2306361
7290000024523,false,"תירוש של סגל ,מיץ ענבים , 1 ליטר",כרמי צבי - האחים סגל,,יין תירוש מתוק,ליטרים,1.00,ליטר,false,,12.90,12.9000,true,1,1475098
7290000024530,false,יין אדום מתוק קידוש של סגל 750 מל,"כרמי צבי - אחים סגל בע""\",,יין אדום מתוק של סגל,מיליליטרים,750.00,"100 מ""ל",false,,18.90,0.0252,true,1,1370542
7290000024554,false,"יין אסמבלאז' ריחן 2013 ברקן 750 מ""ל",יקבי ברקן,,יין אדום אסמבלאז,מיליליטרים,750.00,"100 מ""ל",false,,55.90,0.0745,true,1,2080162
7290000024622,false,חומוס מסעדות,,,חומוס מסעדות,קילוגרמים,1.00,"ק""ג",true,,19.00,19.0000,true,1,2306368
7290000024851,false,ספיישל רזרב מרסלאן 750מל,יקבי ברקן שיווק והפצה בע,,טונה ירקות במיונז,קילוגרמים,1.00,"ק""ג",true,,69.00,69.0000,true,1,2306386
7290000025995,false,כרוב אדום במיונז,,,כרוב אדום במיונז,קילוגרמים,1.00,"ק""ג",true,,25.00,25.0000,true,1,2313792
7290000026602,false,סלט ביצים,,,סלט ביצים,קילוגרמים,1.00,"ק""ג",true,,59.00,59.0000,true,1,2354848
7290000026619,false,גזר בטעמים,,,גזר בטעמים,קילוגרמים,1.00,"ק""ג",true,,39.00,39.0000,true,1,2354849
7290000026626,false,סלט וולדורף,,,סלט וולדורף,קילוגרמים,1.00,"ק""ג",true,,55.00,55.0000,true,1,2354850
7290000026633,false,חומוס בטעמים,,,חומוס בטעמים,קילוגרמים,1.00,"ק""ג",true,,29.00,29.0000,true,1,2354851
7290000026671,false,חציל בטעמים,,,חציל בטעמים,קילוגרמים,1.00,"ק""ג",true,,49.00,49.0000,true,1,2354854
7290000026695,false,טבולה,,,טבולה,קילוגרמים,1.00,"ק""ג",true,,49.00,49.0000,true,1,2354856
7290000026725,false,טחינה בטעמים,,,טחינה בטעמים,קילוגרמים,1.00,"ק""ג",true,,29.00,29.0000,true,1,2354859
7290000026732,false,כרוב בטעמים,,,כרוב בטעמים,קילוגרמים,1.00,"ק""ג",true,,35.00,35.0000,true,1,2354860
7290000026787,false,סחוג אדום/ירוק,,,סחוג אדום/ירוק,קילוגרמים,1.00,"ק""ג",true,,49.00,49.0000,true,1,2354864
7290000026817,false,סלט מלפפונים,,,סלט מלפפונים,קילוגרמים,1.00,"ק""ג",true,,39.00,39.0000,true,1,2354866
7290000026879,false,פטריות שמפיניון,,,פטריות שמפיניון,קילוגרמים,1.00,"ק""ג",true,,65.00,65.0000,true,1,2354871
7290000026886,false,סלט פלפל בטעמים,,,סלט פלפל בטעמים,קילוגרמים,1.00,"ק""ג",true,,49.00,49.0000,true,1,2354872
7290000026947,false,רוטב צי'מצורי,,,רוטב צי'מצורי,קילוגרמים,1.00,"ק""ג",true,,49.00,49.0000,true,1,2354877
7290000034256,false,ביסקוויט תירוש חצי מצופה 175 ג`הדר*,ח.כהן סוכנות מזון ומשקאות בע,IL,חצי מצופה תירוש רגיל 24/0,גרמים,175.00,100 גרם,false,,5.90,0.0337,true,1,1395536
7290000040042,false,יוגורט יופלה תות 3% שומן 150 גרם,"תנובה בע""מ ***",,יופלה תות 3%.,גרמים,150.00,100 גרם,false,,4.70,0.0313,true,1,1387297
7290000040066,false,יוגורט יופלה דובדבן 3% שומן 150 גרם,תנובה מרכז שיתופי לש,,יופלה דובדבן.,גרמים,150.00,100 גרם,false,,4.70,0.0313,true,1,1387299
7290000040080,false,יוגורט יופלה אפרסק 3% שומן 150 גרם,"תנובה בע""מ ***",,יופלה אפרסק 3%.,גרמים,150.00,100 גרם,false,,4.70,0.0313,true,1,1387300
7290000040301,false,תנובה עין גדי קממבר מחלב בקר 24% שומן,תנובה מרכז שיתופי לש,,גבינה עין גדי /קממבר,גרמים,125.00,100 גרם,false,,18.90,0.1512,true,1,1387301
7290000040318,false,גבינת עדי ברי 24% קולאז` (125 גרם)קולקש,תנובה מרכז שיתופי לש,,גבינת ברי חפיסה 125,גרמים,125.00,100 גרם,false,,18.90,0.1512,true,1,1387302
7290000040462,false,טוסטי גבינה בסגנון אמריקאי אדם 23% תנובה 200 גרם,תנובה מרכז שיתופי לש,,גבינה טוסטי אדם.,גרמים,200.00,100 גרם,false,,17.90,0.0895,true,1,1387303
7290000040974,false,חלב 2% דל לקטוז בקרטון תנובה (1 ליטר),תנובה מרכז שיתופי לש,,חלב טרי דל לקטוז 2%,ליטרים,1.00,ליטר,false,,6.90,6.9000,true,1,1387305
7290000041858,false,"שמנת חמוצה 15% מועשרת יטבתה 200 מ""ל",שטראוס גרופ בעמ/מצונן,IL,שמנת חמוצה 15% מועשרת מהד,גרמים,200.00,100 גרם,false,,2.50,0.0125,true,1,1389359
7290000041865,false,"לבן 4.5% שומן מהדרין ""יטבתה""",שטראוס גרופ בעמ/מצונן,IL,לבן 4.5% שומן- מהדרין,גרמים,200.00,100 גרם,false,,2.00,0.0100,true,1,1389360
7290000041872,false,"לבן 3% יטבתה 200מ""ל מהדרין",שטראוס גרופ בעמ/מצונן,IL,לבן 3% שומן- מהדרין,גרמים,200.00,100 גרם,false,,2.00,0.0100,true,1,1389361
7290000042015,false,חלב 3% בשקית בדצ תנובה (1 ליטר)פיקוח,תנובה מרכז שיתופי לש,,חלב שקית 3% שומן -מה,ליטרים,1.00,ליטר,false,,5.40,5.4000,true,1,1387309
7290000042435,false,חלב דל שומן 1% בקרטון תנובה (1 ליטר)פיק,תנובה מרכז שיתופי לש,,חלב 1% שומן בקרטון 1,ליטרים,1.00,ליטר,false,,5.85,5.8500,true,1,1387314
7290000042640,false,"חלב תנובה עמיד 3% קרטון 250 מ""ל",תנובה מרכז שיתופי לש,,"חלב עמיד 3% 250 מ""ל.",מיליליטרים,250.00,"100 מ""ל",false,,2.50,0.0100,true,1,1387320
7290000042855,false,"שוקו בשקית 250 מ""ל ""יטבתה""",שטראוס גרופ בעמ/מצונן,IL,*פריט החזרות* שוקו שקית ב,מיליליטרים,225.00,"100 מ""ל",false,,2.40,0.0107,true,1,1389363
7290000043012,false,"שוקו עמיד 2% בקרטון 250 מ""ל תנובה",תנובה מרכז שיתופי לש,,"שוקו עמיד 250 מ""ל.",מיליליטרים,250.00,"100 מ""ל",false,,4.50,0.0180,true,1,1387324
7290000043111,false,תנובה חמאה 200 גרם - מוצר בפיקוח,תנובה מרכז שיתופי לש,,חמאה 200 גרם.,גרמים,200.00,100 גרם,false,,7.80,0.0390,true,1,1387325
7290000043814,false,השף הלבן שמנת להקצפה 38% שומן 250 מל - מוצר בפיקוח,תנובה מרכז שיתופי לש,,שמנת עמידה לקצפת 38%,מיליליטרים,250.00,"100 מ""ל",false,,6.40,0.0256,true,1,1387327
7290000043890,false,תנובה רויון לבן מחלב מפסוטר 1.5%,תנובה מרכז שיתופי לש,,משקה רויון 1.5% שומן,ליטרים,1.00,ליטר,false,,10.90,10.9000,true,1,1387329
7290000044712,false,יוגורט עם תות 1.5% שומן 500 ג' פרילי,מיוצר עי קונדיטוריית,,מעדן פרילי תות 500 מ,מיליליטרים,500.00,"100 מ""ל",false,,9.90,0.0198,true,1,1387333
7290000044880,false,יוגורט בטעם תות שדה 3% באדי (500 גרם),מיוצר עי קונדיטוריית,,מעדן באדי תות 500 גר,גרמים,500.00,100 גרם,false,,8.60,0.0172,true,1,1387335
7290000045580,false,גבינה מותכת נעמה חורש תנובה 240 גרם,תנובה מרכז שיתופי לש,,גבינה חורש.,גרמים,240.00,100 גרם,false,,16.90,0.0704,true,1,1387337
7290000045917,false,תנובה פרומעז גבינה מותכת מחלב עיזים 23% שומן,תנובה בעמ ***,,גבינת עזים פרומעז גל,גרמים,200.00,100 גרם,false,,24.90,0.1245,true,1,1387339
7290000046006,false,גבינה צהובה עמק בלוק,תנובה מרכז שיתופי לש,,גבינה צהובה עמק בלוק,קילוגרמים,1.00,"ק""ג",true,,44.75,44.7500,true,1,1387341
7290000046327,false,גלבוע גבינה צהובה פרוסה 22% תנובה 200 גרם,תנובה מרכז שיתופי לש,,גבינה גלבוע פרוס 200,גרמים,200.00,100 גרם,false,,12.90,0.0645,true,1,1387346
7290000046501,false,"גב.טל העמק32% 1 ק""ג משקל",קריות זול,,גבינה טל העמק בלוק ק,קילוגרמים,1.00,"ק""ג",true,,59.00,59.0000,true,1,1387347
7290000046549,false,גבינת מוצרלה 20% במשקל,תנובה מרכז שיתופי לש,,גבינה מוצרלה מהדרין,קילוגרמים,1.00,"ק""ג",true,,79.00,79.0000,true,1,1387348
7290000046556,false,"גבינת צ'דר ק""ג.",,,"גבינת צ'דר ק""ג.",קילוגרמים,1.00,"ק""ג",true,,99.00,99.0000,true,1,1387349
7290000046563,false,קולאג 23% פרמזן חריץ תנובה,תנובה מרכז שיתופי לש,,"פרמזן בלוק ק""ג",קילוגרמים,1.00,"ק""ג",true,,120.00,120.0000,true,1,1387350
7290000046662,false,גב.קשה סקנדינבית31%משקל,תנובה מרכז שיתופי לש,,"גבינה סקנדינבית ק""ג.",קילוגרמים,1.00,"ק""ג",true,,79.00,79.0000,true,1,1387352
7290000047027,false,גב.קולאז' גלעד 27% במשקל,תנובה מרכז שיתופי לש,,"גבינה גלעד ק""ג בלוק.",קילוגרמים,1.00,"ק""ג",true,,129.00,129.0000,true,1,1387353
7290000047034,false,רוקפור (26% גליל) חריץ תנובה,תנובה מרכז שיתופי לש,,"גבינה רוקפור גליל ק""",קילוגרמים,1.00,"ק""ג",true,,119.00,119.0000,true,1,1387354
7290000047485,false,גבינה בולגרית במשקל,תנובה מרכז שיתופי לש,,בולגרית 24% שומן פח,קילוגרמים,1.00,"ק""ג",true,,59.00,59.0000,true,1,1387356
7290000047942,false,**תנובה גבינה לבנה מהדרין 9% 250ג,תנובה מרכז שיתופי לש,,"גבינה למריחה 9% בד""צ",גרמים,250.00,100 גרם,false,,4.70,0.0188,true,1,1387361
7290000048185,false,גבינה לבנה 5% תנובה 250 גרם מהדרין,מיוצר עי קונדיטוריית,,גבינה למריחה 5% מהדר,גרמים,250.00,100 גרם,false,,4.95,0.0198,true,1,1387362
7290000048192,false,גבינה לבנה 9% תנובה 250 גרם מהדרין,מחלבת אלון תבור,,גבינה למריחה 9% 250,גרמים,250.00,100 גרם,false,,4.70,0.0188,true,1,1387363
7290000048413,false,גבינה חמד (25016% גרם)פיראוס תנובה,תנובה מרכז שיתופי לש,,גבינה חמד פיראוס שקי,גרמים,250.00,100 גרם,false,,17.90,0.0716,true,1,1387365
7290000048437,false,גבינת צפתית (2005% גרם)פיראוס תנובה,פארייפאבה אגרואינדוס,,צפתית 5% פיראוס 200,גרמים,200.00,100 גרם,false,,13.90,0.0695,true,1,1387366
7290000049458,false,גבינה בולגרית עיזים (25016% גרם)פיראוס,תנובה מרכז שיתופי לש,,פטה עיזים 16% פיראוס,גרמים,250.00,100 גרם,false,,26.90,0.1076,true,1,1387369
7290000050454,false,יוגורט ביו 3% אפרסק יופלה (500 גרם),מיוצר עי קונדיטוריית,,יופלה אפרסק 500 גרם.,גרמים,500.00,100 גרם,false,,12.20,0.0244,true,1,1387376
7290000051307,false,"מארז הפסקת אוכל עם דגני עוגי ומשקה חלב עמיד בטעם וניל 150 מ""ל",תנובה מרכז שיתופי לש,,מארז הפסקת אוכל וניל,מיליליטרים,150.00,"100 מ""ל",false,,7.90,0.0527,true,1,1387381
7290000051352,false,חלב מלא בטעם של פעם 3.4% תנובה קרטון 1 ל',הרדוף תוצרת מזון אור,,חלב מלא תנובה 3.5%-4,ליטרים,1.00,ליטר,false,,7.40,7.4000,true,1,1387382
7290000051376,false,יוגורט יופלה דיאט אננס 0% שומן 150 גרם,תנובה מרכז שיתופי לש,,יופלה דיאט אננס ספור,גרמים,150.00,100 גרם,false,,4.70,0.0313,true,1,1387383
7290000051710,false,פיראוס גבינת לאבנה אסלית על בסיס יוגורט תנובה 263 גרם,"תנובה, מחלבת אלון תב",,לאבנה פיראוס עם זעתר,גרמים,263.00,100 גרם,false,,12.90,0.0490,true,1,1387384
7290000052311,false,גבינה צהובה עמק לייט 15% שומן 200 גרם,תנובה מרכז שיתופי לש,,עמק פרוס 15% שומן בק,גרמים,200.00,100 גרם,false,,15.90,0.0795,true,1,1387391
7290000055015,false,פיראוס גבינת פטה כבשים 5% תנובה 250 גרם,תנובה מחלבת טנא נוגה,,גבינה פטה כבשים 5% פ,גרמים,250.00,100 גרם,false,,25.90,0.1036,true,1,1387407
7290000055206,false,גבינה לבנה 5% בטעם בצל מטוגן 250 ג' תנובה,מחלבת אלון תבור,,גבינה לבנה 5% טעם בצ,גרמים,250.00,100 גרם,false,,5.50,0.0220,true,1,1387409
7290000055329,false,"משקה בוקר יוגורט 1.5% בטעם תות מלון יופלה 250 מ""ל",תנובה מרכז שיתופי לש,,משקה יוגורט יופלה תו,גרמים,250.00,100 גרם,false,,4.90,0.0196,true,1,1387410
7290000055336,false,"משקה יוגורט 1.5% בטעם בננה אפרסק יופלה 250 מ""ל",תנובה מרכז שיתופי לש,,משקה יוגורט יופלה בנ,גרמים,250.00,100 גרם,false,,4.90,0.0196,true,1,1387411
7290000055343,false,משקה יוגורט יופלה פירות טרופיים 250 גרם,תנובה מרכז שיתופי לש,,משקה יוגורט יופלה טר,גרמים,250.00,100 גרם,false,,4.90,0.0196,true,1,1387412
7290000056081,false,מארז יוגורט פרילי טבע 6*200 גרם,מיוצר עי קונדיטוריית,,מאגדת 6 פרילי טבע- 2,גרמים,1200.00,100 גרם,false,,21.90,0.0182,true,1,1387414
7290000056784,false,גבינת פטה כבשים במשק,תנובה מרכז שיתופי לש,,פטה כבשים פיראוס 5%,קילוגרמים,1.00,"ק""ג",true,,99.00,99.0000,true,1,1387423
7290000056845,false,תנובה חלב טרי 3% שומן 1.5 ליטר - מוצר בפיקוח,פארייפאבה אגרואינדוס,,חלב טרי הומוגני 3% ש,ליטרים,1.50,ליטר,false,,9.30,6.2000,true,1,1387424
7290000056883,false,שמיניית יוגורט יופלה 3% טעמים שונים 150 גרם,תנובה מרכז שיתופי לש,,מאגדת 8 יופלה טעמים,גרמים,1200.00,100 גרם,false,,28.90,0.0241,true,1,1387425
7290000056890,false,שמיניית דיאט יופלה 0% טעמים שונים 150 גרם,מיוצר עי קונדיטוריית,,מאגדת 8 יופלה דיאט מ,גרמים,1200.00,100 גרם,false,,28.90,0.0241,true,1,1387426
7290000056906,false,מאגדת לבן טבעי 1.5% שומן 8 יח' * 150 ג' יופלה,מחלבת אלון תבור,,מאגדת 8 יופלה לבן טב,גרמים,1200.00,100 גרם,false,,16.90,0.0141,true,1,1387427
7290000056951,false,"תנובה, השף הלבן, שמנת לבישול 15% שומן 500 מל",תנובה מרכז שיתופי לש,,שמנת לבישול 15%שומן,מיליליטרים,500.00,"100 מ""ל",false,,15.90,0.0318,true,1,1387428
7290000057088,false,עמק גבינה צהובה פרוסה דק דק 28% תנובה 200 גרם,תנובה מרכז שיתופי לש,,עמק פרוס דק 200 גרם.,גרמים,200.00,100 גרם,false,,15.90,0.0795,true,1,1387431
7290000057132,false,יוגורט תנובה טבעי 1.5% גביע 200 גרם,מחלבת אלון תבור,,יוגורט תנובה 1.5% שו,גרמים,200.00,100 גרם,false,,2.90,0.0145,true,1,1387433
7290000057149,false,יוגורט תנובה טבעי 3% גביע 200 גרם,מיוצר עי קונדיטוריית,,יוגורט תנובה 3% שומן,גרמים,200.00,100 גרם,false,,2.90,0.0145,true,1,1387434
7290000057477,false,חלב טרי 3% הומוגני תנובה קרטון 1.5 ל',תנובה מרכז שיתופי לש,,חלב טרי הומוגני 3% ש,ליטרים,1.50,ליטר,false,,9.30,6.2000,true,1,1387437
7290000057552,false,יופלה דיאט עוגת גבינה ותות 0% גביע 150ג',תנובה - חלב,,יופלה דיאט עוגת גבינ,גרמים,150.00,100 גרם,false,,4.70,0.0313,true,1,1387439
7290000058030,false,"שמיניית יופלה שטוזים משקה יוגורט תות 100 מ""ל",מיוצר עי קונדיטוריית,,מארז 8 משקה יוגורט ש,גרמים,800.00,100 גרם,false,,19.90,0.0249,true,1,1387446
7290000058047,false,שמנת להקצפה 38% 500מל מהדרין עמיד השף הלבן,תנובה מרכז שיתופי לש,,שמנת מתוקה להקצפה 38,מיליליטרים,500.00,"100 מ""ל",false,,12.80,0.0256,true,1,1387447
7290000060071,false,אוסם - חטיפי פריכונים מאורז מלא קלוי 80גר,קבוצת אוסם סחר שותפות מוגבלת,IL,אסם חטיפי פריכונים בטעם ט,גרמים,80.00,100 גרם,false,,6.90,0.0863,true,1,1349135
7290000060088,false,בייגלה מקלות עם מלח אסם (400 גרם),קבוצת אוסם סחר שותפות מוגבלת,IL,אסם בייגלה מקלות מלוחים 4,גרמים,400.00,100 גרם,false,,9.90,0.0248,true,1,1349136
7290000060156,false,פסטה אסם אטריות ביצים דקות 200גר,קבוצת אוסם סחר-שות.מוגבלת,IL,אסם אטריות ביצים דקות 200,גרמים,200.00,100 גרם,false,,6.90,0.0345,true,1,1349137
7290000060163,false,פסטה אסם אטריות דקות 400גר,קבוצת אוסם סחר שותפות מוגבלת,IL,אסם אטריות דקות 400 גרם,גרמים,400.00,100 גרם,false,,6.90,0.0173,true,1,1349138
7290000060200,false,פסטה אסם פתיתים אפויים קוסקוס 500גר,קבוצת אוסם סחר שותפות מוגבלת,IL,אסם פתיתים אפויים קוסקוס,גרמים,500.00,100 גרם,false,,7.90,0.0158,true,1,1349139
7290000060248,false,פסטה אסם פתיתים תלתלים 500 גר',קבוצת אוסם סחר שותפות מוגבלת,IT,אסם פסטה תלתלים 500 גרם,גרמים,500.00,100 גרם,false,,5.90,0.0118,true,1,1349141
7290000060316,false,פרפקטו ספגטי מס' 8 אסם 500 גרם,קבוצת אוסם סחר שותפות מוגבלת,IT,פרפקטו ספגטי 500 גרם,גרמים,500.00,100 גרם,false,,6.90,0.0138,true,1,1349143
7290000060330,false,פרפקטו פרפקטו ספיראלי גירף 500 גר,קבוצת אוסם סחר שותפות מוגבלת,IT,פרפקטו ספירלי 500 גרם,גרמים,500.00,100 גרם,false,,6.90,0.0138,true,1,1349145
7290000060408,false,פסטה אסם פתיתים אפויים טבעות 500 גר,קבוצת אוסם סחר שותפות מוגבלת,IL,אסם פתיתים אפויים טבעות 5,גרמים,500.00,100 גרם,false,,7.90,0.0158,true,1,1349148
7290000060415,false,"פסטה פרפקטו לאזניה 500 ג' ""אסם""",קבוצת אוסם סחר שותפות מוגבלת,IT,פרפקטו לזניה 500 גרם,גרמים,500.00,100 גרם,false,,12.90,0.0258,true,1,1349149
7290000060576,false,פתיתים אפויים כוכבים אסם (500 גרם),קבוצת אוסם סחר שותפות מוגבלת,IL,אסם פתיתים אפויים כוכבים,גרמים,500.00,100 גרם,false,,7.90,0.0158,true,1,1349155
7290000060781,false,פרומנטי פתיתים מסולסלים אוסם,קבוצת אוסם סחר שותפות מוגבלת,IT,אסם פסטה מסולסלים 500 גרם,גרמים,500.00,100 גרם,false,,5.90,0.0118,true,1,1349156
7290000060828,false,פסטה קרניים בינוניות אסם (500 גרם),קבוצת אוסם סחר שותפות מוגבלת,IT,אסם פסטה קרניים בינוניות,גרמים,500.00,100 גרם,false,,5.90,0.0118,true,1,1349157
7290000060842,false,פסטה אסם פתיתים צדפים גדולים 500גר,קבוצת אוסם סחר שותפות מוגבלת,IT,אסם פסטה צדפים גדולים 500,גרמים,500.00,100 גרם,false,,5.90,0.0118,true,1,1349158
7290000060859,false,פסטה אסם פתיתים צדפים קטנים 500גר,קבוצת אוסם סחר-שות.מוגבלת,IT,אסם פסטה צדפים קטנים 500,גרמים,500.00,100 גרם,false,,5.90,0.0118,true,1,1349159
7290000060880,false,פסטה ספגטי מספר 8 אסם 500 גרם,קבוצת אוסם סחר שותפות מוגבלת,IT,אסם פסטה ספגטי 8 500 גרם,גרמים,500.00,100 גרם,false,,5.90,0.0118,true,1,1349160
7290000060903,false,פסטה אסם פתיתים אפויים אורז 500גר,קבוצת אוסם סחר שותפות מוגבלת,IL,אסם פתיתים אפויים אורז 50,גרמים,500.00,100 גרם,false,,7.90,0.0158,true,1,1349161
7290000060958,false,אטריות מובחרות בינוניות אסם (400 גרם),קבוצת אוסם סחר שותפות מוגבלת,IL,אסם אטריות בינוניות 400 ג,גרמים,400.00,100 גרם,false,,6.90,0.0173,true,1,1349162
7290000060965,false,פסטה אסם אטריות רחבות 400גר,קבוצת אוסם סחר שותפות מוגבלת,IL,אסם אטריות רחבות 400 גרם,גרמים,400.00,100 גרם,false,,6.90,0.0173,true,1,1349163
7290000061061,false,קרקר חיטה עם בצל אסם,קבוצת אוסם סחר שותפות מוגבלת,IL,אסם קרקר בטעם בצל 250 גרם,גרמים,250.00,100 גרם,false,,9.90,0.0396,true,1,1349165
7290000061108,false,"רוטב טריאקי 290 מ""ל-בקבוק",קבוצת אוסם סחר שותפות מוגבלת,IL,"אסם רוטב טריאקי 290מ""ל",מיליליטרים,290.00,"100 מ""ל",false,,10.90,0.0376,true,1,1349167
7290000061214,false,פתיתים אפויים קוסקוס עם בצל אסם 500 גרם,קבוצת אסם סחר שות. מוגבלת,IL,אסם פתיתים אפויים קוסקוס,גרמים,500.00,100 גרם,false,,7.90,0.0158,true,1,1349168
7290000061245,false,עוגיות שוקוצ'יפס במילוי שוקולד אסם 220 גרם,קבוצת אוסם סחר-שות.מוגבלת,IL,אסם עוגיות שוקוציפס ממולא,גרמים,220.00,100 גרם,false,,10.90,0.0495,true,1,1349169
7290000061450,false,פתיתים אפויים קוסקוס 3 צבעים אסם 500 גרם,קבוצת אסם סחר שות. מוגבלת,IL,אסם פתיתים אפויים קוסקוס,גרמים,500.00,100 גרם,false,,7.90,0.0158,true,1,1349171
7290000061764,false,קפה נמס מגורען רד מאג 200 גרם,קבוצת אוסם סחר שותפות מוגבלת,ES,נסקפה רד מאג 200 גרם,גרמים,200.00,100 גרם,false,,23.90,0.1195,true,1,1349172
7290000062129,false,אינסטנט פודינג בטעם וניל אסם (1 קג),קבוצת אוסם סחר שותפות מוגבלת,IL,אסם פודינג אינסטנט בטעם ו,גרמים,1000.00,100 גרם,false,,27.90,0.0279,true,1,1349177
7290000062952,false,אוסם - מיני קרוטונים למרק ולסלט 250 גרם,קבוצת אוסם סחר שותפות מוגבלת,IL,מיני קרוטונים מתובלים למר,גרמים,250.00,100 גרם,false,,13.90,0.0556,true,1,1349180
7290000063102,false,קמח עוגה תופח מאליו אסם 350 גרם,קבוצת אוסם סחר שותפות מוגבלת,IL,אסם קמח תופח לעוגות ולאפי,גרמים,350.00,100 גרם,false,,4.40,0.0126,true,1,1349183
7290000063133,false,אסם שקדי מרק רכיבים טבעיים 24*100גרם,קבוצת אוסם סחר שותפות מוגבלת,IL,שקדי מרק אסם רכיבים טבעיי,גרמים,100.00,100 גרם,false,,4.40,0.0440,true,1,1349184
7290000063140,false,שקדי מרק רכיבים טבעיים בשקית 400 ג' אסם,קבוצת אוסם סחר שותפות מוגבלת,IL,שקדי מרק אסם רכיבים טבעיי,גרמים,400.00,100 גרם,false,,12.90,0.0323,true,1,1349185
7290000063157,false,"קמח עוגה תופח מאליו אסם 1 ק""ג",קבוצת אוסם סחר שותפות מוגבלת,IL,אסם קמח תופח לעוגות ולאפי,קילוגרמים,1.00,"ק""ג",false,,9.90,9.9000,true,1,1349186
7290000064758,false,קוסקוס בינוני אמיתי אסם 350 ג',קבוצת אוסם סחר שותפות מוגבלת,IL,אסם קוסקוס בינוני 350 גרם,גרמים,350.00,100 גרם,false,,6.90,0.0197,true,1,1349200
7290000064871,false,"אוסם - מנה חמה פירה תפו""א עם בצל 56 גרם",קבוצת אוסם סחר שותפות מוגבלת,IL,מנה חמה פירה עם בצל 56 גר,גרמים,56.00,100 גרם,false,,6.50,0.1161,true,1,1349201
7290000065090,false,מיני קרוטונים מתובלים למרק ולסלט אסם 400 גרם,קבוצת אוסם סחר שותפות מוגבלת,IL,מיני קרוטונים מתובלים למר,גרמים,400.00,100 גרם,false,,22.90,0.0572,true,1,1349202
7290000065335,false,אוסם - מנה חמה פירה עם ירקות 55 גרם,קבוצת אוסם סחר שותפות מוגבלת,IL,מנה חמה פירה עם ירקות 55,גרמים,55.00,100 גרם,false,,6.50,0.1182,true,1,1349204
7290000065540,false,אוסם - מנה חמה פסטה מוקרמת בטעם עוף 55 גרם,קבוצת אוסם סחר שותפות מוגבלת,IL,מנה חמה פסטה מוקרמת בטעם,גרמים,55.00,100 גרם,false,,6.50,0.1182,true,1,1349205
7290000065557,false,אוסם - מנה חמה קוסקוס עם ירקות 84 גרם,קבוצת אוסם סחר שותפות מוגבלת,IL,מנה חמה קוסקוס עם ירקות 8,גרמים,84.00,100 גרם,false,,6.50,0.0774,true,1,1349206
7290000065977,false,אסם חטיפי פריכונים תירס שומשום 80 גרם,קבוצת אוסם סחר שותפות מוגבלת,IL,אסם חטיפי פריכונים מתירס,גרמים,80.00,100 גרם,false,,6.90,0.0863,true,1,1349212
7290000066134,false,ביסלי חטיף בטעם פלאפל אסם (70 גרם),קבוצת אוסם סחר שותפות מוגבלת,IL,ביסלי פלאפל 70 גרם,גרמים,70.00,100 גרם,false,,4.30,0.0614,true,1,1349213
7290000066141,false,ביסלי חטיף בטעם גריל אסם (70 גרם),קבוצת אוסם סחר שותפות מוגבלת,IL,ביסלי גריל 70 גרם,גרמים,70.00,100 גרם,false,,4.30,0.0614,true,1,1349214
7290000066189,false,ביסלי חטיף בטעם פלאפל אסם (200 גרם),קבוצת אוסם סחר שותפות מוגבלת,IL,ביסלי פלאפל 200 גרם,גרמים,200.00,100 גרם,false,,7.90,0.0395,true,1,1349218
7290000066196,false,ביסלי חטיף בטעם גריל אסם (200 גרם),קבוצת אוסם סחר שותפות מוגבלת,IL,ביסלי גריל 200 גרם,גרמים,200.00,100 גרם,false,,7.90,0.0395,true,1,1349219
7290000066226,false,ביסלי חטיף בטעם פיצה אסם (200 גרם),קבוצת אוסם סחר שותפות מוגבלת,IL,ביסלי פיצה 200 גרם,גרמים,200.00,100 גרם,false,,7.90,0.0395,true,1,1349222
7290000066295,false,אסם במבה תות מחומרים טבעיים 30גר,קבוצת אוסם סחר שותפות מוגבלת,IL,במבה מתוקה 30 גרם,גרמים,30.00,100 גרם,false,,2.30,0.0767,true,1,1349224
7290000066318,false,במבה חטיף בוטנים אסם 80 גרם,קבוצת אוסם סחר שותפות מוגבלת,IL,במבה קלאסית 80 גרם,גרמים,80.00,100 גרם,false,,4.50,0.0563,true,1,1349225
7290000066332,false,אפרופו חטיף תירס אסם (50 גרם),קבוצת אוסם סחר שותפות מוגבלת,IL,אפרופו קלאסי 50 גרם,גרמים,50.00,100 גרם,false,,4.50,0.0900,true,1,1349226
7290000066431,false,פופקו חטיף פופקורן בטעם חמאה ודבש אסם 80 גרם,קבוצת אוסם סחר שותפות מוגבלת,IL,פופקו 80 גרם,גרמים,80.00,100 גרם,false,,4.60,0.0575,true,1,1349228
7290000067599,false,מנה חמה ספגטי ברוטב בולונז אסם 65 גרם,קבוצת אוסם סחר שותפות מוגבלת,IL,מנה חמה ספגטי בולונז 65גר,גרמים,65.00,100 גרם,false,,6.50,0.1000,true,1,1349241
7290000068138,false,אינסטנט פודינג בטעם וניל אסם 80 גרם,קבוצת אוסם סחר שותפות מוגבלת,IL,אסם פודינג אינסטנט בטעם ו,גרמים,80.00,100 גרם,false,,5.50,0.0688,true,1,1349247
7290000068190,false,אסם ג'לי תות שדה צבעים טבעיים 90 גרם,קבוצת אוסם סחר שותפות מוגבלת,IL,אסם ג'לי מהיר הכנה בטעם ת,גרמים,90.00,100 גרם,false,,5.90,0.0656,true,1,1349251
7290000068251,false,אבקה להכנת ג'לי בטעם אננס אסם 85 גרם,קבוצת אוסם סחר שותפות מוגבלת,IL,אסם ג'לי מהיר הכנה בטעם א,גרמים,85.00,100 גרם,false,,5.90,0.0694,true,1,1349254
7290000068343,false,אוסם - פירכונים מאורז מלא 140 גרם,קבוצת אוסם סחר שותפות מוגבלת,IL,אסם פריכונים מאורז מלא 14,גרמים,140.00,100 גרם,false,,6.90,0.0493,true,1,1349257
7290000068701,false,אסם שקדי מרק רכיבים טבע.מיכל 400 גרם,קבוצת אוסם סחר שותפות מוגבלת,IL,שקדי מרק אסם רכיבים טבעיי,גרמים,400.00,100 גרם,false,,14.90,0.0373,true,1,1349258
7290000068770,false,במבה יום הולדת חטיף בוטנים אסם 80 גרם,קבוצת אוסם סחר שותפות מוגבלת,IL,במבה אריזת תינוק 80 גרם,גרמים,80.00,100 גרם,false,,4.50,0.0563,true,1,1349260
7290000068787,false,במבה יום הולדת חטיף בוטנים אסם 25 גרם,קבוצת אוסם סחר שותפות מוגבלת,IL,במבה אריזת תינוק 25 גרם,גרמים,25.00,100 גרם,false,,2.30,0.0920,true,1,1349261
7290000069258,false,פסטה פרפקטו פנה ריגאטה 500 ג' אסם,קבוצת אוסם סחר-שות.מוגבלת,IT,פרפקטו פנה ריגאטה 500 גרם,גרמים,500.00,100 גרם,false,,6.90,0.0138,true,1,1349266
7290000069364,false,פריכונים מאורז מלא ללא תוספת סוכר אסם 140 גרם,קבוצת אוסם סחר שותפות מוגבלת,IL,אסם פריכונים עגול אורז דל,גרמים,140.00,100 גרם,false,,6.90,0.0493,true,1,1349271
7290000069609,false,חטיפי קרקר בטעם זעתר אסם (300 גרם),קבוצת אסם סחר שות. מוגבלת,IL,אסם חטיפי קרקר זעתר 300 ג,גרמים,300.00,100 גרם,false,,9.90,0.0330,true,1,1349275
7290000070308,false,אבקת מרק עוף אמיתי בשרי אסם 400 גרם,קבוצת אוסם סחר שותפות מוגבלת,IL,אסם מרק עוף אמיתי 400 גרם,גרמים,400.00,100 גרם,false,,19.90,0.0497,true,1,1349284
7290000070322,false,אבקת מרק פטריות רכיבים טבעיים אסם 400 גרם,קבוצת אוסם סחר שותפות מוגבלת,IL,אסם מרק פטריות רכיבים טבע,גרמים,400.00,100 גרם,false,,25.90,0.0647,true,1,1349285
7290000070353,false,אבקת מרק בצל רכיבים טבעיים אסם 400 גרם,קבוצת אוסם סחר שותפות מוגבלת,IL,אסם מרק בצל רכיבים טבעיים,גרמים,400.00,100 גרם,false,,25.90,0.0647,true,1,1349286
7290000070919,false,בייגלה רשתות עם מלח אסם (400 גרם),קבוצת אוסם סחר שותפות מוגבלת,IL,אסם בייגלה רשתות מלח 400,גרמים,400.00,100 גרם,false,,11.90,0.0298,true,1,1349295
7290000071008,false,בייגלה שטוחים טבעות עם מלח אסם (60 גרם),קבוצת אוסם סחר שותפות מוגבלת,IL,אסם בייגלה שטוחים מלח 60,גרמים,60.00,100 גרם,false,,2.90,0.0483,true,1,1349296
7290000072241,false,"רוטב פיצה 290 מ""ל-בקבוק",קבוצת אוסם סחר שותפות מוגבלת,IL,"אסם רוטב פיצה 290מ""ל",מיליליטרים,290.00,"100 מ""ל",false,,10.90,0.0376,true,1,1349304
7290000072623,false,קטשופ אסם בקבוק לחיץ 750 גרם,קבוצת אוסם סחר שותפות מוגבלת,IL,קטשופ אסם 750 גרם,גרמים,750.00,100 גרם,false,,12.90,0.0172,true,1,1349308
7290000072630,false,קטשופ אסם חריף 750 גרם-בקבוק,קבוצת אוסם סחר שותפות מוגבלת,IL,קטשופ חריף אסם 750 גרם,גרמים,750.00,100 גרם,false,,12.90,0.0172,true,1,1349309
7290000072753,false,קפה נמס מגורען טסטרס צ'ויס 200 גרם-,קבוצת אוסם סחר שותפות מוגבלת,KR,נסקפה טייסטרס צ'ויס 200 ג,גרמים,200.00,100 גרם,false,,29.90,0.1495,true,1,1349312
7290000072760,false,נסקפה טייסטרס צויס 100 גר אוריגנל,קבוצת אוסם סחר שותפות מוגבלת,KR,נסקפה טייסטרס צ'ויס 100 ג,גרמים,100.00,100 גרם,false,,26.90,0.2690,true,1,1349313
7290000072777,false,קפה נמס מגורען נטול קפאין טסטרס צ'ויס 200 גרם,קבוצת אוסם סחר שותפות מוגבלת,KR,נסקפה טייסטרס צ'ויס נטול,גרמים,200.00,100 גרם,false,,44.90,0.2245,true,1,1349314
7290000072784,false,קפה טייסטר צויס נטול קופאין 100 גר',קבוצת אוסם סחר שותפות מוגבלת,KR,נסקפה טייסטרס צ'ויס נטול,גרמים,100.00,100 גרם,false,,29.90,0.2990,true,1,1349315
7290000072968,false,דגני בוקר סיני מיניס חיטה מלאה וקינמון נסטלה 500 גרם,קבוצת אוסם סחר-שות.מוגבלת,PL,סיני מיניס דגני בוקר מחיט,גרמים,500.00,100 גרם,false,,24.90,0.0498,true,1,1349320
7290000073125,false,מנה חמה פסטה ברוטב עגבניות אסם (62 גרם),קבוצת אוסם סחר שותפות מוגבלת,IL,מנה חמה פסטה ברוטב עגבניו,גרמים,62.00,100 גרם,false,,6.50,0.1048,true,1,1349321
7290000073415,false,אוסם - מנה חמה פסטה ברוטב פיצה 61 גרם,קבוצת אוסם סחר שותפות מוגבלת,IL,מנה חמה פסטה ברוטב פיצה 6,גרמים,61.00,100 גרם,false,,6.50,0.1066,true,1,1349322
7290000073699,false,סלט חומוס צבר 150 גרם,קבוצת אוסם סחר שותפות מוגבלת,IL,צבר חומוס חלק 150 גרם,גרמים,150.00,100 גרם,false,,4.40,0.0293,true,1,1349324
7290000073750,false,מנה חמה נודלס אטר+ירקות טעם עוף 70 גרם,קבוצת אוסם סחר שותפות מוגבלת,TH,מנה חמה נודלס בטעם עוף 71,גרמים,71.00,100 גרם,false,,6.50,0.0915,true,1,1349325
7290000073767,false,מנה חמה נודלס אטר.+ירקות טעם בקר 70 גרם,קבוצת אוסם סחר שותפות מוגבלת,TH,מנה חמה נודלס בטעם בקר 71,גרמים,71.00,100 גרם,false,,6.50,0.0915,true,1,1349326
7290000074153,false,ביסקוויט פתי בר שוקולד אסם (500 גרם),קבוצת אוסם סחר שותפות מוגבלת,IL,אסם פתי בר שוקו 500גרם,גרמים,500.00,100 גרם,false,,11.90,0.0238,true,1,1349332
7290000074184,false,ביסקוויט פתי בר אסם (500 גרם),קבוצת אוסם סחר שותפות מוגבלת,IL,אסם פתי בר קלאסי 500 גרם,גרמים,500.00,100 גרם,false,,11.90,0.0238,true,1,1349334
7290000074245,false,אוסם - קרם קרקר אסם 250 גרם,קבוצת אוסם סחר שותפות מוגבלת,IL,אסם קרם קרקר 250 גרם,גרמים,250.00,100 גרם,false,,7.90,0.0316,true,1,1349335
7290000074252,false,אסם קרקר שומשום 250 גרם,קבוצת אוסם סחר שותפות מוגבלת,IL,אסם קרקר שומשום 250 גרם,גרמים,250.00,100 גרם,false,,7.90,0.0316,true,1,1349336
7290000074276,false,קרקר פיקנטי טבעון 250 ג' אסם,קבוצת אוסם סחר שותפות מוגבלת,IL,אסם קרקר פיקטני 250 גרם,גרמים,250.00,100 גרם,false,,8.90,0.0356,true,1,1349337
7290000074375,false,אוסם - קרקר זהב 150 גרם,קבוצת אוסם סחר שותפות מוגבלת,IL,אסם קרקר זהב 150 גרם,גרמים,150.00,100 גרם,false,,6.40,0.0427,true,1,1349341
7290000074481,false,קרקר לחמית אגוזים אסם (160 גרם),קבוצת אסם סחר שות. מוגבלת,IL,אסם לחמית אגוזים 160 גרם,גרמים,160.00,100 גרם,false,,9.90,0.0619,true,1,1349343
7290000074696,false,"קרם קרקר 1 ק""ג אוסם",קבוצת אוסם סחר שותפות מוגבלת,IL,"אסם קרם קרקר 1 ק""ג",גרמים,1000.00,100 גרם,false,,25.90,0.0259,true,1,1349346
7290000074764,false,קרקר הזהב אסם 900 גרם,קבוצת אוסם סחר שותפות מוגבלת,IL,אסם קרקר זהב 900 גרם,גרמים,900.00,100 גרם,false,,25.90,0.0288,true,1,1349350
7290000075204,false,קרקר לחמית חיטה מלאה אסם (250 גרם),קבוצת אוסם סחר שותפות מוגבלת,IL,אסם לחמית חיטה מלאה 250 ג,גרמים,250.00,100 גרם,false,,7.90,0.0316,true,1,1349354
7290000075693,false,עוגת הבית שמרים בריוש שוקולד אסם 360 גרם,קבוצת אסם סחר שות. מוגבלת,IL,אסם הבית עוגת שמרים בריוש,גרמים,360.00,100 גרם,false,,15.90,0.0442,true,1,1349356
7290000076126,false,אוסם - בייגלה שמיניות קטנות 80 גרם,קבוצת אוסם סחר שותפות מוגבלת,IL,אסם בייגלה שמיניות מלח 80,גרמים,80.00,100 גרם,false,,2.90,0.0362,true,1,1349361
7290000076133,false,בייגלה שמיניות קטנות עם מלח אסם 400 גרם,קבוצת אוסם סחר שותפות מוגבלת,IL,אסם בייגלה שמיניות מלח 40,גרמים,400.00,100 גרם,false,,9.90,0.0248,true,1,1349362
7290000076645,false,טוסטעים פת קלויה חיטה מלאה אסם 100 גרם,קבוצת אסם סחר שות. מוגבלת,NL,אסם טוסטעים חיטה מלאה 100,גרמים,100.00,100 גרם,false,,9.90,0.0990,true,1,1349366
7290000077253,false,אוסם - לחמית כפרית עם דגנים מלאים 190 גרם,קבוצת אסם סחר שות. מוגבלת,IL,לחמית כפרית 190 גרם,גרמים,190.00,100 גרם,false,,9.90,0.0521,true,1,1349368
7290000078212,false,קרוטונים מתובלים למרק אסם (250 גרם),קבוצת אוסם סחר שותפות מוגבלת,IL,קרוטונים מתובלים למרק ולס,גרמים,250.00,100 גרם,false,,13.90,0.0556,true,1,1349371
7290000078762,false,אוסם - חטיפי פריכונים מאורז מלא בטעם דבש 80גר,קבוצת אוסם סחר-שות.מוגבלת,BE,אסם חטיפי פריכונים אורז ו,גרמים,80.00,100 גרם,false,,6.90,0.0863,true,1,1349373
7290000079233,false,קרם קרקר דיאטטי דל נתרן 250 גרם,קבוצת אוסם סחר שותפות מוגבלת,IL,אסם קרם קרקר דל נתרן 250,גרמים,250.00,100 גרם,false,,9.90,0.0396,true,1,1349375
7290000080758,false,פת קלויה טוסטעים אסם (100 גרם),קבוצת אוסם סחר שותפות מוגבלת,NL,אסם טוסטעים 100 גרם,גרמים,100.00,100 גרם,false,,9.90,0.0990,true,1,1349385
7290000080765,false,פת קלויה טוסטעים עם שומשום אסם (100 גרם),קבוצת אוסם סחר שותפות מוגבלת,NL,אסם טוסטעים עם שומשום 100,גרמים,100.00,100 גרם,false,,9.90,0.0990,true,1,1349386
7290000081663,false,"בייגלה טבעות שומשום אסם 300 גרם בד""ץ",קבוצת אוסם סחר שותפות מוגבלת,IL,אסם בייגלה טבעות שומשום 3,גרמים,300.00,100 גרם,false,,9.90,0.0330,true,1,1349388
7290000089188,false,יין אדום מתוק פומפידיתא 1 ליטר,ויטה -פרי גליל (החדשה) בעמ,IL,פומפידיתא יין אדום מתוק -,ליטרים,1.00,ליטר,false,,14.90,14.9000,true,1,1394539
7290000099378,false,גבינת בלוז,,,גבינת בלוז,קילוגרמים,1.00,"ק""ג",true,,69.00,69.0000,true,1,2235841
7290000100029,false,פתיתי כרובית סנפרוסט 800 גרם,"סנפרוסט בע""מ",,פתיתי כרובית סנפרוסט,גרמים,800.00,100 גרם,false,,19.90,0.0249,true,1,1977439
7290000100036,false,פתיתי ברוקולי סנפרוסט 800 גרם,"סנפרוסט בע""מ",,פתיתי ברוקולי סנפרוס,גרמים,800.00,100 גרם,false,,19.90,0.0249,true,1,1977440
7290000100128,false,פירות קפואים תות 300 גר`סנפרוסט,תנובה ענף ב.ע.ד,,תות מוקפא 300 גרם סנ,גרמים,300.00,100 גרם,false,,12.90,0.0430,true,1,1973526
7290000100302,false,פול ירוק מקולף סנפורסט 600 גר`,תנובה ענף ב.ע.ד,,פול ירוק קפוא קלוף 6,גרמים,600.00,100 גרם,false,,23.90,0.0398,true,1,2139977
7290000100593,false,פרוסות אנטיפסטי לתנור סנפרוסט 600 גרם,תנובה ענף ב.ע.ד,,פרוסות אנטיפסטי לתנו,גרמים,600.00,100 גרם,false,,21.90,0.0365,true,1,2244049
7290000101934,false,מיקס פירות יער מוקפאים 300 גר סנפרוסט,"איי, בי, אינבוו",,מיקס פירות יער מוקפא,גרמים,300.00,100 גרם,false,,12.90,0.0430,true,1,1755032
7290000101941,false,אננס חתוך מוקפא סנפרוסט (300 גרם),תנובה ענף ב.ע.ד,,אננס מוקפא 300 ג סנפ,גרמים,300.00,100 גרם,false,,12.90,0.0430,true,1,1755033
7290000101958,false,מנגו חתוך מוקפא סנפרוסט (300 גרם),תנובה ענף ב.ע.ד,,מנגו מוקפא 300 ג סנפ,גרמים,300.00,100 גרם,false,,12.90,0.0430,true,1,1755025
7290000103365,false,מרק ירקות עשיר סנפרוסט (550 גרם),תנובה מרכז שיתופי לשיווק תוצרת,IL,מרק ירקות 12 יח 550 גר,גרמים,550.00,100 גרם,false,,18.90,0.0344,true,1,1387895
7290000103433,false,"לקט ירקות לתנור 800 גרם ""סנפרוסט""",תנובה מרכז שיתופי לשיווק תוצרת,,לקט ירקות לתנור,גרמים,800.00,100 גרם,false,,22.90,0.0286,true,1,1459554
7290000103457,false,מיני כרובית סנפרוסט (600 גרם),"סנפרוסט בע""\מ",,מיני כרובית סנפרוסט,גרמים,600.00,100 גרם,false,,19.90,0.0332,true,1,1452953
7290000103471,false,מיני ברוקולי סנפרוסט 600 גרם,תנובה ענף ב.ע.ד,,מיני ברוקולי סנפרוסט,גרמים,600.00,100 גרם,false,,19.90,0.0332,true,1,1452954
7290000103730,false,לקט להקפצה עם פסטה פוזילי סנפרוסט 800 גרם,תנובה מרכז שיתופי לשיווק תוצרת,IL,לקט להקפצה עם פסטה פוזילי,גרמים,800.00,100 גרם,false,,22.90,0.0286,true,1,1387903
7290000103815,false,לקט להקפצה בסגנון תאילנדי סנפרוסט 800 גרם,תנובה מרכז שיתופי לשיווק תוצרת,IL,לקט להקפצה בסגנון תאילנדי,גרמים,800.00,100 גרם,false,,22.90,0.0286,true,1,1387907
7290000103822,false,ירקות שמלווים עוף סנפרוסט 800ג',תנובה מרכז שיתופי לשיווק תוצרת,IL,לקט לעוף 12 יח 800 גר,גרמים,800.00,100 גרם,false,,22.90,0.0286,true,1,1387908
7290000103839,false,מרק כתום עשיר בירקות סנפרוסט (572 גרם),תנובה מרכז שיתופי לשיווק תוצרת,IL,מרק כתום 12 יח' 570 גר,גרמים,570.00,100 גרם,false,,18.90,0.0332,true,1,1387909
7290000103846,false,מרק אפונה עשיר בירקות סנפרוסט (572 גרם),תנובה מרכז שיתופי לשיווק תוצרת,IL,מרק אפונה 12 יח 570 גר,גרמים,570.00,100 גרם,false,,18.90,0.0332,true,1,1387910
7290000104072,false,עדשים ירוקות מבושלות מוקפאות 800 ג' סנפרוסט,תנובה מרכז שיתופי לשיווק תוצרת,IL,עדשים מוקפאים 14 יח 800 ג,גרמים,800.00,100 גרם,false,,19.90,0.0249,true,1,1387913
7290000104188,false,שעועית אדומה מוקפאת מבושלת מוכנה לאכילה,תנובה מרכז שיתופי לשיווק תוצרת,IL,שעועית אדומה מוקפאת 14 יח,גרמים,800.00,100 גרם,false,,19.90,0.0249,true,1,1387915
7290000104201,false,אפונה עדינה מוקפאת סנפרוסט (600 גרם),"איי, בי, אינבוו",IL,אפונה עדינה 12 יח 600 ג,גרמים,600.00,100 גרם,false,,19.90,0.0332,true,1,1387916
7290000104218,false,סנפרוסט במיה 600 גרם,תנובה מרכז שיתופי לשיווק תוצרת,IL,במיה 14 יח 600 ג,גרמים,600.00,100 גרם,false,,18.90,0.0315,true,1,1387917
7290000104225,false,בצל קצוץ 600 גרם סנפרוסט,"סנפרוסט בע""\מ",IL,בצל קצוץ 14 יח 600 ג,גרמים,600.00,100 גרם,false,,16.90,0.0282,true,1,1387918
7290000104676,false,אפונה קפואה סנפרוסט 800 גרם,תנובה מרכז שיתופי לשיווק תוצרת,IL,אפונה גינה 20 יח 800 ג,גרמים,800.00,100 גרם,false,,18.90,0.0236,true,1,1387920
7290000104683,false,שעועית ירוקה שלמה סנפרוסט (800 גרם),תנובה מרכז שיתופי לשיווק תוצרת,IL,שעועית ירוקה שלמה 16 יח 8,גרמים,800.00,100 גרם,false,,22.90,0.0286,true,1,1387921
7290000104690,false,גרעיני תירס מוקפאים סנפרוסט (800 גרם),תנובה מרכז שיתופי לשיווק תוצרת,IL,גרעיני תירס 20 יח 800 ג,גרמים,800.00,100 גרם,false,,19.90,0.0249,true,1,1387922
7290000104706,false,גזר גמדי מוקפא סנפרוסט (800 גרם),תנובה מרכז שיתופי לשיווק תוצרת,IL,גזר גמדי 16 יח 800 ג,גרמים,800.00,100 גרם,false,,18.90,0.0236,true,1,1387923
7290000104713,false,פול ירוק קפוא סנפורסט 800 גרם,תנובה מרכז שיתופי לשיווק תוצרת,IL,פול ירוק 20 יח 800 ג,גרמים,800.00,100 גרם,false,,24.90,0.0311,true,1,1387924
7290000104720,false,שעועית ירוקה חתוכה סנפרוסט (800 גרם),תנובה מרכז שיתופי לשיווק תוצרת,IL,שעועית ירוקה חתוכה 16 יח,גרמים,800.00,100 גרם,false,,19.90,0.0249,true,1,1387925
7290000104737,false,שעועית צהובה חתוכה סנפרוסט 800 גרם,תנובה מרכז שיתופי לשיווק תוצרת,IL,שעועית צהובה 16 יח 800 ג,גרמים,800.00,100 גרם,false,,19.90,0.0249,true,1,1387926
7290000104744,false,כרובית מוקפאת סנפרוסט (800 גרם),תנובה מרכז שיתופי לשיווק תוצרת,IL,כרובית 12 יח 800 ג,גרמים,800.00,100 גרם,false,,24.90,0.0311,true,1,1387927
7290000104751,false,"כרוב ניצנים 800 גרם ""סנפרוסט""",תנובה מרכז שיתופי לשיווק תוצרת,IL,כרוב ניצנים 16 יח 800 ג,גרמים,800.00,100 גרם,false,,24.90,0.0311,true,1,1387928
7290000104768,false,עלי תרד סנפרוסט (800 גרם),תנובה מרכז שיתופי לשיווק תוצרת,IL,עלי תרד 14 יח 800 ג,גרמים,800.00,100 גרם,false,,24.90,0.0311,true,1,1387929
7290000104775,false,מדליוני תרד סנפרוסט (800 גרם),תנובה מרכז שיתופי לשיווק תוצרת,IL,מדליוני תרד 16 יח 800 ג,גרמים,800.00,100 גרם,false,,24.90,0.0311,true,1,1387930
7290000104799,false,שעועית לבנה מבושלת סנפרוסט (800 גרם),תנובה מרכז שיתופי לשיווק תוצרת,IL,שעועית לבנה 16 יח 800 גר,גרמים,800.00,100 גרם,false,,19.90,0.0249,true,1,1387931
7290000104805,false,גרגירי חומוס מבושלים סנפרוסט 800 גרם,תנובה מרכז שיתופי לשיווק תוצרת,IL,גרגירי חומוס 14 יח 800 גר,גרמים,800.00,100 גרם,false,,19.90,0.0249,true,1,1387932
7290000104829,false,קלחי תירס חתוכים סנפרוסט 1 קילו,תנובה מרכז שיתופי לשיווק תוצרת,IL,קלחוני תירס 16 יח 1 קג,גרמים,1000.00,100 גרם,false,,22.90,0.0229,true,1,1387933
7290000104836,false,שעועית ירוקה עדינה שלמה סנפרוסט 600 גרם,תנובה מרכז שיתופי לשיווק תוצרת,IL,שעועית עדינה שלמה 12 יח,גרמים,600.00,100 גרם,false,,22.90,0.0382,true,1,1387934
7290000104874,false,לקט מוקפא לקוסקוס סנפרוסט (800 גרם),תנובה מרכז שיתופי לשיווק תוצרת,IL,לקט קוסקוס 12 יח 800 ג,גרמים,800.00,100 גרם,false,,22.90,0.0286,true,1,1387935
7290000104881,false,לקט אפונה וגזר מוקפאים סנפרוסט (800 גרם),תנובה מרכז שיתופי לשיווק תוצרת,IL,לקט אפונה וגזר 13 יח 800,גרמים,800.00,100 גרם,false,,19.90,0.0249,true,1,1387936
7290000104911,false,לקט נורמנדי מוקפא סנפרוסט (800 גרם),תנובה מרכז שיתופי לשיווק תוצרת,IL,לקט נורמנדי 12 יח 800 ג,גרמים,800.00,100 גרם,false,,22.90,0.0286,true,1,1387938
7290000106175,false,לקט כפרי מוקפא סנפרוסט (2 קג),"סנפרוסט בע""\מ",IL,לקט כפרי 6 יח 2 קג,גרמים,2000.00,100 גרם,false,,39.90,0.0199,true,1,1387939
7290000107189,false,תחתיות ארטישוק סנפרוסט (400 גרם),תנובה מרכז שיתופי לשיווק תוצרת,IL,תחתיות ארטישוק 12 יח 400,גרמים,400.00,100 גרם,false,,22.90,0.0572,true,1,1387940
7290000107295,false,תפרחות ברוקולי סנפרוסט 800 גרם,תנובה מרכז שיתופי לשיווק תוצרת,IL,תפרחות ברוקולי 12 יח 800,גרמים,800.00,100 גרם,false,,24.90,0.0311,true,1,1387941
7290000107615,false,ירקות ואננס להקפצה מנה אסייתית צבעונית ועשירה,"איי, בי, אינבוו",,מנה אסיאתית צבעונית,גרמים,800.00,100 גרם,false,,19.90,0.0249,true,1,2222312
7290000110851,false,כיפלי חטיף בטעם בצל מהדרין תלמה (70 גרם),יוניליוור ישראל שיווק בע`מ,IL,כיפלי בצל 70גר,גרמים,70.00,100 גרם,false,,5.90,0.0843,true,1,1388356
7290000111063,false,מיונז אמיתי תלמה (250 גרם),"יוניליוור ישראל שיווק בע""מ",IL,תלמה מיונז רגיל אמיתי 250,גרמים,250.00,100 גרם,false,,6.50,0.0260,true,1,1388357
7290000111117,false,מרכך כביסה לבן בדין (4 ליטר),"יוניליוור ישראל שיווק בע""מ",IL,Badin Std Liquid White 4L,ליטרים,4.00,ליטר,false,,19.90,4.9750,true,1,1388358
7290000111186,false,"מיונז אמיתי תלמה 500 גרם בד""צ","יוניליוור ישראל שיווק בע""מ",IL,תלמה רגיל מיונז אמיתי 500,גרמים,500.00,100 גרם,false,,10.90,0.0218,true,1,1388360
7290000111360,false,חרדל אמיתי חריף 250 גרם בצנצנת כשלפ,יוניליוור ישראל שיווק בע`מ,IL,תלמה חרדל 250 גרם,גרמים,250.00,100 גרם,false,,6.50,0.0260,true,1,1388363
7290000111384,false,חרדל אמיתי בצנצנת 550 ג' תלמה,יוניליוור ישראל שיווק בע`מ,IL,תלמה חרדל 550 גרם,גרמים,550.00,100 גרם,false,,8.90,0.0162,true,1,1388364
7290000112220,false,טחינה גולמית שומשום טהור בארכה 500 גרם,קבוצת אוסם סחר שותפות מוגבלת,IL,טחינה בארכה 100% שומשום ט,גרמים,500.00,100 גרם,false,,13.90,0.0278,true,1,1386697
7290000112237,false,"טחינה גולמית שומשום טהור בארכה 1 ק""ג","רושדי תעשיות מזון בע""\מ",IL,טחינה בארכה 100% שומשום ט,גרמים,1000.00,100 גרם,false,,24.90,0.0249,true,1,1386698
7290000112497,false,מרק עשיר עוף אטריות קנור 75 גרם - שקיות,יוניליוור ישראל שיווק בע`מ,IL,מרקים רגיל אחר קנור עוף ע,גרמים,68.00,100 גרם,false,,9.90,0.1456,true,1,1388366
7290000112503,false,מרק עשיר ירקות קנור 69 גרם - שקיות,יוניליוור ישראל שיווק בע`מ,IL,מרקים רגיל אחר קנור עשיר,גרמים,61.00,100 גרם,false,,9.90,0.1623,true,1,1388367
7290000112619,false,אבקת מרק עוף אמיתי קנור 400 ג' כשלפ,יוניליוור ישראל שיווק בע`מ,IL,קנור מרקי תיבול טעם עוף 4,גרמים,400.00,100 גרם,false,,19.90,0.0497,true,1,1388369
7290000114187,false,פנטסטיק תרכיז ניקוי כללי אורנים סיף 4 ליטר,יוניליוור ישראל שיווק בע`מ,IL,סיף ניקוי כללי אורנים 4ל,ליטרים,4.00,ליטר,false,,19.90,4.9750,true,1,1388380
7290000116204,false,"אבקת מרק דגש בטעם עוף 1ק""ג קנור","יוניליוור ישראל שיווק בע""מ",IL,קנור בויון דגש 1 קג,קילוגרמים,1.00,"ק""ג",false,,14.90,14.9000,true,1,1388388
7290000117171,false,מרק טעם עוף דל קלוריות 48 גרם-קופסא,"יוניליוור ישראל שיווק בע""מ",IL,מרקי אינסטנט אחרים קנור ב,גרמים,48.00,100 גרם,false,,6.50,0.1354,true,1,1388394
7290000117720,false,נמס בכוס פטריות קנור 21.5 גרם מארז זוגי,"יוניליוור ישראל שיווק בע""מ",IL,מרקי אינסטנט אחרים קנור פ,גרמים,43.00,100 גרם,false,,6.50,0.1512,true,1,1388398
7290000118277,false,כופתאות מצה להכנת מהירה 65 ג' קנור,"יוניליוור ישראל שיווק בע""מ",IL,קניידלך 130 גר,גרמים,130.00,100 גרם,false,,9.90,0.0762,true,1,1388401
7290000118352,false,לטקס אבקה להכנת לביבות תפוא 170גר כשלפ,יוניליוור ישראל שיווק בע`מ,,תערובת לטקס,גרמים,170.00,100 גרם,false,,14.90,0.0876,true,1,1388403
7290000121017,false,גבינה מותכת 7% שומרון 120 גרם,נטו מלינדה סחר בע`מ,IL,גבינת שומרון,גרמים,120.00,100 גרם,false,,9.90,0.0825,true,1,1376300
7290000121031,false,החתול המחייך גבינה מותכת 14% מון בלאן 120 גרם,נטו מילנדה סחר בעמ*,IL,גבינת חתול 120 גרם,גרמים,120.00,100 גרם,false,,9.90,0.0825,true,1,1376301
7290000121079,false,גבינה מותכת למריחה עם שום שמיר 9% מון בלאן 120 גרם,נטו מילנדה סחר בעמ*,IL,גבינת מון בלאן שמיר 120 ג,גרמים,120.00,100 גרם,false,,9.90,0.0825,true,1,1376303
7290000121093,false,גבינה מותכת לייט בטעם שוויצרי 7% מון בלאן 120 גר',האי נאם סי או אל.טי.,IL,גבינה מון בלאן שיווצרית,גרמים,120.00,100 גרם,false,,9.90,0.0825,true,1,1376304
7290000121109,false,גבינה מותכת לייט עם זיתים 7% מון בלאן 120 גרם,נטו מילנדה סחר בעמ*,IL,גבינת מון בלאן זיתים 120,גרמים,120.00,100 גרם,false,,9.90,0.0825,true,1,1376305
7290000121147,false,גבינה מותכת לייט בטעם פיקנטי 7% מון בלאן 120 גרם,נטו מלינדה סחר בע`מ,IL,גבינת מון בלאן פיקנטי 120,גרמים,120.00,100 גרם,false,,9.90,0.0825,true,1,1376306
7290000121154,false,גבינה מותכת לייט עם סלמון 7% מון בלאן 120 גרם,נטו מלינדה סחר בע`מ,IL,גבינה מון-בלאן סלומון 120,גרמים,120.00,100 גרם,false,,9.90,0.0825,true,1,1376307
7290000122830,false,"רוטב מקסיקני סצ'ואן קנור 300 מ""ל",יוניליוור ישראל שיווק בע`מ,IL,רוטב סצ'ואן 370 גר,גרמים,300.00,100 גרם,false,,12.90,0.0430,true,1,1388420
7290000125251,false,שמפו לכביסה עדינה בדין 2 ליטר,יוניליוור ישראל שיווק בעמ,IL,בדין שמפו לכביסה עדינה רג,ליטרים,2.00,ליטר,false,,24.90,12.4500,true,1,1388429
7290000129457,false,אבקת רוטב פטריות קנור 28 ג' שקית,יוניליוור ישראל שיווק בע`מ,IL,קנור קוק-IN-רטבים אבקת פט,גרמים,28.00,100 גרם,false,,4.90,0.1750,true,1,1388438
7290000129785,false,מרכך כביסה ירוק בדין (4 ליטר),יוניליוור ישראל שיווק בע`מ,IL,Badin Std Liquid Green 4L,ליטרים,4.00,ליטר,false,,19.90,4.9750,true,1,1388440
7290000131009,false,דפי בצק פילו דקיקים שחף 500 גרם,מאפיית אריאל,,בצק פילו 500 גרם-שחף,גרמים,500.00,100 גרם,false,,14.90,0.0298,true,1,1388192
7290000131122,false,"בצק עלים צרפתי שחף 1.5 ק""ג",מאפיית אריאל,,"בצק עלים שחף 1.5 ק""ג",קילוגרמים,1.50,"ק""ג",false,,16.90,11.2667,true,1,1388194
7290000134147,false,טעם וריח מוסקט טחון מיכל 40גר,"תבליני טעם וריח בע""מ",IL,מיכל קטן מוסקט טחון 40גר',גרמים,40.00,100 גרם,false,,14.90,0.3725,true,1,1398309
7290000134307,false,קינמון טחון 50 גרם טעם וריח,"תבליני טעם וריח בע""מ",IL,שק.50 גר.קינמון טחון,גרמים,50.00,100 גרם,false,,4.90,0.0980,true,1,1398310
7290000134314,false,פיצה תערובת תיבול 120 גרם מיכל גדול,"תבליני טעם וריח בע""מ",IL,מיכל ת.לפיצה 120 גר',גרמים,120.00,100 גרם,false,,7.90,0.0658,true,1,1398311
7290000134352,false,קינמון טחון בקופ' 90 גר' טעם וריח,"תבליני טעם וריח בע""מ",IL,מיכל קינמון ט. 90 גר',גרמים,90.00,100 גרם,false,,7.90,0.0878,true,1,1398313
7290000134376,false,פפריקה בשמן בקופ' 90 גר' טעם וריח,"תבליני טעם וריח בע""מ",IL,מיכל פפריקה בשמן 90 גר,גרמים,90.00,100 גרם,false,,7.90,0.0878,true,1,1398314
7290000134666,false,רוזמרין 15 גר מיכל ק,תבליני טעם וריח בעמ,IL,מיכל קטן רוזמרין 15גר',גרמים,15.00,100 גרם,false,,4.90,0.3267,true,1,1398320
7290000134673,false,זנגויל טחון מיכל 30 גרם,"תבליני טעם וריח בע""מ",IL,מיכל קטן זנגויל 30גר',גרמים,30.00,100 גרם,false,,4.90,0.1633,true,1,1398321
7290000134680,false,קימל שלם 40 גר' טעם וריח,תבליני טעם וריח בעמ,IL,מיכל קטן קימל שלם 40גר',גרמים,40.00,100 גרם,false,,4.90,0.1225,true,1,1398322
7290000134826,false,זעתר מעורב בקופ' 100 גר' טעם וריח,"תבליני טעם וריח בע""מ",IL,מיכל זעתר 100 גרם,גרמים,100.00,100 גרם,false,,7.90,0.0790,true,1,1398327
7290000134833,false,כמון טחון בקופ' 100 גר' טעם וריח,"תבליני טעם וריח בע""מ",IL,מיכל כמון 100 גרם,גרמים,100.00,100 גרם,false,,7.90,0.0790,true,1,1398328
7290000134840,false,כורכום טחון בקופ' 100 גר' טעם וריח,"תבליני טעם וריח בע""מ",IL,מיכל כורכום 100 גרם,גרמים,100.00,100 גרם,false,,7.90,0.0790,true,1,1398329
7290000134857,false,פפריקה מתוקה בקופ' 100 גר' טעם וריח,"תבליני טעם וריח בע""מ",IL,מיכל פ.מתוקה 100 גר',גרמים,100.00,100 גרם,false,,7.90,0.0790,true,1,1398330
7290000134864,false,פפריקה חריפה בקופ' 100 גר' טעם וריח,"תבליני טעם וריח בע""\מ",IL,מיכל פ.חריפה 100 גר',גרמים,100.00,100 גרם,false,,7.90,0.0790,true,1,1398331
7290000134871,false,פלפל שחור טחון בקופ' 100 גר' טעם וריח,"תבליני טעם וריח בע""מ",IL,מיכל פ.שחור טחון 100 גר',גרמים,100.00,100 גרם,false,,12.90,0.1290,true,1,1398332
7290000134970,false,חוואיג' בקופ' 100 גר' טעם וריח,"תבליני טעם וריח בע""מ",IL,מיכל חוואיג' 100 גרם,גרמים,100.00,100 גרם,false,,7.90,0.0790,true,1,1398335
7290000134987,false,פלפל שחור גרוס בקופ' 90 גר' טעם וריח,"תבליני טעם וריח בע""מ",IL,מיכל פל.שחור גרוס 90גר,גרמים,90.00,100 גרם,false,,12.90,0.1433,true,1,1398336
7290000134994,false,טימין 20 גר מיכל קטן,"תבליני טעם וריח בע""מ",IL,מיכל קטן טימין 20גר',גרמים,20.00,100 גרם,false,,4.90,0.2450,true,1,1398337
7290000135045,false,"XL TEN משקה אנרגיה פתוח ללא סוכר 250 מ""ל","טמפו משקאות בע""\מ",,משקה XL TENבפחית 250,מיליליטרים,250.00,"100 מ""ל",false,,4.30,0.0172,true,1,2148788
7290000135052,false,"XL TEN משקה אנרגיה מנגו ללא סוכר 250 מ""ל","טמפו משקאות בע""\מ",,משקה XL TEN בפחית 25,מיליליטרים,250.00,"100 מ""ל",false,,4.30,0.0172,true,1,2148789
7290000135113,false,"משקה אנרגיה XL פחית ten נענע ליים 250 מ""ל","טמפו משקאות בע""\מ",,"משקה XL בפחית 250 מ""",מיליליטרים,250.00,"100 מ""ל",false,,4.30,0.0172,true,1,2231535
7290000135175,false,פפסי מקס ליים -משקה קולה מוגז גל קלוריות,פארייפאבה אגרואינדוס,,פפסי קולה ליים 330 מ,מיליליטרים,330.00,"100 מ""ל",false,,3.50,0.0106,true,1,2250153
7290000135182,false,"מארז 7 אפ פרי דל קלוריות בטעם לימון ליים פחית צרה 330 מ""ל*6 יח'","טמפו משקאות בע""מ",,מארז פחיות סבן אפ פר,ליטרים,1.98,ליטר,false,,18.90,9.5455,true,1,2271141
7290000135311,false,פפסי מקס ליים 1.5 ליטר בודד,"טמפו משקאות בע""\מ",,פפסי מקס ליים 1.5 לי,ליטרים,1.50,ליטר,false,,7.60,5.0667,true,1,2255750
7290000135465,false,"מי סודה 500 מ""ל - מארז 12 בקבוקים","טמפו משקאות בע""\מ",,"סודה 500 מ""ל מארז תר",ליטרים,6.00,ליטר,false,,25.90,4.3167,true,1,2299545
7290000135595,false,פפסי מקס בטעם דובדבן 1.5 ללא סוכר,"טמפו משקאות בע""\מ",,פפסי מקס בטעם דובדבן,ליטרים,1.50,ליטר,false,,7.60,5.0667,true,1,2302330
7290000135632,false,"רביעיית פחיות בירה גולדסטאר לא מסונן 500 מ""ל","טמפו משקאות בע""\מ",,רביעיית פחית גולדסטא,מיליליטרים,500.00,"100 מ""ל",false,,34.90,0.0698,true,1,2311612
7290000136141,false,פפסי קולה 1.5 ליטר פיקדון,"טמפו משקאות בע""\מ",,פפסי קולה 1.5 ליטר,ליטרים,1.50,ליטר,false,,8.20,5.4667,true,1,2330636
7290000136158,false,פפסי מקס משקה מוגז דל קלוריות בטעם קולה,"טמפו משקאות בע""\מ",,פפסי מקס 1.5 ליטר,ליטרים,1.50,ליטר,false,,7.60,5.0667,true,1,2330637
7290000136165,false,מירינדה אורנג` 1.5 ליטר פיקדון,"טמפו משקאות בע""\מ",,מירנדה 1.5 ליטר,ליטרים,1.50,ליטר,false,,8.20,5.4667,true,1,2330620
7290000136172,false,משקה 7UP בקבוק 1.5 ליטר פיקדון,"טמפו משקאות בע""\מ",,סבן אפ 1.5 ליטר,ליטרים,1.50,ליטר,false,,8.20,5.4667,true,1,2330626
7290000136189,false,משקה דיאט 7UP בקבוק 1.5 ליטר פיקדון,"טמפו משקאות בע""\ם.",,סבן אפ דיאט 1.5 ליטר,ליטרים,1.50,ליטר,false,,7.60,5.0667,true,1,2330612
7290000136240,false,סודה 1.5 ליטר שישייה בודד,"טמפו משקאות בע""\מ",,סודה 1.5 ליטר,ליטרים,1.50,ליטר,false,,3.20,2.1333,true,1,2330583
7290000136257,false,פאנק טוניק גזוז בטעם פירות,טמפו משקאות בע`מ,,משקה פאנק טוניק 1.5,ליטרים,1.50,ליטר,false,,8.90,5.9333,true,1,2330476
7290000136264,false,מי טוניק גזוז 1.5 ל' טמפו,"טמפו משקאות בע""\מ",,משקה מי טוניק 1.5 לי,ליטרים,1.50,ליטר,false,,8.90,5.9333,true,1,2330477
7290000136271,false,סודה בטעמים - לימון ליים 1.5 ליטר - בודד,טמפו,,סודה לימון לים 1.5 ל,ליטרים,1.50,ליטר,false,,4.20,2.8000,true,1,2330593
7290000136288,false,"סירופ בטעם תפוחים ג'ויסר סיידר הגליל 330 מ""ל","טמפו משקאות בע""\מ",,סירופ בטעם תפוחים סי,מיליליטרים,330.00,"100 מ""ל",false,,15.90,0.0482,true,1,2354169
7290000136295,false,"סירופ בטעם פטל ג'ויסר סיידר הגליל 330 מ""ל","טמפו משקאות בע""\מ",,סירופ בטעם פטל סיידר,מיליליטרים,330.00,"100 מ""ל",false,,15.90,0.0482,true,1,2354170
7290000136301,false,"סירופ בטעם ענבים ג'ויסר סיידר הגליל 330 מ""ל","טמפו משקאות בע""\מ",,סירופ בטעם ענבים סיי,מיליליטרים,330.00,"100 מ""ל",false,,15.90,0.0482,true,1,2354171
7290000136325,false,סודה בטעמים - אפרסק 1.5 ליטר - בודד,טמפו,,סודה בטעמים 1.5 ליטר,ליטרים,1.50,ליטר,false,,4.20,2.8000,true,1,2330613
7290000136387,false,סודה בטעמים - אננס 1.5 ליטר - בודד,טמפו,,סודה בטעמים 1.5 ליטר,ליטרים,1.50,ליטר,false,,4.20,2.8000,true,1,2330599
7290000136394,false,סודה בטעמים - פירות יער 1.5 ליטר - בודד,טמפו,,סודה בטעמים 1.5 ליטר,ליטרים,1.50,ליטר,false,,4.20,2.8000,true,1,2330600
7290000136431,false,משקה בטעם אפרסק צלול תריסר 1.5 ל' ג'אמפ,"טמפו משקאות בע""\מ",,ג'אמפ אפרסק צלול 1.5,ליטרים,1.50,ליטר,false,,7.50,5.0000,true,1,2330218
7290000136455,false,משקה בטעם אשכוליות תריסר 1.5 ל' ג'אמפ,"טמפו משקאות בע""\ם.",,ג'אמפ אשכולית 1.5 לי,ליטרים,1.50,ליטר,false,,7.50,5.0000,true,1,2330478
7290000136516,false,משקה בטעם מנגו פסיפלורה תריסר 1.5 ל' ג'אמפ,טמפו משקאות בע`מ,,ג'אמפ מנגו 1.5 ליטר,ליטרים,1.50,ליטר,false,,7.50,5.0000,true,1,2330479
7290000136523,false,ג`אמפ משקה קל ענבים 1.5 ליטר פיקדון,"טמפו משקאות בע""\ם.",,ג'אמפ ענבים 1.5 ליטר,ליטרים,1.50,ליטר,false,,7.50,5.0000,true,1,2330555
7290000136561,false,משקה בטעם תות בננה תריסר 1.5 ל' ג'אמפ,"טמפו משקאות בע""\מ",,ג'אמפ תות בננה 1.5 ל,ליטרים,1.50,ליטר,false,,7.50,5.0000,true,1,2330556
7290000136585,false,משקה בטעם תפוזים תריסר 1.5 ל' ג'אמפ,"טמפו משקאות בע""\ם.",,ג'אמפ תפוז 1.5 ליטר,ליטרים,1.50,ליטר,false,,7.50,5.0000,true,1,2330480
7290000136608,false,משקה בטעם תפוח צלול תריסר 1.5 ל' ג'אמפ,"טמפו משקאות בע""\ם.",,ג'אמפ תפוח 1.5 ליטר,ליטרים,1.50,ליטר,false,,7.50,5.0000,true,1,2330557
7290000136646,false,בירה נשר מאלט ללא אלכוהול 1.5 ליטר,"טמפו משקאות בע""\מ",,בירה נשר מאלט 1.5 לי,ליטרים,1.50,ליטר,false,,8.90,5.9333,true,1,2330470
7290000136653,false,בירה שחורה נשר מאלט דיאט בקבוק 1.5ל`,"טמפו משקאות בע""\מ",,בירה דיאט מאלט 1.5 ל,ליטרים,1.50,ליטר,false,,8.90,5.9333,true,1,2330471
7290000136660,false,סודה טמפו ליטר וחצי,טמפו,,סודה רגיל 1.5 ליטר,ליטרים,1.50,ליטר,false,,3.20,2.1333,true,1,2333019
7290000136691,false,סבן אפ 1.5 ליטר שישיה טמפו,טמפו משקאות בע`מ,,7 UP שישייה 1.5 ליטר,ליטרים,9.00,ליטר,false,,42.90,4.7667,true,1,2330631
7290000136752,false,סבן אפ דיאט מארז שישייה 1.5 ל' FREE,"טמפו משקאות בע""\מ",,7 UP דיאט שישייה 1.5,ליטרים,9.00,ליטר,false,,39.90,4.4333,true,1,2330614
7290000136769,false,מארז שישיה בטעם קולה 1.5 ל' פפסי,"טמפו משקאות בע""\מ",,פפסי קולה שישייה 1.5,ליטרים,9.00,ליטר,false,,41.90,4.6556,true,1,2330638
7290000136776,false,שישיית פפסי מקס דל קלוריות 1.5 ליטר,טמפו משקאות בע`מ,,פפסי מקס שישייה 1.5,ליטרים,9.00,ליטר,false,,37.90,4.2111,true,1,2330643
7290000136790,false,טמפו מי סודה 6*1.5 ליטר פיקדון,"טמפו משקאות בע""\מ",,שישיית סודה טמפו 1.5,ליטרים,9.00,ליטר,false,,16.70,1.8556,true,1,2330588
7290000136806,false,סודה בטעם לימון ליים 1.5 רביעייה רביעייה,טמפו משקאות בע`מ,,מארז סודה רביעייה 1.,ליטרים,6.00,ליטר,false,,12.80,2.1333,true,1,2330594
7290000136820,false,סודה בטעם פירות יער מארז ריבעיה * 1.5 ל' טמפו,טמפו משקאות בע''מn\,,סודה פירות יער 1.5 ל,ליטרים,6.00,ליטר,false,,12.80,2.1333,true,1,2330606
7290000136837,false,רביעיית מי סודה נגיעות אפרסק טמפו 1.5 ליטר,טמפו משקאות בע''מn\,,מארז סודה רביעייה 1.,ליטרים,6.00,ליטר,false,,12.80,2.1333,true,1,2330615
7290000136844,false,מארז מים מזוככים אקווה נובה שישיית 2 ליטר,"טמפו משקאות בע""\מ",,שישייה מים אקווה נוב,ליטרים,12.00,ליטר,false,,11.70,0.9750,true,1,2332094
7290000136868,false,סאן בנדטו - מים מינרלים - מארז שישיית 1.5 ליטר,אקווה מינרלה סאן בנדטו ב,,סאן-בנדטו שישייה 1.5,ליטרים,9.00,ליטר,false,,17.90,1.9889,true,1,2332588
7290000136875,false,שישיית מים מינרליים מוגזים סן בנדטו 1.5 ליטר,סאן בנדטו San Benedetto,,מים סאן בנדטו מוגז ש,ליטרים,9.00,ליטר,false,,18.90,2.1000,true,1,2330562
7290000144160,false,"שמן זית כתית מעולה ארומתי עץ הזית 750 מ""ל","מרקאולאו, ספרד.אבסה,",IL,שמן זית כתית מעולה מודגש,מיליליטרים,750.00,"100 מ""ל",false,,32.90,0.0439,true,1,1384445
7290000144467,false,שמן חמניות מועשר בנוגדי חמצון 1 ל' עץ הזית,"נארז ע""י : א.ג. גילר",IL,שמן חמניות בריאות מהטבע 1,ליטרים,1.00,ליטר,false,,15.90,15.9000,true,1,1384448
7290000144474,false,שמן עץ הזית קנולה 1 ליטר בריאות מהטבע,סוגת תעשיות בעמ,IL,שמן קנולה בריאות מהטבע 1,ליטרים,1.00,ליטר,false,,14.90,14.9000,true,1,1384449
7290000146645,false,הוואי - סבון מוצק שחור מסתורי 100 גרם רביעייה,טרופיקל דגיל קוסמטיק,IL,הוואי סבון מוצק שחור 100,גרמים,400.00,100 גרם,false,,10.90,0.0273,true,1,1369438
7290000146652,false,הוואי - סבון מוצק ורוד רומנטי 100 גרם רביעייה,טרופיקל דגיל קוסמטיק,IL,הוואי סבון מוצק ורוד 100,גרמים,400.00,100 גרם,false,,10.90,0.0273,true,1,1369439
7290000146669,false,הוואי - סבון מוצק שמיים כחולים 100 גרם רביעייה,טרופיקל דגיל קוסמטיק,IL,הוואי סבון מוצק כחול 100,גרמים,400.00,100 גרם,false,,10.90,0.0273,true,1,1369440
7290000146676,false,הוואי - סבון מוצק לגבר 100 גרם רביעייה,טרופיקל דגיל קוסמטיק,IL,הוואי סבון מוצק לגבר 100,גרמים,400.00,100 גרם,false,,10.90,0.0273,true,1,1369441
7290000146683,false,הוואי - סבון מוצק אפקט דאודורנט 100 גרם רביעייה,טרופיקל דגיל קוסמטיק,IL,הוואי סבון מוצק דאודורנט,גרמים,400.00,100 גרם,false,,10.90,0.0273,true,1,1369442
7290000146928,false,"משחת שיניים לילדים בטעם ענבים טום וג'רי 50 מ""ל",טרופיקל דגיל קוסמטיק,IL,טום&ג'רי משחת שיניים ענבי,מיליליטרים,50.00,"100 מ""ל",false,,7.90,0.1580,true,1,1369446
7290000146980,false,פלאוריד משחת שיניים ס.וויט 100מל,עיסא ערטול בעמ-סוכן הנקל סוד,,משחת שיניים פלואוריד,מיליליטרים,100.00,"100 מ""ל",false,,3.90,0.0390,true,1,1369447
7290000146997,false,משחת שיניים לילדים מסטיק טום וג'רי 50 מל,טרופיקל דגיל קוסמטיק,IL,טום&ג'רי משחת שיניים מסטי,גרמים,50.00,100 גרם,false,,7.90,0.1580,true,1,1369448
7290000148489,false,"קליית גת גרעיני דלעת קלויים,200 גרם",ליימן שליסל בעמ,,גרעיני דלעת,גרמים,200.00,100 גרם,false,,9.90,0.0495,true,1,1373070
7290000148618,false,קשיו מטוגן שקית קליית גת 200 גרם,ליימן שליסל בעמ,,קשיו בשקית,גרמים,200.00,100 גרם,false,,15.90,0.0795,true,1,1373071
7290000148748,false,קליית גת גרעיני חמניה קלויים ומומלחים200,ליימן שליסל בעמ,,גרעיני חמניה,גרמים,200.00,100 גרם,false,,5.90,0.0295,true,1,1373072
7290000148939,false,שקדים קלויים קליית גת (200 גרם),ליימן שליסל בעמ,,שקד קלוי בשקית,גרמים,200.00,100 גרם,false,,19.90,0.0995,true,1,1373073
7290000149615,false,רביעיית סבון מוצק קלאסי לתינוק נקה 7 4*100 גרם,החברה הדרומית לשיווק בעמ,IL,רבעיית סבון מוצק נקה 7 לת,גרמים,400.00,100 גרם,false,,9.90,0.0248,true,1,1365757
7290000149806,false,סופר 7-סבון נוזל כלים 1.0 ל',החברה הדרומית לשיווק בעמ,,נקה 7 סופר נוזל לכלי,ליטרים,1.00,ליטר,false,,11.90,11.9000,true,1,1365758
7290000149844,false,סבון רב שימושי סינטבון (230 גרם),החברה הדרומית לשיווק בעמ,,נקה 7 סינטבון חתול,גרמים,230.00,100 גרם,false,,6.90,0.0300,true,1,1365760
7290000149905,false,טקסטיל שמפו נוזלי לאריגים עדינים1ליט,החברה הדרומית לשיווק בעמ,IL,טקסטיל נוזל לכביסה 1ליטר,ליטרים,1.00,ליטר,false,,12.90,12.9000,true,1,1365763
7290000149943,false,טקסטיל שמפו לכביסה ביד שקית 1 ליטר,החברה הדרומית לשיווק בעמ,IL,טקסטיל שמפו בשקית 1 קג,קילוגרמים,1.00,"ק""ג",false,,12.90,12.9000,true,1,1365764
7290000152288,false,עוף טוב נקניקיות עוף מיס לוסי 400 גרם,קבוצת אוסם סחר שותפות מוגבלת,,נקניקיות עוף טוב 400,גרמים,400.00,100 גרם,false,,11.90,0.0298,true,1,1503431
7290000152943,false,מארז פסטרמה כפרית וסלמי כפרי עוף טוב 2*350 גרם,מוצרי עוף טוב (2001) בע\,,מארז סלמי/פסטרמה 700,גרמים,700.00,100 גרם,false,,25.90,0.0370,true,1,1695013
7290000153445,false,קציצות בקר מתובלות 100% רכיבים טבעיים,מולינו ניקולי s.p.a,IL,עוף טוב קציצות בקר מבית ט,גרמים,500.00,100 גרם,false,,29.90,0.0598,true,1,1349390
7290000153469,false,קציצות עוף קלאסיות 100% רכיבים טבעיים,קבוצת אסם סחר שות. מוגבלת,IL,עוף טוב קציצות עוף מבית ט,גרמים,600.00,100 גרם,false,,29.90,0.0498,true,1,1349391
7290000166605,false,סיף פנטסטיק ניקיון כללי יסמין 4ליטר,יוניליוור ישראל שיווק בע`מ,IL,סיף ניקוי כללי יסמין 4ל,ליטרים,4.00,ליטר,false,,19.90,4.9750,true,1,1388555
7290000168173,false,"ברנפלקס קרנצ'ים תלמה בד""ץ 375 גרם",יוניליוור ישראל שיווק בעמ,IL,תלמה דגני מבוגרים קראנצ'י,גרמים,375.00,100 גרם,false,,22.90,0.0611,true,1,1388590
7290000169538,false,"נמס בכוס עגבניות וקרוטונים מרק כשרות בד""ץ 62 ג' קנור",יוניליוור ישראל שיווק בע`מ,IL,קנור נמס בכוס ועוד עגבניו,גרמים,64.00,100 גרם,false,,6.50,0.1016,true,1,1388625
7290000169798,false,"עוגי מופחת סוכר 20% פצפוצי שוקו' 500ג' בד""צ",יוניליוור ישראל שיווק בע`מ,IL,עוגי 500גר,גרמים,500.00,100 גרם,false,,21.90,0.0438,true,1,1388630
7290000174723,false,שוקולית אבקה להכנת משקה שוקו 500 גרם,הנסיך- מפעל לייצור ט,IL,שוקולית קופסא 500 / 12 ק,גרמים,500.00,100 גרם,false,,11.90,0.0238,true,1,1390066
7290000176062,false,קפה טורקי בשקית 100 ג' עלית,שטראוס קפה בי.ויn\.,RO,טורקי עלית ר 100 גרם,גרמים,100.00,100 גרם,false,,8.90,0.0890,true,1,1390068
7290000176079,false,קפה טורקי עם הל עלית (100 גרם),הנסיך- מפעל לייצור ט,IL,עלית טורקי עם הל 00/1שק'/,גרמים,100.00,100 גרם,false,,9.60,0.0960,true,1,1390069
7290000176413,false,קפה נמס עלית פחית 50 גרם,הנסיך- מפעל לייצור ט,IL,עלית נמס אבקתי 50 ג/1פח'/,גרמים,50.00,100 גרם,false,,8.90,0.1780,true,1,1390074
7290000176420,false,קפה נמס פחית עלית 200 גרם,פיקסל אם.גי.אם בעמ,IL,כשלפ פחיות אבקתי,גרמים,200.00,100 גרם,false,,19.90,0.0995,true,1,1390075
7290000176468,false,קפה נמס נטול קפאין 50 ג' קפה האג,"שטראוס גרופ בע""מ",IL,כשלפ האג נמס אבקתי 50,גרמים,50.00,100 גרם,false,,11.90,0.2380,true,1,1390076
7290000176475,false,קפה נמס נטול קפאין האג עלית (200 גרם),שטראוס גרופ בע`מ,IL,כשלפ האג נ.אבקתי 200ג-,גרמים,200.00,100 גרם,false,,34.90,0.1745,true,1,1390077
7290000178707,false,חטיף צ`יפס בטעם טבעי תפוצ`יפס (50 גרם),"שטראוס פריטו ליי בע""\מ )",IL,תפוצ'יפס*50 בטעם טב/1שק'/,גרמים,50.00,100 גרם,false,,3.90,0.0780,true,1,1390853
7290000178721,false,חטיף צ`יפס בטעם טבעי תפוצ`יפס (200 גרם),"שטראוס פריטו ליי בע""\מ )",IL,תפוציפס*200*גר'/1שק'/200ג,גרמים,200.00,100 גרם,false,,9.90,0.0495,true,1,1390854
7290000186030,false,מגבוני האגיס תחליב דיספנסר רביעייה,קימברלי קלארק ישראל שיווק בעמ,,רביעיית מגבוני האגיס,יח',224.00,יח',false,,29.90,0.1335,true,1,2099665
7290000187860,false,מגבוני טואלט לחים לילי דיספנסר 40יח',קימברלי קלארק ישראל שיווק בעמ,IL,נ.ט לח אריזת מילוי,יח',56.00,יח',false,,7.90,0.1411,true,1,1370051
7290000188225,false,האגיס מגבונים TO GO מארז שלישיה,חוגלה,,מארז שלישיית מגבוני,יחידה,0.00,יחידה,false,,10.90,0.0000,true,1,2221403
7290000189215,false,מטלית הקסם לרצפה ניקול,חוגלה קימברלי,CN,מטלית קסם רצפה בסט,יח',1.00,יח',false,,15.90,15.9000,true,1,1370069
7290000189499,false,תבניות אפיה עגולות מקרטון ניקול 3 יחידות,קימברלי קלארק ישראל שיווק בעמ,IL,תבנית אפייה מקרטון,יח',3.00,יח',false,,9.90,3.3000,true,1,1370074
7290000191225,false,חיתולים ליטל בייביז מידה 2 האגיס 46 יחידות,קימברלי קלארק ישראל שיווק בעמ,,חיתולי האגיס שלב 2,יח',44.00,יח',false,,34.90,0.7932,true,1,1418118
7290000191645,false,"חיתולים האגיס ליטל בייביס ניו בורן שלב 1 עד 4 ק""ג",קימברלי קלארק ישראל שיווק בעמ,TR,37124 האגיס רך נו,יח',36.00,יח',false,,29.90,0.8306,true,1,1370109
7290000197081,false,ניקול ניילון נצמד 150 מטר+מתקן לחיתוך קל,קימברלי קלארק ישראל שיווק בעמ,IL,ניילונית 150 מ' חס,מטרים,150.00,מטר,false,,29.90,0.1993,true,1,1370149
7290000201856,false,חיתולי פרימיום שלב 4+ טיטולים) (38,קימברלי קלארק ישראל שיווק בעמ,,טיטולים פרימיום שלב,יח',38.00,יח',false,,39.90,1.0500,true,1,1370173
7290000201863,false,חיתולי פרימיום שלב 5 טיטולים) (34,קימברלי קלארק ישראל שיווק בעמ,,טיטולים פרימיום שלב,יח',34.00,יח',false,,39.90,1.1735,true,1,1370174
7290000204086,false,ניקול כרית קרצוף מארז שלישייה,קימברלי קלארק ישראל שיווק בעמ,US,סקוטש 1 2 רגיל,יח',3.00,יח',false,,11.90,3.9667,true,1,1370198
7290000205526,false,פיסגה נוזל ריחני לשטיפת רצפות סנו 2 ליטר,"סנו מפעלי ברונוס בע""",IL,פיסגה שטיפת רצפות 2 ליטר,ליטרים,2.00,ליטר,false,,10.90,5.4500,true,1,1365770
7290000207063,false,רסק עגבניות פריכוז 28% 240 גרם יכין,היינץ צפון אמריקה מק,IL,רסק עגבניות פריכוז 260 ג,גרמים,240.00,100 גרם,false,,4.90,0.0204,true,1,1369346
7290000207162,false,רוטב עגבניות מרכיב טבעי 100 ג' יכין,זנלכול יכין,IL,רסק עגבניות 100 ג יכין,גרמים,100.00,100 גרם,false,,1.90,0.0190,true,1,1369349
7290000208077,false,אפונת גינה גדולה יכין (550 גרם),זנלכול יכין,IL,אפונת גינה גדולה 550 ג יכ,גרמים,550.00,100 גרם,false,,7.90,0.0144,true,1,1369352
7290000208114,false,"אפונה וגזר יכין A2 פ""ק בית יוסף",זנלכול יכין,IL,אפונה וגזר 550 ג יכין,גרמים,550.00,100 גרם,false,,7.90,0.0144,true,1,1369355
7290000208138,false,סירופ דיאט בטעם ענבים יכין (1 ליטר),זנלכול יכין,IL,סירופ ענבים דיאט1ל' יכין,ליטרים,1.00,ליטר,false,,16.90,16.9000,true,1,1369357
7290000208145,false,גרעיני תירס מתוק לייט 550 גרם יכין,זנלכול יכין,IL,תירס לייט 550 ג יכין,גרמים,550.00,100 גרם,false,,8.90,0.0162,true,1,1369358
7290000208329,false,גרעיני תירס מתוק יכין (550 גרם),זנלכול יכין,IL,תירס מתוק 550 ג יכין,גרמים,550.00,100 גרם,false,,7.90,0.0144,true,1,1369367
7290000208336,false,רסק יכין 240גר 22% יכין בית יוסף,"זנלכל בע""\מ",IL,רסק עגבניות 260 ג יכין,גרמים,240.00,100 גרם,false,,3.90,0.0162,true,1,1369368
7290000208459,false,"לקט אפונה, תפוחי אדמה וגזר יכין 550 גרם",זנלכול יכין,IL,ירקות מעורבים 550 ג יכין,גרמים,550.00,100 גרם,false,,8.90,0.0162,true,1,1369372
7290000208480,false,גרעיני תירס מתוק בטעם חמאה 550 גרם יכין,זנלכול יכין,IL,תירס בטעם חמאה A/2,גרמים,550.00,100 גרם,false,,8.90,0.0162,true,1,1369373
7290000208855,false,רוטב לפסטה קלאסי יכין (240 גרם),זנלכול יכין,IL,רוטב פסטה 260 ג יכין,גרמים,240.00,100 גרם,false,,5.50,0.0229,true,1,1369376
7290000208930,false,עגבניות מרוסקות בתוספת שום 240 גרם יכין,זנלכול יכין,IL,עגבניות מרוסקות שום 260 ג,גרמים,240.00,100 גרם,false,,5.50,0.0229,true,1,1369378
7290000208947,false,עגבניות מרוסקות יכין (240 גרם),היינץ צפון אמריקה מק,IL,עגבניות מרוסקות 260 ג יכי,גרמים,240.00,100 גרם,false,,5.50,0.0229,true,1,1369379
7290000209012,false,חומץ 1ליטר יכין הדרים,"זנלכל בע""\מ",IL,חומץ הדרים 1 ליטר,ליטרים,1.00,ליטר,false,,5.90,5.9000,true,1,2222245
7290000209173,false,חומצה אצטית למזון 5% יכין 1 ליטר,זנלכול יכין,IL,חומץ סינטטי 5% יכין 1 ליט,ליטרים,1.00,ליטר,false,,4.50,4.5000,true,1,1369384
7290000209517,false,סירופ דיאט בטעם לימון יכין (1 ליטר),היינץ צפון אמריקה מק,IL,סירופ דיאט לימון 1 ליטר,ליטרים,1.00,ליטר,false,,16.90,16.9000,true,1,1369393
7290000209524,false,סירופ דיאט בטעם פטל יכין (1 ליטר),זנלכול יכין,IL,סירופ דיאט פטל 1 ל' יכין,ליטרים,1.00,ליטר,false,,16.90,16.9000,true,1,1369394
7290000209531,false,סירופ דיאט בטעם אשכוליות יכין 1 ליטר,"זנלכל בע""\מ",IL,'סירופ דיאט אשכוליות 1 ל,ליטרים,1.00,ליטר,false,,16.90,16.9000,true,1,1369395
7290000209555,false,סירופ דיאט בטעם תפוחים יכין 1 ליטר,זנלכול יכין,IL,'סירופ תפוחי עץ דיאט 1 ל,ליטרים,1.00,ליטר,false,,16.90,16.9000,true,1,1369396
7290000209579,false,סירופ דיאט בטעם אננס יכין (1 ליטר),"זנלכל בע""\מ",IL,סירופ דיאט אננס 1 ל'יכין,ליטרים,1.00,ליטר,false,,16.90,16.9000,true,1,1369398
7290000209708,false,עגבניות מרוסקות עם בזיליקום 240 גרם יכין,היינץ צפון אמריקה מק,IL,עגבניות מרוסקות בזיליקום,גרמים,240.00,100 גרם,false,,5.50,0.0229,true,1,1369400
7290000209722,false,רוטב עגבניות 28% יכין (580 גרם)פריכוז,"זנלכל בע""\מ",IL,פריכוז 580 ג יכין,גרמים,580.00,100 גרם,false,,9.90,0.0171,true,1,1369402
7290000209906,false,עגבניות מרוסקות בתוספת בצל 240 גרם יכין,זנלכול יכין,IL,עגבניות מרוסקות עם בצל 26,גרמים,240.00,100 גרם,false,,5.50,0.0229,true,1,1369403
7290000209913,false,עגבניות חתוכות לקוביות 240 גרם יכין,"זנלכל בע""\מ",IL,עגבניות קוביות 260 גרם יכ,גרמים,240.00,100 גרם,false,,5.50,0.0229,true,1,1369404
7290000209944,false,רוטב לעגבניות בסיס לשקשוקה 240 ג' יכין,"זנלכל בע""\מ",IL,בסיס לשקשוקה 260 ג יכין,גרמים,240.00,100 גרם,false,,5.50,0.0229,true,1,1369405
7290000209951,false,רוטב עגבניות לפיצה 260 גרם יכין,"זנלכל בע""\מ",IL,רוטב עגבניות לפיצה 260 ג,גרמים,240.00,100 גרם,false,,5.50,0.0229,true,1,1369406
7290000209968,false,רוטב עגבניות ללזניה 260 גרם יכין,זנלכול יכין,IL,רוטב עגבניות ללזניה 260,גרמים,240.00,100 גרם,false,,5.50,0.0229,true,1,1369407
7290000210896,false,רוטב לפסטה בולונז 240 גרם יכין,זנלכול יכין,IL,רוטב בולונז 260 ג יכין,גרמים,240.00,100 גרם,false,,5.50,0.0229,true,1,1369409
7290000211312,false,סוגת אורז מלא פרסי אחד אחד 1 קג,האי נאם סי או אל.טי.,IL,"אורז מלא 1 ק""ג",קילוגרמים,1.00,"ק""ג",false,,8.90,8.9000,true,1,1380163
7290000211374,false,"קמח חיטה מלא סוגת 1 ק""ג",טחנת קמח דגן-שטיבל,IL,"קמח מלא 1 ק""ג",קילוגרמים,1.00,"ק""ג",false,,6.90,6.9000,true,1,1380164
7290000211442,false,אורז בסגנון פרסי קלאסי סוגת (1 קג),האי נאם סי או אל.טי.,IL,"אורז פרסי 1 ק""ג",קילוגרמים,1.00,"ק""ג",false,,10.90,10.9000,true,1,1380166
7290000211503,false,סוכר לבן ארוז בשקית,"סוגת תעשיות בע""\מ",IL,"סה""כ סוכר לבן 1 ק""ג",קילוגרמים,1.00,"ק""ג",false,,3.90,3.9000,true,1,1380167
7290000211626,false,חיש אורז אחד אחד 1 קג,"סוגת תעשיות בע""\מ",IL,"אורש חיש 1 ק""ג",קילוגרמים,1.00,"ק""ג",false,,10.90,10.9000,true,1,1380168
7290000211985,false,אורז עגול ריזוטו אחד אחד 1 קג,"סוגת תעשיות בע""\מ",IL,"אורז עגול 1 ק""ג",קילוגרמים,1.00,"ק""ג",false,,7.90,7.9000,true,1,1380169
7290000218502,false,תערובת לחמין A-2 ויטה בדצ,ויטה פרי גליל (החדשה) בע`מ,IL,חמין א -2ויטה בדצ,גרמים,570.00,100 גרם,false,,8.90,0.0156,true,1,1394544
7290000226545,false,"עוגת טורט היער השחור קפולסקי 1 ק""ג",קפולסקי שיווק וקמעונ,IL,ע .טורט היער השחור,קילוגרמים,1.00,"ק""ג",false,,59.90,59.9000,true,1,1394561
7290000238029,false,"בצק עלים צרפתי מרודד מעדנות 1 ק""ג",תנובה מרכז שיתופי לשיווק תוצרת,IL,"בצק עלים מרודד 1 ק""ג מעדנ",קילוגרמים,1.00,"ק""ג",false,,19.90,19.9000,true,1,1387945
7290000238036,false,מלאווח מעדנות 6 יח`700 גרם קפוא,תנובה מרכז שיתופי לשיווק תוצרת,IL,מלאווח 700גר מעדנות,גרמים,700.00,100 גרם,false,,16.90,0.0241,true,1,1387946
7290000238173,false,.בורקס במילוי גבינה 800 גרם מעדנות,מיוצר עי קונדיטוריית,IL,בורקס גבינה מעדנות 800גר,גרמים,800.00,100 גרם,false,,22.90,0.0286,true,1,1387947
7290000238180,false,בורקס במילוי תפוא 800 גרם מעדנות,מיוצר עי קונדיטוריית,IL,"בורקס תפו""א 800 גרם מעדנו",גרמים,800.00,100 גרם,false,,19.90,0.0249,true,1,1387948
7290000240541,false,ריבועי בצק עלים מעדנות 800 גרם,תנובה מרכז שיתופי לשיווק תוצרת,IL,ריבועי בצק עלים 800גר מעד,גרמים,800.00,100 גרם,false,,22.90,0.0286,true,1,1387950
7290000244143,false,קרם הוואי לאחר גילוח+ לחות 120 מ``ל,טרופיקל דגיל קוסמטיק,IL,הוואי קרם לאחר גילוח 120,גרמים,120.00,100 גרם,false,,19.90,0.1658,true,1,1369455
7290000244631,false,ענוגה גליצרין קרם ידיים 80 מל,טרופיקל דגיל,IL,קרם ענוגה גליצרין 80 גר',מיליליטרים,80.00,"100 מ""ל",false,,7.90,0.0988,true,1,1369460
7290000244761,false,"קרם ידיים ולווטה 100 מ""ל",טרופיקל דגיל קוסמטיק,IL,"קרם ידיים ולוטה 100 מ""ל",מיליליטרים,80.00,"100 מ""ל",false,,9.90,0.1238,true,1,1369461
7290000245072,false,סוד מרכך כביסה בייבי סנסטיב 4 ליטר,גורי שיווק בעמ,IL,מרכך כביסה סוד בייבי 4 לי,ליטרים,4.00,ליטר,false,,18.90,4.7250,true,1,1409007
7290000245157,false,סוד סופט מרכך כביסה סנסיישן 4 ליטר,גורי שיווק בעמ,IL,מרכך כביסה סוד סנסיישן 4,ליטרים,4.00,ליטר,false,,18.90,4.7250,true,1,1409009
7290000245270,false,"פרסיל אבקה לכביסה רגיל שקית 1.25 ק""ג",גורי שיווק בעמ,IL,"אבקת כביסה פרסיל 1.25 ק""ג",קילוגרמים,1.25,"ק""ג",false,,15.90,12.7200,true,1,1409011
7290000245287,false,"פרסיל אבקת כביסה 1.250 ק""ג קולור ויניגר",גורי שיווק בעמ,IL,"אבקת כביסה פרסיל 1.25 ק""ג",קילוגרמים,1.25,"ק""ג",false,,15.90,12.7200,true,1,1409012
7290000245294,false,"פרסיל אבקת כביסה סופרא 2.5ק""ג",גורי שיווק בעמ,IL,אבקת כביסה פרסיל אקטיב 2.,קילוגרמים,2.50,"ק""ג",false,,28.90,11.5600,true,1,1409013
7290000245386,false,"משחה אמה 1 ק""ג לימון",עיסא ערטול בעמ-סוכן הנקל סוד,,"משחה אמה 1 ק""ג לימון",קילוגרמים,1.00,"ק""ג",false,,8.90,8.9000,true,1,1422822
7290000245478,false,"סוד - אבקת כביסה לבגדי תינוקות 1.25 ק""ג",גורי שיווק בעמ,IL,אבקת כביסה סוד בייבי 1.25,קילוגרמים,1.25,"ק""ג",false,,12.90,10.3200,true,1,1409017
7290000245508,false,"אב.כביסה סוד פרפקט 1.25ק""ג-שקית כחולה",גורי שיווק בעמ,IL,אבקת כביסה סוד שושן מרענן,קילוגרמים,1.25,"ק""ג",false,,12.90,10.3200,true,1,1409018
7290000245515,false,"א.כ סוד קומפקט ביואקטיב פרפריום 1.25 ק""ג",גורי שיווק בעמ,IL,אבקת כביסה סוד לבנדר 1.25,קילוגרמים,1.25,"ק""ג",false,,12.90,10.3200,true,1,1409019
7290000245782,false,סוד סופט מרכך כביסה ורוד 4 ליטר,גורי שיווק בעמ,IL,מרכך כביסה סוד ורוד 4 ליט,ליטרים,4.00,ליטר,false,,18.90,4.7250,true,1,1409025
7290000245799,false,סוד סופט מרכך כביסה כחול 4 ליטר,גורי שיווק בעמ,IL,מרכך כביסה סוד כחול 4 ליט,ליטרים,4.00,ליטר,false,,18.90,4.7250,true,1,1409026
7290000253220,false,שוקולדצ`יפס לאפייה 260 גר`אופנהיימר,תה ויסוצקי (ישראל) בעמ,IL,אופנ.שוקוצ'יפס פרווה 300,גרמים,260.00,100 גרם,false,,12.90,0.0496,true,1,1365163
7290000253251,false,נטיפי שוקולד צ`יפס לבן לאפיה 250 גרם,תה ויסוצקי (ישראל) בעמ,IL,אופנ.שוקוצ'יפס לבן 300 גר,גרמים,250.00,100 גרם,false,,12.90,0.0516,true,1,1365164
7290000253374,false,מיני שוקולד צ`יפס 66% מוצקי קקאו אופנהיי,תה ויסוצקי (ישראל) בעמ,,מיני שוקולד ציפס 25,גרמים,250.00,100 גרם,false,,14.90,0.0596,true,1,2315194
7290000267029,false,שקדים מולבנים חצויים השף 100 גרם,דין שיווק וקליה 2021 בעמ,,שקדים מולבנים 100 גר,גרמים,100.00,100 גרם,false,,10.90,0.1090,true,1,1374338
7290000267036,false,שקדים מולבנים משובבים השף 100 גרם,דין שיווק וקליה 2021 בעמ,,שקדים מולבנים 100 גר,גרמים,100.00,100 גרם,false,,10.90,0.1090,true,1,1374339
7290000267043,false,שקדים מולבנים פרוסים השף 100 גרם,דין שיווק וקליה 2021 בעמ,,שקדים מולבנים 100 גר,גרמים,100.00,100 גרם,false,,10.90,0.1090,true,1,1374340
7290000267050,false,שקדים טבעיים טחונים השף 100 גרם,דין שיווק וקליה 2021 בעמ,,שקדים טחונים 100 גרם,גרמים,100.00,100 גרם,false,,10.90,0.1090,true,1,1374341
7290000267104,false,שקד מולבן גרוס 100 גר` דין שיוק,דין שיווק וקליה 2021 בעמ,,שקדים מרוסקים 100 גר,גרמים,100.00,100 גרם,false,,10.90,0.1090,true,1,1374342
7290000267500,false,קליפות הדר מצופות שוקולד מריר שקדיה 200 גרם,"דין שיווק וקלייה בע""",,קליפות הדר מצופות בש,גרמים,200.00,100 גרם,false,,9.90,0.0495,true,1,1397971
7290000267548,false,אגוזי מלך טחונים השף 100 גרם,דין שיווק וקליה 2021 בעמ,,אגוז מלך גרוסים 100ג,גרמים,100.00,100 גרם,false,,9.90,0.0990,true,1,1374343
7290000267555,false,בוטנים גרוסים 100ג'שקדיה,דין שיווק וקליה 2021 בעמ,,בוטנים טבעיים גרוסים,גרמים,100.00,100 גרם,false,,4.50,0.0450,true,1,1374344
7290000272443,false,סירופ דיאט בטעם תפוזים עסיס 1 ליטר,קבוצת אוסם סחר שותפות מוגבלת,IL,עסיס סירופ דיאט בטעם תפוז,ליטרים,1.00,ליטר,false,,16.90,16.9000,true,1,1349409
7290000272467,false,עסיס פטל דיאט סירופ 1 ליטר,קבוצת אוסם סחר שותפות מוגבלת,IL,עסיס סירופ דיאט בטעם פטל,ליטרים,1.00,ליטר,false,,16.90,16.9000,true,1,1349410
7290000272696,false,מיץ לימון טבעי משומר 1 ליטר עסיס כלפ,קבוצת אוסם סחר שותפות מוגבלת,IL,עסיס מיץ לימון משומר מרכז,ליטרים,1.00,ליטר,false,,9.90,9.9000,true,1,1349411
7290000272726,false,חומץ רכיבים רכיבים טבעיים 5% עסיס 1 ליטר,קבוצת אוסם סחר שותפות מוגבלת,IL,עסיס חומץ 5% 1 ליטר,ליטרים,1.00,ליטר,false,,6.90,6.9000,true,1,1349412
7290000286228,false,ספוגיות לניקוי כללי סנו סושי 6 יחידות,החברה הדרומית לשיווק בעמ,IL,סנו סושי 6 כריות יפניות,יח',6.00,יח',false,,11.90,1.9833,true,1,1365771
7290000286297,false,"אנטי קאלק מסיר אבנית מקומקום סנו 700 מ""ל",החברה הדרומית לשיווק בעמ,IL,סנו אנטיקאלק מסיר אבן700,מיליליטרים,700.00,"100 מ""ל",false,,14.90,0.0213,true,1,1365772
7290000286488,false,ספוג פיראט כיף 1 יחידה,החב הדרומית לשיווק,IL,ספוג כיף פיראט 1 יחידה,יח',1.00,יח',false,,5.90,5.9000,true,1,1365774
7290000286501,false,ספוג כיף מסאז' 1 יחידה,החב הדרומית לשיווק,IL,ספוג כיף מסאז' 1 יחידה,יח',1.00,יח',false,,7.90,7.9000,true,1,1365776
7290000286525,false,סנו ספוג פרינה לרחצה 1 יח`,החב. הדרומית לשיווק,IL,ספוג כיף רחצה פרינה 1 יח,יח',1.00,יח',false,,7.90,7.9000,true,1,1365777
7290000286549,false,מטליות לניקוי כללי סנו סושי 9 יחידות,החברה הדרומית לשיווק בעמ,IL,'מטליות רב שימוש 9 יח,יח',9.00,יח',false,,12.90,1.4333,true,1,1365778
7290000286631,false,"אבקה לניקוי ומירוק בריח לימון סנו 600 מ""ל",החב. הדרומית לשיווק,IL,לימון שק.מילוי600ג X סנו,גרמים,600.00,100 גרם,false,,6.90,0.0115,true,1,1365781
7290000286761,false,ניילון נצמד סנו סושי פלסטיק מארז 30X2 מ',החברה הדרומית לשיווק בעמ,CN,ניילון נצמד 2*30 מטר,יח',2.00,יח',false,,11.90,5.9500,true,1,1365782
7290000286877,false,"רב מתכת מנקה מתכות סנו 300 מ""ל",החב הדרומית לשיווק,IL,"סנו רב מתכת 300 מ""ל",מיליליטרים,300.00,"100 מ""ל",false,,24.90,0.0830,true,1,1365783
7290000286891,false,שמפו לרצפה מגן קריסטל סנו (1 ליטר),החברה הדרומית לשיווק בעמ,IL,סנו מגן קריסטל לרצפות1לי,ליטרים,1.00,ליטר,false,,23.90,23.9000,true,1,1365784
7290000286907,false,"סנוקל מסיר כתמים סנו 170 מ""ל",סנו מפעלי ברונוס בעמ,IL,"סנו מסיר כתמים 170 מ""ל",גרמים,125.00,100 גרם,false,,22.90,0.1832,true,1,1365785
7290000286921,false,סנוקל רסס וכבס תרסיס אקדח 750 מ``ל,החברה הדרומית לשיווק בעמ,IL,"סנוקל רסס וכבס 750 מ""ל",מיליליטרים,750.00,"100 מ""ל",false,,19.90,0.0265,true,1,1365787
7290000286945,false,סנו רהיט נוזלי תרסיס 500 סמק+אקדח,החברה הדרומית לשיווק בעמ,IL,"סנו רהיט מרסס 500 מ""ל",מיליליטרים,500.00,"100 מ""ל",false,,22.90,0.0458,true,1,1365788
7290000287102,false,סנו שטיחים קצף לניקוי שטיחים 600 סמק,החברה הדרומית לשיווק בעמ,IL,סנו שמפו לשטיחים 540 גרם,מיליליטרים,600.00,"100 מ""ל",false,,22.90,0.0382,true,1,1365791
7290000287195,false,"סנו רהיט ספריי עשיר בווקס להברקה 305 מ""ל",החברה הדרומית לשיווק בעמ,IL,סנורהיט מבריק רהיטים305ג,מיליליטרים,300.00,"100 מ""ל",false,,14.90,0.0497,true,1,1365792
7290000287355,false,פוליש נוזל מבריק רצפות סנו 1 ליטר,החברה הדרומית לשיווק בעמ,IL,סנו סופר פוליש לרצפות 1ל,ליטרים,1.00,ליטר,false,,27.90,27.9000,true,1,1365794
7290000287409,false,"שלישיית סנובון תות לאסלה ""סנו""",החברה הדרומית לשיווק בעמ,IL,55 גרם X'סנובון תות 3יח,גרמים,165.00,100 גרם,false,,9.90,0.0600,true,1,1365796
7290000287430,false,סנובון צבעוני לאסלה בריח לימון שלישייה,החברה הדרומית לשיווק בעמ,IL,'סנובון לימון לאסלה 3 יח,גרמים,165.00,100 גרם,false,,9.90,0.0600,true,1,1365797
7290000287485,false,"שלישיית סנובון לובר לאסלה ""סנו""",החברה הדרומית לשיווק בעמ,IL,55גרם X'סנובון לובר 3יח,גרמים,165.00,100 גרם,false,,9.90,0.0600,true,1,1365798
7290000287607,false,"אקוה בלו סבון לניאגרה סנו 150 מ""ל",סנו מפעלי ברונוס בעמ,IL,סנו בלו סבון למיכל האסלה,גרמים,150.00,100 גרם,false,,19.90,0.1327,true,1,1365801
7290000287621,false,"אנטי קאלק נוזל לניקוי אסלות סנו 750 מ""ל",החברה הדרומית לשיווק בעמ,IL,סנו אנטי קאלק לאסלות750מ,מיליליטרים,750.00,"100 מ""ל",false,,11.90,0.0159,true,1,1365802
7290000288017,false,אקונומיקה בריח לימון סנו ז'אוול 1 ליטר,החברה הדרומית לשיווק בעמ,IL,סנו ג'אוול לימון 1 ליטר,ליטרים,1.00,ליטר,false,,7.90,7.9000,true,1,1365810
7290000288024,false,סנו - ז'אוול אקונומיקה בריח לימון 4 ליטר,החברה הדרומית לשיווק בעמ,IL,סנו ג'אוול לימון 4 ליטר,ליטרים,4.00,ליטר,false,,16.90,4.2250,true,1,1365811
7290000288048,false,ז`אוול מרסס לניקוי כללי לבנדר סנו (1 ליט,החברה הדרומית לשיווק בעמ,IL,סנו ג'אוול מרסס לבנדר 1ל,ליטרים,1.00,ליטר,false,,19.90,19.9000,true,1,1365813
7290000288079,false,סנו - ז'אוול אקונומיקה לימון 2 ליטר,החברה הדרומית לשיווק בעמ,IL,סנו ג'אוול לימון 2 ליטר,ליטרים,2.00,ליטר,false,,13.90,6.9500,true,1,1365814
7290000288086,false,אבקת ניקוי עם אקונומיקה בריח לימון סנו ז'אוול 600 ג',החברה הדרומית לשיווק בעמ,IL,ג'אוול אב.ניקוי לימון600,גרמים,600.00,100 גרם,false,,10.90,0.0182,true,1,1365815
7290000288109,false,"אבקת כביסה מקסימה אפקט ג''אוול 1.25 ק""ג סנו",החברה הדרומית לשיווק בעמ,IL,אבקת מקסימה ג'אבל 1.25קג,קילוגרמים,1.25,"ק""ג",false,,18.90,15.1200,true,1,1365816
7290000288253,false,"קוטל חרקים מעופפים K-400 סנו 630 מ""ל",החברה הדרומית לשיווק בעמ,IL,400 קוטל חרקים/זבוב630-K,מיליליטרים,630.00,"100 מ""ל",false,,22.90,0.0363,true,1,1365817
7290000288307,false,סנו - מט מכשיר דוחה יתושים + טבליות,קריות זול,IT,סנומט מכשיר + 30 טבליות,יח',30.00,יח',false,,24.90,0.8300,true,1,1365819
7290000288352,false,"קוטל חרקים וזוחלים K-300 סנו 630 מ""ל",החברה הדרומית לשיווק בעמ,IL,300 קוטל חרק./זוחל630מ-K,מיליליטרים,630.00,"100 מ""ל",false,,19.90,0.0316,true,1,1365820
7290000288383,false,"קוטל נמלים ותיקנים K-500 סנו 400 מ""ל",החברה הדרומית לשיווק בעמ,IL,500 תרס.נגד נמלים 400מ-K,מיליליטרים,400.00,"100 מ""ל",false,,22.90,0.0572,true,1,1365821
7290000288390,false,קוטל זבובים יתושים קיי 600 סנו (500 מל),החברה הדרומית לשיווק בעמ,IL,600 יבש קוטל חרקים500מ-K,מיליליטרים,450.00,"100 מ""ל",false,,22.90,0.0509,true,1,1365822
7290000288413,false,סנו-די דוחה יתושים כדורי סנו (50 מל),החברה הדרומית לשיווק בעמ,IL,"סנו די כדורי 50 מ""ל",גרמים,50.00,100 גרם,false,,19.90,0.3980,true,1,1365823
7290000289052,false,פוליויקס נוזל רצפות בניחוח סחלבים סנו 4 ליטר,סנו פוליויקס,IL,פוליויקס סחלבים 4 ליטר,ליטרים,4.00,ליטר,false,,42.90,10.7250,true,1,1365831
7290000289472,false,סנו סושי רב שקית שקיות אשפה90*76 50י,החברה הדרומית לשיווק בעמ,IL,50 שק.אשפה מתכלות 76*90ס,יח',50.00,יח',false,,19.90,0.3980,true,1,1365840
7290000289595,false,"אורביטול משחת שיניים לילדים בטעם תות שדה 145 מ""ל",טרופיקל דגיל תעשיות קוסמ,IL,אורביטול קיד תות 145 גרם,גרמים,145.00,100 גרם,false,,8.90,0.0614,true,1,1365843
7290000289601,false,סנו ז'אוול בריח לבנדר 2 ל',"סנו מפעלי ברונוס בע""מ",IL,סנו ג'אוול לבנדר 2 ליטר,ליטרים,2.00,ליטר,false,,13.90,6.9500,true,1,1365844
7290000289748,false,"מסיר שומנים לתנורים פורטה פלוס סנו 750 מ""ל",החברה הדרומית לשיווק בעמ,IL,"סנו פורטה פלוס 750 מ""ל",מיליליטרים,750.00,"100 מ""ל",false,,16.90,0.0225,true,1,1365846
7290000289885,false,"מטהר אוויר ענק אושנבריז סנו פרש 375 מ""ל",החברה הדרומית לשיווק בעמ,IL,סנופרש ענק אושן כחול375מ,מיליליטרים,375.00,"100 מ""ל",false,,9.90,0.0264,true,1,1365847
7290000289892,false,"סנו פרש ענק מאונטן טורקיז 375 מ""ל",החברה הדרומית לשיווק בעמ,IL,סנו פרש מאונטן טורקיז375,מיליליטרים,375.00,"100 מ""ל",false,,9.90,0.0264,true,1,1365848
7290000289915,false,"סנו פרש ענק קוקו וניל צהוב 375 מ""ל",החברה הדרומית לשיווק בעמ,IL,"סנופרש וניל מתוק 375 מ""ל",מיליליטרים,375.00,"100 מ""ל",false,,9.90,0.0264,true,1,1365849
7290000291932,false,"סנובון נוזל לניקוי אסלה בניחוח לבנדר סנו 750 מ""ל",החברה הדרומית לשיווק בעמ,IL,סנובון נוזלי לבנדר 750מל,מיליליטרים,750.00,"100 מ""ל",false,,9.90,0.0132,true,1,1365854
7290000291956,false,סנו אקונומיקה מונבלאן 1 ל,החברה הדרומית לשיווק בעמ,,ז'אוול אקונומיקה 1 ל,ליטרים,1.00,ליטר,false,,7.90,7.9000,true,1,1365855
7290000291963,false,אקונומיקה סמיכה בריח לימון סנו ז'אוול 1 ליטר,החברה הדרומית לשיווק בעמ,IL,אקונומיקה ג'אוול סמיכה1ל,ליטרים,1.00,ליטר,false,,7.90,7.9000,true,1,1365856
7290000292007,false,K3 פיתיון ג'ל קוטל תיקנים (ג'וקים) בבית ובחצר,החברה הדרומית לשיווק בעמ,,סנו -K3 פיתיון לקטיל,גרמים,10.00,100 גרם,false,,49.90,4.9900,true,1,2191873
7290000292137,false,"נוזל לניקוי וטיפול מוצרי עור סנו 500 מ""ל",החברה הדרומית לשיווק בעמ,IL,"סנו לניקוי עור 500 מ""ל",מיליליטרים,500.00,"100 מ""ל",false,,29.90,0.0598,true,1,1365857
7290000292311,false,פוליויקס נוזל רצפות בניחוח סחלבים סנו 2 ליטר,החברה הדרומית לשיווק בעמ,IL,פוליויקס סחלבים 2 ליטר,ליטרים,2.00,ליטר,false,,24.90,12.4500,true,1,1365859
7290000292434,false,"נוזל להברקת רהיטים מילוי סנו 500 מ""ל",סנו,IL,שקית מילוי סנו רהיט 500מ,מיליליטרים,500.00,"100 מ""ל",false,,12.90,0.0258,true,1,1365860
7290000292533,false,סנו גל לניקוי כללי על בסיס שמן אורנים 1ל,החברה הדרומית לשיווק בעמ,,ג'ל לניקוי כללי אורנ,ליטרים,1.00,ליטר,false,,16.90,16.9000,true,1,1365862
7290000292557,false,סנומט מלוי נוזלי דוחה יתושים 45 לילות,החברה הדרומית לשיווק בעמ,IT,סנומט נוזלי45לילות-מילוי,מיליליטרים,35.00,"100 מ""ל",false,,19.90,0.5686,true,1,1365864
7290000292564,false,סנו K-2000 תרסיס מיקרו קפסולרי ללא ריח 750 מ”ל,החברה הדרומית לשיווק בעמ,IL,"2000 אינסקטל 750 מ""ל-K",מיליליטרים,750.00,"100 מ""ל",false,,29.90,0.0399,true,1,1365865
7290000292687,false,סנובון מוצק לניקוי אסלה קלאסיק כחול סנו 3 יחידות,החברה הדרומית לשיווק בעמ,IL,55גX3 סנובון כחול שלישיה,גרמים,165.00,100 גרם,false,,19.90,0.1206,true,1,1365868
7290000292915,false,רסס ונגב לניקוי כללי תרסיס סנו (750 מל),החברה הדרומית לשיווק בעמ,IL,"סנו רסס ונגב מרסס 750מ""ל",מיליליטרים,750.00,"100 מ""ל",false,,19.90,0.0265,true,1,1365870
7290000292939,false,אקווה בלו למיכל אסלה100ג,סנו מפעלי ברונוס בעמ,IL,אקווה בלו למיכל אסלה100ג,גרמים,100.00,100 גרם,false,,12.90,0.1290,true,1,1365871
7290000293516,false,סנו סופג לחות ומונע עובש 340 מ``ל,החברה הדרומית לשיווק בעמ,IL,סנו סופג לחות במיכל 340ג,יח',1.00,יח',false,,27.90,27.9000,true,1,1365873
7290000293530,false,שקית מילוי לסנו סופג לחות ומונע עובש,החברה הדרומית לשיווק בעמ,IL,סנו סופג לחות ש.מילוי340,מיליליטרים,340.00,"100 מ""ל",false,,14.90,0.0438,true,1,1365874
7290000293561,false,"תרסיס להסרת כתמי עובש עם אקונומיקה סנו 750 מ""ל",החברה הדרומית לשיווק בעמ,IL,"סנו מסיר עובש 750 מ""ל",מיליליטרים,750.00,"100 מ""ל",false,,19.90,0.0265,true,1,1365875
7290000293820,false,"קרמה מן שמפו וג'ל גל רחצה אקטיב בלוק 700מ""ל",החברה הדרומית לשיווק בעמ,,קרמה מן ג'ל רחצה אקט,מיליליטרים,700.00,"100 מ""ל",false,,18.90,0.0270,true,1,1949264
7290000293837,false,"קרמה מן דאודורנט ג'ל אנטיפרספירנט 70 מ""ל",קוסמופארם בעמ,,דאודורנט ג'ל קרמה מן,מיליליטרים,70.00,"100 מ""ל",false,,14.90,0.2129,true,1,1949265
7290000293943,false,"מרסס לבן מסיר אבנית 1 ליטר אנטי קאלק ""סנו""",החברה הדרומית לשיווק בעמ,IL,'סנו אנטי קאלק מרסס 1 ל,ליטרים,1.00,ליטר,false,,18.90,18.9000,true,1,1365877
7290000294391,false,נוזל לניקוי כללי בניחוח סחלבים סנו ג'ט 4 ליטר,החברה הדרומית לשיווק בעמ,IL,סנו ג'ט נ.כללי שחלבים 4ל,ליטרים,4.00,ליטר,false,,22.90,5.7250,true,1,1365878
7290000294575,false,סנו סושי רב מגבת 63 דפים בגליל,החברה הדרומית לשיווק בעמ,IL,רב מגבת סנו סושי 63 דפים,יח',63.00,יח',false,,12.90,0.2048,true,1,1365882
7290000294773,false,אקונומיקה בריח לבנדר סנו ז'אוול 4 ליטר,החברה הדרומית לשיווק בעמ,IL,סנו ג'אוול לבנדר 4 ליטר,ליטרים,4.00,ליטר,false,,16.90,4.2250,true,1,1365883
7290000294780,false,אקונומיקה סמיכה בריח לימון סנו ז'אוול 4 ליטר,החברה הדרומית לשיווק בעמ,IL,סנו ג'אול אקונומ.סמיכה4ל,ליטרים,4.00,ליטר,false,,16.90,4.2250,true,1,1365884
7290000295121,false,מטליות זיגזג סנו סושי לניקוי רצפות 3יח',החברה הדרומית לשיווק בעמ,IL,מטליות זיגזג 3 יחידות,יח',3.00,יח',false,,13.90,4.6333,true,1,1365886
7290000295299,false,סנו סושי כריות הפלא רב תכלתיות רביעייה,החברה הדרומית לשיווק בעמ,IL,כריות הפלא 4 יח סנו סושי,יח',4.00,יח',false,,12.90,3.2250,true,1,1365887
7290000295336,false,סנו מקסימה אבקת כביסה סנסטיב מילוי1.25,החברה הדרומית לשיווק בעמ,IL,אבקת מקסימה סנסטיב 1.25ק,קילוגרמים,1.25,"ק""ג",false,,18.90,15.1200,true,1,1365889
7290000295367,false,"מקסימה אבקת כביסה אפקט ז'אוול סנו 2.5 ק""ג",החברה הדרומית לשיווק בעמ,IL,אבקת מקסימה ג'אוול 2.5קג,קילוגרמים,2.50,"ק""ג",false,,22.90,9.1600,true,1,1365891
7290000295404,false,שקיות אשפה עם שרוך 54 * 65 סנו סושי 60 יחידות,החברה הדרומית לשיווק בעמ,IL,שקיות אשפה 60יחידות,יח',60.00,יח',false,,22.90,0.3817,true,1,1365892
7290000295503,false,זוג שקיות מזון טבע 19*25 סנו סושי 150 יחידות,החברה הדרומית לשיווק בעמ,IL,שקיות אוכל 2*150 יחידות,יח',300.00,יח',false,,14.90,0.0497,true,1,1365894
7290000295558,false,"רדיד אלומיניום רוחב 30 ס""מ סנו סושי 2 יח' 7.5 מטר",החברה הדרומית לשיווק בעמ,TR,2רדידי אלומיניום7.5*0.3מ,מטרים,15.00,מטר,false,,11.90,0.7933,true,1,1365896
7290000295565,false,"רדיד אלומיניום רוחב 45 ס""מ סנו 2 יח' 7.5 מטר",החברה הדרומית לשיווק בעמ,TR,7.5Xצמד רדיד אלומניום45ס,מטרים,15.00,מטר,false,,16.90,1.1267,true,1,1365897
7290000295794,false,ספוגיות מתכת אל חלד לניקוי סנו 3 יחידות,החברה הדרומית לשיווק בעמ,,ספוגית מתכת רב שימוש,יח',3.00,יח',false,,9.90,3.3000,true,1,1365901
7290000295817,false,סנו סושי ניילון נצמד 300 מ',סנו,CN,ניילון נצמד סנו סושי300מ,מטרים,300.00,מטר,false,,39.90,0.1330,true,1,1365902
7290000299877,false,קרם טיפולי לכף הרגל מעושר באלוורה,,,קרם לכפות רגליים,מיליליטרים,90.00,"100 מ""ל",false,,22.90,0.2544,true,1,1399499
7290000300900,false,שניצל תירס מרכיבים טבעיים טבעול 750 גרם,קבוצת אוסם סחר שותפות מוגבלת,IL,טבעול שניצל תירס מרכיבים,גרמים,750.00,100 גרם,false,,29.90,0.0399,true,1,1349419
7290000303581,false,פול מצרי פרי הגליל 560 גרם,ויטה -פרי גליל (החדשה) בעמ,IL,פול מצרי א -2פג,גרמים,560.00,100 גרם,false,,6.50,0.0116,true,1,1394568
7290000303598,false,שעועית לבנה ברוטב עגבניות פרי הגליל 570 גרם,ויטה -פרי גליל (החדשה) בעמ,IL,שע .ברוטב א -2אגודה,גרמים,580.00,100 גרם,false,,6.50,0.0112,true,1,1394569
7290000303604,false,חומוס גרגירים 560 ג' פרי הגליל,ויטה- פרי גליל (החדשה) בעמ,IL,חומוס א -2אגודה פג,גרמים,550.00,100 גרם,false,,6.50,0.0118,true,1,1394570
7290000305882,false,אס הרינג עם ירקות ברוטב עגבניות 120 גרם,דיפלומט מפיצים (1968) בעמ**,,סלט דגים אס 120 גרם,גרמים,120.00,100 גרם,false,,5.90,0.0492,true,1,1350807
7290000307015,false,אפונת גינה בינונית פרי הגליל 550 גרם,ויטה פרי גליל (החדשה) בע`מ,IL,אפונה א -2פג,גרמים,550.00,100 גרם,false,,6.90,0.0125,true,1,1394571
7290000307046,false,אפונת גינה וגזר פרי הגליל 550 גרם,ויטה -פרי גליל (החדשה) בעמ,IL,אפונה וגזר א -2פג,גרמים,550.00,100 גרם,false,,6.90,0.0125,true,1,1394572
7290000307220,false,גרעיני תירס מתוק בואקום פרי הגליל 285 גרם,ויטה- פרי גליל (החדשה) בעמ,IL,תירס 12אונק פג,גרמים,340.00,100 גרם,false,,4.90,0.0144,true,1,1394573
7290000307237,false,גרעיני תירס מתוק פרי הגליל 550 גרם,ויטה פרי גליל (החדשה) בע`מ,IL,תירס א -2פג,גרמים,550.00,100 גרם,false,,6.90,0.0125,true,1,1394574
7290000307343,false,שעועית ירוקה חתוכה פרי הגליל 550 גרם,ויטה פרי גליל (החדשה) בע`מ,IL,שע ירוקה א -2פג,גרמים,550.00,100 גרם,false,,6.90,0.0125,true,1,1394579
7290000307800,false,פול ירוק מוקפא פרי גליל 800ג',ויטה -פרי גליל (החדשה) בעמ,IL,פול 800פג,גרמים,800.00,100 גרם,false,,19.90,0.0249,true,1,1394580
7290000307985,false,גרעיני תירס מתוק ללא למלח 325 גרם פרי הגליל,ויטה פרי גליל (החדשה) בע`מ,IL,תירס 12אונק ל מלח פג,גרמים,340.00,100 גרם,false,,4.90,0.0144,true,1,1394581
7290000308951,false,רביולי גבינה אחלה 40,שטראוס,IL,רביולי גבינה 400 חדש,גרמים,400.00,100 גרם,false,,18.90,0.0472,true,1,1389366
7290000311203,false,"וופלים בטעם שוקולד ""מן"" 200 גרם",רוקחמן בעמ מפעל לייצור ופלים ו,IL,ופלים 200 גר' שוקו,גרמים,200.00,100 גרם,false,,4.30,0.0215,true,1,1383896
7290000311210,false,"וופלים בטעם לימון ""מן"" 200 גרם",רוקחמן בעמ מפעל לייצור ופלים ו,IL,ופלים 200 גר' לימון,גרמים,200.00,100 גרם,false,,4.30,0.0215,true,1,1383897
7290000311227,false,"וופלים במילוי קרם קפה ""מן"" 200 גרם",ח.כהן סוכנות מזון ומשקאות בע,IL,ופלים 200 גר' קפה,גרמים,200.00,100 גרם,false,,4.30,0.0215,true,1,1383898
7290000311234,false,וופל מן בטעם וניל 200 גרם,ח.כהן סוכנות מזון ומשקאות בע,IL,ופלים 200 גר' וניל,גרמים,200.00,100 גרם,false,,4.30,0.0215,true,1,1383899
7290000311272,false,מן-וופלים במילוי חלווה 180 ג,מ.ד אטיאס סוכנויות מזון בע`מ,IL,ופל חלבה 180 גר',גרמים,180.00,100 גרם,false,,4.30,0.0239,true,1,1383901
7290000311432,false,עוגיות גרנולה קינמון ללא תוספת סוכר 200ג,"רוקחמן בע""מ",,עוגיות גרנולה בטעם ק,גרמים,200.00,100 גרם,false,,8.90,0.0445,true,1,2312658
7290000311463,false,מן עוגיות חיטה מלאה חמאה ללא סוכר 200 גרם,"רוקחמן בע""מ",,עוגיות חיטה בטעם חמא,גרמים,200.00,100 גרם,false,,8.90,0.0445,true,1,2300560
7290000311845,false,מן עוגיות חיטה מלאה ללא תוספת סוכר 200 ג,רוקחמן בעמ מפעל לייצור ופלים ו,,עוגיות חיטה מלאה ללא,גרמים,200.00,100 גרם,false,,8.90,0.0445,true,1,1421510
7290000311869,false,מן וופלים שוקולד ללא תוספת סוכר 180 גר,רוקחמן בעמ מפעל לייצור ופלים ו,,וופלים ללא תוספת סוכ,גרמים,180.00,100 גרם,false,,7.90,0.0439,true,1,1421511
7290000311876,false,מן-וופלים בטעם וניל ללא תוספת סוכר 180ג,"רוקחמן בע""מ",,וופלים ללא תוספת סוכ,גרמים,180.00,100 גרם,false,,7.90,0.0439,true,1,1421512
7290000311890,false,מן וופל לימון ללא סוכר 180 גר-חדש,"רוקחמן בע""מ",,וופלים ללא תוספת סוכ,גרמים,180.00,100 גרם,false,,7.90,0.0439,true,1,2277920
7290000313160,false,זהבה ושלושת הדובים עוגיות בטעם שוקולד אסם 350 גרם,קבוצת אוסם סחר שותפות מוגבלת,IL,אסם עוגיות שוקולד זהבה וש,גרמים,250.00,100 גרם,false,,7.90,0.0316,true,1,1349425
7290000313184,false,עוגיות חברים גן חיות וניל אסם 250 גר',קבוצת אוסם סחר שותפות מוגבלת,IL,אסם עוגיות גן חיות וניל 2,גרמים,250.00,100 גרם,false,,7.90,0.0316,true,1,1349426
7290000313290,false,אסם נודלס נודלס איטריות מסולסלות 200גר,קבוצת אוסם סחר שותפות מוגבלת,TH,אסם נודלס אטריות מסולסלות,גרמים,200.00,100 גרם,false,,9.90,0.0495,true,1,1349428
7290000315126,false,קנור ציר עוף משחתי 300 ג,יוניליוור ישראל שיווק בע`מ,IL,קנור בויון עוף 300 גרם,גרמים,300.00,100 גרם,false,,24.90,0.0830,true,1,1388635
7290000315133,false,קנור ציר בקר משחתי 300ג,יוניליוור ישראל שיווק בע`מ,IL,קנור בויון בקר 300 גרם,גרמים,300.00,100 גרם,false,,24.90,0.0830,true,1,1388636
7290000318127,false,נקניקיות ביס יחיעם (380 גרם),מעדני יחיעם (1993) בעמ,IL,נק' ביס 380גרם,גרמים,380.00,100 גרם,false,,9.90,0.0261,true,1,1390745
7290000318165,false,פסטרמה אמיתית צלויה על גחלים מעדניה,מעדני יחיעם ( 1993 ) בע`מ,IL,פסט.אמיתית צלויה על גחלים,קילוגרמים,1.00,"ק""ג",true,,85.00,85.0000,true,1,1390746
7290000318479,false,נקניק פרושוטו בקר יחיעם 100 גרם,מעדני יחיעם ( 1993 ) בע`מ,IL,פרושוטו בקר 100גרם,גרמים,100.00,100 גרם,false,,24.90,0.2490,true,1,1390755
7290000318493,false,כתף בקר מפולפל{מפולפל},מעדני יחיעם 1993 בעמ,IL,כתף בקר מפולפל ק'ג,קילוגרמים,1.00,"ק""ג",true,,139.00,139.0000,true,1,1390756
7290000318677,false,נקניק סלמי סרוולט יחיעם 150 גרם,מעדני יחיעם (1993) בעמ,IL,סרוולד 150,גרמים,150.00,100 גרם,false,,22.90,0.1527,true,1,1390760
7290000318707,false,נקניק סלמי מעושן יחיעם 500 גרם,מעדני יחיעם ( 1993 ) בע`מ,IL,סלמי מעושן 500גרם,גרמים,500.00,100 גרם,false,,29.90,0.0598,true,1,1390762
7290000318837,false,קורנדביףבקר מעדנ.יחי,מעדני יחיעם (1993) בעמ,IL,קורנביף ק'ג,קילוגרמים,1.00,"ק""ג",true,,150.00,150.0000,true,1,1390767
7290000318882,false,"מעושן איטלקי ק""ג{יחיעם}",מעדני יחיעם (1993) בעמ,IL,מעושן איטלקי .. ק'ג,קילוגרמים,1.00,"ק""ג",true,,80.00,80.0000,true,1,1390768
7290000318943,false,פסטרמה של פעם מעושן 1.5% יחיעם 200 גרם,מעדני יחיעם ( 1993 ) בע`מ,IL,פסטרמה של פעם 200,גרמים,200.00,100 גרם,false,,19.90,0.0995,true,1,1390771
7290000319339,false,סלמי פרח יחיעם,מעדני יחיעם (1993) בעמ,IL,סלמי פרח למעדניה,קילוגרמים,1.00,"ק""ג",true,,89.00,89.0000,true,1,1390781
7290000319520,false,נקניק סלמי צרפתי יחיעם 100 גרם,מעדני יחיעם (1993) בעמ,IL,צרפתי 100גרם- H,גרמים,100.00,100 גרם,false,,16.90,0.1690,true,1,1390789
7290000319704,false,כתף בקר מעושן יחיעם מעדניה,מעדני יחיעם ( 1993 ) בע`מ,IL,כתף בקר מעושן ק'ג,קילוגרמים,1.00,"ק""ג",true,,139.00,139.0000,true,1,1390797
7290000319728,false,נקניק איטלקי מפולפל מעדניה,מעדני יחיעם ( 1993 ) בע`מ,IL,איטלקי מפולפל . ק'ג,קילוגרמים,1.00,"ק""ג",true,,80.00,80.0000,true,1,1390798
7290000319803,false,קבנוס קלאסי יחיעם (125 גרם),מעדני יחיעם ( 1993 ) בע`מ,,קבנוס קלאסי 125 גרם,גרמים,125.00,100 גרם,false,,12.90,0.1032,true,1,1390800
7290000319834,false,קבנוס פפרוני יחיעם (125 גרם),מעדני יחיעם ( 1993 ) בע`מ,,קבנוס פפרוני 125 גרם,גרמים,125.00,100 גרם,false,,12.90,0.1032,true,1,1390801
7290000334745,false,"ציפס אמריקאי דקדק תפוגן 1.5 ק""ג",קבוצת אוסם סחר שותפות מוגבלת,IL,תפוגן צ'יפס אמריקאי דק 1.,קילוגרמים,1.50,"ק""ג",false,,22.90,15.2667,true,1,1349437
7290000336282,false,"פריגת סיידר צלול 330 מ""ל בקבוק",טמפו משקאות בעמ,,"סיידר צלול 330 מ""ל",מיליליטרים,330.00,"100 מ""ל",false,,7.50,0.0227,true,1,1370573
7290000339191,false,רן אבקת הלבנה לכביסה 350 גרם,יוניליוור ישראל שיווק בע`מ,IL,בדין אבקה מסוג אבקה רגילה,גרמים,350.00,100 גרם,false,,15.90,0.0454,true,1,1388669
7290000341071,false,בדין - מרכך כביסה בייבי לבן 2 ליטר,"יוניליוור ישראל שיווק בע""מ",IL,Badin Std Liquid Baby 2L,ליטרים,2.00,ליטר,false,,18.90,9.4500,true,1,1388675
7290000342856,false,מרכך כביסה כחול בדין (4 ליטר),"יוניליוור ישראל שיווק בע""מ",IL,Badin Std Liquid Blue 4L,ליטרים,4.00,ליטר,false,,19.90,4.9750,true,1,1388677
7290000345048,false,תה עלים 74 פחית 125 גרם,תה ויסוצקי (ישראל) בעמ,IL,תה 74,גרמים,125.00,100 גרם,false,,11.90,0.0952,true,1,1386703
7290000345055,false,תה עלים ארל גריי ויסוצקי 100 גרם,תה ויסוצקי (ישראל) בעמ,IL,ארל גריי,גרמים,100.00,100 גרם,false,,12.90,0.1290,true,1,1386704
7290000345116,false,תה ירוק עלים ויסוצקי (125 גרם),תה ויסוצקי (ישראל) בעמ,IL,תה ירוק,גרמים,125.00,100 גרם,false,,12.90,0.1032,true,1,1386705
7290000345208,false,תה כחול קלאסיק ויסוצקי 25 יחידות,תה ויסוצקי (ישראל) בעמ,IL,תה ויסוצקי קלאסי 25/1,גרמים,25.00,100 גרם,false,,5.90,0.2360,true,1,1386707
7290000345215,false,תה כחול קלאסיק ויסוצקי 100 יחידות,תה ויסוצקי (ישראל) בעמ,IL,תה ויסוצקי קלאסי 100/1,גרמים,100.00,100 גרם,false,,19.90,0.1990,true,1,1386708
7290000345260,false,תה קלאסיק מעטפות ויסוצקי 25 יחידות,תה ויסוצקי (ישראל) בעמ,IL,תה ויסוצקי קלאסי 25/1.5,גרמים,37.50,100 גרם,false,,5.90,0.1573,true,1,1386709
7290000345277,false,תה קלאסיק מעטפות ויסוצקי 50 יחידות,תה ויסוצקי (ישראל)בעמ,IL,תה ויסוצקי קלאסי 50/1.5,גרמים,75.00,100 גרם,false,,11.90,0.1587,true,1,1386710
7290000345284,false,תה ויסוצקי קלאסי אריזה ירוקה מרובעת (100 שקיקים),תה ויסוצקי (ישראל) בעמ,IL,תה ויסוצקי קלאסי 100/1.5,גרמים,150.00,100 גרם,false,,19.90,0.1327,true,1,1386711
7290000345291,false,תה ארל גרי 1.5/ 25 שקיקים ויסוצקי,תה ויסוצקי (ישראל) בעמ,IL,ארל גריי 25,גרמים,37.50,100 גרם,false,,13.90,0.3707,true,1,1386712
7290000345307,false,תה ארל גרי 1.5/ 50 שקיקים ויסוצקי,תה ויסוצקי (ישראל) בעמ,IL,ארל גריי 50,גרמים,75.00,100 גרם,false,,24.90,0.3320,true,1,1386713
7290000345536,false,תה נענע 1.5/ 25 שקיקים ויסוצקי,תה ויסוצקי (ישראל) בעמ,IL,תה נענע,גרמים,42.50,100 גרם,false,,15.90,0.3741,true,1,1386714
7290000346021,false,חליטת קמומיל הגן הקסום ויסוצקי 50 יחידות,תה ויסוצקי (ישראל) בעמ,IL,חליטת קמומיל 50,גרמים,75.00,100 גרם,false,,29.90,0.3987,true,1,1386719
7290000346120,false,חליטת קינמון הגן הקסום ויסוצקי 25 יחידות,תה ויסוצקי (ישראל) בעמ,IL,חליטת קסם הקינמון,גרמים,62.50,100 גרם,false,,16.90,0.2704,true,1,1386720
7290000346137,false,חליטת הילולי פירות הגן הקסום ויסוצקי 25 יחידות,תה ויסוצקי (ישראל) בעמ,IL,חליטת הילולי פירות,גרמים,62.50,100 גרם,false,,16.90,0.2704,true,1,1386721
7290000346144,false,הגן הקסום תה עינוגי התפוח ויסוצקי 25 יחידות,תה ויסוצקי (ישראל) בעמ,IL,חליטת עינוגי תפוח,גרמים,67.50,100 גרם,false,,16.90,0.2504,true,1,1386722
7290000346168,false,חליטת שומר הגן הקסום ויסוצקי 25 יחידות,תה ויסוצקי (ישראל) בעמ,IL,חליטת שומר,גרמים,37.50,100 גרם,false,,16.90,0.4507,true,1,1386724
7290000346199,false,חליטת פירות יער הגן הקסום ויסוצקי 25 יחידות,תה ויסוצקי (ישראל) בעמ,IL,חליטת פירות יער,גרמים,67.50,100 גרם,false,,16.90,0.2504,true,1,1386725
7290000346205,false,חליטת קמומיל הגן הקסום ויסוצקי 25 יחידות,תה ויסוצקי (ישראל) בעמ,IL,חליטת קמומיל,גרמים,37.50,100 גרם,false,,16.90,0.4507,true,1,1386726
7290000346212,false,חליטת מנטה הגן הקסום ויסוצקי 25 יחידות,תה ויסוצקי (ישראל) בעמ,IL,חליטת מנטה,גרמים,50.00,100 גרם,false,,16.90,0.3380,true,1,1386727
7290000346229,false,הגן הקסום תה ורד הבר והיביסקוס ויסוצקי 25 יחידות,תה ויסוצקי (ישראל) בעמ,IL,חליטת ורד הבר והיביסקוס,גרמים,75.00,100 גרם,false,,16.90,0.2253,true,1,1386728
7290000346236,false,חליטת לואיזה וורבנה הגן הקסום ויסוצקי 25 יחידות,תה ויסוצקי (ישראל) בעמ,IL,חליטת לואיזה,גרמים,50.00,100 גרם,false,,16.90,0.3380,true,1,1386729
7290000346960,false,תה ויסוצקי נענע 1.7 גרם 50יח',תה ויסוצקי (ישראל) בעמ,IL,תה נענע,גרמים,85.00,100 גרם,false,,27.90,0.3282,true,1,1386731
7290000347738,false,תה ירוק בתוספת עלי נענע 25 שקיקים,תה ויסוצקי (ישראל) בעמ,IL,תה ירוק נענע,גרמים,37.50,100 גרם,false,,22.90,0.6107,true,1,1386734
7290000347752,false,תה ירוק לימונית ולואיזה 25 שקיקים *1.5 ג'' ויסוצקי,תה ויסוצקי (ישראל) בעמ,IL,תה ירוק לימונית ולואיזה,גרמים,37.50,100 גרם,false,,22.90,0.6107,true,1,1386736
7290000355382,false,עגבניות מרוסקות בזיליקום טל 800 גרם,ויטה- פרי גליל (החדשה) בעמ,IL,עגב.מרוסקות בזיל. א- 2.5ט,גרמים,800.00,100 גרם,false,,6.90,0.0086,true,1,1394586
7290000355405,false,עגבניות מרוסקות עם בצל טל 800 גרם,ויטה- פרי גליל (החדשה) בעמ,IL,עגב.מרוסקות בצל א- 2.5טל,גרמים,800.00,100 גרם,false,,6.90,0.0086,true,1,1394588
7290000355412,false,עגבניות מרוסקות A2.5 ושום טל וטרי 800 גר',ויטה- פרי גליל (החדשה) בעמ,IL,עגב.מרוסקות שום א- 2.5טל,גרמים,800.00,100 גרם,false,,6.90,0.0086,true,1,1394589
7290000355481,false,רסק עגבניות BX22 טומטו 600ג' A2,ויטה- פרי גליל (החדשה) בעמ,IL,רוטב עגב. א- BX22 2טומטו,גרמים,570.00,100 גרם,false,,4.90,0.0086,true,1,1394590
7290000355498,false,רוטב עגבניות A2 BX28 טומטו 580ג',ויטה- פרי גליל (החדשה) בעמ,IL,רוטב עגב. א- BX28 2טומטו,גרמים,580.00,100 גרם,false,,5.90,0.0102,true,1,1394591
7290000355757,false,עגבניות מרוסקות טריות טל 800 גרם,ויטה -פרי גליל (החדשה) בעמ,IL,עגב.מרוסקות א- 2.5טל,גרמים,800.00,100 גרם,false,,6.90,0.0086,true,1,1394596
7290000363011,false,סלמי קוניאק מובחר טירת צבי במשקל,הנסיך- מפעל לייצור ט,IL,סלמי קוניאק במשקל טירת צב,קילוגרמים,1.00,"ק""ג",true,,80.00,80.0000,true,1,1387956
7290000363363,false,קבנוס נקניק מעושן יבש 160 גרם,תנובה מרכז שיתופי לשיווק תוצרת,IL,קבנוס מיוחד 160 גרם טירת,גרמים,160.00,100 גרם,false,,12.90,0.0806,true,1,1387960
7290000363462,false,סלמי איטלקי מעושן ט.צבי,תנובה בשר,IL,סלמי איטלקי מעושן במשקל,קילוגרמים,1.00,"ק""ג",true,,80.00,80.0000,true,1,1387962
7290000363486,false,נקניק תה טירת צבי מע,תנובה בשר,IL,נקניק תה במשקל טירת צבי,קילוגרמים,1.00,"ק""ג",true,,60.00,60.0000,true,1,1387963
7290000363899,false,נקניקיות פיקנטיות טירת צבי 400 גרם,תנובה ענף ב.ע.ד,IL,נקניקיות פיקנטיות 400 גרם,גרמים,400.00,100 גרם,false,,10.90,0.0273,true,1,1387964
7290000364278,false,דקניקים סלסולי סלמי איטלקי משובח טירת צבי 120 גרם,תנובה מרכז שיתופי לשיווק תוצרת,IL,סלסולי סלמי איטלקי משובח,גרמים,120.00,100 גרם,false,,12.90,0.1075,true,1,1387968
7290000364292,false,דקניקים סלסולי פסטרמה הודו על גחלים 1% טירת צבי 120 גרם,תנובה מרכז שיתופי לשיווק תוצרת,IL,סלסולי גחלים 120גר' טירת,גרמים,120.00,100 גרם,false,,12.90,0.1075,true,1,1387970
7290000364759,false,נקניקיות וינר קרנץ טירת צבי 500 ג',הנסיך- מפעל לייצור ט,IL,נקנ' וינר קרנץ 500 גר',גרמים,500.00,100 גרם,false,,18.90,0.0378,true,1,1387973
7290000364803,false,נקניקיות בקר אמריקאיות טירת צבי 500 גרם,הנסיך- מפעל לייצור ט,IL,נקניקיות בקר בסגנון אמרי,גרמים,500.00,100 גרם,false,,24.90,0.0498,true,1,1387975
7290000364858,false,"נקניקיות עוף טרי טירת צבי 1 ק""ג",הנסיך- מפעל לייצור ט,IL,טירת צבי נקניקיות עוף טרי,קילוגרמים,1.00,"ק""ג",false,,32.90,32.9000,true,1,1387977
7290000364872,false,נקניקיות עוף טירת צבי (400 גרם),טיב טירת צבי 2000,IL,נקניקיות עוף 400 גרם טירת,גרמים,400.00,100 גרם,false,,14.90,0.0373,true,1,1387978
7290000364957,false,נקניקיות עוף מיני מיני טירת צבי 700 גרם,הנסיך- מפעל לייצור ט,IL,נקניקיות מיני מיני עוף 70,גרמים,700.00,100 גרם,false,,24.90,0.0356,true,1,1387979
7290000365046,false,פסטרמה כתף בקר מעושן,טירת- צבי,IL,"כתף מעושן ק""ג",קילוגרמים,1.00,"ק""ג",true,,110.00,110.0000,true,1,1387980
7290000365107,false,כתף בקר מפולפל{טירת צבי},תנובה קפואים,IL,כתף מפולפל במשקל טירת צבי,קילוגרמים,1.00,"ק""ג",true,,110.00,110.0000,true,1,1387982
7290000365398,false,חזה הודו בדבשטירת צבי,תנובה בשר,IL,חזה הודו בדבש במשקל טירת,קילוגרמים,1.00,"ק""ג",true,,85.00,85.0000,true,1,1387985
7290000365756,false,פסטרמה על גחלים ד.ש משקל,תנובה קפואים,IL,פסטרמה גחלים דלת שומן טיר,קילוגרמים,1.00,"ק""ג",true,,85.00,85.0000,true,1,1387987
7290000365909,false,פסטרמה הודו מעושנתטירת צבי,טירת- צבי,IL,פסטרמה הודו מעושנת במשקל,קילוגרמים,1.00,"ק""ג",true,,85.00,85.0000,true,1,1387990
7290000365954,false,פסטרמה גחלים טירת צבי,תנובה בשר,IL,פסטרמה גחלים במשקל טירת צ,קילוגרמים,1.00,"ק""ג",true,,85.00,85.0000,true,1,1387991
7290000367590,false,פסטרמה כפרית וסלמי פריזר כפרי טירת צבי 2*400 גרם,תנובה מרכז שיתופי לשיווק תוצרת,IL,צמד כפרי 800 גרם טירת צבי,גרמים,800.00,100 גרם,false,,34.90,0.0436,true,1,1387993
7290000369037,false,סלט קוביות בולגרית גבינות ניצן 200 גרם,גבינות אמיר ניצן בעמ,,סלט קוביות בולגרית 2,גרמים,200.00,100 גרם,false,,14.90,0.0745,true,1,2214322
7290000369341,false,לבנה אבו גוש ירוק15%משקל,גבינות אמיר ניצן בעמ,,לבנה אבו גוש,קילוגרמים,1.00,"ק""ג",true,,50.00,50.0000,true,1,2223877
7290000369365,false,מעדן גבינה בולגרית עם חציל 9% ניצן 200 גרם,גבינות אמיר ניצן בעמ,,מעדן חציל וגבינה בול,גרמים,200.00,100 גרם,false,,12.90,0.0645,true,1,2214302
7290000369617,false,מעדן כדורי פטה בשמן מתובל ניצן 230 גרם,גבינות אמיר ניצן בעמ,,כדורי פטה 150 גרם,גרמים,150.00,100 גרם,false,,16.90,0.1127,true,1,2214323
7290000369709,false,חמאה עירונית בתוספת ריחן ושום טרי גבינות ניצן 100 גרם,גבינות אמיר ניצן בעמ,,ממרח חמאה 100 גרם,גרמים,100.00,100 גרם,false,,12.90,0.1290,true,1,2214303
7290000377209,false,בוטנים מטוגנים קליית גת (200 גרם),ליימן שליסל בעמ,,בוטן מטוגן בשקית,גרמים,200.00,100 גרם,false,,7.90,0.0395,true,1,1373074
7290000377452,false,גרעיני אבטיח קלויים ומלוחים קלית גת 200,הדקלאים אגודת שיתופי,,גרעיני אבטיח,גרמים,200.00,100 גרם,false,,13.90,0.0695,true,1,1373076
7290000408316,false,יוגורט דנונה דל לקטוז 200 גרם,שטראוס גרופ בעמ/מצונן,IL,"דנונה ביו טבעי 3%, 200 גר",גרמים,200.00,100 גרם,false,,3.30,0.0165,true,1,1389368
7290000408354,false,יוגורט עם אורז מצופה שוקולד קקאו 175 ג' דנונה,שטראוס גרופ בעמ/מצונן,IL,בר פיצפוצים בודד – מקט הח,גרמים,173.00,100 גרם,false,,4.50,0.0260,true,1,1389369
7290000412139,false,נוזל רצפות בניחוח אורנים ריצפז 3 ליטר,"סנו מפעלי ברונוס בע""\מ",IL,ריצפז אורנים 3 ליטר,ליטרים,3.00,ליטר,false,,15.90,5.3000,true,1,1365906
7290000412481,false,נוזל לניקוי אסלות 00 סנו (1 ליטר),החברה הדרומית לשיווק בעמ,IL,"מנקה אסלות ""00"" 1 ליטר",ליטרים,1.00,ליטר,false,,8.90,8.9000,true,1,1365908
7290000412764,false,"פזטוקס קוטל חרקים סנו 630 מ""ל",החברה הדרומית לשיווק בעמ,,קוטל יתושים פזטוקס,מיליליטרים,630.00,"100 מ""ל",false,,16.90,0.0268,true,1,1365909
7290000416021,false,ממרח בטעם שוקולד השחר העולה (500 גרם),השחר העולה תעשית ממתקים בעמ,IL,קרם מובחר למריחה השחר 500,גרמים,500.00,100 גרם,false,,13.90,0.0278,true,1,1365733
7290000416045,false,ממרח בטעם שוקולד השחר העולה (1 קג),השחר העולה תעשית ממתקים בעמ,IL,קרם מובחר למריחה השחר 1 ק,גרמים,1000.00,100 גרם,false,,24.90,0.0249,true,1,1365734
7290000416618,false,"ממרח שוקולד פרווה השחר 400 גרם כשל""פ",השחר העולה תעשית ממתקים בעמ,IL,קרם מובחר למריחה בדץ השחר,גרמים,400.00,100 גרם,false,,11.90,0.0298,true,1,1365741
7290000416632,false,"ממרח שוקולד פרווה השחר 1 ק""ג כשל""פ",השחר העולה תעשית ממתקים בעמ,IL,קרם מובחר למריחה פרווה הש,גרמים,1000.00,100 גרם,false,,24.90,0.0249,true,1,1365742
7290000416854,false,אבקת קקאו השחר העולה (150 גרם),השחר העולה תעשית ממתקים בעמ,IL,קקאו השחר 150 גרם,גרמים,150.00,100 גרם,false,,8.90,0.0593,true,1,1365744
7290000416922,false,השחר ממרח חלב 350 גרם,השחר העולה תעשית ממתקים בעמ,,ממרח חלב,גרמים,350.00,100 גרם,false,,11.90,0.0340,true,1,1857412
7290000419107,false,לנדוור קפה מקורי לבוקר טחון טורקי 100 גרם,קפה לנדוור בע''מ,IL,לנדוור קפה שחור המקורי 10,גרמים,100.00,100 גרם,false,,7.90,0.0790,true,1,1349444
7290000419114,false,קפה טחון שחור לנדוור 200 גר,"קפה לנדוור בע""\מ",IL,לנדוור קפה שחור המקורי 20,גרמים,200.00,100 גרם,false,,14.90,0.0745,true,1,1349445
7290000419220,false,לנדוור כחול המקורי קפה טחון טורקי 3*100 גרם 16 יח',ש.שסטוביץ בעמ,IL,לנדוור קפה שחור המקורי 10,גרמים,300.00,100 גרם,false,,19.90,0.0663,true,1,1349446
7290000419374,false,לנדוור לבוקר קפה טחון טורקי 3*100 גרם 16 יח',ש.שסטוביץ בעמ,IL,לנדוור קפה שחור לבוקר 100,גרמים,300.00,100 גרם,false,,19.90,0.0663,true,1,1349447
7290000419893,false,לנדוור קפה שחור חזק טחון טורקי 100 גרם,מולינו ניקולי s.p.a,IL,לנדוור קפה שחור לבוקר 100,גרמים,100.00,100 גרם,false,,7.90,0.0790,true,1,1349448
7290000419909,false,לנדוור קפה שחור לבוקר טחון טורקי 100 גרם,מולינו ניקולי s.p.a,IL,לנדוור קפה שחור בטעם אספר,גרמים,100.00,100 גרם,false,,7.90,0.0790,true,1,1349449
7290000420325,false,"פופסטאר פופקורן למקירוגל בטעם טבעי 5 שקיות,500 גרם","דנשר (1963) בע,מ",US,פופסטאר טבעי 5יח',גרמים,500.00,100 גרם,false,,12.90,0.0258,true,1,1400748
7290000420332,false,פופסטאר פופקורן למיקרוגל בטעם חמאה 5 יחידות 500 גרם,"דנשר (1963) בע,מ",US,פופסטאר חמאה 5יח',גרמים,500.00,100 גרם,false,,12.90,0.0258,true,1,1400749
7290000442013,false,"פמינה - שטיפה אינטימית לנערות 220 מ""ל",פמינה,IL,"פמינה יאנג 220 מ""ל",מיליליטרים,220.00,"100 מ""ל",false,,19.90,0.0905,true,1,1393804
7290000442587,false,"קרם רב שימושי תוספת 33% גינקו 220 מ""ל.",כ.צ.ט,IL,"גינקו רב שימושי 250 מ""ל",מיליליטרים,220.00,"100 מ""ל",false,,22.90,0.1041,true,1,1393809
7290000446127,false,פירכיות אורז ללא מלח בטר אנד דיפרנט 100 גרם,בטר אנד דיפרנט בעמ,IL,פריכיות ללא מלח 100 גרם,גרמים,100.00,100 גרם,false,,4.90,0.0490,true,1,1395595
7290000446547,false,חמאת בוטנים טבעית בטר אנד דיפרנט 350 גרם,"בטר אנד דיפרנט בע""מ",IL,חמאת בוטנים טבעית 350 גר,גרמים,350.00,100 גרם,false,,12.90,0.0369,true,1,1395604
7290000446554,false,"חמאת בוטנים טבעית בטר אנד דיפרנט 1 ק""ג",בטר אנד דיפרנט בעמ,IL,"חמאת בוטנים טבעית 1 ק""ג",גרמים,1000.00,100 גרם,false,,24.90,0.0249,true,1,1395605
7290000446943,false,פריכיות אורז כוסמת 100ג' בי&די,בטר אנד דיפרנט בעמ,IL,פריכיות כוסמת 100 גרם,גרמים,100.00,100 גרם,false,,4.90,0.0490,true,1,1395613
7290000449128,false,סיף פנטסטיק לימון ניקוי רב תכליתי 4ל',יוניליוור ישראל שיווק בע`מ,IL,סיף שמפו לרצפות GPC 4 ליט,ליטרים,4.00,ליטר,false,,19.90,4.9750,true,1,1388679
7290000450308,false,פוסידון טונה בהירה במי מלח 77 גרם,ויליגר בעמ עבור נטו,IL,טונה במים פוסידון 108 ג',גרמים,108.00,100 גרם,false,,4.90,0.0454,true,1,1376310
7290000453019,false,שמרים טריים לאפייה שקית שמרית 50 ג',שטראוס גרופ בעמ/מצונן,IL,שמרית (שקית),גרמים,50.00,100 גרם,false,,4.20,0.0840,true,1,1389370
7290000453125,false,שמרית שמרים טריים לאפיה +משפר אפיה 100ג,שטראוס גרופ בעמ/מצונן,IL,שמרית + משפר לאפיה ביתית,גרמים,100.00,100 גרם,false,,7.40,0.0740,true,1,1389371
7290000453385,false,שמרים יבשים פארא אינסטנט 500 גרם עלית,שטראוס גרופ בע`מ,,שמרים יבשים פאקא אינ,גרמים,500.00,100 גרם,false,,11.90,0.0238,true,1,1428734
7290000453408,false,בצק פיצה דק מצונן ומוכן לאפייה שמרית 415 גרם,שטראוס גרופ בעמ/מצונן,,בצק פיצה דק מוכן לאפ,גרמים,415.00,100 גרם,false,,14.90,0.0359,true,1,2225419
7290000453415,false,בצק עלים מצונן ומוכן לאפייה שמרית 300 גרם,שטראוס גרופ בעמ/מצונן,,בצק עלים מוכן לאפיה,גרמים,300.00,100 גרם,false,,14.90,0.0497,true,1,2225413
7290000453422,false,בצק פילו מצונן ומוכן לאפייה שמרית 300 גרם,שטראוס גרופ בעמ/מצונן,,בצק פילו מוכן לאפיה,גרמים,300.00,100 גרם,false,,14.90,0.0497,true,1,2225420
7290000453781,false,שמרים יבשים שמרית 125 גרם,"פאקא תעשיות בע""מ",,שמרים יבשים שמרית,גרמים,125.00,100 גרם,false,,5.90,0.0472,true,1,2043061
7290000453798,false,שמרים יבשים אקטיביים שימרית 500 ג',"גי' בי' רכיבים בע""מ",,שמרים אקטיבים לעוגות,גרמים,500.00,100 גרם,false,,14.90,0.0298,true,1,1438662
7290000453866,false,נטורינה תחליף מרגרינה לבישול ואפיה קוקוס שמרית 200 גרם,שטראוס גרופ בעמ/מצונן,,תחליף מרגרינה נטורינ,גרמים,200.00,100 גרם,false,,6.90,0.0345,true,1,1843833
7290000453897,false,מרגרינה בטעם חמאה שמרית 200 גרם,גרונבאנג- גרונדנסק א,,מרגרינה בטעם חמאה לא,גרמים,200.00,100 גרם,false,,5.90,0.0295,true,1,1439427
7290000461625,false,בייגלה שמיניות מלח בייגל בייגל 400 ג',יוניליוור ישראל שיווק בע`מ,IL,בייגל בייגל בייגלה מלח 40,גרמים,400.00,100 גרם,false,,9.90,0.0248,true,1,1388681
7290000461656,false,בייגלה מקלות מלוחים בייגל בייגל 400 גרם,"יוניליוור ישראל שיווק בע""מ",IL,אחד אחד 400גר,גרמים,400.00,100 גרם,false,,9.90,0.0248,true,1,1388683
7290000461793,false,בייגלה ארוך ארוך סידרה ירוקה בייגל בייגל 150 גרם,יוניליוור ישראל שיווק בע`מ,IL,ארוך ארוך 150גר,גרמים,150.00,100 גרם,false,,5.90,0.0393,true,1,1388687
7290000462103,false,סחוג תימני אדום חריף עדין זהבי הכרם 150 גרם,שטראוס גרופ בעמ/מצונן,IL,זחוק תימני אדום חריף עדין,גרמים,150.00,100 גרם,false,,7.90,0.0527,true,1,1389372
7290000462141,false,סחוג אדום תימני מקורי חריף מאוד זהבי 150 גרם,שטראוס גרופ בעמ/מצונן,IL,זחוק תימני אדום חריף מאוד,גרמים,150.00,100 גרם,false,,7.90,0.0527,true,1,1389373
7290000462172,false,סחוג זחוק ירוק תימני חריף זהבי (150 גרם),שטראוס גרופ בעמ/מצונן,IL,זחוק תימני ירוק חריף 150,גרמים,140.00,100 גרם,false,,7.90,0.0564,true,1,1389374
7290000462981,false,סחוג זחוק חריף אש זהבי (150 גרם),שטראוס גרופ בעמ/מצונן,,סחוג חריף אש 150 גרם,גרמים,150.00,100 גרם,false,,7.90,0.0527,true,1,2256488
7290000467153,false,מלך החומוס סמיר הגדול 400 גרם צבר,קבוצת אוסם סחר שותפות מוגבלת,IL,צבר מלך החומוס סמיר הגדול,גרמים,400.00,100 גרם,false,,11.90,0.0298,true,1,1349479
7290000467207,false,חרוזים מתובל,,,חרוזים מתובל,קילוגרמים,1.00,"ק""ג",true,,39.00,39.0000,true,1,1392892
7290000467320,false,מלך החומוס אבו מרוואן 400 גרם,קבוצת אוסם סחר שותפות מוגבלת,IL,צבר מלך החומוס אבו מרוואן,גרמים,400.00,100 גרם,false,,10.90,0.0273,true,1,1349484
7290000469638,false,"ספריי לגיהוץ קל מריטו 500 מ""ל",בולטון מניטובה,IT,מריטו ספריי לגיהוץ קל,מיליליטרים,500.00,"100 מ""ל",false,,21.90,0.0438,true,1,1386031
7290000474090,false,"חלב בקרטון 1%- 1 ליטר בד""צ - מוצר בפיקוח",*החברה המרכזית להפצת משקאותבעמ,IL,חלב בקרטון 1%- 1 ליטר,ליטרים,1.00,ליטר,false,,5.85,5.8500,true,1,1375309
7290000474373,false,"שמנת חמוצה 15% שומן 200 מ""ל טרה",החברה המרכזית טלהפצת משקאות בע,IL,"שמנת חמוצה - 200 מ""ל",מיליליטרים,200.00,"100 מ""ל",false,,2.40,0.0120,true,1,1375313
7290000474502,false,גבינה לבנה טרה 5% מרכיבים טבעיים,*החברה המרכזית להפצת משקאותבעמ,IL,גבינה לבנה 250 גרם 5% מהד,גרמים,250.00,100 גרם,false,,4.95,0.0198,true,1,1375315
7290000474540,false,גבינה טוב טעם 3% טרה 250ג' מהדרין,החברה המרכזית טלהפצת משקאות בע,IL,טוב טעם 3% -250גרם מהדרין,גרמים,250.00,100 גרם,false,,10.90,0.0436,true,1,1375316
7290000474830,false,נעם גבינה צהובה מגורדת 28% טרה 500 גרם,*החברה המרכזית להפצת משקאותבעמ,IL,"כתר מרוסקת 28% 0.5 ק""ג",גרמים,500.00,100 גרם,false,,31.90,0.0638,true,1,1375317
7290000480107,false,קוואקר שיבולת שועל פחית 500 גרם,שטראוס פריטו ליי בעמ,CH,קוואקר שיבולת שועל פחית 5,גרמים,500.00,100 גרם,false,,12.90,0.0258,true,1,1390856
7290000480442,false,קוואקר שיבולת שועל בשקית 500 גרם,שטראוס פריטו ליי בע`מ,CH,קוואקר שיבולת שועל שקית 5,גרמים,500.00,100 גרם,false,,11.90,0.0238,true,1,1390857
7290000482019,false,שקיות לצליה קוקי 10 יחידות,"ש. שסטוביץ בע""מ",IL,קוקי רגיל שקיות צליה 10 י,יח',10.00,יח',false,,10.90,1.0900,true,1,1386032
7290000482033,false,שקיות לצליה בתנור ובמיקרוגל קוקי 5 יחידות,הנסיך- מפעל לייצור ט,IL,קוקי ענק שקיות צליה 5 יח,יח',5.00,יח',false,,10.90,2.1800,true,1,1386034
7290000483139,false,מרציפן גולמי המרשלג 100 גרם,"המרשלג פרלינס בע""מ",IL,המרשלג מרצ' גולמי 100גר,גרמים,100.00,100 גרם,false,,9.90,0.0990,true,1,1365170
7290000483641,false,מרציפן חלה המרשלג 75 גרם,"המרשלג פרלינס בע""מ",IL,75Gהמרשלג מרצ' חלה,גרמים,75.00,100 גרם,false,,7.90,0.1053,true,1,1365173
7290000484747,false,"ארק עלית 700 מ""ל 40% יקב הגליל*",יקב הגליל יוסף גולד ובניו,,עלית הארק,מיליליטרים,700.00,"100 מ""ל",false,,54.90,0.0784,true,1,1455025
7290000490601,false,גלידל וניל פלדמן מארז שמינייה,הגלידות של פלדמן,,שלגוני גלידל שמינייה,גרמים,400.00,100 גרם,false,,29.90,0.0747,true,1,1381745
7290000490762,false,גלידל שוקו פלדמן מארז שמינייה,הגלידות של פלדמן,,שלגוני גלידל שמינייה,גרמים,400.00,100 גרם,false,,29.90,0.0747,true,1,1381749
7290000493176,false,אסם אבקת רוטב צלי לבשר 22 ג',קבוצת אוסם סחר שותפות מוגבלת,IL,אסם רוטב צלי 22 גרם,גרמים,22.00,100 גרם,false,,3.90,0.1773,true,1,1349487
7290000493183,false,אבקת רוטב פטריות לבשר-30 גרם,קבוצת אוסם סחר שותפות מוגבלת,IL,אסם רוטב פטריות 30 גרם,גרמים,30.00,100 גרם,false,,4.90,0.1633,true,1,1349488
7290000497044,false,לחם אקטיב ברמן (750 גרם),מאפית י את א ברמן בע,,לחם אקטיב 750 גר'.,גרמים,750.00,100 גרם,false,,13.90,0.0185,true,1,1374194
7290000497112,false,"לחם כהה פרוס וארוז ""ברמן""-מוצר בפיקוח",מאפית י את א ברמן בע,,לחם אחיד כהה פרוס 75,גרמים,750.00,100 גרם,false,,6.90,0.0092,true,1,1374195
7290000497228,false,לחמניה רגילה בשקית ברמן 6יח',מאפית י את א ברמן בע,,מארז 6 לחמניות 450 ג,גרמים,450.00,100 גרם,false,,10.00,0.0222,true,1,1374198
7290000497273,false,לחמניות אקטיב ברמן שישייה 450 גרם,מאפית י את א ברמן בע,,מארז 6 לחמניות אקטיב,גרמים,450.00,100 גרם,false,,11.90,0.0264,true,1,1472007
7290000497358,false,חלומית חלה מתוקה קלועה ברמן (500 גרם),מאפית י את א ברמן בע,,חלה מתוקה חלומית ארו,גרמים,500.00,100 גרם,false,,11.90,0.0238,true,1,1374200
7290000497426,false,לחם ברמן לענין פלוס 500 גרם,מאפית י את א ברמן בע,,ברמן לעניין קל 500 ג,גרמים,500.00,100 גרם,false,,13.90,0.0278,true,1,1374201
7290000497488,false,חלה פלוס ברמן( 500 גרם),מאפית י את א ברמן בע,,חלה קלה ברמן 500 גרם,גרמים,500.00,100 גרם,false,,13.90,0.0278,true,1,1374203
7290000497532,false,לחם ברמן לעניין פרוס ברמן (750 גרם),מאפית י את א ברמן בע,,לחם ברמן לעניין 750,גרמים,750.00,100 גרם,false,,12.90,0.0172,true,1,1374204
7290000498034,false,לחם אי פרי קמח כוסמין מלא 750 גר',מאפית י את א ברמן בע,,לחם מקמח כוסמין מלא,גרמים,750.00,100 גרם,false,,14.90,0.0199,true,1,2228700
7290000498393,true,חלה מתוקה עגולה לא א,,,חלה מתוקה עגולה לא א,גרמים,500.00,100 גרם,false,,7.90,0.0158,true,1,2319449
7290000504025,false,ממתיק סוכרזית פטרייה עלית 300 גרם,אף.סי תבליני בגליל ב,IL,פטריה 300,גרמים,24.00,100 גרם,false,,7.90,0.3292,true,1,1390091
7290000504049,false,סוכרזית קלאסי קנקן 1200 טבליות,אף.סי תבליני בגליל ב,IL,קנקן 1200,יח',1200.00,יח',false,,22.90,0.0191,true,1,1390093
7290000504209,false,"סוכרזית דיאט טיפ נוזלי 220 מ""ל",אף.סי תבליני בגליל ב,IL,כשלפ דיאטיפ,מיליליטרים,220.00,"100 מ""ל",false,,17.90,0.0814,true,1,1390094
7290000504261,false,סוויט דיאט כמו סוכר ממתיק אבקתי 65ג',"שטראוס גרופ בע""מ",IL,סוויט דיאט כמו סוכר 6צנצנ,גרמים,100.00,100 גרם,false,,23.90,0.2390,true,1,1390095
7290000504278,false,ממתיק סוכרזית אריזת פטנט 700 טבליות,אף.סי תבליני בגליל ב,IL,פטנט 700,יח',700.00,יח',false,,15.90,0.0227,true,1,1390096
7290000518121,false,מתוק וקל אריזה 50 שקיות 50 גרם,מתוק וקל בע`מ,,מתוק וקל 50 גרם,גרמים,50.00,100 גרם,false,,4.90,0.0980,true,1,1401257
7290000518152,false,ממתיק זהב מתוק וקל 50 שקיות,מתוק וקל בע`מ,,מתוק וקל זהב,גרמים,50.00,100 גרם,false,,5.90,0.1180,true,1,1401258
7290000518169,false,ממתיק מתוק וקל 1000 טבליות,מתוק וקל בע`מ,,מתוק וקל 1000,גרמים,80.00,100 גרם,false,,7.90,0.0988,true,1,1401259
7290000518176,false,ממתיק מתוק וקל 250 שקיות,מתוק וקל בע`מ,,מתוק וקל,גרמים,250.00,100 גרם,false,,19.90,0.0796,true,1,1401260
7290000518190,false,מתוק וקל סטיביה 100 יחידות,מתוק וקל,,מתוק וקל סטיביה 100,גרמים,80.00,100 גרם,false,,19.90,0.2487,true,1,1712682
7290000518220,false,ממתיק סוכרה דיאט 100 יחידות,מתוק וקל בעמ,,סוכרה דיאט,גרמים,80.00,100 גרם,false,,19.90,0.2487,true,1,1712683
7290000518237,false,סוכרה דיאט אבקה 100 גרם,מתוק וקל בעמ,,סוכרה דיאט אבקה 100,גרמים,100.00,100 גרם,false,,19.90,0.1990,true,1,1712684
7290000518251,false,ממתיק זהב מתוק וקל 100 יחידות,מתוק וקל בע`מ,,מתוק וקל,גרמים,100.00,100 גרם,false,,11.90,0.1190,true,1,1401261
7290000518336,false,ממתק צמר גפן מתוק מסיבים תזונתיים,מתוק וקל בעמ,,צמר גפן מתוק עשוי סי,גרמים,10.00,100 גרם,false,,4.90,0.4900,true,1,2307713
7290000518398,false,"סוכרה דיאט טיפות 150 מ""ל",פתח תקווה,,סוכרה דיאט טיפות 150,מיליליטרים,150.00,"100 מ""ל",false,,24.90,0.1660,true,1,1712686
7290000521015,false,יין לבן יבש של סגל (750 מל),פארייפאבה אגרואינדוס,,"יין סגל לבן 750 מ""ל",מיליליטרים,750.00,"100 מ""ל",false,,24.90,0.0332,true,1,1370582
7290000521022,false,יין לבן חצי יבש של סגל (750 מל),פארייפאבה אגרואינדוס,,יין לבן חצי יבש 750,מיליליטרים,750.00,"100 מ""ל",false,,24.90,0.0332,true,1,1370583
7290000521404,false,"יין מרום גליל קברנה סוביניון סינגל 750 מ""ל",תאי פרזידנט פוד פאבל,,יין מרום גליל סובניו,מיליליטרים,750.00,"100 מ""ל",false,,49.90,0.0665,true,1,1370589
7290000521411,false,יין מרום גליל סינגל מרלו 750 מל,תאי פרזידנט פוד פאבל,,יין מרום גליל מרלו 7,מיליליטרים,750.00,"100 מ""ל",false,,49.90,0.0665,true,1,1370590
7290000521428,false,"יין שרדונה מרום גליל 750 מ""ל","כרמי צבי-אחים סגל בע""\מ",,יין מרום גליל שרדונה,מיליליטרים,750.00,"100 מ""ל",false,,49.90,0.0665,true,1,1370591
7290000522159,false,חלב הרים טהור-עמיד- קרטון 1 לי 1%,"מחלבות רמת הגולן בע""",IL,חלב הרים טהור 1 ליטר 1% מ,ליטרים,1.00,ליטר,false,,9.90,9.9000,true,1,1375322
7290000522166,false,חלב הרים טהור-עמיד- נטול לקטוז 1 לי 3%,"מחלבות רמת הגולן בע""",IL,חלב הרים טהור נטול לקטוז,ליטרים,1.00,ליטר,false,,10.90,10.9000,true,1,1375323
7290000522272,false,"שמנת לקפה רמת הגולן 10% 500 מ""ל עמידה",מחלבות רמת הגולן,IL,"שמנת לקפה 10% שומן 500 מ""",מיליליטרים,500.00,"100 מ""ל",false,,8.90,0.0178,true,1,1375326
7290000523125,false,מלח הארץ הים האדום 250 ג' עדין,"חברת מלח הארץ אילת בע""\מ",IL,מלח הים האדום 250 גרם,גרמים,250.00,100 גרם,false,,5.40,0.0216,true,1,1386738
7290000523224,false,מלח הארץ הים האדום 500 ג' עדין,"חברת מלח הארץ אילת בע""\מ",IL,מלח הים האדום 500 גרם,גרמים,500.00,100 גרם,false,,7.90,0.0158,true,1,1386739
7290000523514,false,מלח ים יבש מופחת נתרן מלח הארץ (250 גרם),"חברת מלח הארץ אילת בע""\מ",IL,מלח הארץ מופחת נתרן 250 ג,גרמים,250.00,100 גרם,false,,9.90,0.0396,true,1,1386740
7290000523521,false,מלח ים מלח הארץ 250 גרם מועשר ביוד,חברת מלח הארץ אילת ב,IL,מלח הארץ מועשר ביוד 250 ג,גרמים,250.00,100 גרם,false,,5.90,0.0236,true,1,1386741
7290000523804,false,"מלח עדין צנצנת 1 ק""ג מלח הארץ","חברת מלח הארץ אילת בע""\מ",IL,"מלח הים האדום צנצנת 1 ק""ג",קילוגרמים,1.00,"ק""ג",false,,6.90,6.9000,true,1,1386742
7290000523811,false,"צנצנת מלח גס 1 ק""ג מלח הארץ","חברת מלח הארץ אילת בע""\מ",IL,"מלח הים האדום צנצנת 1 ק""ג",קילוגרמים,1.00,"ק""ג",false,,6.90,6.9000,true,1,1386743
7290000525969,false,מיץ תפוזים סחוט רכיבים טבעיים פרימור 1 ליטר,שטראוס גרופ בעמ/מצונן,IL,מיץ תפוזים סחוט 1 ליטר,ליטרים,1.00,ליטר,false,,15.90,15.9000,true,1,1389375
7290000530024,false,נקניק תה מעושן רחב במשקל,נקניק זוגלובק נהריה,,נקניק תה מעושן רחב,קילוגרמים,1.00,"ק""ג",true,,60.00,60.0000,true,1,1369204
7290000530048,false,נקניק סלמי פפרוני במ,נקניק זוגלובק נהריה,,נקניק סלמי פפרוני,קילוגרמים,1.00,"ק""ג",true,,60.00,60.0000,true,1,1369206
7290000530062,false,נקניק מעושן איטלקי במשקל,זוגלובק שיווק בעמ,,נקניק מעושן איטלקי,קילוגרמים,1.00,"ק""ג",true,,85.00,85.0000,true,1,1369207
7290000530086,false,נקניק סלמי מעושן 7000 זוגלובק (600 גרם),נקניק נהריה כשר זוגל,,נקניק מעושן,גרמים,600.00,100 גרם,false,,29.90,0.0498,true,1,1369208
7290000530178,false,קוניאק זוגלובק שקילה,זוגלובק שיווק בעמ,,סלמי קוניאק,קילוגרמים,1.00,"ק""ג",true,,85.00,85.0000,true,1,1369212
7290000530192,false,זוגלובק סרבלד נקניק מעדניה,נקניק זוגלובק נהריה,,נקניק סרבלד,קילוגרמים,1.00,"ק""ג",true,,160.00,160.0000,true,1,1369213
7290000530260,false,נקניק מרטדלה רחב במשקל,זוגלובק שיווק בעמ,,נקניק מרטדלה רחב,קילוגרמים,1.00,"ק""ג",true,,40.00,40.0000,true,1,1369214
7290000530369,false,פסטרמה גולן חזה הודו מעושן מעדניה,נקניק זוגלובק נהריה,,חזה הודו גולן,קילוגרמים,1.00,"ק""ג",true,,85.00,85.0000,true,1,1369217
7290000530413,false,המבורגר זהב זוגלובק 400 גרם,נקניק נהריה כשר זוגל,,המבורגר זהב 400 גרם,גרמים,400.00,100 גרם,false,,19.90,0.0497,true,1,1678614
7290000530468,false,"נקניקיות וינר זוגלובק 1 ק""ג",זוגלובק שיווק בעמ,,"נקניקיות וינר 1 ק""ג",קילוגרמים,1.00,"ק""ג",false,,24.90,24.9000,true,1,1369220
7290000531410,false,פסטרממיה בדבש טהור במשקל,נקניק זוגלובק נהריה,,פסטרממיה בדבש,קילוגרמים,1.00,"ק""ג",true,,85.00,85.0000,true,1,1369227
7290000532400,false,פסטרמה חזה הודו ברביקיו זוגלובק,נקניק זוגלובק נהריה,,חזה ברבקיו,קילוגרמים,1.00,"ק""ג",true,,85.00,85.0000,true,1,1369235
7290000532585,false,רוסטביף חצוי זוגלובק,נקניק זוגלובק נהריה,,נקניק רוסביף,קילוגרמים,1.00,"ק""ג",true,,159.00,159.0000,true,1,1369237
7290000532721,false,כתף בקר מעושן בפלפל טורו מעדניה,נקניק זוגלובק נהריה,,כתף בפלפל טורו,קילוגרמים,1.00,"ק""ג",true,,110.00,110.0000,true,1,1369238
7290000533636,false,פסטרמה צלויה על לבנים מעדניה,נקניק זוגלובק נהריה,,פסטרממיה צלויה,קילוגרמים,1.00,"ק""ג",true,,85.00,85.0000,true,1,1369241
7290000533681,false,פסטרמה הודו מעושנת הבית,זוגלובק שיווק בעמ,,פסטרמה מעושנת,קילוגרמים,1.00,"ק""ג",true,,85.00,85.0000,true,1,1369242
7290000534718,false,פסטרמה הודו תבור 1% שומן זוגלובק,נקניק זוגלובק נהריה,,חזה הודו תבור,קילוגרמים,1.00,"ק""ג",true,,85.00,85.0000,true,1,1369245
7290000535791,false,חזה בקר מעושן ניו יורק מעדניה,נקניק זוגלובק נהריה,,חזה בקר ניו-יורק,קילוגרמים,1.00,"ק""ג",true,,110.00,110.0000,true,1,1369249
7290000536743,false,שניצלונים קריספי ט. תירס 500 גר' זוגלובק,נקניק נהריה כשר זוגל,,אצבעות סטיקס תירס.,גרמים,500.00,100 גרם,false,,19.90,0.0398,true,1,1369252
7290000537566,false,נקניקיות עוף טרי 400 ג' זוגלובק,נקניק נהריה כשר זוגל,,נקניקיות עוף 400 גרם,גרמים,400.00,100 גרם,false,,9.90,0.0248,true,1,1369258
7290000537603,false,"נקניקיות עוף 1 ק""ג זוגלובק.",זוגלובק שיווק בעמ,,"נקניקיות עוף 1 ק""ג מ",קילוגרמים,1.00,"ק""ג",false,,24.90,24.9000,true,1,1369259
7290000537610,false,סלמי עממי}זוגלובק{שקיל,נקניק זוגלובק נהריה,,נקניק סלמי עממי,קילוגרמים,1.00,"ק""ג",true,,60.00,60.0000,true,1,1369260
7290000538099,false,פסטרמה כפרית 2% שומן זוגלובק,זוגלובק שיווק בעמ,,פסטרמה כפרית,קילוגרמים,1.00,"ק""ג",true,,85.00,85.0000,true,1,1369262
7290000538709,false,נקניק סלמי תה מעושן זוגלובק 200 גרם,נקניק זוגלובק נהריה,,סלמי תה פרוס 200 גרם,גרמים,200.00,100 גרם,false,,14.90,0.0745,true,1,1369265
7290000554006,false,גבינה קשקבלו משולשים,מחלבות גד,IL,"קשקבלו גלגל ק""ג שקיל",קילוגרמים,1.00,"ק""ג",true,,120.00,120.0000,true,1,1374662
7290000554143,false,גבינה לבנה 5% טבעי ק,מחלבות גד,IL,גבינה למריחה 5% טיבעי 2 ק,קילוגרמים,1.00,"ק""ג",true,,26.00,26.0000,true,1,1374665
7290000554402,false,מעדן חלב מלבי גד (160 גרם),מחלבות גד שיווק 1992 בעמ,IL,"מלבי גד 160 גרם בד""ץ",גרמים,160.00,100 גרם,false,,5.50,0.0344,true,1,1374666
7290000554457,false,גבינה צפתית 5% 350 גרם - רבנות,מחלבות גד שיווק 1992 בעמ,IL,צפתית 5% מיני 350 גרם,גרמים,350.00,100 גרם,false,,19.90,0.0569,true,1,1374667
7290000554471,false,נקניק מוצרלה 22 אחוז 180גרם גד מהדרין,מחלבות גד שיווק 1992 בעמ,IL,"נקניק מוצרלה 180 גרם בד""ץ",גרמים,180.00,100 גרם,false,,15.90,0.0883,true,1,1374668
7290000554532,false,גבינה צפתית מעודנת במלח ים 5% 200 ג' גד,מחלבות גד שיווק 1992 בעמ,IL,צפתית מעודנת 5% מלח ים 20,גרמים,200.00,100 גרם,false,,13.90,0.0695,true,1,1374670
7290000554600,false,מוצרלה מגורדת 22 אחוז 300גרם גד מהדרין,מחלבות גד שיווק 1992 בעמ,IL,"מוצרלה מרוסקת 300 גרם בד""",גרמים,300.00,100 גרם,false,,24.90,0.0830,true,1,1374672
7290000554624,false,ירח מתוק מעדן חלב עם אורז 3% גד 150 גרם,מחלבות גד שיווק 1992 בעמ,IL,"ירח מתוק 150 גרם בד""ץ",גרמים,150.00,100 גרם,false,,4.90,0.0327,true,1,1374673
7290000554655,false,מוצרלה מעושנת גד א.ח נוכרי,מחלבות גד שיווק 1992 בעמ,IL,"מוצרלה נקניק מעושן ק""ג שק",קילוגרמים,1.00,"ק""ג",true,,79.00,79.0000,true,1,1374674
7290000554662,false,"בולגרית למריחה ק""ג.",מחלבות גד,IL,"בולגרית למריחה 2 ק""ג",קילוגרמים,1.00,"ק""ג",true,,45.00,45.0000,true,1,1374675
7290000554686,false,גבינת לאבנה בתוספת שמן זית וזעתר 5% גד 250 גרם,מחלבות גד שיווק 1992 בעמ,IL,לאבנה 5% שמן זית וזעתר 25,גרמים,250.00,100 גרם,false,,13.90,0.0556,true,1,1374676
7290000554754,false,גבינה מוצרלה כדורקטן,מחלבות גד,IL,"בייבי מוצרלה 2 ק""ג",קילוגרמים,1.00,"ק""ג",true,,89.00,89.0000,true,1,1374677
7290000554792,false,גבינה בולגרית 5%במשקל,מחלבות גד,IL,"דלי בולגרית מעודנת 5% ק""",קילוגרמים,1.00,"ק""ג",true,,49.00,49.0000,true,1,1374678
7290000554815,false,גבינת מוצרלה נקניק מעדנייה גד,מחלבות גד שיווק 1992 בעמ,IL,"מוצרלה נקניק טיבעי ק""ג שק",קילוגרמים,1.00,"ק""ג",true,,79.00,79.0000,true,1,1374679
7290000554822,false,ריקוטה גבינה לבנה בסגנון איטלקי 5% גד 250 גרם,מחלבות גד שיווק 1992 בעמ,IL,גביע ריקוטה 250 גרם,גרמים,250.00,100 גרם,false,,12.90,0.0516,true,1,1374680
7290000554839,false,מסקרפונה שמנת מתוקה קשה בסגנון איטלקי 40% גד 250 גרם,מחלבות גד שיווק 1992 בעמ,IL,מסקרפונה 250 גרם,גרמים,250.00,100 גרם,false,,19.90,0.0796,true,1,1374681
7290000554921,false,גבינת ריקוטה איטלקית,מחלבות גד,IL,"ריקוטה 1.8 ק""ג",קילוגרמים,1.00,"ק""ג",true,,59.00,59.0000,true,1,1374684
7290000554952,false,צפתית קשה 10% מעדנייה גד,מחלבות גד שיווק 1992 בעמ,IL,"צפתית קשה גלגל ק""ג שקיל",קילוגרמים,1.00,"ק""ג",true,,75.00,75.0000,true,1,1374686
7290000554969,false,גב.שמנת 30%שומן1קג משקל,מחלבות גד,IL,"גבינת שמנת טבעי 30% 2 ק""ג",קילוגרמים,1.00,"ק""ג",true,,45.00,45.0000,true,1,1374687
7290000554976,false,גבינת שמנת זיתים גד,מחלבות גד,IL,"גבינת שמנת זיתים 30% 2 ק""",קילוגרמים,1.00,"ק""ג",true,,45.00,45.0000,true,1,1374688
7290000554983,false,גבינה לאבנה גד במשקל,מחלבות גד,IL,"לאבנה 5% 2 ק""ג",קילוגרמים,1.00,"ק""ג",true,,39.00,39.0000,true,1,1374689
7290000554990,false,מוצרלה כדורים גדולים,מחלבות גד,IL,מוצרלה במים כדור גדול 2,קילוגרמים,1.00,"ק""ג",true,,89.00,89.0000,true,1,1374690
7290000560533,false,אדג`פרו ג`ל לגילוח רגיל ירוק 220 מל,אס.סי ג'ונסון ובניו,US,אדג' ג'ל ירוק לעור רגיל 1,גרמים,200.00,100 גרם,false,,19.90,0.0995,true,1,1400753
7290000560540,false,אדג`פרו ג`ל לגילוח עור רגיש כתום220,המאפיה של הרמן,US,אדג' ג'ל כתום לעור רגיש 1,גרמים,200.00,100 גרם,false,,19.90,0.0995,true,1,1400754
7290000571119,false,גבינה גאודה הולנדית מעדניה,מחלבות גד שיווק 1992 בעמ,,גאודה חריץ בית יצחק,קילוגרמים,1.00,"ק""ג",true,,99.00,99.0000,true,1,1387464
7290000571126,false,גבינת גאודה+כמון בית,תנובה מרכז שיתופי לש,,גאודה כמון חריץ 30%,קילוגרמים,1.00,"ק""ג",true,,99.00,99.0000,true,1,1387465
7290000571188,false,גבינת גאודה תום עיזים במשקל,מחלבות גד שיווק 1992 בעמ,,גאודה עז חריץ 28% בי,קילוגרמים,1.00,"ק""ג",true,,149.00,149.0000,true,1,1387466
7290000571232,false,גבינת גאודה טבעית פרוס 30% המחלווה 150ג',גבינות משק אחים מאיר בית,,גבינה גאודה פרוס בית,גרמים,200.00,100 גרם,false,,22.90,0.1145,true,1,1387467
7290000571300,false,גבינה גאודה פרוס מעושנת המחלבה 150ג',מחלבות גד שיווק 1992 בעמ,,גבינה גאודה פרוס בית,גרמים,200.00,100 גרם,false,,22.90,0.1145,true,1,1387470
7290000571386,false,המחלבה יוגורמה יוגורט מחלב כבשים 5% 850 גרם,גבינות משק אחים מאיר בית,,יוגורט כבשים 850 גרם,גרמים,850.00,100 גרם,false,,24.90,0.0293,true,1,1387471
7290000571812,false,פרמז`ן מגורד המחלבה (200 גרם),מחלבות גד שיווק 1992 בעמ,,פרמזן מגורד 200 גרם,גרמים,200.00,100 גרם,false,,19.90,0.0995,true,1,1387478
7290000571843,false,המחלבה יוגורמה גביע מחלב עזים 140 גרם,גבינות משק אחים מאיר בית,,יוגורט עיזים יוגורמה,גרמים,140.00,100 גרם,false,,5.90,0.0421,true,1,1387481
7290000571881,false,"משקה יוגורט מחלב עיזים 3.6% 500 מ""ל",מחלבות גד שיווק 1992 בעמ,,יוגורט יוגורמה מחלב,גרמים,500.00,100 גרם,false,,12.90,0.0258,true,1,2087996
7290000571928,false,"יוגורמה כבשים עם גרעינים, אגוזים וחמוציות ממותקות",מחלבות גד שיווק 1992 בעמ,,יוגורט כבשים יוגורמה,גרמים,142.00,100 גרם,false,,5.90,0.0415,true,1,2257467
7290000571935,false,יוגורמה יוגורט כבשים עם גרנולה 140 גר,גבינות משק אחים מאיר בית,,יוגורט כבשים יוגורמה,גרמים,142.00,100 גרם,false,,5.90,0.0415,true,1,2257468
7290000572055,false,אחוה חלוה ללא סוכר עם סיבים ואגוזים 400 גרם,אחדות ביחר לטחינה חל,IL,חלוה ללא סוכר עם סיבים וא,גרמים,400.00,100 גרם,false,,14.90,0.0373,true,1,1350686
7290000572086,false,טחינה אורגנית אחדות 500 גרם,אחדות ביחר לטחינה חל,,טחינה אורגנית 500 גר,גרמים,500.00,100 גרם,false,,11.90,0.0238,true,1,2227463
7290000572208,false,חלוה בטעם וניל אחווה 100 גרם,שוורצקוף& הנקל דיסלד,IL,חלוה 100 גרם אחוה,גרמים,100.00,100 גרם,false,,2.90,0.0290,true,1,1350688
7290000572222,false,חלווה בלוק וניל אחוה 500 גרם,שוורצקוף& הנקל דיסלד,IL,חלוה בלוק 500 גרם אחוה -,גרמים,500.00,100 גרם,false,,10.90,0.0218,true,1,2234562
7290000572536,false,אחווה חלווה ווניל במגש 400 גר,אחדות ביתחרושת לטחינה חלבה,IL,חלוה וניל 400 גרם במגש,גרמים,400.00,100 גרם,false,,10.90,0.0273,true,1,1350692
7290000572802,false,טחינה אורגנית משומשום מלא אחוה 500 גרם,"אחדות בע""מ א.ת. ברקן",,טחינה אורגנית משומשו,גרמים,500.00,100 גרם,false,,12.90,0.0258,true,1,2227464
7290000599731,false,מטהר אוויר מרסס,מ.א ייצור ושיווק מטל,,מטהר אויר מרסס Shiny,מיליליטרים,300.00,"100 מ""ל",false,,4.90,0.0163,true,1,1373571
7290000602226,false,ביצי חופש גדולות L ת,,,ביצי חופש 12L תנובה.,יח',12.00,יח',false,,24.90,2.0750,true,1,2357466
7290000603049,false,ביצים אומגה 3 לארג 1,תנובה,,ביצי אומגה 3 גדול.,יח',12.00,יח',false,,18.90,1.5750,true,1,1388170
7290000604022,false,ביצים גדולות L תנובה 12 יחידות,ביצי תנובה,,ביצים 12 יחידות L.,יח',12.00,יח',false,,12.05,1.0042,true,1,1388174
7290000604039,false,ביצים בינוניות M תנובה 12 יחידות,תנובה,,ביצים 12 יחידות M.,יח',12.00,יח',false,,11.15,0.9292,true,1,1388175
7290000604121,false,ביצים 18 יח רגיל בינוני L תנובה,תנובה,,ביצים 18 יחידות L.,יח',18.00,יח',false,,18.00,1.0000,true,1,1388178
7290000604534,false,ביצים בינוניות M תנובה 30 יחידות,תנובה,,ביצים 30 יחידות M.,יח',30.00,יח',false,,27.85,0.9283,true,1,1388182
7290000644783,false,נתחי פילה סלמון קפוא קג,תנובה קפואים,,מנות פילה סלמון תנוב,קילוגרמים,1.00,"ק""ג",true,,79.90,79.9000,true,1,1738570
7290000663098,false,שווארמה ריב אנטריקוט plancha,תנובה קפואים,,שווארמה ריב אנטריקוט,גרמים,300.00,100 גרם,false,,34.90,0.1163,true,1,2292163
7290000663104,false,שווארמה פרגית להקפצה,בקר תנובה -שותפות מוגבלת,,שווארמה פרגיות,גרמים,300.00,100 גרם,false,,34.90,0.1163,true,1,2292164
7290000663128,false,רצועות ריב אנטריקוט עדיי,תנובה בשר,,רצועות ריב אנטריקוט,גרמים,300.00,100 גרם,false,,34.90,0.1163,true,1,2292166
7290000679440,false,"קמיל בלו משחת החתלה לתינוק ד""ר פישר 100 גרם","פישר תעשיות פרמבצטיות בע""מ",IL,קמיל בלו משחה לתינוק 100,גרמים,100.00,100 גרם,false,,14.90,0.1490,true,1,1399504
7290000679587,false,פדיסול קרם רגליים 100 ג',"ד""ר פישר Dr fischer",IL,פדיסול קרם רגליים 100 גרם,מיליליטרים,100.00,"100 מ""ל",false,,22.90,0.2290,true,1,1399508
7290000679631,false,"ד""ר פישר - קמיל בלו קלאסיק 500 מ""ל",פישר מעבדות פרמצבטיות בע,IL,קמיל בלו אל סבון קלאסיק 5,מיליליטרים,500.00,"100 מ""ל",false,,13.90,0.0278,true,1,1399509
7290000688077,false,"מי עדן 0.500 מ""ל פקק רגיל",יפאורה שותפות מוגבלת לשיווק,,מי עדן 0.5 ליטר,מיליליטרים,500.00,"100 מ""ל",false,,2.50,0.0050,true,1,1371030
7290000688084,false,מי עדן פקק ספורטאים500מל,יפאורה שותפות מוגבלת לשיווק,,"מי עדן ספורט 500 מ """,מיליליטרים,500.00,"100 מ""ל",false,,4.90,0.0098,true,1,1371031
7290000688374,false,מים מינרלים סמיילי מי עדן (330X6מל),יפאורה שותפות מוגבלת לשיווק,,שישייה מי עדן בייבי,ליטרים,1.98,ליטר,false,,14.90,7.5253,true,1,1371034
7290000688381,false,מים מינרלים פקק ספורט מי עדן (500x6 מל),יפאורה שותפות מוגבלת לשיווק,,שישייה מי עדן ספורט,ליטרים,3.00,ליטר,false,,12.90,4.3000,true,1,1371035
7290000688466,false,מי עדן 0.75 ליטר ספורט בודד,יפאורה שותפות מוגבלת לשיווק,,"מי עדן 750 מ""ל פקק",מיליליטרים,750.00,"100 מ""ל",false,,2.90,0.0039,true,1,2033924
7290000688503,false,"מים מינרלים פקק ספורט מי עדן 6*750 מ""ל",יפאורה שותפות מוגבלת לשיווק,,"שישייה מי עדן 750 מ""",ליטרים,4.50,ליטר,false,,14.90,3.3111,true,1,1885290
7290000692203,false,נוזל לניקוי כללי ורצפות בניחוח לימון אג'קס 2 ליטר,הנסיך- מפעל לייצור ט,GR,אגקס ניקוי כללי לימון 2 ל,ליטרים,2.00,ליטר,false,,22.90,11.4500,true,1,1386037
7290000692210,false,נוזל לניקוי כללי ורצפות בניחוח לבנדר אג'קס 2 ליטר,הנסיך- מפעל לייצור ט,GR,אגקס ניקוי כללי לוונדר 2,ליטרים,2.00,ליטר,false,,22.90,11.4500,true,1,1386038
7290000692227,false,נוזל כלים פלמוליב צילינדר קלאסי 1 ליטר,יבואן ומשווק: ש. שסט,GR,פלמוליב צילינדר קלאסי 1 ל,ליטרים,1.00,ליטר,false,,13.90,13.9000,true,1,1386039
7290000692456,false,אג'קס חלונות זוג 750*2 מל ספריי ורפיל,הנסיך- מפעל לייצור ט,GR,אגקס חלונות זוג,ליטרים,1.50,ליטר,false,,25.90,17.2667,true,1,1386042
7290000799811,false,פיקדון לחמישיה,,,פיקדון לחמישיה,יחידה,0.00,יחידה,false,,1.50,0.0000,true,1,2312570
7290000803067,false,"משחת שיניים לילדים גילאים 6-2 אלמקס 75 מ""ל",הנסיך- מפעל לייצור ט,PL,אלמקס משחת שיניים ילדים 7,מיליליטרים,75.00,"100 מ""ל",false,,15.90,0.2120,true,1,1386046
7290000803180,false,"מרידול-שטיפת פה דנטלית 400 מ""ל",קולגייט פלמוליב,CH,מרידול שטיפה דנטלית 400מל,מיליליטרים,400.00,"100 מ""ל",false,,29.90,0.0747,true,1,1386047
7290000804484,false,"שטיפת פה אלמקס דנטלית למניעת עששת 400מ""ל",קולגייט פלמוליב,CH,אלמקס שטיפה דנטלית 400מל,מיליליטרים,400.00,"100 מ""ל",false,,24.90,0.0622,true,1,1386049
7290000849478,false,"סרקל מרכך לילדים מכיל רוזמרין 500 מ""ל",פישר מעבדות פרמצבטיות בע,IL,"סרקל מעצב 500 מ""ל",מיליליטרים,500.00,"100 מ""ל",false,,17.90,0.0358,true,1,1399514
7290000849492,false,"סרקל שמפו לילדים 500 מ""ל",פישר תעשיות פרמבצטיות בעמ,IL,"סרקל שמפו 500 מ""ל",מיליליטרים,500.00,"100 מ""ל",false,,17.90,0.0358,true,1,1399515
7290000895000,false,לימון כבוש,,,לימון כבוש,קילוגרמים,1.00,"ק""ג",true,,29.90,29.9000,true,1,1692252
7290000900193,false,"גבינה עמק פרוס ק""ג-ק",,,"גבינה עמק פרוס ק""ג-ק",קילוגרמים,1.00,"ק""ג",true,,44.75,44.7500,true,1,1387482
7290000900230,false,"גבינה גלבוע פרוס ק""ג",,,"גבינה גלבוע פרוס ק""ג",קילוגרמים,1.00,"ק""ג",true,,42.55,42.5500,true,1,1387483
7290000900254,false,שניצל הודו פרוס,,,שניצל הודו פרוס,קילוגרמים,1.00,"ק""ג",true,,39.90,39.9000,true,1,1391693
7290000900438,false,מלפפון במלח,,,מלפפון במלח,קילוגרמים,1.00,"ק""ג",true,,35.00,35.0000,true,1,1365409
7290000900629,false,חמוצים - חציל כבוש,,,חצילים,קילוגרמים,1.00,"ק""ג",true,,35.00,35.0000,true,1,1397685
7290000900841,false,ירקות מעורבים,,,ירקות מעורבים,קילוגרמים,1.00,"ק""ג",true,,35.00,35.0000,true,1,1374832
7290000907970,false,פסטרמה כפרית דבש טיר,טירת- צבי,IL,כפרית במשקל טירת צבי,קילוגרמים,1.00,"ק""ג",true,,55.00,55.0000,true,1,1387995
7290000935546,false,סלט כרוב מתוק,,,סלט כרוב מתוק,קילוגרמים,1.00,"ק""ג",true,,29.00,29.0000,true,1,1392900
7290000943169,false,זיתים סורי שלם,,,זיתים סורי שלם,קילוגרמים,1.00,"ק""ג",true,,39.00,39.0000,true,1,1365413
7290000943237,false,גבינת פרמזן מרוסקת ק,,,גבינת פרמזן מרוסקת ק,קילוגרמים,1.00,"ק""ג",true,,129.00,129.0000,true,1,1387485
7290000945347,false,זית קלמטה מגולען,,,זית קלמטה מגולען,קילוגרמים,1.00,"ק""ג",true,,42.00,42.0000,true,1,1374347
7290000961866,false,שווארמה הודו קוביות,,,שווארמה הודו קוביות,קילוגרמים,1.00,"ק""ג",true,,89.90,89.9000,true,1,1391697
7290000964409,false,"הל שלם 1 ק""ג",,,"הל שלם 1 ק""ג",קילוגרמים,1.00,"ק""ג",true,,199.00,199.0000,true,1,1381575
7290000964966,false,פלפל שיפקה,,,פלפל שיפקה,קילוגרמים,1.00,"ק""ג",true,,29.00,29.0000,true,1,1365414
7290000975856,false,עגבניות שרי אדומות י,,,עגבניות שרי אדומות י,קילוגרמים,1.00,"ק""ג",true,,19.00,19.0000,true,1,1392905
7290000980140,false,זית שחור ענק,,,זית שחור ענק,קילוגרמים,1.00,"ק""ג",true,,35.00,35.0000,true,1,1365415
7290000980492,false,זיתים טבעיים,,,זיתים טבעיים,קילוגרמים,1.00,"ק""ג",true,,49.00,49.0000,true,1,1365416
7290000980553,false,זית סורי שבור,,,זית סורי שבור,קילוגרמים,1.00,"ק""ג",true,,42.00,42.0000,true,1,1365417
7290000980744,false,זית מונזוליני,,,זית מונזוליני,קילוגרמים,1.00,"ק""ג",true,,35.00,35.0000,true,1,1365418
7290000981369,false,ציפקונית,שקדיה,,ציפקונית,קילוגרמים,1.00,"ק""ג",true,,42.00,42.0000,true,1,1389333
7290000982168,false,סטייק סינטה טרי,,,סטייק סינטה טרי,קילוגרמים,1.00,"ק""ג",true,,99.00,99.0000,true,1,1391699
7290000988573,false,ירך הודו,,,ירך הודו,קילוגרמים,1.00,"ק""ג",true,,59.90,59.9000,true,1,1391700
7290000988733,false,עמבה הודית,,,עמבה הודית,קילוגרמים,1.00,"ק""ג",true,,35.00,35.0000,true,1,1374835
7290000990903,false,מרינט חתוך,,,מרינט חתוך,קילוגרמים,1.00,"ק""ג",true,,35.00,35.0000,true,1,1365421
7290000995014,false,זיתים מעדן,,,זיתים מעדן,קילוגרמים,1.00,"ק""ג",true,,35.00,35.0000,true,1,1394190
7290000995021,false,זית מרוקאי מתובל,,,זית מרוקאי מתובל,קילוגרמים,1.00,"ק""ג",true,,39.00,39.0000,true,1,1394191
7290000995038,false,זית טסוס קטן,דין שיווק,,זית טסוס קטן,קילוגרמים,1.00,"ק""ג",true,,49.00,49.0000,true,1,1374348
7290000995045,false,זיתים קלמטה קולסול,,,זיתים קלמטה קולסול,קילוגרמים,1.00,"ק""ג",true,,59.00,59.0000,true,1,1374349
7290000995052,false,זית יווני מגולען,דין שיווק,,זית יווני מגולען,קילוגרמים,1.00,"ק""ג",true,,59.00,59.0000,true,1,1374350
7290000995076,false,זית יווני שחור,דין שיווק,,זית יווני שחור,קילוגרמים,1.00,"ק""ג",true,,59.00,59.0000,true,1,1374352
7290000995304,false,חרוזית שחור,,,חרוזית שחור,קילוגרמים,1.00,"ק""ג",true,,35.00,35.0000,true,1,1397687
7290000995328,false,זיתים סנטה,,,זיתים סנטה,קילוגרמים,1.00,"ק""ג",true,,42.00,42.0000,true,1,1397688
7290001041123,false,שקדים מולבנים פרוסים מיה 100 גרם,מיה תעשיות מזון מ.ת.מ. בעמ,IL,שקדים מולבנים פרוסים 100ג,גרמים,100.00,100 גרם,false,,10.90,0.1090,true,1,1381068
7290001041277,false,פירורי לחם רגיל מיה 400ג ',מיה תעשיות מזון מ.ת.מ בעמ,,פירורי לחם.,גרמים,400.00,100 גרם,false,,3.90,0.0097,true,1,1381073
7290001041635,false,פירורי לחם מוזהבים מיה 200 גרם,מיה תעשיות מזון מ.ת.מ. בעמ,IL,פירורי לחם מוזהבים 200גרם,גרמים,200.00,100 גרם,false,,2.90,0.0145,true,1,1381077
7290001041833,false,אגוזים טחונים 250 גר' מיה,מיה תעשיות מזון מ.ת.מ. ב,IL,אגוזים טחונים 250גרם,גרמים,250.00,100 גרם,false,,19.90,0.0796,true,1,1381083
7290001041895,false,פלפל שחור בצנצנת מיה 300 גרם,מיה תעשיות מזון מ.ת.מ בעמ,IL,פלפל שחור 300גרם,גרמים,300.00,100 גרם,false,,29.90,0.0997,true,1,1381086
7290001045169,false,מיץ תפוחי עץ צלול פרימור 1 ליטר,שטראוס גרופ בעמ/מצונן,IL,מיץ תפוחי עץ צלול 1 ליטר,ליטרים,1.00,ליטר,false,,15.90,15.9000,true,1,1389376
7290001052044,false,קציצות בורגול וירקות 500,חמים וטעים,,קציצות בורגול וירקות,גרמים,500.00,100 גרם,false,,24.90,0.0498,true,1,1489665
7290001052051,false,קציצות עדשים וירקות,,,קציצות עדשים וירקות,גרמים,500.00,100 גרם,false,,24.90,0.0498,true,1,1489666
7290001052068,false,קציצות קינואה וחמוציות,חמים וטעים,,קציצות קינואה וחמוצי,גרמים,500.00,100 גרם,false,,24.90,0.0498,true,1,1489667
7290001052556,false,חטיפי ברוקולי בציפוי פריך,חמים וטעים,,ברוקלי בציפוי פריך,גרמים,500.00,100 גרם,false,,27.90,0.0558,true,1,2260116
7290001072561,false,דאודורנט ספריי גוף לגבר FLAME,פרפקט Perfect,,דאודורנט ספריי גבר פ,מיליליטרים,150.00,"100 מ""ל",false,,14.90,0.0993,true,1,2270662
7290001072790,false,ג'ל גילוח לעור רגיל,פרפקט Perfect,,ג'ל גילוח לעור רגיל,מיליליטרים,200.00,"100 מ""ל",false,,14.90,0.0745,true,1,2270727
7290001121054,false,צמד חמד פסטרמה וסלמי יחיעם 700 גרם,מעדני יחיעם ( 1993 ) בע`מ,IL,צמד חמד 700גרם,גרמים,700.00,100 גרם,false,,24.90,0.0356,true,1,1390806
7290001121238,false,קורנדביף 4% שומן יחיעם (180 גרם).,מעדני יחיעם ( 1993 ) בע`מ,IL,קורנד ביף 180גר',גרמים,180.00,100 גרם,false,,22.90,0.1272,true,1,1390811
7290001121979,false,נקניק סלמי הרץ מעדני יחיעם 150 גרם,מעדני יחיעם ( 1993 ) בע`מ,IL,סלמי הרץ 150גר',גרמים,150.00,100 גרם,false,,22.90,0.1527,true,1,1390822
7290001123775,false,שווארמה אמיתית פרגיות טיבון ויל 500 גרם,"טיבול ויל אחזקות בע""",,שווארמה פרגיות 500 ג,גרמים,500.00,100 גרם,false,,19.90,0.0398,true,1,2222210
7290001123782,false,שווארמה אמיתית הודו טיבון ויל (500 גרם),נטו מלינדה סחר בע`מ,,שווארמה הודו 500 גרם,גרמים,500.00,100 גרם,false,,19.90,0.0398,true,1,2222211
7290001136294,false,"שמפו לשיער יבש בבישום פרחים נקה 7 750 מ""ל",החברה הדרומית לשיווק בעמ,IL,שמפו נקה 7 יבש/צבוע750מל,מיליליטרים,750.00,"100 מ""ל",false,,11.90,0.0159,true,1,1365914
7290001136300,false,"נקה 7 שמפו ומרכך לסירוק קל 750 מ""ל",החברה הדרומית לשיווק בעמ,IL,ש.+מרכך נקה7 סירוק קל750,מיליליטרים,750.00,"100 מ""ל",false,,11.90,0.0159,true,1,1365915
7290001136362,false,נקה 7 תחליב רחצה אלוורה ארומה ירוק 1 ל',מיוצר בסין.יבוא ושיו,IL,תחליב רחצה ארומה אלוורה ו,ליטרים,1.00,ליטר,false,,14.90,14.9000,true,1,1365917
7290001136683,false,"מרכך לשיער רגיל בבושם פרחים נקה 7 750 מ""ל",החברה הדרומית לשיווק בעמ,IL,"מרכך נקה 7 ס""ש 750 מ""ל",מיליליטרים,750.00,"100 מ""ל",false,,11.90,0.0159,true,1,1365921
7290001136973,false,נקה 7 תחליב רחצה ארומה קמומיל לבן 1 ל',החברה הדרומית לשיווק בעמ,IL,תחליב רחצה ארומה קמומיל 1,ליטרים,1.00,ליטר,false,,14.90,14.9000,true,1,1365924
7290001208168,false,קבוקים 250 גרם,דין שיווק,,קבוקים 250 גרם,גרמים,250.00,100 גרם,false,,5.90,0.0236,true,1,1374353
7290001208267,false,מנצ'ס 250 גרם,דין שיווק,,מנצ'ס 250 גרם,גרמים,250.00,100 גרם,false,,9.90,0.0396,true,1,1374355
7290001208274,false,מיקס חטיף יפני 150 ג,דין שיווק,,מיקס חטיף יפני 150 ג,גרמים,150.00,100 גרם,false,,9.90,0.0660,true,1,1374356
7290001208496,false,אפונה קלויה 250 גרם.,דין שיווק,,אפונה קלויה 250 גרם.,גרמים,200.00,100 גרם,false,,7.90,0.0395,true,1,1374357
7290001216040,false,טחינה גולמית שומשום טהור אל ארז 500 גרם,אגס ירוק מסחר ושירותים,,טחינה 500 גר אל ארז,גרמים,500.00,100 גרם,false,,15.90,0.0318,true,1,1426768
7290001216231,false,טחינה גולמית שומשום מלא אל ארז 500 גרם,אגס ירוק מסחר ושירותים,,טחינה מלא 500 גרם א,גרמים,500.00,100 גרם,false,,16.90,0.0338,true,1,1426779
7290001245521,false,ג'ל מרוכז לכביסה לבנה וצבעונית,פרפקט Perfect,,ג'ל מרוכז 5 ליטר לכ,ליטרים,5.00,ליטר,false,,24.90,4.9800,true,1,2135433
7290001247068,false,קרטונית נקטר ספרינג תות בננה 1 ליטר,יפאורה שותפות מוגבלת לשיווק,,ספרינג תות בננה קרטו,ליטרים,1.00,ליטר,false,,6.60,6.6000,true,1,1371037
7290001247082,false,מיץ עגבניות רכיבים טבעיים ספרינג 1 ליטר,יפאורה שותפות מובגלת לשיווק,,ספרינג עגבניות קרטונ,ליטרים,1.00,ליטר,false,,6.60,6.6000,true,1,1371038
7290001247099,false,קרטונית נקטר ספרינג מנגו 1 ליטר,יפאורה שותפות מובגלת לשיווק,,ספרינג מנגו קרטונית,ליטרים,1.00,ליטר,false,,6.60,6.6000,true,1,1371039
7290001247105,false,קרטונית נקטר ספרינג אפרסק 1 ליטר,יפאורה שותפות מובגלת לשיווק,,נקטר ספרינג אפרסק,ליטרים,1.00,ליטר,false,,6.60,6.6000,true,1,1371040
7290001247112,false,קרטונית נקטר ספרינג לימונענע 1 ליטר,יפאורה שותפות מובגלת לשיווק,,ספרינג לימונענע קרטו,ליטרים,1.00,ליטר,false,,6.60,6.6000,true,1,1371041
7290001247143,false,קרטונית נקטר ספרינג תפוחים 1 ליטר,יפאורה שותפות מובגלת לשיווק,,ספרינג תפוח קרטונית,ליטרים,1.00,ליטר,false,,6.60,6.6000,true,1,1371043
7290001247723,false,"ספרינג נקטר תות בננה פחית 330 מ""ל",יפאורה שותפות מוגבלת לשיווק,,פחית ספרינג תות בננה,מיליליטרים,330.00,"100 מ""ל",false,,5.90,0.0179,true,1,1386913
7290001247730,false,"נקטר ספרינג בטעם מנגו פחית 330 מ""ל",יפאורה שותפות מוגבלת לשיווק,,פחית ספרינג מנגו,מיליליטרים,330.00,"100 מ""ל",false,,5.90,0.0179,true,1,1386914
7290001247747,false,"ספרינג נקטר תפוחים פחית 330 מ""ל",יפאורה שותפות מוגבלת לשיווק,,פחית ספרינג תפוחים,מיליליטרים,330.00,"100 מ""ל",false,,5.90,0.0179,true,1,1386915
7290001258118,false,קממבר טבעי יעקבס לקג,גבינות משק יעקבס,IL,קממברט,קילוגרמים,1.00,"ק""ג",true,,99.00,99.0000,true,1,1395086
7290001258446,false,"יעקבס יוגורט כבשים 5% 850 מ""ל",גבינות משק יעקבס,IL,"יוגורט כבשים .850 מ""ל",מיליליטרים,850.00,"100 מ""ל",false,,19.90,0.0234,true,1,1395102
7290001258590,false,גבינת מנצג'ו 30%גוש משקל,גבינות משק יעקבס,IL,מנצגו,קילוגרמים,1.00,"ק""ג",true,,129.00,129.0000,true,1,1395110
7290001258668,false,גבינת עז מה 5% יעקבס 250 גרם,גבינות משק יעקבס,IL,עז מה 250.0 גרם,גרמים,250.00,100 גרם,false,,15.90,0.0636,true,1,1395112
7290001258729,false,לאבנה עיזים יעקובס 250 גרם,גבינות משק יעקבס,IL,9 לבנה עזים 250.0 גרם,גרמים,250.00,100 גרם,false,,13.90,0.0556,true,1,1395114
7290001258804,false,קשקבל גבינה חצי קשה יעקבס 180 גרם,גבינות משק יעקבס,IL,קשקבל ואקום 0.18גר,גרמים,180.00,100 גרם,false,,24.90,0.1383,true,1,1395116
7290001274422,false,שלגונים ציפוי בננה מאגדת שמינייה 560 ג',פלקו בעמ חברה ישראלית,,שלגוני מצופים,גרמים,560.00,100 גרם,false,,22.90,0.0409,true,1,1381751
7290001274934,false,"שמיניית גלידל פרי לימון ""פלדמן""",הגלידות של פלדמן,,שמיניית קרטיבים פופס,גרמים,640.00,100 גרם,false,,19.90,0.0311,true,1,1381755
7290001274941,false,"שמיניית גלידל פרי פטל ""פלדמן""",הגלידות של פלדמן,,שמיניית קרחוני דיאט,גרמים,640.00,100 גרם,false,,19.90,0.0311,true,1,1381756
7290001305058,false,"פלמוליב - נטורלס תחליב רחצה חלב ודבש 500 מ""ל",הנסיך- מפעל לייצור ט,TR,פלמוליב חלב ודבש 500מל חד,מיליליטרים,500.00,"100 מ""ל",false,,15.90,0.0318,true,1,1386050
7290001305188,false,"נוזל לניקוי כלים בריח לימון פלמוליב 750 מ""ל",יבואן ומשווק: ש. שסט,GR,פלמוליב כלים שקוף לימון 7,מיליליטרים,750.00,"100 מ""ל",false,,9.90,0.0132,true,1,1386051
7290001338100,false,סקין גארד תחליב הגנה 250 50 לעור רגיש,מיוצר עי : אמיליה קוסמטי,IL,סקינגארד תחליב 50 250 מל,מיליליטרים,250.00,"100 מ""ל",false,,39.90,0.1596,true,1,1365971
7290001338155,false,"סקינגארד קרם הגנה לפנים 60 מ""ל SPF50","אמיליה קוסמטיקס בע""מ",IL,סקינגארד קרם לפנים 50 60,מיליליטרים,60.00,"100 מ""ל",false,,19.90,0.3317,true,1,1365975
7290001343845,false,תערובת מיזלי עם פירות מיובשים 1 קג,דין שיווק וקליה 2021 בעמ,,"גרנולה פירות 1 ק""ג.",גרמים,1000.00,100 גרם,false,,19.90,0.0199,true,1,1374358
7290001407127,false,פרוסות חלבה קלאסית בטעם וניל בארכה 400 גרם,קבוצת אוסם סחר שותפות מוגבלת,,פרוסות חלבה קלאסית ו,גרמים,400.00,100 גרם,false,,12.90,0.0323,true,1,1417840
7290001407547,false,טחינה גולמית משומשום מלא פי 6 בארכה 500ג',קבוצת אוסם סחר שותפות מוגבלת,IL,טחינה משומשום מלא פי 6 סי,גרמים,500.00,100 גרם,false,,13.90,0.0278,true,1,1386750
7290001407592,false,"בארכה טחינה גולמית פי 6 סידן 6*1 ק""ג",קבוצת אוסם סחר שותפות מוגבלת,,טחינה בארכה משומשום,קילוגרמים,1.00,"100 ק""ג",false,,24.90,24.9000,true,1,2313203
7290001407813,false,חלבה שאמית פיסטוק בקטנה בארכה 350ג',קבוצת אוסם סחר-שות.מוגבלת,IL,חלבה בארכה שאמית וניל עם,גרמים,350.00,100 גרם,false,,15.90,0.0454,true,1,1386753
7290001407820,false,חלווה שאמית וניל קלאסית בארכה 350ג',קבוצת אוסם סחר שותפות מוגבלת,IL,חלבה בארכה שאמית וניל 350,גרמים,350.00,100 גרם,false,,15.90,0.0454,true,1,1386754
7290001407837,false,חלבה שאמית עם פולי קקאו בארכה 350 גרם,קבוצת אוסם סחר-שות.מוגבלת,IL,חלבה בארכה שאמית שוקו עם,גרמים,350.00,100 גרם,false,,15.90,0.0454,true,1,1386755
7290001407844,false,חלבה קלאסית בטעם וניל בארכה 350 גרם,קבוצת אוסם סחר שותפות מוגבלת,IL,חלבה בארכה קלאסית וניל 35,גרמים,350.00,100 גרם,false,,15.90,0.0454,true,1,1386756
7290001419618,false,וופל בלגי עלמה שחור לבן וניל 200ג',מ.ד אטיאס סוכנויות מזון בע`מ,,וופל בלגי שוקו.,גרמים,200.00,100 גרם,false,,2.90,0.0145,true,1,1394219
7290001419779,false,"וופל קלאסי בטעם שוקולד ""עלמה"" 200 גרם",רזיט שיווק בעמ,,וופל קלאסי שוקו.,גרמים,200.00,100 גרם,false,,2.90,0.0145,true,1,1394220
7290001419793,false,גביעי גלידה מגולגל עלמה גילרו 30 יח',מ.ד אטיאס סוכנויות מזון בע`מ,,גביע גלידה.,גרמים,132.00,100 גרם,false,,10.90,0.0826,true,1,1394221
7290001419892,false,"ופל קלאסי בטעם לימון ""עלמה"" 200 גרם",רזיט שיווק בעמ,,וופל קלאסי לימון.,גרמים,200.00,100 גרם,false,,2.90,0.0145,true,1,1394223
7290001425336,false,"קרם ידיים זית 200 מ""ל",שוורץ,IL,"ק.ידיים זית 200 סמ""ק",מיליליטרים,200.00,"100 מ""ל",false,,12.90,0.0645,true,1,1374854
7290001425619,false,קרם רב שימושי שמן זי,שוורץ,IL,"ק.רב שימושי זית 250 סמ""ק",מיליליטרים,250.00,"100 מ""ל",false,,15.90,0.0636,true,1,1374860
7290001427033,false,מיץ תפוחים רכיבים טבעיים 1 ליטר,תנובה - פריניב,,מיץ תפוחים סחוט טבעי,ליטרים,1.00,ליטר,false,,16.90,16.9000,true,1,2282525
7290001439432,false,ספוג רחצה משולב מוסק,חוואנטן,,ספוג ליפה רכה,יחידה,0.00,יחידה,false,,10.00,0.0000,true,1,1370373
7290001461457,false,בגט רוסטיק עם קמח מל,פילסברי,,בגט רוסטיק קמח מלא,יחידה,0.00,יחידה,false,,7.90,0.0000,true,1,1875530
7290001468272,false,נאמן פלסטרים מעורב 50יח',נאמן לאורך זמן בעמ,,פלסטרים בגדלים וצורו,יח',50.00,יח',false,,6.90,0.1380,true,1,1376498
7290001468319,false,מיץ לימון ליים 200מל,ITAL LEMON,,מיץ לימון 200,מיליליטרים,200.00,"100 מ""ל",false,,5.90,0.0295,true,1,1376499
7290001468326,false,"מיץ לימון טבעי 500 מ""ל",ITAL LEMON,,מיץ לימון,מיליליטרים,500.00,"100 מ""ל",false,,11.90,0.0238,true,1,1376500
7290001468661,false,"מסיר לק יסמין 180 מ""ל",נאמן לאורך זמן בעמ,,מסיר לק יסמין,מיליליטרים,180.00,"100 מ""ל",false,,6.90,0.0383,true,1,1376503
7290001468678,false,מפת שולחן 137*274סמ,נ.ש.ם,,מפת שולחן אלפא,יח',1.00,יח',false,,9.90,9.9000,true,1,1376504
7290001468890,false,אלכוהול 70% נאמן 100,נאמן לאורך זמן בעמ,,אלכוהול 70%,מיליליטרים,100.00,"100 מ""ל",false,,5.90,0.0590,true,1,1376509
7290001476208,false,גבינה ברי משולש כבשי,מחלבות גד,IL,"ברי פקאן משולשים ק""ג",קילוגרמים,1.00,"ק""ג",true,,130.00,130.0000,true,1,1374691
7290001482049,false,בולגריה בקוביות עם ש,,,בולגריה בקוביות עם ש,קילוגרמים,1.00,"ק""ג",true,,89.00,89.0000,true,1,1352814
7290001482384,false,חתיכות אננס בסירופ קל וילי פוד 227 גרם,ג.וילי פוד אינטרנשיונל בעמ,TH,אננס חתוך 227גרם,גרמים,227.00,100 גרם,false,,3.90,0.0172,true,1,1352817
7290001485019,false,גבינת קרם שמנת טבעי 5% טרה 200 גרם,*החברה המרכזית להפצת משקאותבעמ,IL,גבינת קרם שמנת טבעי 200 ג,גרמים,200.00,100 גרם,false,,10.90,0.0545,true,1,1375328
7290001485026,false,גבינת קרם שמנת זיתים 5% טרה 200 גרם,*החברה המרכזית להפצת משקאותבעמ,IL,גבינתשמנ9%זיתישראליפיקנטי,גרמים,200.00,100 גרם,false,,10.90,0.0545,true,1,1375329
7290001491010,false,תה ירוק יסמין ויסוצקי 25 יחידות,תה ויסוצקי (ישראל) בעמ,IL,תה ירוק יסמין,גרמים,37.50,100 גרם,false,,22.90,0.6107,true,1,1386757
7290001491096,false,תה ירוק בתוספת לימונית ולואיזה 50 שקיקים ויסוצקי,תה ויסוצקי (ישראל) בעמ,IL,תה ירוק לימונית ולואיזה,גרמים,75.00,100 גרם,false,,39.90,0.5320,true,1,1386758
7290001507063,false,פתיבר מקמח מלא אורגני השדה מוצרים אורגנים 200 גרם,השדה מוצרים אורגניים,IL,ביסקוויט פתיבר אורגני מקמ,גרמים,200.00,100 גרם,false,,7.90,0.0395,true,1,1353092
7290001507070,false,פתיבר חרובים אורגני 200 גר,השדה מוצרים אורגניים,IL,ביסקוויט פתיבר חרובים אור,גרמים,200.00,100 גרם,false,,7.90,0.0395,true,1,1353093
7290001515310,false,שש כריות קרצוף יפניות סקוטש ברייט,3m,,כריות קירצוף,יח',6.00,יח',false,,12.90,2.1500,true,1,1348927
7290001515631,false,שלושה ספוגי קרצוף קשיחים ארוכים אדומים,שיוך למחסן 17,,ספוג קרצוף ארוך שליש,יח',3.00,יח',false,,7.90,2.6333,true,1,1348934
7290001532157,false,פילה הרינג במשקל,,,פילה הרינג,קילוגרמים,1.00,"ק""ג",true,,45.00,45.0000,true,1,2301860
7290001532164,false,פילה הרינג כבוש,,,פילה הרינג כבוש,קילוגרמים,1.00,"ק""ג",true,,45.00,45.0000,true,1,2301861
7290001532188,false,מקרל מעושן גדול,,,מקרל מעושן גדול,קילוגרמים,1.00,"ק""ג",true,,84.00,84.0000,true,1,2301862
7290001532706,false,"פילה הרינג חתוך 2.8 ק""ג",,,פילה הרינג חתוך,קילוגרמים,1.00,"ק""ג",true,,45.00,45.0000,true,1,2301871
7290001552025,false,קוסקוס של אמא פרבורגר 800 גרם,מטעמי פאר (א.מ.נ) בעמ,,הקוסקוס של אמא 800 ג,גרמים,800.00,100 גרם,false,,14.90,0.0186,true,1,1402981
7290001567555,false,פסטרמה מעודנת עם דבש 300 ג' יחיעם,מעדני יחיעם (1993) בעמ,,פסטרמה מעודנת בדבש,גרמים,300.00,100 גרם,false,,24.90,0.0830,true,1,1501644
7290001567708,false,נקניקיות וינר 400 גר`ללא ח`מ,מעדני יחיעם ( 1993 ) בע`מ,,נקניקיות עוף 400 גרם,גרמים,400.00,100 גרם,false,,9.90,0.0248,true,1,1442720
7290001567937,false,"סלמי איטלקי מפולפל 200 גרם ""יחיעם""",מעדני יחיעם (1993) בעמ,,נקניק אטלקי מפולפל,גרמים,200.00,100 גרם,false,,12.90,0.0645,true,1,1909607
7290001594155,false,"קוקה-קולה בבקבוק אישי 500 מ""ל",החברה המרכזית להפצת משקאות בעמ,IL,ק'-קולה 500 מל,מיליליטרים,500.00,"100 מ""ל",false,,6.90,0.0138,true,1,1382031
7290001594179,false,"פאנטה אורנג' בבקבוק אישי 500 מ""ל",החברה המרכזית להפצת משקאות בעמ,IL,פנט אורנג 500 מל,מיליליטרים,500.00,"100 מ""ל",false,,6.90,0.0138,true,1,1382033
7290001594230,false,קינלי סודה בבקבוק זכוכית,החברה המרכזית להפצת משקאות בעמ,IL,קינלי סודה 250,מיליליטרים,250.00,"100 מ""ל",false,,4.00,0.0160,true,1,1382036
7290001594520,false,"בירה טובורג רד בקבוק 330 מ""ל",החברה המרכזית להפצת משקאות בעמ,,"בירה טובורג 330 מ""ל.",מיליליטרים,330.00,"100 מ""ל",false,,6.90,0.0209,true,1,1382041
7290001594544,false,"בירה שחורה מאלטי בקבוק 330מ""ל",החברה המרכזית להפצת משקאות בעמ,,"בירה מאלטי 330 מ""ל.",מיליליטרים,330.00,"100 מ""ל",false,,5.90,0.0179,true,1,1382043
7290001594568,false,בירה בפחית קרלסברג (500 מל),החברה המרכזית להפצת משקאות בעמ,IL,קרלסברג פח 500 מל פקדון,מיליליטרים,500.00,"100 מ""ל",false,,7.90,0.0158,true,1,1382045
7290001594575,false,בירה בפחית רד טובורג (500 מל),החברה המרכזית להפצת משקאות בעמ,IL,טובורג פח 500 מל פקדון,מיליליטרים,500.00,"100 מ""ל",false,,7.90,0.0158,true,1,1382046
7290001594810,false,"בירה שחורה מאלטי בקב' מארז 330X6מ""ל",החברה המרכזית להפצת משקאות בעמ,,שישיית בירה מאלטי 33,ליטרים,1.98,ליטר,false,,24.90,12.5758,true,1,1382048
7290001594858,false,מארז שישייה בירה טובורג רד (330x6 מל),החברה המרכזית להפצת משקאות בעמ,IL,טובורג 6 בק 330 פקדון,ליטרים,1.98,ליטר,false,,29.90,15.1010,true,1,1382050
7290001594865,false,"שישייה בירה קרלסברג בקבוק 330 מ""ל",החברה המרכזית להפצת משקאות בעמ,IL,קרלסברג 6 בק 330 פקדון,ליטרים,1.98,ליטר,false,,32.90,16.6162,true,1,1382051
7290001664353,false,אמנון פילה 800 גרם,,,גב עוף,קילוגרמים,1.00,"ק""ג",true,,4.90,4.9000,true,1,1391713
7290001664360,false,עצמות בקר טרי,,,עצמות בקר טרי,קילוגרמים,1.00,"ק""ג",true,,29.90,29.9000,true,1,1391714
7290001664384,false,פילה עגל טרי,,,פילה עגל טרי,קילוגרמים,1.00,"ק""ג",true,,220.00,220.0000,true,1,1391715
7290001664391,false,כנפיים עוף+נקיון,,,כנפיים עוף+נקיון,קילוגרמים,1.00,"ק""ג",true,,14.90,14.9000,true,1,1391716
7290001664445,false,לשון עגל טרי,,,לשון עגל טרי,קילוגרמים,1.00,"ק""ג",true,,49.00,49.0000,true,1,1391720
7290001664483,false,הודו אדום טחון,,,הודו אדום טחון,קילוגרמים,1.00,"ק""ג",true,,69.90,69.9000,true,1,1391722
7290001664544,false,צלעות טלה טרי,,,צלעות טלה טרי,קילוגרמים,1.00,"ק""ג",true,,199.00,199.0000,true,1,1391726
7290001664919,false,סטייק פרגיות,,,סטייק פרגיות,קילוגרמים,1.00,"ק""ג",true,,79.90,79.9000,true,1,1391732
7290001664964,false,קוביות/חזה עוף פרוס,,,קוביות/חזה עוף פרוס,קילוגרמים,1.00,"ק""ג",true,,44.90,44.9000,true,1,1391733
7290001670224,false,מלית פרג 400 גרם פוליבה,הנמל אריזות ושיווק (1984) בעמ,,מלית פרג,גרמים,400.00,100 גרם,false,,10.90,0.0273,true,1,1367907
7290001670354,false,"מפת שולחן סופגת לבן 137X274 ס""מ במיוחד",הנמל אריזות ושיווק (1984) בעמ,,מפת שולחן סופגת,יחידה,0.00,יחידה,false,,9.90,0.0000,true,1,1367911
7290001670408,false,נרות חימום בשקית 50 יח הנמל,הנמל אריזות ושיווק (1984) בעמ,,נרות חימום 50 בשקית,יח',50.00,יח',false,,12.90,0.2580,true,1,2332881
7290001670514,false,מלית אוכמניות למילוי דברי מאפה 400 ג,הנמל אריזות ושיווק (1984) בעמ,,מלית אוכמניות,גרמים,400.00,100 גרם,false,,10.90,0.0273,true,1,1367918
7290001670521,false,מלית תפוח עץ הנמל 400 גרם,הנמל אריזות ושיווק (1984) בעמ,,מלית תפוח עץ,גרמים,400.00,100 גרם,false,,10.90,0.0273,true,1,1367919
7290001670736,false,כפפות נילון שקוף 100 יחידות,יבוא ושיווק: הנמל אר,,כפפות ניילון שקוף 10,יח',100.00,יח',false,,4.90,0.0490,true,1,1367922
7290001670842,false,ממרח חלבה פוליבה (400 גרם),הנמל אריזות ושיווק (1984) בעמ,,ממרח חלבה 400 גרם,גרמים,400.00,100 גרם,false,,10.90,0.0273,true,1,1367924
7290001670859,false,מלית דובדבנים פוליבה 400 ג',הנמל אריזות ושיווק (1984) בעמ,,מלית דובדבנים,גרמים,400.00,100 גרם,false,,10.90,0.0273,true,1,1367925
7290001690147,false,טעם טוב גבינה מותכת למריחה 6% מון בלאן,נטו מלינדה סחר בע`מ,,טעם טוב גבינה מותכת,גרמים,120.00,100 גרם,false,,9.90,0.0825,true,1,2334731
7290001716595,false,שקיות ענק עם ידיות 9,,,שקיות ענק עם ידיות 9,יח',25.00,יח',false,,12.90,0.5160,true,1,1401813
7290001723012,false,פדים להנקה 30 יחידות,אינטרסן (1996) בעמ,,פדים להנקה 30 יחידות,יח',30.00,יח',false,,13.90,0.4633,true,1,1368714
7290001723340,false,מוצץ סיל' אורטו' לילה -קצר340זוג,אינטרסן (1996) בעמ,,זוג מוצץ סילי לילה,יחידה,0.00,יחידה,false,,19.90,0.0000,true,1,1368720
7290001780428,false,מאגדת גלידת לייט שוקולד נסטלה 6יח' 312ג',נגה גלידות שותפות מוגבלת,IL,לייט שוקו 6 יח’,גרמים,312.00,100 גרם,false,,29.90,0.0958,true,1,1376635
7290001791356,false,"פרש מבשם אויר אוטומטי בניחוח לבנדר סנו 250 מ""ל",החברה הדרומית לשיווק בעמ,IL,סנופרש אוטומטי לבנדר250מ,מיליליטרים,250.00,"100 מ""ל",false,,12.90,0.0516,true,1,1365990
7290001791363,false,"מטהר אויר בניחוח וניל קוקוס מילוי סנו 250 מ""ל",החברה הדרומית לשיווק בעמ,IL,סנופרש אוטומטי וניל 250מ,מיליליטרים,250.00,"100 מ""ל",false,,12.90,0.0516,true,1,1365991
7290001813454,false,"עוגיות חיוכים שוקולד עלית 900 גרם מארז 6 יחידות בד""צ","אפיפית נצרת (1971) בע""\מ",,חיוכים שוקו 900 גרם,גרמים,900.00,100 גרם,false,,19.90,0.0221,true,1,2364241
7290001813478,false,"עוגיות חיוכים וניל עלית 900 גרם מארז 6 יחידות בד""צ","אפיפית נצרת (1971) בע""\מ",,חיוכים וניל 900 גרם,גרמים,900.00,100 גרם,false,,19.90,0.0221,true,1,2364242
7290001865439,false,פמילי אל סבון נוזלי בניחוח וניל 1 ליטר,אף.סי תבליני בגליל ב,IL,פמלי אל סבון ליטר ונילה [,ליטרים,1.00,ליטר,false,,9.90,9.9000,true,1,1400772
7290001865460,false,סבון נוזלי פמלי לקשרי זר פרחים לבנים 1 ל,דנשר (1963) בעמ,IL,פמלי אל סבון ליטר ליים [י,ליטרים,1.00,ליטר,false,,9.90,9.9000,true,1,1400774
7290001892008,false,לחם שיפון בסגנון סקנ,מאפיית פולנסקי,IL,לחם סקנדינבי,גרמים,700.00,100 גרם,false,,11.90,0.0170,true,1,1384340
7290001892077,false,לחם כפרי/שיפון/אוקרא,מאפיית פולנסקי,IL,לחם בריאות/רוסי/אוקראיני,גרמים,700.00,100 גרם,false,,11.90,0.0170,true,1,1384344
7290001901670,false,גפילטע פיש דיאט 4 קציצות בצנצנת הדג המיוחד 670 גרם,דג טעים בעמ,,צנצנת קציצות דיאט 4,גרמים,510.00,100 גרם,false,,15.90,0.0312,true,1,1435012
7290001917527,false,פרש וואנס פדים להסרת איפור 80 יח' *3,דנשר (1963) בעמ,IL,פדיות קוסמטיות **1X3**,יח',3.00,יח',false,,14.90,4.9667,true,1,1400777
7290001946015,false,אריסה מתוקה 250 גרם,תבליני ביטון מאיר,IL,אריסה מתוקה 250ג- 12יח',גרמים,250.00,100 גרם,false,,12.90,0.0516,true,1,1413365
7290001946046,false,עמבה ביטון,תבליני ביטון מאיר,IL,עמבה 250ג- 12יח',גרמים,250.00,100 גרם,false,,12.90,0.0516,true,1,1413366
7290001946077,false,אריסה חריפה 250 גרם,תבליני ביטון מאיר,IL,אריסה חריפה 250ג- 12יח',גרמים,250.00,100 גרם,false,,12.90,0.0516,true,1,1413367
7290001946114,false,סחוג אדום 150 גר ביט,,,סחוג אדום,גרמים,150.00,100 גרם,false,,9.90,0.0660,true,1,1413368
7290001946237,false,פלפל צ'ומה ביטון,תבליני ביטון מאיר,IL,פלפל צ'ומה 250ג- 12יח',גרמים,250.00,100 גרם,false,,12.90,0.0516,true,1,1413370
7290001946299,false,סחוג ירוק תבליני ביט,תבליני ביטון מאיר,IL,סחוג תימני 250ג- 12יח',גרמים,250.00,100 גרם,false,,12.90,0.0516,true,1,1413371
7290001946503,false,שום כתוש 250 גרם,תבליני ביטון מאיר,IL,שום כתוש 250ג- 12יח',גרמים,250.00,100 גרם,false,,12.90,0.0516,true,1,1413374
7290001946725,false,לימון בלאדי ביטון,תבליני ביטון מאיר,IL,לימון באלדי 250ג- 12יח',גרמים,250.00,100 גרם,false,,12.90,0.0516,true,1,1413375
7290001973233,false,"קמיל בלו מגבונים לחים סנסיטיב ד""ר פישר 120 יחידות","פישר תעשיות פרמבצטיות בע""מ",IL,ק.ב סנסטיב מגבונים 120 יח,יח',120.00,יח',false,,12.90,0.1075,true,1,1399524
7290001973332,false,"קמיל בלו מגבונים לפנים סנסיטיב ד""ר פישר 60 יחידות",פישר תעשיות פרמבצטיות בעמ,IL,- ק.ב.ס מגבונים לפנים 60,יח',60.00,יח',false,,6.90,0.1150,true,1,1399527
7290001973363,false,מגבונים קמיל בלו ליציאה שקית 30 יח,פישר תעשיות פרמבצטיות בעמ,IL,TO-GO ק.ב סנסטיב מגבונ,יח',30.00,יח',false,,6.90,0.2300,true,1,1399528
7290001989272,false,איקרה לבנה/אדומה במשקל,"סלטי שמיר 2006 בע""מ",,איקרא לבנה/ אדומה,קילוגרמים,1.00,"ק""ג",true,,49.00,49.0000,true,1,2234325
7290001990148,false,"סוכר גולדן קלאסי בצנצנת 1 ק""ג סוגת",האי נאם סי או אל.טי.,IL,סוכר גולדן קלסי צנצנת1 קג,קילוגרמים,1.00,"ק""ג",false,,12.90,12.9000,true,1,1380171
7290002000136,false,שעווה לחימום במיקרוגל - דבש ופרופוליס,"ש. שוורץ )באר שבע( בע""\מ",IL,מגע המשי הדבש ש.למיקרוגל,גרמים,500.00,100 גרם,false,,16.90,0.0338,true,1,1400778
7290002000143,false,"חדש -פנג'ל ק.ידיים קלאסיק 80מ""ל",מיוצר עי קונדיטוריית,IL,חדש -פנג'ל ק.ידיים קלאסיק,מיליליטרים,80.00,"100 מ""ל",false,,6.90,0.0863,true,1,1400779
7290002000266,false,שעווה מגע המשי הדבש תפוח למיקרו 500 גרם,המאפיה של הרמן,IL,מגע המשי התפוח ש.למיקרוגל,גרמים,500.00,100 גרם,false,,16.90,0.0338,true,1,1400780
7290002001782,false,פנג'ל פלוס לכף הרגל 100ג,אינטרקוסמא,IL,חדש-פנג'ל פלוס קרם כף רגל,גרמים,100.00,100 גרם,false,,14.90,0.1490,true,1,1400781
7290002002857,false,"מגע הדבש, ניירות להסרת שיער בשעווה, 50 יחידות","איטיליאן פוד, אס.פי.",FR,מגע המשי נייר הדבש 50יח,יח',50.00,יח',false,,18.90,0.3780,true,1,1400788
7290002003168,false,"שלישיית קרם ידיים קלאסי פנג'ל 80 מ""ל",אינטרקוסמא 1985 במ,,פנג'ל קרם ידיים קלאס,מיליליטרים,240.00,"100 מ""ל",false,,19.90,0.0829,true,1,2152961
7290002007029,false,קוקוס טחון 100 ג' הנמל,יבוא ושיווק: הנמל אר,,קוקוס טחון,גרמים,100.00,100 גרם,false,,3.90,0.0390,true,1,2236379
7290002007234,false,אבקת סוכר הנמל 100 גרם,הנמל אריזות ושיווק 1984 בע`מ,,אבקת סוכר 100 גרם,גרמים,100.00,100 גרם,false,,1.90,0.0190,true,1,1367928
7290002007302,false,סוכריות לקישוט צבע אחיד 100 ג' הנמל,קריות זול,,סוכריות קישוט לעוגה,גרמים,100.00,100 גרם,false,,4.90,0.0490,true,1,1367931
7290002007357,false,שקיות צליה דליקטס מיקרוגל הנמל 10 יח',הנמל אריזות ושיווק (1984) בעמ,,שקיות לצליה,יח',10.00,יח',false,,4.90,0.4900,true,1,1367932
7290002007371,false,פירורי לחם הנמל 500 ג',הנמל אריזות ושיווק 1984 בע`מ,,פירורי לחם 500ג.,גרמים,500.00,100 גרם,false,,5.90,0.0118,true,1,1367933
7290002007487,false,צמר פלדה הנמל 100 גרם,הנמל אריזות ושיווק (1984) בעמ,,צמר פלדה,גרמים,100.00,גרם,false,,2.90,0.0290,true,1,1367936
7290002007500,false,קיסמי שיניים הנמל במבוק 500 יחידות,הנמל אריזות ושיווק 1984 בע`מ,,קיסמי שיניים 500 יח,יח',500.00,יח',false,,3.80,0.0076,true,1,1367937
7290002007746,false,"צבע מאכל כחול 55 מ""ל הנמל",הנמל אריזות ושיווק ב,,צבע מאכל כחול,מיליליטרים,55.00,"100 מ""ל",false,,2.90,0.0527,true,1,1367941
7290002007821,false,צבעי מאכל אדום הנמל,הנמל אריזות ושווק בעמ,,צבע מאכל אדום,מיליליטרים,55.00,"100 מ""ל",false,,2.90,0.0527,true,1,1367944
7290002007852,false,"תמצית אפייה בטעמים שונים 55 מ""ל הנמל",הנמל אריזות ושיווק 1984 בע`מ,,תמצית לאפיה וניל,מיליליטרים,55.00,"100 מ""ל",false,,2.90,0.0527,true,1,1367945
7290002008057,false,"תמצית אפייה בטעם רום 55 מ""ל הנמל",ממתקי עלה ייצור שווק,,תמצית אפיה רום,מיליליטרים,55.00,"100 מ""ל",false,,2.90,0.0527,true,1,1367953
7290002008088,false,"צבע מאכל צהוב 55 מ""ל הנמל",הנמל אריזות ושיווק ב,,צבע מאכל צהוב,מיליליטרים,55.00,"100 מ""ל",false,,2.90,0.0527,true,1,1367955
7290002008156,false,גביעי נייר מספר 5 הנמל 1 יחידה,הנמל אריזות ושיווק (1984) בעמ,,נייר לעוגיות מס.5 13,יח',130.00,יח',false,,4.90,0.0377,true,1,1367958
7290002008170,false,גביעי נייר מספר 3 הנמל 1 יחידה,הנמל אריזות ושיווק (1984) בעמ,,נייר לעוגיות מס.3 13,יח',130.00,יח',false,,3.90,0.0300,true,1,1367959
7290002008224,false,סוכריות לקישוט צבעונית הנמל 100 ג',הנמל אריזות ושיווק 1984 בע`מ,,סוכריות קישוט,גרמים,60.00,100 גרם,false,,4.90,0.0817,true,1,1367961
7290002008255,false,נייר לאפיה 10 יח,,,נייר אפיה 10 יח,יח',10.00,יח',false,,2.00,0.2000,true,1,1367963
7290002008262,false,מצע נושם לפירות ירקו,שיווק: הנמל אריזות ו,,מצע נושם לירקות,יח',1.00,יח',false,,9.90,9.9000,true,1,1367964
7290002008309,false,עטרות נייר חום לעוגה מס' 4 הנמל 130יח',הנמל אריזות ושיווק (1984) בעמ,,נייר לעוגיות מס.4 13,יח',130.00,יח',false,,4.90,0.0377,true,1,1367966
7290002008354,false,מפת שולחן פלסטיק 8 יחידו,הנמל אריזות ושיווק 1984 בע`מ,,מפות ניילון בגליל 8,יח',8.00,יח',false,,7.90,0.9875,true,1,1367967
7290002008460,false,עטרות חום 1.5 מספר הנמל,הנמל אריזות ושיווק (1984) בעמ,,נייר לעוגיות מס.1.5,יח',130.00,יח',false,,2.90,0.0223,true,1,1367971
7290002008491,false,סוכריות לקישוט שוקולד 100 ג' הנמל,הנמל אריזות ושיווק 1984 בע`מ,,סוכריות קישוט שוקו,גרמים,100.00,100 גרם,false,,4.90,0.0490,true,1,1367972
7290002008507,false,נייר אפיה הנמל 50 יחידות,הנמל אריזות ושיווק (1984) בעמ,,נייר אפייה 50 יח,יח',50.00,יח',false,,8.90,0.1780,true,1,1367973
7290002008620,false,"צבע מאכל ירוק 55 מ""ל הנמל",ממתקי עלה יצור שיווק,,צבע מאכל ירוק,מיליליטרים,55.00,"100 מ""ל",false,,2.90,0.0527,true,1,1367977
7290002008743,false,סוכר וניל עשירייה הנמל 100 גרם,הנמל אריזות ושיווק 1984 בע`מ,,סוכר וניל 10 יח',גרמים,100.00,100 גרם,false,,1.90,0.0190,true,1,1367979
7290002008750,false,אבקת אפיה עשירייה הנמל 100 גרם,הנמל אריזות ושיווק 1984 בע`מ,,אבקת אפיה 10 יח',גרמים,100.00,100 גרם,false,,1.90,0.0190,true,1,1367980
7290002008835,false,מגן כיריים הנמל 4 יח,מיוצר בסין.יבוא ושיו,,מגן כיריים,יח',4.00,יח',false,,4.90,1.2250,true,1,1367981
7290002008927,false,סוכריות לקישוט שוקו לבן 100 ג' הנמל,ממתקי עלה יצור שיווק,,סוכריות קישוט שוקו ל,גרמים,100.00,100 גרם,false,,4.90,0.0490,true,1,1367984
7290002013006,false,פסטרמה מקסיקנית זוגלובג,נקניק זוגלובק נהריה,,פסטרמה מקסיקנית,קילוגרמים,1.00,"ק""ג",true,,85.00,85.0000,true,1,1369266
7290002013037,false,פסטרמה פרגיות זוגלובג,נקניק זוגלובק נהריה,,פסטרמה פרגיות על לבנ,קילוגרמים,1.00,"ק""ג",true,,85.00,85.0000,true,1,1369267
7290002013174,false,פסטרמה של פעם זוגלובג,נקניק זוגלובק נהריה,,פסטרמה של פעם,קילוגרמים,1.00,"ק""ג",true,,85.00,85.0000,true,1,1369268
7290002022152,false,מרשמלו ורוד לבן וסטהיים 100ג36X שקיות בקרטון,כרמית תעשיות ממתקים בעמ,IL,כרמית מרשמלו 100 גרם,גרמים,100.00,100 גרם,false,,3.00,0.0300,true,1,1386054
7290002022923,false,סוכריות על מקל בטעם תות כרמית 50 יחידות,כרמית תעשיות ממתקים בעמ,IL,כרמית לקקן תות 50יח',גרמים,450.00,100 גרם,false,,18.90,0.0420,true,1,1386055
7290002026341,false,אריסטו קראנץ ציפס בטטה טוגנים 500גר,מוצרי איכות אמריקאיים בעמ,,צ'יפס בטטה אריסטו,גרמים,500.00,100 גרם,false,,14.90,0.0298,true,1,1373719
7290002026358,false,אריסטו קראנץ צ`יפס בטטה זיגזג טוגנים 500,מוצרי איכות אמריקאיים בעמ,,צ'יפס בטטה אריסטו זי,גרמים,500.00,100 גרם,false,,14.90,0.0298,true,1,1373720
7290002026365,false,טבעות בצל אריסטו קראנץ' 500 גרם,מוצרי איכות אמריקאיים בעמ,,טבעות בצל אריסטו,גרמים,500.00,100 גרם,false,,9.90,0.0198,true,1,1373721
7290002026402,false,בראנץ אנד קראנץ בלינצס גבינה 350 גרם,מוצרי איכות אמריקאיים בעמ,IL,בלינצ'ס גבינה קפוא 350גר,גרמים,350.00,100 גרם,false,,15.90,0.0454,true,1,1373722
7290002026440,false,פרצלס בייגלה בראנץ אנד קראנץ 280 ג',מוצרי איכות אמריקאיים בעמ,IL,פרצלס קפוא פרצלס קפוא,גרמים,280.00,100 גרם,false,,15.90,0.0568,true,1,1373726
7290002026587,false,וופל בלגי פרווה בראנץ אנד קראנץ 8 יח',מוצרי איכות אמריקאיים בעמ,,וופל בלגי קפוא.,גרמים,220.00,100 גרם,false,,15.90,0.0723,true,1,2250115
7290002037057,false,"לחם לבן פרוס ארוז ""ברמן"" - מוצר בפיקוח",מאפית י את א ברמן בע,,לחם לבן פרוס 500 גרם,גרמים,500.00,100 גרם,false,,5.90,0.0118,true,1,1369946
7290002037163,false,לחם אחיד פרוס ודש ברמן (750 גרם),מאפית י.את א. ברמן ב,,לחם אחיד כהה פרוס 75,גרמים,750.00,100 גרם,false,,6.90,0.0092,true,1,1369949
7290002037569,false,לחמניות באני`ס ודש ברמן) (6,י.את א. ברמן בעמ,,מארז 6 לחמניות באניס,גרמים,450.00,100 גרם,false,,12.90,0.0287,true,1,1369955
7290002037637,false,לחמניות הבית מתוקות מאפיית ודש) (4,מאפית י.את א. ברמן ב,,חליה מתוקה 4 יחידות.,גרמים,360.00,100 גרם,false,,12.90,0.0358,true,1,1369956
7290002040019,false,קוסקוס רגיל מזון קוסקוס (350 גרם),הנמל אריזות ושיווק (1984) בעמ,,קוסקוס רגיל בשקית 35,גרמים,350.00,100 גרם,false,,5.50,0.0157,true,1,1367987
7290002040064,false,קוסקוס דק להכנה מהירה בשקית 350 גרם,הנמל אריזות ושיווק (1984) בעמ,,קוסקוס דק בשקית.,גרמים,350.00,100 גרם,false,,5.50,0.0157,true,1,1367989
7290002040071,false,קוסקוס עבה להכנה קלה ומהירה 350 גרם,הנמל אריזות ושיווק (1984) בעמ,,קוסקוס עבה בשקית 350,גרמים,350.00,100 גרם,false,,5.50,0.0157,true,1,1367990
7290002040088,false,קוסקוס מלא מזון קוסקוס (350 גרם),הנמל אריזות ושיווק (1984) בעמ,,קוסקוס מלא 350 גר.,גרמים,350.00,100 גרם,false,,6.50,0.0186,true,1,1367991
7290002041009,false,"חלאבילין אורגינל 10 מ""ל",תעשיות שיק,,חלאבלין אורגינל,גרמים,10.00,100 גרם,false,,39.90,3.9900,true,1,1374555
7290002041023,false,רעננה קרם דאו.לכף הרגל,תעשיות שיק,,רעננה אורגינל,גרמים,12.50,100 גרם,false,,39.90,3.1920,true,1,1374556
7290002041368,false,"מידנייט דאודורנט ספריי 150 מ""ל",חלאבין,,דאודרנט מידנייט,מיליליטרים,150.00,"100 מ""ל",false,,14.90,0.0993,true,1,1374559
7290002041801,false,"קרם גוף לאב ליין 275 מ""ל",תעשיות שיק,,לאבלין קרם גוף,מיליליטרים,275.00,"100 מ""ל",false,,44.90,0.1633,true,1,1374560
7290002041818,false,"דאו.רול און מידנייט80מ""ל",תעשיות שיק,,דאודורנט און מידנייט,מיליליטרים,80.00,"100 מ""ל",false,,14.90,0.1863,true,1,1374561
7290002041832,false,דאו.רול און לאב ליין80מ,חלאבין,,דאודורנט רולאון לאבל,מיליליטרים,80.00,"100 מ""ל",false,,14.90,0.1863,true,1,1374562
7290002043782,false,אקסטרה צ'יפס אורז חום מלא טקסס ברביקיו 60 גרם,א.ל.ייצור ושיווק תבלינים בעמ,,ציפס אורז חום מלא טק,גרמים,60.00,100 גרם,false,,5.90,0.0983,true,1,2279262
7290002053101,false,אטריות ביצים בינוניות מספר 12 אוריינט 200 גרם,פ.פ.ח טאביט,PL,12 אטריות ביצים,גרמים,200.00,100 גרם,false,,6.90,0.0345,true,1,1353104
7290002053118,false,אטריות ביצים עבות מספר 14 אוריינט 200 גרם,האי נאם סי או אל.טי.,PL,14 אטריות ביצים,גרמים,200.00,100 גרם,false,,6.90,0.0345,true,1,1353105
7290002053354,false,אטריות נודלס סיני להקפצה אוריינט 300 גרם,טאביט ספ.ז.או.או,PL,נודלס סיני300גר,גרמים,300.00,100 גרם,false,,9.90,0.0330,true,1,1353106
7290002053538,false,נודלס בסגנון תאילנדי 25 תוספת אוריינטל 500 גרם,גורי מוצרי צריכה (1991) בעמ,,נודלס איטריות.,גרמים,400.00,100 גרם,false,,13.90,0.0348,true,1,2252602
7290002057352,false,מלפפונים במלח ‏9‏-‏7‏ קבוצת יבנה 320 גרם,"קבוצת יבנה מוצרי מזון בע""מ",,מלפפון במלח 7-9,גרמים,560.00,100 גרם,false,,6.50,0.0116,true,1,1407149
7290002075233,false,שוקולד אייסקונפקט 250 גרם,שוקוטרייד בעמ,,אייס 250 גרם,גרמים,250.00,100 גרם,false,,18.90,0.0756,true,1,1384352
7290002075271,false,סוכריות ריקולה בשקית בטעם צמחים,(EITAN (CHOCOTRADE,,סוכריות ריקולה צמחים,גרמים,70.00,100 גרם,false,,9.90,0.1414,true,1,1384353
7290002077725,false,סלומון נורווגי מצונן דלידג 100ג',נטו מלינדה סחר בע`מ,,פילה סלמון מצונן 100,גרמים,100.00,100 גרם,false,,19.90,0.1990,true,1,2233826
7290002107071,false,גבינת פטה עיזים מעודנת 16% משק צוריאל 200 גרם,החברה המרכזית טלהפצת משקאות בע,IL,פטה עיזים מעודנת בגביע -,גרמים,200.00,100 גרם,false,,21.90,0.1095,true,1,1375334
7290002107316,false,טבורוג למעדיה צוריאל,מחלבת משק צוריאל,IL,"טבורוג 5% - 2 ק""ג",קילוגרמים,1.00,"ק""ג",true,,39.00,39.0000,true,1,1375337
7290002107385,false,גליל גבינת עיזים מה עז משק צוריאל 180 גרם,החברה המרכזית טלהפצת משקאות בע,IL,מה-עז - גליל גבינת עיזים,גרמים,180.00,100 גרם,false,,21.90,0.1217,true,1,1375338
7290002107422,false,בולגרית גלילית 5% במשקל,משק צוריאל תבור,IL,בולגרית המשק 5% צוריאל 4,קילוגרמים,1.00,"ק""ג",true,,49.00,49.0000,true,1,1375339
7290002107491,false,גבינה לבנה מחלב עיזים למריחה 5% משק צוריאל 250 גרם,*החברה המרכזית להפצת משקאותבעמ,IL,גב עזים למריחה 5%-250 גר-,גרמים,250.00,100 גרם,false,,10.90,0.0436,true,1,1375342
7290002107743,false,צפתית מעודנת5%משק צוריאל,מחלבת משק צוריאל,IL,"צפתית מעודנת - 5% - 4 ק""ג",קילוגרמים,1.00,"ק""ג",true,,59.00,59.0000,true,1,1375345
7290002107798,false,גבינה בולגרית מעודנת 5% משק צוריאל 250 גרם,*החברה המרכזית להפצת משקאותבעמ,IL,בולגרית מעודנת 5% בגביע צ,גרמים,250.00,100 גרם,false,,19.90,0.0796,true,1,1375346
7290002109372,false,בורקס פילו אצבעות בולגרי 700 ג' שלושת האופים,שלושת האופים שגמור,IL,בורקס פילו אצבעות בולגרית,גרמים,700.00,100 גרם,false,,14.90,0.0213,true,1,1376342
7290002118435,false,צמרוני כותנה ביוטי הנמל 300 יחידות,ספה,,צמרוני אוזניים 300 י,יח',300.00,יח',false,,6.90,0.0230,true,1,1367994
7290002128014,false,נרות שבת מס 4 מנורה,"מנורה שי נר בע""מ",IL,נרות שבת מנורה מספר 4 (19,יח',4.00,יח',false,,3.50,0.8750,true,1,1400696
7290002128083,false,נרות חנוכה רגיל 44יח-מנורה,,,נרות חנוכה רגיל,יח',44.00,יח',false,,2.90,0.0659,true,1,1400700
7290002128137,false,נרות שבת מנורה 8/72,"מנורה שי נר בע""מ",IL,נרות שבת 8/72 מנורה דה-לו,יח',72.00,יח',false,,34.90,0.4847,true,1,1400702
7290002128205,false,נרות לא נוטפים 45יח-מנורה,,,נרות חנוכה לוקס,יח',45.00,יח',false,,5.90,0.1311,true,1,1400703
7290002128212,false,נרות שבת מס 6 מנורה,"מנורה שי נר בע""מ",IL,נרות שבת מנורה מספר 6 (19,יחידה,0.00,יחידה,false,,3.50,0.0000,true,1,1400704
7290002128236,false,נרות שבת מס 10 מנורה,"מנורה שי נר בע""מ",IL,נרות שבת מנורה מספר 10 (1,יח',10.00,יח',false,,3.50,0.3500,true,1,1400706
7290002128250,false,"נרות שבת מ""ס 16",מנורה,IL,נרות שבת מנורה מספר 16 (1,יח',16.00,יח',false,,3.50,0.2188,true,1,1400708
7290002128267,false,"נרות שבת מ""ס 20",מנורה,IL,נרות שבת מנורה מספר 20 (1,יח',20.00,יח',false,,3.50,0.1750,true,1,1400709
7290002128274,false,חנוכיית מתכת עם/בלי,,,חנוכיית מתכת עם/בלי,יחידה,0.00,יחידה,false,,10.90,0.0000,true,1,2229506
7290002128311,false,נר נשמה בכוס זכוכית שבועי מנורה שי נר,"מנורה שי נר בע""מ",IL,נרות נשמה שבועי בכוס זכוכ,יחידה,0.00,יחידה,false,,9.90,0.0000,true,1,1400711
7290002128618,false,נר הבדלה דקורטיבי עש,,,נר הבדלה עששית כסף/ז,יח',1.00,יח',false,,16.90,16.9000,true,1,2338438
7290002128700,false,נרות חימום 50 יח' מנורה,"מנורה שי נר בע""מ",IL,נרות חימום מנורה 50 יחידו,יח',50.00,יח',false,,12.90,0.2580,true,1,1400714
7290002128762,false,נר נשמה בכוס ל72 שעות מנורה שי נר,"מנורה שי נר בע""מ",IL,נרות נשמה בכוס דולקים 72,יח',1.00,יח',false,,5.90,5.9000,true,1,1400716
7290002128786,false,זוגות כוסיות לנריות,"מנורה שי נר בע""מ",IL,"זוג כוסיות לנריות בקופסה,",יח',2.00,יח',false,,3.20,1.6000,true,1,1400717
7290002128946,false,נר נשמה בכוס ל48 שעות מנורה שי נר,מנורה אור חדש בעמ,IL,נרות נשמה בכוס דולקים 48,יח',1.00,יח',false,,4.20,4.2000,true,1,1400720
7290002129462,false,פיצה איטלקית דקה שלושת האופים מארז זוג 640 ג',נטו מלינדה סחר בעמ,,פיצה איטלקית דקה שלו,גרמים,640.00,100 גרם,false,,21.90,0.0342,true,1,1716739
7290002130376,false,דבש טהור מפרחי בר 30 גר`,שטראוס גרופ בע`מ,IL,דבש 30 גרם (שוטף),גרמים,30.00,100 גרם,false,,3.90,0.1300,true,1,1390111
7290002130567,false,דבש דבורים טהור פרחי בר יד מרדכי 350 גרם,מכוורת יד מרדכי שטראוס ב,IL,דבש טהור 350 גרם,גרמים,350.00,100 גרם,false,,16.90,0.0483,true,1,1390112
7290002130581,false,דבש טהור מפרחי בר יד מרדכי (1 קג),מכוורת יד מרדכי שטראוס ב,IL,"דבש טהור 1 ק""ג",גרמים,1000.00,100 גרם,false,,39.90,0.0399,true,1,1390113
7290002132011,false,עוגיות מזרחיות עם שומשום עבאדי (400 גר),מאפיית יוסף ושמחה עבאדי,IL,עוגיות מזרחיות 500 גרם,גרמים,400.00,100 גרם,false,,17.90,0.0447,true,1,1386760
7290002150107,false,קובה בורגול במילוי ב,חמים וטעים,IL,"קובה בשר 1 ק""ג",קילוגרמים,1.00,"ק""ג",false,,32.90,32.9000,true,1,1370275
7290002150169,false,אמפנדס במילוי בשר וז,חמים וטעים,IL,אמפנדס בשר מטוגן 800 גר`,גרמים,800.00,100 גרם,false,,32.90,0.0411,true,1,1370278
7290002150305,false,סיגרים מרוקאים במילו,חמים וטעים בעמ,IL,"סיגר בשר 1 ק""ג",קילוגרמים,1.00,"ק""ג",false,,32.90,32.9000,true,1,1370285
7290002150336,false,"פלאפל אמיתי בד""צ 800",חמים וטעים בעמ,IL,"בד""צ פלאפל אמיתי 800 גר",גרמים,800.00,100 גרם,false,,22.90,0.0286,true,1,1370286
7290002150374,false,"קובה חמוסטה למרק בד""",חמים וטעים,IL,"בד""צ קובה חמוסטה 1 קג",קילוגרמים,1.00,"ק""ג",false,,32.90,32.9000,true,1,1370287
7290002150404,false,"סיגר תפו""א חמים וטעים 1 קג",חמים וטעים בעמ,IL,"סיגר תפו""א 1 ק""ג",קילוגרמים,1.00,"ק""ג",false,,26.90,26.9000,true,1,1370289
7290002150503,false,אגרול סיני במילוי יר,חמים וטעים,IL,"אגרול סיני 1 ק""ג",קילוגרמים,1.00,"ק""ג",false,,32.90,32.9000,true,1,1370290
7290002150589,false,סמבוסק אורגינל במילו,חמים וטעים,IL,סמבוסק חומוס מטוגן 800 גר,גרמים,800.00,100 גרם,false,,32.90,0.0411,true,1,1370294
7290002150626,false,"קובה סורי מטוגן 1 ק""",חמים וטעים,IL,"קובה סורית מטוגן 1 ק""ג",קילוגרמים,1.00,"ק""ג",false,,32.90,32.9000,true,1,1370295
7290002150664,false,"קובה ביתי מטוגן 1ק""ג",חמים וטעים,IL,"קובה ביתי מטוגן 1 ק""ג",קילוגרמים,1.00,"ק""ג",false,,32.90,32.9000,true,1,1370296
7290002150671,false,קרפלך במילוי בשר 1 ק'ג,חמים וטעים בעמ,IL,"קרפלך בשר 1 ק""ג",קילוגרמים,1.00,"ק""ג",false,,32.90,32.9000,true,1,1370297
7290002150688,false,קרפלך במילוי תפוחי א,חמים וטעים בעמ,IL,"קרפלך תפוא 1 ק""ג",קילוגרמים,1.00,"ק""ג",false,,27.90,27.9000,true,1,1370298
7290002150695,false,קובה למרק במילוי בשר,חמים וטעים,IL,"קובה למרק 1 ק""ג",קילוגרמים,1.00,"ק""ג",false,,32.90,32.9000,true,1,1370299
7290002157953,false,מארז נתחי טונה בהירה בשמן קנולה - 4 יחידות,נטו מלינדה סחר בע`מ,,טונה ויליגר בשמן קנו,גרמים,560.00,100 גרם,false,,19.90,0.0355,true,1,2243980
7290002157960,false,טונה ויליגר רביעייה 140 גר במי מלח,נטו מילנדה סחר בעמ*,,טונה ויליגר במי מלח,גרמים,560.00,100 גרם,false,,19.90,0.0355,true,1,2245176
7290002190141,false,ריבת חלב 450 גר`גלעם קומידה,תומר יבוא ושיווק מוצרי מזון (1,,ריבת חלב 450 גרם,גרמים,450.00,100 גרם,false,,14.90,0.0331,true,1,1387019
7290002190516,false,"ריבת חלב גלעם-קומידה 500ג' 12X-כשל""פ",תומר יבוא ושיווק מוצרי מזון (1,,ריבת חלב 500 גרם,גרמים,500.00,100 גרם,false,,14.90,0.0298,true,1,1387020
7290002198031,false,פסטרמה פרגיות ללחמניה .1,זוגלובק,,פסטרמה פרגיות ללחמני,קילוגרמים,1.00,"ק""ג",true,,85.00,85.0000,true,1,2280102
7290002198048,false,פסטרמה הודו בתיבול שוואר,זוגלובק,,פסטרמה הודו בתיבול ש,קילוגרמים,1.00,"ק""ג",true,,85.00,85.0000,true,1,2280103
7290002198116,false,"פסטרמה ברזילאית זוגלובק, מחיר לפי משקל",זוגלובק,,ברזילאית מעדנייה,קילוגרמים,1.00,"ק""ג",true,,159.00,159.0000,true,1,2354662
7290002210009,false,חלבה וניל בלוק 500 גרם,עדן,,חלבה בלוק 500 גרם ונ,גרמים,500.00,100 גרם,false,,8.90,0.0178,true,1,1502557
7290002210085,false,"חלבה בלוק 1 ק""ג קסטה",,,"חלבה בלוק 1 ק""ג קסטה",גרמים,1000.00,100 גרם,false,,15.90,0.0159,true,1,1502585
7290002210115,false,חלבה עם שקד ואגוז 500 גר,עדן,,חלבה בלוק 500 גרם שק,גרמים,500.00,100 גרם,false,,10.90,0.0218,true,1,1502560
7290002210412,false,חלבה וניל 100 גרם,עדן,,חלבה 100 גרם,גרמים,100.00,100 גרם,false,,3.90,0.0390,true,1,1502563
7290002210429,false,חלבה מצופה 80 גרם,עדן,,חלבה מצופה 80 גרם,גרמים,80.00,100 גרם,false,,3.90,0.0487,true,1,1502564
7290002210467,false,חלבה 12 יחדות בקוופס,,,חלבה 12 יחדות בקוופס,יחידה,0.00,יחידה,false,,9.90,0.0000,true,1,1683303
7290002210474,false,חלבה ללא סוכר 12 יח,,,חלבה ללא סוכר 12 יח,יחידה,0.00,יחידה,false,,11.90,0.0000,true,1,1502588
7290002210498,false,טחינה 500 גרם שומשום,,,טחינה 500 גרם שומשום,גרמים,500.00,100 גרם,false,,9.90,0.0198,true,1,1502589
7290002210528,false,"טחינה 1 ק""ג",,,"טחינה 1 ק""ג",קילוגרמים,1000.00,"100 ק""ג",false,,17.90,0.0179,true,1,1502591
7290002232964,false,ציפוי לשניצל פז טחון דק 500 גרם דגש,נטורפוד בעמ,IL,צפוי פז טחון דק 600,גרמים,600.00,100 גרם,false,,29.90,0.0498,true,1,1398062
7290002232995,false,ציפוי פז דגש 500גר ללא גלוטן.,נטורפוד בעמ,IL,ציפוי פז דגש 500,גרמים,500.00,100 גרם,false,,29.90,0.0598,true,1,1398065
7290002239185,false,אפונת גינה קפואה פרי גליל 800 גרם,ויטה -פרי גליל (החדשה) בעמ,IL,אפונה 800פג,גרמים,800.00,100 גרם,false,,9.90,0.0124,true,1,1394607
7290002239215,false,אפונה וגזר קפוא פרי גליל 800 גרם,ויטה -פרי גליל (החדשה) בעמ,IL,אפונה וגזר 800פג,גרמים,800.00,100 גרם,false,,9.90,0.0124,true,1,1394608
7290002239277,false,גזר גמדי קפוא פרי גליל 800ג',ויטה- פרי גליל (החדשה) בעמ,IL,ג .גמדי 800פג,גרמים,800.00,100 גרם,false,,7.90,0.0099,true,1,1394609
7290002239307,false,שעועית צהובה חתוכה 800 גר`פרי גליל,ויטה פרי גליל (החדשה) בע`מ,IL,שע צהובה 800פג,גרמים,800.00,100 גרם,false,,9.90,0.0124,true,1,1394610
7290002239338,false,שעועית ירוקה חתוכה800 גר`פרי גליל,ויטה- פרי גליל (החדשה) בעמ,IL,שע ירוקה 800פג,גרמים,800.00,100 גרם,false,,9.90,0.0124,true,1,1394611
7290002239369,false,שעועית ירוקה שלמה 800 גרם פרי הגליל,ויטה פרי גליל (החדשה) בע`מ,IL,שע שלמה 800פג,גרמים,800.00,100 גרם,false,,9.90,0.0124,true,1,1394612
7290002239420,false,תירס גרעינים 800 ג ' פרי הגליל,ויטה- פרי גליל (החדשה) בעמ,IL,תירס 800פג,גרמים,800.00,100 גרם,false,,9.90,0.0124,true,1,1394613
7290002253006,false,שום טרי כתוש צנצנת דורות 200 גרם,קבוצת אוסם סחר-שות.מוגבלת,IL,שום כתוש 200 גרם מרקם רך,גרמים,200.00,100 גרם,false,,16.90,0.0845,true,1,1349500
7290002253105,false,שום במגשית 20 שיניים כתושות קפוא 80,קבוצת אוסם סחר-שות.מוגבלת,IL,שום כתוש 80 גרם,גרמים,80.00,100 גרם,false,,11.90,0.1488,true,1,1349503
7290002253150,false,קוביות בזיליקום קצוץ דורות 70 גרם,קבוצת אוסם סחר שותפות מוגבלת,IL,בזיליקום קצוץ 70 גרם,גרמים,70.00,100 גרם,false,,9.90,0.1414,true,1,1349504
7290002253167,false,פטרוזיליה טרייה קצוצה מוקפאת 70 גרם,קבוצת אוסם סחר שותפות מוגבלת,IL,פטרוזיליה קצוצה 70 גרם,גרמים,70.00,100 גרם,false,,9.90,0.1414,true,1,1349505
7290002253174,false,קוביות שמיר קצוץ דורות 70 גרם,קבוצת אוסם סחר שותפות מוגבלת,IL,שמיר קצוץ 70 גרם,גרמים,70.00,100 גרם,false,,9.90,0.1414,true,1,1349506
7290002253181,false,כוסברה טרייה קצוצה 20 קוביות 70 גרם קפוא,קבוצת אוסם סחר שותפות מוגבלת,IL,כוסברה קצוצה 70 גרם,גרמים,70.00,100 גרם,false,,9.90,0.1414,true,1,1349507
7290002253198,false,ג'ינג'ר טרי כתוש במגשית 70 ג' דורות,קבוצת אוסם סחר-שות.מוגבלת,IL,ג'ינג'יר כתוש 70 גרם,גרמים,70.00,100 גרם,false,,9.90,0.1414,true,1,1349508
7290002253235,false,דורות רוטב פסטו דורות,קבוצת אוסם סחר שותפות מוגבלת,IL,רוטב פסטו 160 גרם,גרמים,160.00,100 גרם,false,,11.90,0.0744,true,1,1349509
7290002253259,false,דורות רוטב עגבניות בזיליקום 160 גרם,עיצובים 2020 (3.8),IL,רוטב עגבניות בזיליקום 160,גרמים,160.00,100 גרם,false,,11.90,0.0744,true,1,1349511
7290002253310,false,דורות שום צילי חריף קוביות תערובת 80 גר,קבוצת אוסם סחר שותפות מוגבלת,,שום צילי חריף קוביות,גרמים,80.00,100 גרם,false,,11.90,0.1488,true,1,2080215
7290002259657,false,"דייאמונד רדיד אלומיניום צר 30 ס""מ ארוך פי 3, 22.5 מ'",גורי ע.ע.ע. בע`מ,US,רדיד אלומיניום צר רוחב 30,מטרים,22.80,מטר,false,,22.90,1.0044,true,1,1393815
7290002259664,false,רדיד אלומיניום דיימונד גדול 60X0.60מ',ריינולדס מוצרי צריכה,US,רדיד אלומיניום צר רוחב 30,מטרים,60.00,מטר,false,,47.90,0.7983,true,1,1393816
7290002259930,false,רדיד אלומיניום זוגות,ריינולדס,US,זוג רדיד אלומיניום צר רוח,מטרים,15.20,מטר,false,,19.90,1.3092,true,1,1393817
7290002270690,false,קרם ידיים גדול קרליי,,,קרם ידיים גדול קרליי,מיליליטרים,80.00,"100 מ""ל",false,,7.40,0.0925,true,1,1366010
7290002270713,false,"קרם ידיים וגוף אבוקדו 45 מ""ל",אבוקדו,,קרם אבוקדו-שפורפרת ק,מיליליטרים,45.00,"100 מ""ל",false,,11.90,0.2644,true,1,1366011
7290002278528,false,כריות ניקוי שבתכלין ביאנקו שייני 2 יחידות,מ.א.ייצור ויבוא מטליות בעמ,IL,כרית שבת כלין 2 יח' 1/24,יח',2.00,יח',false,,7.90,3.9500,true,1,1373579
7290002317005,false,זיתים טבעות מושחר 560ג A2 מטולה,שימורי מוטולה בעמ,IL,זיתים מושחר טבעות A2,גרמים,560.00,100 גרם,false,,9.90,0.0177,true,1,1365438
7290002317081,false,זיתים נטולי גלעין +20% 670ג A2 מטולה,שימורי מוטולה בעמ,IL,זיתים נטולי גלעין20%+A2,גרמים,670.00,100 גרם,false,,9.90,0.0148,true,1,1365441
7290002317128,false,מלפפון 560ג במלח 10-12 A2 מטולה,שימורי מוטולה בעמ,IL,מלפפון במלח A2 10-12,גרמים,560.00,100 גרם,false,,8.90,0.0159,true,1,1365443
7290002317135,false,מלפפון 560ג במלח 13-17 A2 מטולה,שימורי מוטולה בעמ,IL,מלפפון במלח A2 13-17,גרמים,560.00,100 גרם,false,,10.90,0.0195,true,1,1365444
7290002317142,false,"18-25 מלפפון מלח ""מוטולה""",שימורי מוטולה בעמ,IL,מלפפון במלח A2 18-25,גרמים,560.00,100 גרם,false,,11.90,0.0213,true,1,1365445
7290002317166,false,מלפפון 560ג בחומץ 10-12 A2 מטולה,שימורי מוטולה בעמ,,מלפפון בחומץ 10-12,גרמים,560.00,100 גרם,false,,8.90,0.0159,true,1,1365446
7290002317173,false,מלפפון בחומץ 13-17 560ג A2 מטולה,שימורי מוטולה בעמ,IL,מלפפון בחומץ A2 13-17,גרמים,560.00,100 גרם,false,,10.90,0.0195,true,1,1365447
7290002317180,false,מלפפונים בחומץ 18-25 560,שימורי מוטולה בעמ,,מלפפון בחומץ 18-25,גרמים,560.00,100 גרם,false,,11.90,0.0213,true,1,1365448
7290002317241,false,זיתים סורי מבוקע,,,זיתים סורי מבוקע,גרמים,560.00,100 גרם,false,,11.90,0.0213,true,1,1365452
7290002317258,false,זיתים סורי שלם מוטולה,שימורי מוטולה,IL,זיתים סורי שלם A2,גרמים,560.00,100 גרם,false,,11.90,0.0213,true,1,1365453
7290002317265,false,מלפפון 650ג במלח +20% 7-9 A2 מטולה,שימורי מוטולה בעמ,IL,מלפפון במלח 20%+ A2 7-9,גרמים,670.00,100 גרם,false,,6.90,0.0103,true,1,1365454
7290002317289,false,חצילים מוחמצים 560 גרם,שימורי מוטולה בעמ,IL,חצילים A2,גרמים,560.00,100 גרם,false,,7.90,0.0141,true,1,1365455
7290002317296,false,פלפל חריף שיפקה 670ג 20%+A2 מטולה,שימורי מוטולה בעמ,IL,פלפל חריף שיפקה 20%+ A2,גרמים,550.00,100 גרם,false,,7.90,0.0144,true,1,1365456
7290002317319,false,מלפפון 650ג בחומץ +20% 7-9 A2 מטולה,שימורי מוטולה בעמ,IL,מלפפון בחומץ 20%+ A2 7-9,גרמים,670.00,100 גרם,false,,6.90,0.0103,true,1,1365458
7290002317326,false,זיתים מנזולינו 12-15 +20% 670ג A2 מטולה,שימורי מוטולה בעמ,IL,זיתים מנז' 20%+ A2 12-15,גרמים,670.00,100 גרם,false,,7.90,0.0118,true,1,1365459
7290002317357,false,פלפל שיפקה חריף צנצנת זכוכית מוטולה,אבאל יזמות בעמ,IL,פלפל חריף שיפקה צנצנת 275,גרמים,630.00,100 גרם,false,,8.90,0.0141,true,1,1365460
7290002317371,false,זיתים מושחר נטול גלעין 560ג A2 מטולה,שימורי מוטולה בעמ,IL,זית מושחר נטול גלעין A2,גרמים,560.00,100 גרם,false,,9.90,0.0177,true,1,1365461
7290002317401,false,זיתים ירוק גדול,שימורי מוטולה,IL,זיתים מנז' 43OZ 15-17,גרמים,1300.00,100 גרם,false,,17.90,0.0138,true,1,1365463
7290002317425,false,זיתים חרוזית 25,שימורי מוטולה,IL,זיתים נטולי גלעין 43-OZ,גרמים,1250.00,100 גרם,false,,19.90,0.0159,true,1,1365464
7290002317456,false,פלפל אדום רצועות מוטולה,שימורי מוטולה בעמ,,רצועות פלפל אדום מתו,גרמים,560.00,100 גרם,false,,7.90,0.0141,true,1,1365465
7290002317463,false,מלפפון במלח 15-20,שימורי מוטולה,IL,מלפפון במלח 43OZ 15-20,גרמים,1300.00,100 גרם,false,,15.90,0.0122,true,1,1365466
7290002317470,false,מלפפון בחומץ 15-20,,,מלפפון בחומץ 15-20,גרמים,1300.00,100 גרם,false,,15.90,0.0122,true,1,1365467
7290002317579,false,זיתים טבעות ירוק 560ג A2 מטולה,שימורי מוטולה בעמ,IL,זיתים טבעות ירוק A2,גרמים,560.00,100 גרם,false,,9.90,0.0177,true,1,1365471
7290002317609,false,כרוב כבוש 560ג A2 מטולה,שימורי מוטולה בעמ,IL,כרוב כבוש A2,גרמים,560.00,100 גרם,false,,7.90,0.0141,true,1,1365472
7290002317616,false,זיתים מרינט 17-19 560ג A2 מטולה,שימורי מוטולה בעמ,IL,זיתים חתוכים מרינט 17-19,גרמים,560.00,100 גרם,false,,9.90,0.0177,true,1,1365473
7290002317654,false,זיתים ירוקים נובו ענק700,שימורי מוטולה בעמ,,זית נובו ענק צנצנת,גרמים,700.00,100 גרם,false,,11.90,0.0170,true,1,1365476
7290002317661,false,זיתים מנזולינו גדול מאוד זכוכית מוטולה,שימורי מוטולה בעמ,IL,זיתים מנז' גדול צנצ' זכוכ,גרמים,560.00,100 גרם,false,,10.90,0.0195,true,1,1365477
7290002317678,false,חרוזית ירוק צנצנת זכוכית מוטולה,שימורי מוטולה בעמ,,זית חרוזית ירוק,גרמים,560.00,100 גרם,false,,9.90,0.0177,true,1,1365478
7290002317746,false,זיתים שחורים גדול גרם560,שימורי מוטולה בעמ,IL,זיתים טבעי 17-19 צנצ' זכו,גרמים,560.00,100 גרם,false,,9.90,0.0177,true,1,1365479
7290002317814,false,חצילים מוחמצים צנצנת700ג,שימורי מוטולה בעמ,IL,חצילים צנצנת זכוכית 400 ג,גרמים,700.00,100 גרם,false,,9.90,0.0141,true,1,1365482
7290002317852,false,מלפפון ביתי בצנצנת מוטולה (900גר`),שימורי מוטולה בעמ,,מלפפונים במלח 1.65 ק,גרמים,1650.00,100 גרם,false,,26.90,0.0163,true,1,1365484
7290002317913,false,ירקות מעורבים כבושים 360 גרם מוטלה,שימורי מוטולה בעמ,,ירקות מעורבים בצנצנת,גרמים,700.00,100 גרם,false,,11.90,0.0170,true,1,1714273
7290002319016,false,אבקת אפיה עשיריות מיה 100 גרם,מיה תעשיות מזון מ.ת.מ. בעמ,IL,אבקת אפיה עשיריות,גרמים,100.00,100 גרם,false,,2.00,0.0200,true,1,1381091
7290002319023,false,סוכר וניל עשיריות מיה 100 גרם,מיה תבליני החיים ירושלים בע`מ,IL,סוכר וניל עשיריות,גרמים,100.00,100 גרם,false,,2.00,0.0200,true,1,1381092
7290002319047,false,אגוזי המלך 100 גר' מיה,מיה תעשיות מזון מ.ת.מ. בעמ,IL,אגוזי מלך 100גרם,גרמים,100.00,100 גרם,false,,10.90,0.1090,true,1,1381094
7290002319054,false,פרג טחון מיה 100 גרם,מיה תעשיות מזון מ.ת.מ. בעמ,IL,פרג טחון 100גרם,גרמים,100.00,100 גרם,false,,4.90,0.0490,true,1,1381095
7290002319337,false,תמרים שקית 200גרם,מיה תעשיות מזון מ.ת.מ. ב,IL,תמרים 200גרם,גרמים,200.00,100 גרם,false,,5.90,0.0295,true,1,1381101
7290002319375,false,"קורנפלור 200 ג' בד""ץ מיה",מיה תעשיות מזון מ.ת.מ. בעמ,IL,קורנפלור 200גרם (חדש),גרמים,200.00,100 גרם,false,,3.90,0.0195,true,1,1381103
7290002319429,false,פפריקה מתוקה בצנצנת מיה 80 גרם,מיה תעשיות מזון מ.ת.מ בעמ,IL,פפריקה מתוקה 80גרם,גרמים,80.00,100 גרם,false,,6.90,0.0863,true,1,1381106
7290002319443,false,כמון בצנצנת מיה 80 גרם,מיה תעשיות מזון מ.ת.מ בעמ,IL,כמון 80גרם,גרמים,80.00,100 גרם,false,,6.90,0.0863,true,1,1381108
7290002319528,false,קמח מצה חמץ 200 גר' מיה,קבוצת אסם סחר שות. מוגבלת,IL,קמח מצה 200גרם,גרמים,200.00,100 גרם,false,,2.90,0.0145,true,1,1381112
7290002319580,false,מלח לימון בצנצנת מיה 150 גרם,מיה תעשיות מזון מ.ת.מ בעמ,IL,מלח לימון 150גרם,גרמים,150.00,100 גרם,false,,6.90,0.0460,true,1,1381113
7290002319610,false,שקדים טחונים מיה 100 גרם,מיה תעשיות מזון מ.ת.מ. בעמ,IL,שקדים טחונים 100גרם,גרמים,100.00,100 גרם,false,,10.90,0.1090,true,1,1381116
7290002319740,false,אגוזי מלך טחונים מיה 100 גרם,מיה תעשיות מזון מ.ת.מ. בעמ,IL,אגוזי מלך טחונים 100גרם,גרמים,100.00,100 גרם,false,,10.90,0.1090,true,1,1381124
7290002319771,false,תמצית אפיה בטעם וניל מיה (50 מל),מיה תעשיות מזון מ.ת.מ. בעמ,IL,תמצית אפיה וניל,מיליליטרים,50.00,"100 מ""ל",false,,2.50,0.0500,true,1,1381126
7290002319788,false,תמצית אפיה בטעם רום כשלפ בדצ העדח,מיה תעשיות מזון מ.ת.מ. בעמ,IL,תמצית אפיה רום,מיליליטרים,60.00,"100 מ""ל",false,,2.50,0.0417,true,1,1381127
7290002319825,false,"אבקת סוכר 100 ג`בד""ץ מיה",מיה תעשיות מזון מ.ת.מ. בעמ,IL,אבקת סוכר 100גרם,גרמים,100.00,100 גרם,false,,2.00,0.0200,true,1,1381130
7290002319849,false,שזיף יבש שקית 200 גר' מיה,מיה תעשיות מזון מ.ת.מ. ב,IL,שזיף מיובש 200גרם,גרמים,200.00,100 גרם,false,,8.90,0.0445,true,1,1381131
7290002320548,false,מעדן אוכמניות 100% פרי ל.ת.סוכר בית יצחק 284ג',בית יצחק,,מעדן אוכמניות 100% פ,גרמים,284.00,100 גרם,false,,14.90,0.0525,true,1,2208988
7290002321767,false,"פילה אמנון[מושט] 7-9 בד""צ",,,פילה אמנון קפוא,קילוגרמים,1.00,"ק""ג",true,,29.90,29.9000,true,1,2255219
7290002327028,false,ג'חנון תימני 3 האופים 650 גר',נטו מלינדה סחר בעמ,IL,ג'חנון 650 ג',גרמים,650.00,100 גרם,false,,12.90,0.0198,true,1,1376344
7290002327042,false,"בורקס תפו""א 800 גר' שלושת האופים קהילות",נטו מלינדה סחר בע`מ,,בורקס תפוחי אדמה,גרמים,800.00,100 גרם,false,,15.90,0.0199,true,1,2182466
7290002327059,false,"בצק עלים 1 ק""ג שלושת האופים קהילות",נטו מלינדה סחר בע`מ,,"בצק עלים 1 ק""ג",קילוגרמים,1.00,"ק""ג",false,,15.90,15.9000,true,1,2182467
7290002327066,false,קונכיות בצק למילוי 625 גרם שלושת האופים,נטו מלינדה סחר בע`מ,,קונכיות,גרמים,625.00,100 גרם,false,,15.90,0.0254,true,1,2182468
7290002327073,false,בורקס גבינה 800 גר' שלושת האופים קהילות,נטו מלינדה סחר בע`מ,,בורקס גבינה,גרמים,800.00,100 גרם,false,,15.90,0.0199,true,1,2182469
7290002327912,false,מיני בורקס גבינה 700 גר`שלושת האופים,נטו מלינדה סחר בעמ,,מיני בורקס גבינה,גרמים,700.00,100 גרם,false,,19.90,0.0284,true,1,2182470
7290002327929,false,מיני בורקס תפוח אדמה 700 גר שלושת האופים,נטו מלינדה סחר בע`מ,,מיני בורקס תפוח אדמה,גרמים,700.00,100 גרם,false,,15.90,0.0227,true,1,2182471
7290002331025,false,"מים מינרלים נביעות ספורט 500 מ""ל פקדון",החברה המרכזית להפצת משקאות בעמ,IL,נביעות 500 TO GO פקדון,מיליליטרים,500.00,"100 מ""ל",false,,3.90,0.0078,true,1,1382057
7290002331094,false,"מים מינרליים GO TO נביעות 755 מ""ל",החברה המרכזית להפצת משקאות בעמ,IL,"נביעות 755 מ""ל",מיליליטרים,755.00,"100 מ""ל",false,,4.90,0.0065,true,1,1382058
7290002331124,false,נביעות+ מים מינרליים בטעם תפוח,החברה המרכזית להפצת משקאות בעמ,IL,נביעות שיווק2,מיליליטרים,500.00,"100 מ""ל",false,,6.50,0.0130,true,1,1382060
7290002331155,false,מים נביעות בטעם אפרסק 0.5 ליטר,החברה המרכזית להפצת משקאות בעמ,IL,נביעות + בטעם אפרסק 0.5 מ,מיליליטרים,500.00,"100 מ""ל",false,,6.50,0.0130,true,1,1382062
7290002331360,false,"נביעות מים מינרליים טו גו מארז 500X6מ""ל",החברה המרכזית להפצת משקאות בעמ,IL,נביעות TO GO 500 שישייה,ליטרים,3.00,ליטר,false,,12.90,4.3000,true,1,1382066
7290002331421,false,"שישיית מים מינרליים GO TO נביעות 755 מ""ל",החברה המרכזית להפצת משקאות בעמ,IL,"נביעות 6 755 מ""ל",ליטרים,4.53,ליטר,false,,14.90,3.2892,true,1,1382067
7290002331483,false,נביעות מים מינרלים שישיה בייבי 330 מ`ל,החברה המרכזית להפצת משקאות בעמ,IL,"נביעות בייבי 320 מ""ל שישי",ליטרים,1.92,ליטר,false,,11.90,6.1979,true,1,1382069
7290002331490,false,מים מינרלים נביעות (1 ליטר),החברה המרכזית להפצת משקאות בעמ,IL,נביעות 1 ליטר,ליטרים,1.00,ליטר,false,,3.90,3.9000,true,1,1382070
7290002331711,false,נביעות מים מינרלים בטעם ענבים0.5ליטר,החברה המרכזית להפצת משקאות בעמ,IL,נביעות+ ענבים חצי ליטר,מיליליטרים,500.00,"100 מ""ל",false,,6.50,0.0130,true,1,1382075
7290002333098,false,חומוס גרגירים אורגני 500 גרם - הרדוף,אול אורגני בעמ,IL,חומוס אורגני 500 גר' הרד,גרמים,500.00,100 גרם,false,,12.90,0.0258,true,1,1353110
7290002333456,false,גריסי פנינה אורגני הרדוף 500 גרם,אול אורגני,IL,גריסי פנינה אורגני 500 גר,גרמים,500.00,100 גרם,false,,12.90,0.0258,true,1,1353114
7290002333500,false,עדשים אדומות אורגני 500 גרם - הרדוף,אול אורגני,IL,עדשים אדומות אורגני 500 ג,גרמים,500.00,100 גרם,false,,12.90,0.0258,true,1,1353117
7290002333968,false,עדשים צהובות חצויות אורגני 500 גר,אול אורגני,,עדשים צהובות אורגניו,גרמים,500.00,100 גרם,false,,14.90,0.0298,true,1,1498413
7290002333999,false,גרעיני חמניות קלופים אורגני הרדוף 300 גרם,אול אורגני,IL,גרעיני חמניות קלופים אורג,גרמים,300.00,100 גרם,false,,12.90,0.0430,true,1,1353127
7290002360124,false,חליטת צמחים ורד הבר והיביסקוס פומפדור 20 יחידות,ש.שסטוביץ בעמ,DE,פומפדור חליטת צמחים ורד ה,גרמים,70.00,100 גרם,false,,11.90,0.1700,true,1,1386056
7290002360155,false,חליטת תה פרחי שומר פומפדור 20 שקיקים,ש. שסטוביץ בע`מ,DE,פומפדור חליטת צמחים שומר,גרמים,40.00,100 גרם,false,,11.90,0.2975,true,1,1386057
7290002360278,false,חליטת צמחים פומפדור מנטה 20 יחידות,"איטיליאן פוד, אס.פי.",DE,פומפדור חליטת צמחים מנטה,גרמים,45.00,100 גרם,false,,11.90,0.2644,true,1,1386060
7290002360285,false,חליטת צמחים פומפדור קמומיל 20 יחידות,ש. שסטוביץ בע`מ,DE,פומפדור חליטת צמחים קמומי,גרמים,30.00,100 גרם,false,,11.90,0.3967,true,1,1386061
7290002370093,false,גאודה מעושנת 28% במשקל,גולד פרוסט,,גבינה גאודה מעושנת ח,קילוגרמים,1.00,"ק""ג",true,,80.00,80.0000,true,1,1853642
7290002370420,false,גבינת גאודה מהולנד 30% שומן שקיל (גלגל),איוויאן,,גבינת גאודה 30%,קילוגרמים,1.00,"ק""ג",true,,69.00,69.0000,true,1,2234361
7290002370475,false,גבינת דנהבלו בשלה31%משקל,קסריאס,,גבינת דנהבלו בשלה עם,קילוגרמים,1.00,"ק""ג",true,,69.00,69.0000,true,1,2250828
7290002370741,false,גבינה מלוחה עיזים19%משקל,,,גבינת מלוחה מחלב עיז,קילוגרמים,1.00,"ק""ג",true,,44.50,44.5000,true,1,2330806
7290002370789,false,גבינת כבשים עם פטריות כמהין במשקל 36% שו,אל פסטור,,גבינת כבשים עם פטריו,קילוגרמים,1.00,"ק""ג",true,,120.00,120.0000,true,1,2362686
7290002370994,false,גבינת גאודה עם פטריות כמהין שקיל,רובין הולנד,,גבינת גאודה עם פטריו,קילוגרמים,1.00,"ק""ג",true,,110.00,110.0000,true,1,2362813
7290002371403,false,טירת צבי מארז זוגות 600 ג',תנובה מרכז שיתופי לשיווק תוצרת,IL,מארז זוגות 600 גר' טירת צ,גרמים,600.00,100 גרם,false,,24.90,0.0415,true,1,1387997
7290002371526,false,דקניקים סלסולי פסטרמה שום וצילי פיקנטי טירת צבי 120 גרם,תנובה מרכז שיתופי לשיווק תוצרת,IL,סלסולי פסטרמה שום וצ'ילי,גרמים,120.00,100 גרם,false,,12.90,0.1075,true,1,1387998
7290002371533,false,דקניקים סלסולי פסטרמה דבש טירת צבי 120 גרם,תנובה מרכז שיתופי לשיווק תוצרת,IL,סלסולי פסטרמה בדבש 120 גר,גרמים,120.00,100 גרם,false,,12.90,0.1075,true,1,1387999
7290002371854,false,נקניקיות עוף חריפות טירת צבי 2 * 500 גרם,תנובה מרכז שיתופי לשיווק תוצרת,IL,"נקניקיות חריפות 1ק""ג טירת",גרמים,1000.00,100 גרם,false,,26.90,0.0269,true,1,1388003
7290002371939,false,סרוולד בסגנון צרפתי דליקטיב 120 גרם,תנובה מרכז שיתופי לשיווק תוצרת,IL,סרוולד בסגנון צרפתי 120 ג,גרמים,120.00,100 גרם,false,,23.90,0.1992,true,1,1388004
7290002373148,false,לחם רוסי ענק 1.200 ק,מאפיית השלום,IL,לחם רוסי,קילוגרמים,1.20,"ק""ג",false,,13.90,11.5833,true,1,1369969
7290002373292,false,לחם בריאות דגנים קל 500ג,מאפיית השלום,IL,לחם דגנים קל,גרמים,500.00,100 גרם,false,,11.90,0.0238,true,1,1369970
7290002373513,false,לחם שיפון כפרי 750 גרם,מאפיית השלום,IL,לחם שיפון 750 גרם,גרמים,750.00,100 גרם,false,,13.90,0.0185,true,1,1369972
7290002373551,false,לחם שיפון 750 גרם לל,מאפיית השלום,IL,לחם שיפון 100% 750 גרם,גרמים,750.00,100 גרם,false,,13.90,0.0185,true,1,1369976
7290002373568,false,לחם קל מקמח מלא 500,מאפיית השלום,IL,לחם חיטה מלאה קל 500 גרם,גרמים,500.00,100 גרם,false,,13.90,0.0278,true,1,1369977
7290002373575,false,לחם קל שיפון 500 גרם,מאפיית השלום,IL,לחם שיפון קל 500 גרם,גרמים,500.00,100 גרם,false,,13.90,0.0278,true,1,1369978
7290002374268,false,שמן חמניות מזוכך ללא כולסטרול 1 ליטר,סוגת תעשיות בעמ,IL,שמן חמניות מילומור 1 ליטר,ליטרים,1.00,ליטר,false,,11.90,11.9000,true,1,1384457
7290002374312,false,שמן קנולה מזוכך 6% מילומור (1 ליטר),"נארז ע""י : א.ג. גילר",IL,שמן קנולה מילומור 1 ליטר,ליטרים,1.00,ליטר,false,,10.90,10.9000,true,1,1384458
7290002374640,false,שמן בריאות קנולה פלוס אומגה 3 עץ הזית 1 ליטר,סוגת תעשיות בעמ,IL,"שמן קנולה פלוס אומגה 3 ""ע",ליטרים,1.00,ליטר,false,,16.50,16.5000,true,1,1384462
7290002385066,false,בולגרית קוביות קטנות,מחלבות גד,IL,"בולגרית 5% קוביות 1.5 ק""ג",קילוגרמים,1.00,"ק""ג",true,,59.00,59.0000,true,1,1374692
7290002385196,false,רוקפור דייניש בלו29%משקל,מחלבות גד,,"גבינת רוקפור ק""ג",קילוגרמים,1.00,"ק""ג",true,,129.00,129.0000,true,1,1436395
7290002385264,false,בלקנית מלוחה 16%,מחלבות גד בעמ`,IL,בלקנית 16% בסגנון פטה,קילוגרמים,1.00,"ק""ג",true,,35.00,35.0000,true,1,1374695
7290002385455,false,בולגרית מעודנת 24% במשקל,מחלבות גד,IL,בולגרית מעודנת 24% דלי 10,קילוגרמים,1.00,"ק""ג",true,,49.00,49.0000,true,1,1374698
7290002385738,false,גבינת מנצ'גו משולשים גד,מחלבות גד,IL,מנצגו משולשים מעדניה בדץ,קילוגרמים,1.00,"ק""ג",true,,135.00,135.0000,true,1,1374700
7290002385745,false,גבינת פיקורינו משולשים גד,מחלבות גד,IL,פקורינו משולשים מעדניה בד,קילוגרמים,1.00,"ק""ג",true,,130.00,130.0000,true,1,1374701
7290002448853,false,פרמיו חטיף לבבות לכלב,פרמיו Premio,,פרמיו חטיף לבבות 100,גרמים,100.00,100 גרם,false,,14.90,0.1490,true,1,2372638
7290002487364,false,שלושת האופים ב. פילו גבינה זיתים 700 גר לנדא,שלושת האופים שגמור,IL,בורקס פילו גבינה וזיתים,גרמים,700.00,100 גרם,false,,14.90,0.0213,true,1,1376350
7290002496557,false,תמר לח בשקית 500גרם,פרי וירק טמרה ושותפי,,תמר לח 500 גרם,גרמים,500.00,100 גרם,false,,9.90,0.0198,true,1,1365528
7290002507451,false,קציצות דג סלמון דלידג 750 גר',נטו מלינדה סחר בעמ,,קציצות סלמון לבישול,גרמים,750.00,100 גרם,false,,28.90,0.0385,true,1,1754795
7290002507604,false,פיצה שגב השף מאיטליה 350 גרם,האי נאם סי או אל.טי.,,פיצה שגב 320 גרם,גרמים,320.00,100 גרם,false,,13.90,0.0434,true,1,1807956
7290002512011,false,ג חנון בצק 900ג צנעני,צנעני מוצרי בצק בעמ,IL,גחנון צנעני 900גר,גרמים,900.00,100 גרם,false,,19.90,0.0221,true,1,1394618
7290002512035,false,בצק עלים צנעני (1 קג),צנעני מוצרי בצק בעמ,IL,בצק עלים צנעני 1קג,גרמים,1000.00,100 גרם,false,,16.90,0.0169,true,1,1375943
7290002512257,false,מלווח מפחת שומן 700 גרם צנעני,צנעני מוצרי בצק בעמ,,מלווח מופחת שומן,גרמים,700.00,100 גרם,false,,14.90,0.0213,true,1,1394621
7290002512264,false,ג'חנון מופחת שומן 700 גרם צנעני,צנעני מוצרי בצק בעמ,,ג'חנון מופחת שומן,גרמים,700.00,100 גרם,false,,14.90,0.0213,true,1,1394622
7290002515333,false,"ד""ר פישר - קמיל בלו סנסיטיב אל סבון עדין לתינוק 500 מ""ל","פישר תעשיות פרמבצטיות בע""מ",IL,קמיל בלו סנסיטיב אל סבון,מיליליטרים,500.00,"100 מ""ל",false,,17.90,0.0358,true,1,1399531
7290002515371,false,"קמיל בלו אל סבון לתינוקות ד""ר פישר 1 ליטר","פישר תעשיות פרמצבטיות בע""מ",IL,קמיל בלו קלאסיק ליטר,ליטרים,1.00,ליטר,false,,21.90,21.9000,true,1,1399532
7290002517269,false,"פלפל שחור שלם 350 גרם ""טעם וריח""",תבליני טעם וריח בעמ,IL,מיכל פל.שחור שלם 35 גר',גרמים,35.00,100 גרם,false,,7.90,0.2257,true,1,1398346
7290002517276,false,פלפל אנגלי שלם 25 גר' טעם וריח,תבליני טעם וריח בעמ,IL,מיכל קטן פ.אנגלי שלם 25גר,גרמים,25.00,100 גרם,false,,4.90,0.1960,true,1,1398347
7290002517337,false,אורגנו עלים 20 גר' טעם וריח,"תבליני טעם וריח בע""מ",IL,שק.20 גר' אורגנו,גרמים,20.00,100 גרם,false,,4.90,0.2450,true,1,1398348
7290002517375,false,בזילקום עלים 30 גר' טעם וריח,"תבליני טעם וריח בע""מ",IL,שק.30 גר' בזיליקום,גרמים,30.00,100 גרם,false,,4.90,0.1633,true,1,1398349
7290002517566,false,"תערובת תיבול לדג 80 גרם ""טעם וריח""",תבליני טעם וריח בעמ,IL,דג תערובת תיבול 80 גר',גרמים,80.00,100 גרם,false,,9.90,0.1238,true,1,1398358
7290002517580,false,"תערובת תיבול לעוף 80 גרם ""טעם וריח""",תבליני טעם וריח בעמ,IL,עוף תערובת תיבול 80גר',גרמים,80.00,100 גרם,false,,9.90,0.1238,true,1,1398360
7290002517634,false,כוזברה 30 גר מיכל קט,תבליני טעם וריח בעמ,IL,מיכל קטן כוזברה 30גר',גרמים,30.00,100 גרם,false,,4.90,0.1633,true,1,1398362
7290002517726,false,קינמון מקלות 15 גר' טעם וריח,"תבליני טעם וריח בע""מ",IL,מיכל קטן מקל קינמון 15גר',גרמים,15.00,100 גרם,false,,4.90,0.3267,true,1,1398363
7290002517733,false,תבלין קצח טעם וריח 4,תבליני טעם וריח בעמ,IL,מיכל קטן קצח 40גר',גרמים,40.00,100 גרם,false,,4.90,0.1225,true,1,1398364
7290002517801,false,תבלין צ'ילי כתוש - חריף (פלפל קיינה) 30 ג',"תבליני טעם וריח בע""מ",IL,מיכל קטן צ'ילי כתוש 30גר',גרמים,30.00,100 גרם,false,,4.90,0.1633,true,1,1398366
7290002517863,false,תבלין ציפורן טחון 80ג',"תבליני טעם וריח בע""מ",IL,מיכל קטן ציפורן טחון 40גר,גרמים,40.00,100 גרם,false,,7.90,0.1975,true,1,1398369
7290002538592,false,קרמבו ימבו מוקה/וניל 200 גר' שמינייה,,,ימבו 8 יח',גרמים,200.00,100 גרם,false,,10.90,0.0545,true,1,2224015
7290002538882,false,קרמבו ארטיק 20יח טעם מוקה,"גלידות קולורדו בע""מ",,קרמבו במטעם מוקה 20,"י""ח",20.00,"י""ח",false,,21.90,1.0950,true,1,2373058
7290002542773,false,"בירה סטלה ארטואה בקבוק 330 מ""ל","אינבב, ברוורייפליין",,בירה סטלה ארטואה -בק,מיליליטרים,330.00,"100 מ""ל",false,,9.90,0.0300,true,1,2280470
7290002542780,false,"שישייה בירה סטלה ארטואה בקבוק 330X6 מ""ל","אינבב, ברוורייפליין",,בירה סטלה ארטואה -שי,ליטרים,1.98,ליטר,false,,34.90,17.6263,true,1,2280471
7290002542797,false,"בירה לף בלונד בקבוק 330 מ""ל","אינבב, ברוורייפליין",,"בירה לף בלונד 330 מ""",מיליליטרים,330.00,"100 מ""ל",false,,6.90,0.0209,true,1,2280479
7290002542810,false,"בירה הוגרדן בקבוק 330 מ""ל","אינבב, ברוורייפליין",,"בירה הוגרדן 330 מ""ל.",מיליליטרים,330.00,"100 מ""ל",false,,6.90,0.0209,true,1,2280480
7290002542841,false,"שישייה בירה לף בלונד בקבוק 330X6 מ""ל","אינבב, ברוורייפליין",,בירה לף בלונד שישייה,ליטרים,1.98,ליטר,false,,39.90,20.1515,true,1,2280481
7290002542865,false,"שישייה בירה הוגרדן בקבוק 330X6 מ""ל","אינבב, ברוורייפליין",,"בירה הוגרדן 330 מ""ל",ליטרים,1.98,ליטר,false,,39.90,20.1515,true,1,2281071
7290002543046,false,דגני בוקר קלוגס פרוסטיס 750 גרם,דיפלומט מפיצים (1968) בעמ**,,קלוגס פרוסטיס 750 גם,גרמים,750.00,100 גרם,false,,19.90,0.0265,true,1,1350843
7290002543237,false,דגני בוקר קלוגס קורנפלקס 750 גרם,קלוגס קומפני אוף גרייט ב,,קלוגס קורנפלקס 750 ג,גרמים,750.00,100 גרם,false,,14.90,0.0199,true,1,1350849
7290002544203,false,ממרח פסטו מוטי שף 180גרם,,,ממרח פסטו 180גרם מוט,גרמים,180.00,100 גרם,false,,19.90,0.1106,true,1,1418251
7290002544234,false,ממרח עגבניות מיובשות 190 גרם,,,ממרח עגבניה מיובשות,גרמים,180.00,100 גרם,false,,19.90,0.1106,true,1,1418253
7290002551003,false,נתחי טונה בהירה בשמן סטארקיסט (160 גרם),דיפלומט מפיצים (1968) בעמ**,,טונה סטארקיסט בשמן 1,גרמים,160.00,100 גרם,false,,6.90,0.0431,true,1,1350851
7290002551010,false,נתחי טונה בהירה במים סטארקיסט (160 גרם),דיפלומט מפיצים (1968) בעמ**,,טונה סטארקיסט במים 1,גרמים,160.00,100 גרם,false,,6.90,0.0431,true,1,1350852
7290002581536,false,הדר וופל נפוליטנה ללא סוכר 250 גרם,אפיפית נצרת,IL,ופל נאפוליטנה ללא סוכר 24,גרמים,250.00,100 גרם,false,,7.90,0.0316,true,1,1395544
7290002599029,false,תבליני יונה פפריקה מתוקה בשמן 80ג,תבליני יונה,IL,תבליני יונה,גרמים,80.00,100 גרם,false,,3.90,0.0487,true,1,1371145
7290002599036,false,פלפל לבן/שחור 50גר,תבליני יונה,IL,פלפל שחור 50 גר',גרמים,50.00,100 גרם,false,,4.90,0.0980,true,1,1371146
7290002599081,false,תבליני יונה -עלי דפנ,תבליני יונה,IL,תבליני יונה 30 גר',גרמים,30.00,100 גרם,false,,3.90,0.1300,true,1,1371147
7290002599104,false,תבליני יונה תבלינים שונים.,תבליני יונה,IL,תבליני יונה 50 גר',גרמים,50.00,100 גרם,false,,3.90,0.0780,true,1,1371148
7290002599197,false,תבליני יונה פלפל שחור שלם 50גר,תבליני יונה,IL,שחור גרוס /פ.לבן 50 גר',גרמים,50.00,100 גרם,false,,4.90,0.0980,true,1,1371149
7290002603474,false,פיצת השף מאיטליה רוטב פטריות בטעם כמהין 256 גרם,נטו מילנדה סחר בעמ*,,פיצה השף מאיטליה CHE,גרמים,200.00,100 גרם,false,,12.90,0.0645,true,1,1897537
7290002603498,false,פיצת השף מאיטליה CHEF שגב אנטיפסטי 220,האי נאם סי או אל.טי.,,פיצה השף מאיטליה CHE,גרמים,220.00,100 גרם,false,,12.90,0.0586,true,1,1897539
7290002603504,false,פיצת השף מאיטליה CHEF שגב עגבניות ובצל סגול 200 גרם,נטו מילנדה סחר בעמ*,,פיצה השף מאיטליה CHE,גרמים,220.00,100 גרם,false,,12.90,0.0586,true,1,1897540
7290002603696,false,בורקס פילו שגב XL גבינה שגב 450 גרם לנדא,נטו מילנדה סחר בעמ*,,מקלות פילו XL גבינה,גרמים,450.00,100 גרם,false,,16.90,0.0376,true,1,1897552
7290002608509,false,לחם מחמצת זיתי קלמנט,,,לחם מחמצת זיתי קלמטה,גרמים,500.00,100 גרם,false,,16.90,0.0338,true,1,2065441
7290002608523,false,לחם מחמצת כוסמין (בר,פילסברי,,לחם מחמצת כוסמין (בר,גרמים,500.00,100 גרם,false,,16.90,0.0338,true,1,2065443
7290002627098,false,פיצה ביס 350 גר` שלושת האופים 12 יח,שגמור ייצור ושווק מוצרי,,פיצה ביס שלושת האופי,גרמים,350.00,100 גרם,false,,12.90,0.0369,true,1,2328795
7290002627210,false,גפילטע פיש קציצות מדגי קרפיון וכסיף בצנצנת 560 גרם,האי נאם סי או אל.טי.,,גפילטע פיש 560 גרם,גרמים,560.00,100 גרם,false,,12.90,0.0230,true,1,2222758
7290002628163,false,שומן כבש טרי,,,שומן כבש טרי,קילוגרמים,1.00,"ק""ג",true,,79.00,79.0000,true,1,1391738
7290002628439,false,עוף שלם טרי,,,עוף שלם טרי,קילוגרמים,1.00,"ק""ג",true,,19.90,19.9000,true,1,1391740
7290002661153,false,לחם דני קל פרוס ברמן (1 קג),מאפית י את א ברמן בע,,לחם דני קל.,גרמים,1000.00,100 גרם,false,,15.90,0.0159,true,1,1369962
7290002661214,false,ברמן לחם גליל קל מהדרין 750 גרם,מאפית י את א ברמן בע,,לחם גלילי 750 גרם,גרמים,750.00,100 גרם,false,,14.90,0.0199,true,1,1374218
7290002661443,false,פירורי לחם מוזהבים עדינים 200 גר.,י.את א. ברמן בעמ,,פירורי לחם זהוב עדין,גרמים,200.00,100 גרם,false,,2.90,0.0145,true,1,1695086
7290002661474,false,פרורי לחם זהוב עם שומשום 200 גר,י.את א. ברמן בעמ,,פירורי לחם זהוב שומש,גרמים,200.00,100 גרם,false,,3.90,0.0195,true,1,1695087
7290002661511,false,פירורי לחם מוזהבים עדינים 350 גר.,Unknown,,פירור זהוב עדין,גרמים,350.00,100 גרם,false,,4.90,0.0140,true,1,1695107
7290002674221,false,"אקווה פרש משחת שינים 100 מ""ל משאבה מנטה",גלקסו סמית קליין,GB,"אקוה פרש משאבה 100 מ""ל",מיליליטרים,100.00,"100 מ""ל",false,,15.90,0.1590,true,1,1393818
7290002692393,false,שמן קנולה מזוכך מועשר עץ הזית (1 ליטר),סוגת תעשיות בעמ,IL,"שמן קנולה מועשר 1 ליטר ""ע",ליטרים,1.00,ליטר,false,,15.90,15.9000,true,1,1384464
7290002692478,false,"שמן זית כתית מעולה קלאסי מעודן 750 מ""ל עץ הזית","מרקאולאו, ספרד.אבסה,",IL,שמן זית כתית מעולה מעודן,מיליליטרים,750.00,"100 מ""ל",false,,32.90,0.0439,true,1,1384467
7290002692768,false,"תרסיס שמן קנולה מזוכך ללא תוספת גז עץ הזית 200 מ""ל",טרנסומס פוד איי בי,IL,"תרסיס קנולה 200 מ""ל ""עץ-ה",מיליליטרים,200.00,"100 מ""ל",false,,12.90,0.0645,true,1,1384469
7290002692782,false,"תרסיס שמן זית כתית מעולה ללא תוספת גז עץ הזית 150 מ""ל",י.ב טכנולוגיות אריזה,IL,"תרסיס זית 150 מ""ל ""עץ-הזי",מיליליטרים,150.00,"100 מ""ל",false,,12.90,0.0860,true,1,1384470
7290002730262,false,נוזל לניקוי כלים קלאסי פלמוליב (750 מל),יבואן ומשווק: ש. שסט,GR,פלמוליב כלים שקוף קלאסי 7,מיליליטרים,750.00,"100 מ""ל",false,,9.90,0.0132,true,1,1386066
7290002730521,false,צימרוני אוזניים בלונס בקופסא 200 יח',ש. שסטוביץ בע`מ,GR,בלונס מקלות אוזניים 200 י,יח',200.00,יח',false,,5.90,0.0295,true,1,1386068
7290002730538,false,פדיות להסרת איפור בלונס 80 יחידות,הנסיך- מפעל לייצור ט,GR,בלונס מסיר איפור 80 יח,יח',80.00,יח',false,,9.90,0.1238,true,1,1386069
7290002730675,false,"קולגייט משחת שיניים אדומה משפחתי 100 מ""ל",קולגייט-פלמוליב,PL,קולגייט משחה אדומה משפחתי,מיליליטרים,100.00,"100 מ""ל",false,,10.90,0.1090,true,1,1386071
7290002730811,false,"משחת שיניים ג'ל פסים מרעננים קולגייט 100 מ""ל",הנסיך- מפעל לייצור ט,PL,קולגייט אדומה ג'ל חדש 100,מיליליטרים,100.00,"100 מ""ל",false,,15.90,0.1590,true,1,1386072
7290002730941,false,כדורי צמר גפן בלונס 100 יחידות,הנסיך- מפעל לייצור ט,GR,בלונס צמר גפן 100 גרם,גרמים,100.00,100 גרם,false,,5.90,0.0590,true,1,1386076
7290002730958,false,סבון מוצק בניחוח זיתים ואלוורה פלמוליב 4*100 גרם,הנסיך- מפעל לייצור ט,TR,פלמוליב סבון מוצק ירוק זי,גרמים,400.00,100 גרם,false,,16.90,0.0422,true,1,1386077
7290002750338,false,לחם רוסטיק עגבניות מ,פילסברי,,לחם רוסטיק עגבניות מ,גרמים,500.00,100 גרם,false,,14.90,0.0298,true,1,2065446
7290002750383,false,לחם מחמצת טוסקאני כפ,פילסברי,,לחם מחמצת טוסקאני כפ,גרמים,500.00,100 גרם,false,,16.90,0.0338,true,1,2065452
7290002752332,false,"סוכריות מנטוס פירות בגליל, 37.5 גרם",הדקלאים אגודת שיתופי,,מנטוס פירות בודד,גרמים,37.50,100 גרם,false,,3.00,0.0800,true,1,1373081
7290002752349,false,סוכריות מנטוס מנטה 40יח' בגליל 38ג',ליימן שליסל בעמ,,מנטוס מנטה בודד,גרמים,37.50,100 גרם,false,,3.00,0.0800,true,1,1373082
7290002752493,false,סוכריות טיק טק מנטה רביעיה 64 גרם,פרימיום-חברה לדברי מתיקה ולמסח,,סוכריות טיק-טק רביעי,גרמים,64.00,100 גרם,false,,9.90,0.1547,true,1,1373083
7290002753223,false,רביעייה סוכריות תפוז 4*16 ג' טיק טק,פרימיום-חברה לדברי מתיקה ולמסח,,סוכריות טיק-טק רביעי,גרמים,64.00,100 גרם,false,,9.90,0.1547,true,1,1373084
7290002753995,false,סוכריות עדשים לקישוט עוגה וורנר 6*25 גרם,היינץ צפון אמריקה מק,,קישוטי שוקולד,גרמים,150.00,100 גרם,false,,15.90,0.1060,true,1,1373085
7290002757146,false,"קובה חמוסטה למרק שלושת האופים 1 ק""ג",נטו מלינדה סחר בע`מ,,קובה חמוסטה למרק 1 ק,קילוגרמים,1.00,"ק""ג",false,,18.90,18.9000,true,1,2179164
7290002757535,false,בורקס פילו אצבעות גבינה שלושת האופים 700 גרם,שלושת האופים שגמור,IL,בורקס פילו אצבעות גבינה,גרמים,700.00,100 גרם,false,,14.90,0.0213,true,1,1376358
7290002757542,false,אטריות קדאיף 400 גר שלושת האופים,שלושת האופים שגמור,IL,אטריות קדאיף 400 ג',גרמים,400.00,100 גרם,false,,18.90,0.0472,true,1,1376359
7290002768036,false,"מי פה תיאדנט ענק מונע עששת 150מ""ל",החברה הדרומית לשיווק בעמ,IL,"מי פה תיאדנט 150מ""ל",מיליליטרים,150.00,"100 מ""ל",false,,14.90,0.0993,true,1,1366012
7290002768043,false,"תיאדנט מי-פה ענק פלאוריד 150 מ""ל",החברה הדרומית לשיווק בעמ,IL,מי פה תיאדנט+פלאוריד150מ,מיליליטרים,150.00,"100 מ""ל",false,,14.90,0.0993,true,1,1366013
7290002768074,false,אל סבון נוזלי רגיל דרמפון 1 ליטר,החברה הדרומית לשיווק בעמ,IL,דרמפון סבון ללא סבון 1 ל,ליטרים,1.00,ליטר,false,,14.90,14.9000,true,1,1366014
7290002768159,false,"קצף אמבט בת אורן קרליין 500 מ""ל",החברה הדרומית לשיווק בעמ,IL,בת אורן סבון נוזלי 500מל,מיליליטרים,500.00,"100 מ""ל",false,,18.90,0.0378,true,1,1366015
7290002769316,false,קראנץ שמרים 500 גרם,ר.כ עוגיות הזהב,,עוגת קראנץ 500 גרם,גרמים,500.00,100 גרם,false,,13.90,0.0278,true,1,1412501
7290002769347,false,עוגיות מובחרות בדלי 600 גר' שיווק הזהב,עוגיות הזהב,,עוגיות מובחרות בדלי,גרמים,600.00,100 גרם,false,,14.90,0.0248,true,1,1412502
7290002769392,false,עוגיות סדרת פרמיום עבודת ד,ר.כ עוגיות הזהב,,עוגיות פרימיום מיוחד,גרמים,250.00,100 גרם,false,,20.90,0.0836,true,1,2086124
7290002769514,false,עוגיות מובחרות 350 ג,ר.כ עוגיות הזהב,,עוגיות מובחרות 350 ג,גרמים,350.00,100 גרם,false,,10.90,0.0311,true,1,1414081
7290002769910,false,עוגיות מיוחדות ללא סוכר 300 גר',מאפיית ישראל חיפה,,עוגיות ללא סוכר,גרמים,300.00,100 גרם,false,,10.90,0.0363,true,1,2255795
7290002771104,false,קפה עם הל אל נחלה 500 גרם,קפה אל נחלה בני רפיק,,קפה אלנח'לה 500 גרם,גרמים,500.00,100 גרם,false,,29.90,0.0598,true,1,1406771
7290002771111,false,.קפה אלנחילה 250 גר עם הל,קפה אל נחלה בני רפיק,,קפה אלנח'לה 250 גרם,גרמים,250.00,100 גרם,false,,16.90,0.0676,true,1,1406772
7290002775010,false,מיני בורקס פילו גבינה שלושת האופים מהדרין 650 ג',שלושת האופים שגמור,IL,מיני פילו גבינה 650 גר',גרמים,650.00,100 גרם,false,,14.90,0.0229,true,1,1376360
7290002782131,false,"פנינה רוזנבלום - דאודורנט ספריי לאישה מס' 1 150 מ""ל","פנינה רוזנבלום בע""מ",IL,דאודורנט פנינה מס 1,מיליליטרים,150.00,"100 מ""ל",false,,19.90,0.1327,true,1,1395425
7290002782742,false,"פנינה רוזנבלום - דאודורנט ספריי לאישה מס' 2 150 מ""ל",פנינה רוזנבלום בעמ,IL,דאודורנט פנינה מס 2,מיליליטרים,150.00,"100 מ""ל",false,,15.90,0.1060,true,1,1395427
7290002782759,false,קרם גוף מספר 2 פנינה רוזנבלום (340 מל),"פנינה רוזנבלום בע""מ",IL,קרם גוף פנינה מס 2,מיליליטרים,340.00,"100 מ""ל",false,,24.90,0.0732,true,1,1395428
7290002787884,false,"מקלות פילו תפו""א 600 גרם שלושת האופים",נטו מלינדה סחר בע`מ,IL,מיני פילו תפוא 650 גר',גרמים,600.00,100 גרם,false,,14.90,0.0248,true,1,1376374
7290002787891,false,מקלות פילו תרד 600 גרם שלושת האופים,נטו מלינדה סחר בע`מ,IL,מיני פילו תפוא 650 גר',גרמים,600.00,100 גרם,false,,14.90,0.0248,true,1,1376375
7290002805151,false,סיף פנטסטיק לרצפות בניחוח סחלבים 4ל',"יוניליוור ישראל שיווק בע""מ",IL,סיף רצפות סחלבים 4 ל,ליטרים,4.00,ליטר,false,,19.90,4.9750,true,1,1388705
7290002814467,false,מטהר אויר תרסיס ונילה לבנדר,,,מטהר אוויר,"100 סמ""ק",250.00,"100 סמ""ק",false,,7.90,0.0316,true,1,2269456
7290002814498,false,"סנט מוריץ - מרסס חומץ לניקוי כללי 750 מ""ל",קומפלקס כימיקלסבעמ ~~~,,מתז חומץ,מיליליטרים,750.00,"100 מ""ל",false,,9.90,0.0132,true,1,2269397
7290002824183,false,"גבינה לבנה סקי 500 גרם 5% ""שטראוס"" -מוצר בפיקוח",שטראוס גרופ בעמ/מצונן,IL,סקי משפחתי 5%,גרמים,500.00,100 גרם,false,,9.40,0.0188,true,1,1389381
7290002824466,false,יוגורט דנונה ביו לבן 0% שומן 200 גרם,שטראוס גרופ בעמ/מצונן,IL,"דנונה ביו טבעי 0%, 200 גר",גרמים,200.00,100 גרם,false,,3.30,0.0165,true,1,1389382
7290002824640,false,"גבינת סקי 250 גרם 5% ""שטראוס"" -מוצר בפיקוח",שטראוס גרופ בעמ/מצונן,IL,סקי 5% 250 גרם,גרמים,250.00,100 גרם,false,,4.70,0.0188,true,1,1389383
7290002825722,false,כרוב אדום במיונז אחלה (500 גרם),שטראוס גרופ בעמ/מצונן,IL,כרוב אדום 500,גרמים,500.00,100 גרם,false,,13.90,0.0278,true,1,1389385
7290002830948,false,גבינת עיזים מותכת 30% מון בלאן 120 גרם,סלס קרית מלאכי ישראל,IL,גבינת מון בלאן עיזים 120,גרמים,120.00,100 גרם,false,,9.90,0.0825,true,1,1376377
7290002842002,false,פתיתי שיבולת שועל קוואקר אנגלי מורנפלייק,ליימן שליסל בעמ,,קווקר שיבולת שועל.,גרמים,500.00,100 גרם,false,,9.90,0.0198,true,1,1411888
7290002842163,false,טונה לבנה יולה 185 ג,יו.אס.איי וליו קו,,טונה יולה,גרמים,185.00,100 גרם,false,,10.90,0.0589,true,1,1411889
7290002842293,false,סרדין מינרבה חריף 120 גרם,יו.אס.איי וליו קו,,סרדינים בשמן חריף,גרמים,120.00,100 גרם,false,,4.90,0.0408,true,1,1411890
7290002842309,false,סרדין מינרבה בשמן 120 גרם,יו.אס.איי וליו קו,,סרדינים בשמן חמניות,גרמים,120.00,100 גרם,false,,4.90,0.0408,true,1,1411891
7290002842415,false,פילה אנשובי אמיתי 50 גרם,יו.אס.איי וליו קו,,פילה אנשובי אמיתי,גרמים,50.00,100 גרם,false,,5.90,0.1180,true,1,1411893
7290002862178,false,ממרח פסטו כוסברה 180גרם,,,ממרח כוסברה 180גרם מ,גרמים,180.00,100 גרם,false,,19.90,0.1106,true,1,2312576
7290002868996,false,"קוטג' 5% שומן, רכיבים טבעיים, 250 גרם",*החברה המרכזית להפצת משקאותבעמ,IL,קוטג' 5% 250 גרם- נעמ,גרמים,250.00,100 גרם,false,,5.40,0.0216,true,1,1375352
7290002881032,false,מעדן אוכמניות כחולות 100% 284 גרם,קריות זול,,מעדן אוכמניות כחולות,גרמים,284.00,100 גרם,false,,12.90,0.0454,true,1,1387023
7290002881209,false,רסק תפוחי עץ דיאט 700 ג' תומר,תומר יבוא ושיווק מוצרי מזון (1,,רסק תפוחי-עץ דיאט 72,גרמים,720.00,100 גרם,false,,9.90,0.0138,true,1,1387031
7290002881216,false,רסק תפוחי עץ לא ממותק תומר 700 גרם,תומר ייבוא ושיווק מוצרי מזון [,,רסק תפוחי-עץ בצנצנת,גרמים,700.00,100 גרם,false,,9.90,0.0141,true,1,1387032
7290002881407,false,נודלס אטריות ביצים דק תומר 400ג',תומר יבוא ושיווק מוצרי מזון (1,,נודלס דק 400 גרם.,גרמים,400.00,100 גרם,false,,6.90,0.0173,true,1,1387035
7290002881414,false,תומר-אטריות ביציםעבו,אופאל,,נודלס עבה-400 גרם.,גרמים,400.00,100 גרם,false,,6.90,0.0173,true,1,1387036
7290002881506,false,חמאת בוטנים 510 ג' תומר,Niza s a,,חמאת בוטנים 500גרם,גרמים,510.00,100 גרם,false,,9.90,0.0194,true,1,1387039
7290002881513,false,חמאת בוטנים עם שברי בוטנים תמר 510 גר',Niza s a,,חמאת בוטנים עם שברי,גרמים,510.00,100 גרם,false,,9.90,0.0194,true,1,1387040
7290002881742,false,לבבות דקל פרוסות תומר 400 גרם,תומר ייבוא ושיווק מוצרי מזון [,,לבבות דקל פרוסות,גרמים,400.00,100 גרם,false,,9.90,0.0248,true,1,1387047
7290002881940,false,סרדינים מרוקאי בשמן חמניות 125ג' תומר,תומר ייבוא ושיווק מוצרי מזון [,,סרדין מרוקאי בשמן,גרמים,125.00,100 גרם,false,,5.90,0.0472,true,1,1387050
7290002881964,false,סרדינים מרוקאי ברוטב עגבניות 125ג' תומר,תומר ייבוא ושיווק מוצרי מזון [,,סרדין מרוקאי ברוטב ע,גרמים,125.00,100 גרם,false,,5.90,0.0472,true,1,1387052
7290002881988,false,סרדינים בשמן חמניות ולימון תומר 125 גרם,תומר ייבוא ושיווק מוצרי מזון [,,סרדין מרוקאי בשמן ול,גרמים,125.00,100 גרם,false,,5.90,0.0472,true,1,1387053
7290002900313,false,פסטרמה ספרדית טירת צבי,תנובה קפואים,IL,פסטרמה בסגנון ספרדי טירת,קילוגרמים,1.00,"ק""ג",true,,85.00,85.0000,true,1,1388011
7290002900436,false,פסטרמה איטלקי מילנו משקל,טירת- צבי,IL,פסטרמה בסגנון איטלקי טירת,קילוגרמים,1.00,"ק""ג",true,,85.00,85.0000,true,1,1388012
7290002900566,false,פסטרמה ברביקיו דל שומן טירת צבי 400 גרם,הנסיך- מפעל לייצור ט,IL,"פסטרמה ברביקיו ד""ש 360 גר",גרמים,360.00,100 גרם,false,,26.90,0.0747,true,1,1388013
7290002904694,false,"טיטניום דאודורנט ספריי לגברים 150 מ""ל",החברה הדרומית לשיווק בעמ,IL,דאו.טיטניום תרסיס 180 מל,מיליליטרים,180.00,"100 מ""ל",false,,14.90,0.0828,true,1,1366016
7290002920311,false,גבינת קממבר צאן במשק,מחלבות גד,IL,"גבינת ברי ק""ג שקיל",קילוגרמים,1.00,"ק""ג",true,,62.00,62.0000,true,1,1374704
7290002921165,false,"חלב לניקוי רהיטי עור הזלין יעקבי 400 מ""ל",יעקב יעקבי ובניו בעמ,CH,הזלין ספרי,מיליליטרים,400.00,"100 מ""ל",false,,34.90,0.0872,true,1,1372313
7290002921226,false,"חלב לניקוי רהיטי עור יעקבי 250 מ""ל",יעקובי,CH,הזלין-קרם /בקבוק,גרמים,250.00,100 גרם,false,,24.90,0.0996,true,1,1372314
7290002921233,false,"קרבונה ניקוי יבש לכתמים שומניים 200 מ""ל","יעקב יעקבי ובניו בע""מ",ES,קרבונה-ספריי,גרמים,170.00,100 גרם,false,,19.90,0.1171,true,1,1372315
7290002921240,false,"קרבונה שמפוזר לניקוי שטיחים וריפוד יעקבי 650 מ""ל","יעקב יעקבי ובניו בע""מ",US,שמפוזר-קרבונה אדום,מיליליטרים,651.00,"100 מ""ל",false,,24.90,0.0382,true,1,1372316
7290002922117,false,מקלות קינמון וסוכר חום,הלל בן הלל שיווק ומסחר בעמ,,עוגיות אקלר פרמיום,גרמים,200.00,100 גרם,false,,22.90,0.1145,true,1,2181128
7290002925729,false,"גם וגם משחת שיניים כחול ומי פה בטעם פפרמינט 120 מ""ל",החברה הדרומית לשיווק בעמ,IL,גם וגם כחול,גרמים,120.00,100 גרם,false,,14.90,0.1242,true,1,1366017
7290002925798,false,"גם וגם משחת שיניים ירוק מי פה לייט 120 מ""ל",החברה הדרומית לשיווק בעמ,IL,"משחה +מי פה ירוק 120מ""ל",גרמים,120.00,100 גרם,false,,14.90,0.1242,true,1,1366018
7290002929734,false,"גפילטעפיש קציצות מדגי קרפיון וכסיף 560 גר' העד""ח",נטו מלינדה,,גפילטע פיש 560 בדצ,גרמים,560.00,100 גרם,false,,12.90,0.0230,true,1,1376380
7290002954187,false,אורז יסמין שוקחה (5 קג),בני ג`ורג` שוקחה (חיפה) בעמ,,"אורז יסמין 5 ק""ג שקי",קילוגרמים,5.00,"ק""ג",false,,39.90,7.9800,true,1,1408991
7290002954477,false,"אורז עגול אוסטרלי 5 ק""ג סנוואיט",בני ג'ורג' שוקחה חיפ,,"אורז עגול 5 ק""ג",קילוגרמים,5.00,"ק""ג",false,,42.90,8.5800,true,1,1408993
7290002970286,false,גביע כוכב גדול 24 יח,,,גביע כוכב גדול 24 יח,100 יח',24.00,100 יח',false,,27.90,1.1625,true,1,1410466
7290002987963,false,"חומוס אחלה 1 ק""ג שטראוס",שטראוס גרופ בעמ/מצונן,,"חומוס אחלה 1 ק""ג",גרמים,1000.00,100 גרם,false,,12.90,0.0129,true,1,1389386
7290003006021,false,סלט קוביות בולגרי25%משקל,גבינות אמיר ניצן בעמ,,קוביות גבינת פטה לסל,קילוגרמים,1.00,"ק""ג",true,,69.00,69.0000,true,1,2336061
7290003006120,false,פינצ'וס פלפלונים+גב.משקל,גבינות אמיר ניצן בעמ,,טאפאס גבינות,קילוגרמים,1.00,"ק""ג",true,,149.00,149.0000,true,1,2182526
7290003009183,false,סירופ דיאט 750 מל בטעם תפוחים פריגת,החברה המרכזית להפצת משקאות בעמ,IL,סירופ דיאט תפוחים 750,מיליליטרים,750.00,"100 מ""ל",false,,22.90,0.0305,true,1,1382085
7290003009312,false,בוטן קלוי 200 גרם שקית קליית גת,הדקלאים אגודת שיתופי,,בוטן קלוי בשקית,גרמים,200.00,100 גרם,false,,7.90,0.0395,true,1,1373086
7290003009329,false,בוטנים אמריקאיים קליית גת (200 גרם),הדקלאים אגודת שיתופי,,בוטן אמריקאי.,גרמים,200.00,100 גרם,false,,5.90,0.0295,true,1,1373087
7290003009336,false,קבוקים קליית גת (200 גרם),הדקלאים אגודת שיתופי,,קבוקים בשקית.,גרמים,200.00,100 גרם,false,,5.90,0.0295,true,1,1373088
7290003009596,false,סירופ דיאט אשכוליות 750 מל פיקדון,החברה המרכזית להפצת משקאות בעמ,IL,סירופ דיאט אשכולית 750,מיליליטרים,750.00,"100 מ""ל",false,,22.90,0.0305,true,1,1382088
7290003009640,false,מיץ תפוזים סחוט רכיבים טבעיים פריגת 1 ליטר,*החברה המרכזית להפצת משקאותבעמ,IL,סחוט תפוז1 ליטר,ליטרים,1.00,ליטר,false,,15.90,15.9000,true,1,1375353
7290003015672,false,סנו סופט מפיות צבעוניות חלקות 50 יחידות,חיי נייר,IL,מפיות אירוח סנו סושי50יח,יח',50.00,יח',false,,7.90,0.1580,true,1,1366034
7290003026029,false,"ד""ר פישר - קמיל בלו סנסיטיב שמפו אלדמע 500 מ""ל","פישר תעשיות פרמצביטות בע""מ",IL,קמיל בלו סנסיטיב אל דמע 5,מיליליטרים,500.00,"100 מ""ל",false,,17.90,0.0358,true,1,1399533
7290003026036,false,"ד""ר פישר - קמיל בלו סנסיטיב אל סבון עדין לתינוק 1 ליטר","פישר תעשיות פרמבצטיות בע""מ",IL,קמיל בלו סנסיטיב אל סבון,ליטרים,1.00,ליטר,false,,24.90,24.9000,true,1,1399534
7290003026197,false,"קמיל בלו סנסטיב שמן טיפולי ד""ר פישר 500 מ""ל",פישר תעשיות פרמצבטיות בעמ,IL,קמיל בלו סנסיטיב שמן טיפו,מיליליטרים,500.00,"100 מ""ל",false,,19.90,0.0398,true,1,1399535
7290003026227,false,"קמיל בלו שמפו לתינוק סנסיטיב אל דמע ד""ר פישר 1 ליטר","פישר תעשיות פרמצביטות בע""מ",IL,קמיל בלו סנסיטיב אל דמע ל,ליטרים,1.00,ליטר,false,,24.90,24.9000,true,1,1399536
7290003026234,false,"ד""ר פישר - קמיל בלו תחליב לתינוק 500 מ""ל","פישר תעשיות פרמצביטות בע""מ",IL,קמיל בלו סנסיטיב תחליב לת,מיליליטרים,500.00,"100 מ""ל",false,,19.90,0.0398,true,1,1399537
7290003026319,false,"קמיל בלו משחת החתלה לתינוק ד""ר פישר 120 גרם","פישר תעשיות פרמצביטות בע""מ",IL,קמיל בלו סנסיטיב משחה לתי,גרמים,120.00,100 גרם,false,,14.90,0.1242,true,1,1399538
7290003029181,false,משקה יטבתה שוקו' בקבוק 1ל מהדרין,שטראוס גרופ בעמ/מצונן,IL,שוקו 1 ל בקבוק מהדרין,ליטרים,1.00,ליטר,false,,10.90,10.9000,true,1,1389391
7290003029372,false,יטבתה משקה בטעם בננה %3 בקבוק 1 ליטר,שטראוס גרופ בעמ/מצונן,IL,1 ליטר משקה בננה מהדרין,ליטרים,1.00,ליטר,false,,10.90,10.9000,true,1,1389393
7290003029433,false,"משקה יטבתה שוקו פקק 250 מ""ל מהדרין",שטראוס גרופ בעמ/מצונן,IL,שוקו פקק 250 מל מהדר,מיליליטרים,250.00,"100 מ""ל",false,,5.50,0.0220,true,1,1389396
7290003029532,false,מוקה בבקבוק יטבתה 1 ליטר מהדרין,שטראוס גרופ בעמ/מצונן,IL,מוקה בקבוק 1 ליטר מהדרין,ליטרים,1.00,ליטר,false,,10.90,10.9000,true,1,1389398
7290003029617,false,יטבתה שמנת מנה אישית 15% 125מל,שטראוס גרופ בעמ/מצונן,IL,שמנת מנה אישית 100 גרם- מ,גרמים,100.00,100 גרם,false,,1.90,0.0190,true,1,1389399
7290003029792,false,"משקה יטבתה שוקו שקיות מהדרין מארז 225X8מ""ל",שטראוס גרופ בעמ/מצונן,IL,מארז 8 שקיות שוקו- מהדרין,מיליליטרים,1800.00,"100 מ""ל",false,,18.90,0.0105,true,1,1389400
7290003029907,false,משקה חלב אייס קפה 2% יטבתה (1 ליטר,שטראוס גרופ בעמ/מצונן,IL,אייס קפה 1 ליטר יטבתה מהד,ליטרים,1.00,ליטר,false,,10.90,10.9000,true,1,1389403
7290003031702,false,"נקניקיות הודו מחפוד וואקום 1 ק""ג טירת צבי",טיב טירת צבי 2000,,"נקניקיות הודו 1 ק""ג",קילוגרמים,1.00,"ק""ג",false,,32.90,32.9000,true,1,1388014
7290003031733,false,טירת צבי פסטרמה על גחלים קופ. מחפוד 400ג,טיב טירת צבי 2000,,פסטרמה על גחלים 400,גרמים,400.00,100 גרם,false,,34.90,0.0872,true,1,1388016
7290003031740,false,טירתצבי פסטרמה בדבש קופ. מחפוד 400ג,טיב טירת צבי 2000,,פסטרמה בדבש 400 גרם,גרמים,400.00,100 גרם,false,,34.90,0.0872,true,1,1388017
7290003031757,false,פסטרמה הודו בפפריקה מחפוד טירת צבי 400 גרם,תנובה מרכז שיתופי לשיווק תוצרת,,פסטרמה בפפריקה 400 ג,גרמים,400.00,100 גרם,false,,34.90,0.0872,true,1,1388018
7290003047642,false,תה שחור יילו לייבל 100*1.5 ג' שקיק ליפטון,"יוניליוור ישראל שיווק בע""מ",IN,ליפטון תה שחור 1.5 גר,גרמים,150.00,100 גרם,false,,14.90,0.0993,true,1,1388708
7290003054176,false,מסטמכר לחם שיפון עם מסלי 500ג,מרום את קונפינו,,לחם שיפון מיזלי 500,גרמים,500.00,100 גרם,false,,12.90,0.0258,true,1,1350853
7290003054190,false,מסטמכר לחם שיפון עם שלושה דגנים 500ג,מרום את קונפינו,,לחם שיפון דגנים 500,גרמים,500.00,100 גרם,false,,12.90,0.0258,true,1,1350855
7290003054220,false,מסטמכר לחם שיפון פומפרניקל 500ג,דיפלומט מפיצים (1968) בעמ**,,לחם שיפון 500 גרם.,גרמים,500.00,100 גרם,false,,12.90,0.0258,true,1,1350858
7290003054657,false,חרדל ריין דיז'ון אקסטרה פורטה 370 גרם,דיפלומט מפיצים (1968) בעמ**,,חרדל דיזון 370 גרם,גרמים,370.00,100 גרם,false,,10.90,0.0295,true,1,1350859
7290003060009,false,"קמח חיטה לבן בהיר טחנות ישראליות 1 ק""ג",טחנות ישראליות,IL,קמח חיטה לבן בהיר,קילוגרמים,1.00,"ק""ג",false,,4.30,4.3000,true,1,1386941
7290003060023,false,"סולת חיטה 1 ק""ג מטחנות ישראליות",טחנות ישראליות,IL,סולת חיטה,קילוגרמים,1.00,"ק""ג",false,,4.30,4.3000,true,1,1386943
7290003060047,false,קמח תופח בשקיות טחנות ישראליות,טחנות ישראליות,IL,קמח תופח,קילוגרמים,1.00,"ק""ג",false,,4.90,4.9000,true,1,1386945
7290003060276,false,"קמח בהיר מועשר טחנות ישראליות 1 ק""ג",,,קמח לבן מנופה 1 קג,קילוגרמים,1.00,"ק""ג",false,,6.90,6.9000,true,1,1827017
7290003060283,false,"קמח תופח מועשר טחנות ישראליות 1 ק""ג",,,קמח מנופה תופח 1 קג,קילוגרמים,1.00,"ק""ג",false,,7.90,7.9000,true,1,1827018
7290003060290,false,"קמח מלא מועשר טחנות ישראליות 1 ק""ג",,,קמח מלא מנופה 1 קג,קילוגרמים,1.00,"ק""ג",false,,7.90,7.9000,true,1,1827019
7290003060320,false,"קמח ללחם וחלות מועשר טחנות ישראליות 1 ק""ג",,,קמח ללחם וחלות מנופה,קילוגרמים,1.00,"ק""ג",false,,7.90,7.9000,true,1,1854203
7290003060344,false,"קמח לפיצה תופח טחנות ישראליות 1 ק""ג",,,קמח לפיצה בשקיות מנו,קילוגרמים,1.00,"ק""ג",false,,6.90,6.9000,true,1,1927046
7290003060351,false,"קמח מלא 80% מנופה טחנות ישראליות 1 ק""ג",,,קמח מלא 80% מנופה,קילוגרמים,1.00,"ק""ג",false,,6.90,6.9000,true,1,1927047
7290003069682,false,בצק פילאס תורכי שלושת האופים (500 גרם),נטו מלינדה סחר בע`מ,IL,בצק פילאס 500 ג',גרמים,500.00,100 גרם,false,,14.90,0.0298,true,1,1376385
7290003072804,false,פסטרמה של פעם עם 200 גר` טירת צבי,טיב טירת צבי 2000,,פסטרמה של פעם 200 גר,גרמים,200.00,100 גרם,false,,19.90,0.0995,true,1,2225646
7290003072811,false,נקניקיות בראטוורסט מבשר בקר והודו,טיב טירת צבי 2000,,נקניקיות בראטוורסט,גרמים,320.00,100 גרם,false,,19.90,0.0622,true,1,2226122
7290003072835,false,נקניקיות קנאקוורסט טירת צבי 320 גרם,טיב טירת צבי 2000,,נקניקיות קנאקוורסט,גרמים,320.00,100 גרם,false,,19.90,0.0622,true,1,2226124
7290003072859,false,רוסטביף טירת צבי 120 גרם,הנסיך- מפעל לייצור ט,,רוסטביף ארוז 120 גרם,גרמים,120.00,100 גרם,false,,29.90,0.2492,true,1,2233233
7290003072972,false,קבנוס בתיבול מעושן טירת צבי 120 גרם,טיב טירת צבי 2000,,חטיפי קבנוס בתיבול ש,גרמים,120.00,100 גרם,false,,12.90,0.1075,true,1,2280163
7290003078042,false,פרג אריסה חריפה 50ג,תבליני הדור השלישי,,אריסה,גרמים,250.00,100 גרם,false,,14.90,0.0596,true,1,1381604
7290003078066,false,שום כתוש פרג 250 גרם,תבליני הדור השלישי,,שום כתוש,גרמים,250.00,100 גרם,false,,14.90,0.0596,true,1,1381605
7290003078318,false,כוסברה ירוקה]פרג[,תבליני הדור השלישי,,עלי פטרוזיליה,גרמים,20.00,100 גרם,false,,13.90,0.6950,true,1,1381608
7290003078516,false,פלפל צומה פרג 250 גר,תבליני הדור השלישי,,פלפל צ'ומה,גרמים,250.00,100 גרם,false,,14.90,0.0596,true,1,1381609
7290003078608,false,פפריקה חריפה בשמן 120 גרם,תבליני הדור השלישי,,פפריקה חריפה בשמן,גרמים,120.00,100 גרם,false,,13.90,0.1158,true,1,1381612
7290003078721,false,פרג סחוג תימני אדום 250גר,תבליני הדור השלישי,,סחוג,גרמים,250.00,100 גרם,false,,14.90,0.0596,true,1,2363326
7290003078738,false,לימון בלאדי ק 250 גרם,תבליני הדור השלישי,,לימון בלאדי,גרמים,250.00,100 גרם,false,,14.90,0.0596,true,1,1381615
7290003102976,false,צימרוני אוזניים פלסטיק בקופסה 200 יחידות,הדקלאים אגודת שיתופי,,צמרוני אוזנים קופסא,יח',200.00,יח',false,,3.90,0.0195,true,1,1368742
7290003126712,false,יוגורט עיזים מחלב מלא 3.7% משק צוריאל 150 גרם,*החברה המרכזית להפצת משקאותבעמ,IL,"יוגורט עיזים בגביע-140 מ""",גרמים,150.00,100 גרם,false,,5.90,0.0393,true,1,1375357
7290003127023,false,שקיות אוכל בקופסא זו,,,שקיות אוכל בקופסא זו,יח',300.00,יח',false,,9.90,0.0330,true,1,1401814
7290003127429,false,שקיות אשפה 52/65 שרו,,,שקיות אשפה 52/65 שרו,יח',100.00,יח',false,,19.90,0.1990,true,1,1401816
7290003127436,false,שקיות בגליל 75/90 50,,,שקיות בגליל 75/90 50,יח',50.00,יח',false,,19.90,0.3980,true,1,1401817
7290003127467,false,שקיות אשפה 75/90 שרו,,,שקיות אשפה 75/90 שרו,יח',20.00,יח',false,,19.90,0.9950,true,1,1401818
7290003127559,false,"מפה חגיגית 24 מ""ר פר",,,"מפה חגיגית 24 מ""ר פר","מ""ר",24.00,"מ""ר",false,,14.90,0.6208,true,1,1401819
7290003127771,false,מפה 45 מטר בגליל שקו,,,מפה 45 מטר בגליל שקו,"מ""ר",45.00,"מ""ר",false,,39.90,0.8867,true,1,1401821
7290003127993,false,שקיות סנדוויץ נקשרות,,,שקיות סנדוויץ נקשרות,יח',100.00,יח',false,,7.90,0.0790,true,1,1401824
7290003140237,false,סילאן בבקבוק לחיץ קליית גת (360 גרם),ליימן שליסל בעמ,,סילאן לחיץ 350 גרם,גרמים,350.00,100 גרם,false,,9.90,0.0283,true,1,1373094
7290003141159,false,יוגטה מרשמלו ממתק מוקצף בטעמי תות שדה ווניל 180 גרם,ליימן שליסל בעמ,,מרשמלו יוגטה,גרמים,180.00,100 גרם,false,,6.90,0.0383,true,1,1373096
7290003142477,false,ערמונים קלופים קלויים קלית גת.,הדקלאים אגודת שיתופי,IL,ערמונים קלופים וקלויים 10,גרמים,100.00,100 גרם,false,,5.90,0.0590,true,1,1373107
7290003143139,false,סילאן תמרים קלית גת 900 ג',"טעמי הגליל בע""\מ",,סילאן 900 גרם,גרמים,900.00,100 גרם,false,,12.90,0.0143,true,1,1859553
7290003143146,false,ממרח תמרים קליית גת (450 גרם),הדקלאים אגודת שיתופי,,ממרח תמרים 450 גרם,גרמים,450.00,100 גרם,false,,4.90,0.0109,true,1,1373113
7290003144419,false,סילאן טבעי קליית גת (710 גרם),"טעמי הגליל בע""\מ",,סילאן 710 גרם טבעי,גרמים,710.00,100 גרם,false,,19.90,0.0280,true,1,1859554
7290003145751,false,אגוזי קשיו קלויים קליית גת (200 גרם),הדקלאים אגודת שיתופי,,קשיו קלוי בשקית,גרמים,200.00,100 גרם,false,,15.90,0.0795,true,1,1373146
7290003189076,false,פיצרלה הצהובה הטובה מגורדת 22% כפיר 500 גרם,צי תעשיות מזון יבנה,,פיצרלה 500גר.,גרמים,500.00,100 גרם,false,,19.90,0.0398,true,1,1373520
7290003189144,false,"גבינה הולנדית 22% שומן 1 ק""ג כפיר",צי תעשיות מזון יבנה,,הולנדית בסיגנון גבינ,קילוגרמים,1.00,"ק""ג",false,,29.90,29.9000,true,1,1373522
7290003189205,false,הצהובה הטובה לייט קלאסית 9% כפיר 200 גרם,כפיר,,הצהובה הטובה 9% קלאס,גרמים,200.00,100 גרם,false,,11.90,0.0595,true,1,1373526
7290003189267,false,הצהובה הטובה לייט קלאסית 5% כפיר 200 גרם,צי תעשיות מזון יבנה,,צהובה טובה 5% קלאסית,גרמים,200.00,100 גרם,false,,13.90,0.0695,true,1,1373530
7290003189274,false,בנוסח מעושנת גליל26%משקל,צי תעשיות מזון יבנה,,מעושנת בסיגנון גבינה,קילוגרמים,1.00,"ק""ג",true,,35.00,35.0000,true,1,1373531
7290003189557,false,הצהובה הטובה לייט מעושנת 5% כפיר 200 גרם,צי תעשיות מזון יבנה,,צהובה טובה 5% מעושן.,גרמים,200.00,100 גרם,false,,13.90,0.0695,true,1,1373538
7290003189571,false,הצהובה הטובה שום שמיר 5% כפיר 200 גרם,כפיר,,צהובה טובה 5% שום שמ,גרמים,200.00,100 גרם,false,,13.90,0.0695,true,1,1373539
7290003208531,false,"וויסקי קינג רוברט 700 מ""ל",,,וויסקי קינג רוברט,מיליליטרים,700.00,"100 מ""ל",false,,69.90,0.0999,true,1,1890786
7290003208586,false,"וורמוט מרטיני לבן 750 מ""ל",מרטיני ורוסי,,מרטיני ביאנקו.,מיליליטרים,750.00,"100 מ""ל",false,,44.90,0.0599,true,1,1890787
7290003208593,false,"וורמוט מרטיני לבן יבש 750 מ""ל",מרטיני ורוסי,,מרטיני דריי.,מיליליטרים,750.00,"100 מ""ל",false,,44.90,0.0599,true,1,1890788
7290003208609,false,"וורמוט מרטיני אדום מתוק 750 מ""ל",מרטיני ורוסי,,מרטיני רוסו.,מיליליטרים,750.00,"100 מ""ל",false,,44.90,0.0599,true,1,1890789
7290003212965,false,עוגיות רוגלך הזהב במארז 400 גר',ר.כ עוגיות הזהב,,מאפה שמרים 400 גר',גרמים,400.00,100 גרם,false,,9.90,0.0248,true,1,1503820
7290003220830,false,"WOK חומץ אורז יסמין 500 מ""ל",דיאמונד פריזרוד פודס,TH,"ווק חומץ אורז יסמין 500מ""",מיליליטרים,500.00,"מ""ל",false,,14.90,0.0298,true,1,1384148
7290003222049,false,פיתה ביס מקמח מלא50*12גר,מאפיית המכבים,,מארז 12 פיתות ביס מק,גרמים,600.00,100 גרם,false,,10.90,0.0182,true,1,1381734
7290003222070,false,פיתות חומרים טבעי100*13ג,מאפיית המכבים,,מארז פיתות 13 יח,גרמים,1360.00,100 גרם,false,,9.90,0.0073,true,1,1381735
7290003222094,false,פיתה ביס תימני 11 יח מכבים,פיתות מכבים י.מ. בעמ,,מארז פיתות ביס עבודת,גרמים,550.00,100 גרם,false,,10.00,0.0182,true,1,1381736
7290003222568,false,פיתה המכבים 100 גרם 5 יח',פיתות מכבים י.מ. בעמ,,מארז 5 פיתות.,גרמים,500.00,100 גרם,false,,4.90,0.0098,true,1,1381739
7290003222742,false,פיתה תימנית 10 יחידות,מאפיית המכבים,,מארז 10 פיתות תמניות,גרמים,1000.00,100 גרם,false,,10.90,0.0109,true,1,1381740
7290003222780,false,פיתות מקמח מלא מאפיית המכבים 5 יחידות,מאפיית המכבים,,מארז 5 פיתות כפריות,גרמים,500.00,100 גרם,false,,4.90,0.0098,true,1,1381741
7290003227822,false,חלאבלין SPORTS דאודורנט קרם לבית השחי,תעשיות שיק,,דאודורנט קרם חלאבלין,יחידה,0.00,יחידה,false,,39.90,0.0000,true,1,1374565
7290003229116,false,פסטרמה הודו בדבש שומן טירת צבי 400 גרם,תנובה מרכז שיתופי לשיווק תוצרת,IL,פסטרמה בדבש 400 גרם טירת,גרמים,400.00,100 גרם,false,,26.90,0.0672,true,1,1388026
7290003229123,false,פסטרמה הודו על גחלים 2% טירת צבי 400 גרם,תנובה מרכז שיתופי לשיווק תוצרת,IL,פסטרמה גחלים 400 גרם טיר,גרמים,400.00,100 גרם,false,,26.90,0.0672,true,1,1388027
7290003229147,false,נקניק סלמי איטלקי מעושן טירת צבי 300 גרם,תנובה מרכז שיתופי לשיווק תוצרת,IL,סלמי בסגנון איטלקי 300 גר,גרמים,300.00,100 גרם,false,,24.90,0.0830,true,1,1388028
7290003229154,false,נקניק סלמי קוניאק טירת צבי 300 גרם,תנובה מרכז שיתופי לשיווק תוצרת,IL,סלמי קוניאק 300 גרם טירת,גרמים,300.00,100 גרם,false,,24.90,0.0830,true,1,1388029
7290003229192,false,נקניק כתף בקר מעושן 2% טירת צבי 400 גרם,תנובה מרכז שיתופי לשיווק תוצרת,IL,כתף בקר מעושן 400 גרם טיר,גרמים,400.00,100 גרם,false,,34.90,0.0872,true,1,1388031
7290003229208,false,פסטרמה ספרדית 2% טירת צבי 360 גרם,תנובה מרכז שיתופי לשיווק תוצרת,IL,פסטרמה בסגנון ספרדי 360 ג,גרמים,360.00,100 גרם,false,,26.90,0.0747,true,1,1388032
7290003229215,false,פסטרמה איטלקית 3.5% טירת צבי 360 גרם,תנובה מרכז שיתופי לשיווק תוצרת,IL,פסטרמה בסגנון איטלקי 360,גרמים,360.00,100 גרם,false,,26.90,0.0747,true,1,1388033
7290003229222,false,נקניק סלמי תה טירת צבי 300 גרם,תנובה מרכז שיתופי לשיווק תוצרת,IL,סלמי תה 300 גר' טירת צבי,גרמים,300.00,100 גרם,false,,22.90,0.0763,true,1,1388034
7290003251148,false,נייר לשעווה50 דף,ש.שוורץ,IL,נייר שעווה רגיל 50 דף,יח',50.00,יח',false,,10.90,0.2180,true,1,1374871
7290003251186,false,"מסיר לק ריחני 150 סמ""ק (צבעים)",ש.שוורץ,IL,"מסיר לק 150 סמ""ק",מיליליטרים,150.00,"100 מ""ל",false,,5.90,0.0393,true,1,1374872
7290003251544,false,מסיכה לשיער,שוורץ,IL,"מס' לש' זית 250 סמ""ק",מיליליטרים,250.00,"100 מ""ל",false,,14.90,0.0596,true,1,1374879
7290003251797,false,"תחליב חמצן 9% 500 מ""",שוורץ,IL,"תח' חמ % 9 500 סמ""ק",מיליליטרים,500.00,"100 מ""ל",false,,9.90,0.0198,true,1,1374880
7290003251865,false,אבקת הבהרה לשיער בלו,ש.שוורץ,IL,אבקת הבהרה לשיער 10 גר בל,גרמים,10.00,100 גרם,false,,3.90,0.3900,true,1,1374882
7290003251933,false,"תחליב חמצן 6% 500 מ""",שוורץ,IL,"תח' חמ % 6 500 סמ""ק",מיליליטרים,500.00,"100 מ""ל",false,,9.90,0.0198,true,1,1374883
7290003319114,false,צנצנת 6 קציצות,דג טעים,IL,צנצנת 6 מנות-גולד-מיוחד,גרמים,670.00,100 גרם,false,,18.90,0.0282,true,1,1348916
7290003319121,false,גפילטע פיש 4 קציצות470גר,,,צנצנת 4 יח גפילטעפיש,גרמים,470.00,100 גרם,false,,13.90,0.0296,true,1,1348917
7290003319138,false,גפילטע פיש 6 קציצות הדג המיוחד 540 ג' PL,נאמן לאורך זמן בעמ,IL,צנצנת 6 קציצות-PL,גרמים,570.00,100 גרם,false,,14.90,0.0261,true,1,1348918
7290003319169,false,קציצות גפילטעפיש 4 י,דג טעים,IL,צנצנת 4 מנות-גולד-מיוחד,גרמים,470.00,100 גרם,false,,14.90,0.0317,true,1,1348921
7290003321155,false,יוגורט בר עם פקאן מצופה שוקולד 183 ג' דנונה,שטראוס גרופ בעמ/מצונן,IL,בר פקאן בודד – מקט החזרות,גרמים,183.00,100 גרם,false,,4.50,0.0246,true,1,1389404
7290003385881,false,במיה ברוטב עגבניות 600 ג' פרי הגליל,ויטה- פרי גליל (החדשה) בעמ,IL,במיה ברוטב א -2פג,גרמים,540.00,100 גרם,false,,8.90,0.0165,true,1,1394628
7290003387205,false,ספיד סטיק - דאודורנט סטיק לגבר רגולר,הנסיך- מפעל לייצור ט,US,ספיד סטיק בסיסי ירוק רגיל,גרמים,56.60,100 גרם,false,,19.90,0.3516,true,1,1386078
7290003387410,false,בלונס פדים להסרת איפור שלישייה,ש. שסטוביץ בע`מ,GR,בלונס מסיר איפור שלשות,יח',3.00,יח',false,,18.90,6.3000,true,1,1386081
7290003400500,false,חטיף הרשי ריזס נאטרייגיס 47 גרם,ליימן מותגים,US,חטיף ריסס נאטרייגס 47 גרם,גרמים,47.00,100 גרם,false,,3.90,0.0830,true,1,1373148
7290003401369,false,"קרם לחות לשיער חוחובה נטורל פורמולה 400 מ""ל",החברה הדרומית לשיווק בעמ,IL,קרם לחות לשיער חוחובה400,מיליליטרים,400.00,"100 מ""ל",false,,17.90,0.0447,true,1,1366036
7290003401376,false,"קרם לחות ועיצוב לשיער אלוורה נטורל 400 מ""ל",החברה הדרומית לשיווק בעמ,IL,קרם לחות אלוורה לשיער400,מיליליטרים,400.00,"100 מ""ל",false,,17.90,0.0447,true,1,1366037
7290003401420,false,"קרם לחות לשיער סיליקון כתום נטורל 400 מ""ל",החברה הדרומית לשיווק בעמ,IL,ק.לחות סיליקון לשיער400מ,מיליליטרים,400.00,"100 מ""ל",false,,17.90,0.0447,true,1,1366038
7290003401635,false,נטורל פורמולה לחות מעצבת לפתיחת תלתלים,החברה הדרומית לשיווק בעמ,IL,400 קרם לחות ש.צבוע ברגע,מיליליטרים,400.00,"100 מ""ל",false,,19.90,0.0497,true,1,1366039
7290003401666,false,"נטורל - ווקס לשיער לברק חזק 120 מ""ל",General,,ווקס לשיער לברק חזק,מיליליטרים,150.00,"100 מ""ל",false,,24.90,0.1660,true,1,1366041
7290003402809,false,חטיף הרשי ריזס שוקולד לבן 39 גר,ליימן מותגים,,חטיף שוקולד לבן במיל,גרמים,39.00,100 גרם,false,,4.90,0.1256,true,1,2136188
7290003409020,false,כתף כבש קפוא,,,כתף כבש קפוא,קילוגרמים,1.00,"ק""ג",true,,79.90,79.9000,true,1,1408878
7290003409044,false,"בקר טחון 1 ק""ג ארוז",,,"בקר טחון 1 ק""ג ארוז",גרמים,1000.00,100 גרם,false,,39.90,0.0399,true,1,1408880
7290003409068,false,בורגר בקר משפחתי 2 ק,,,בורגר בקר משפחתי 2 ק,גרמים,2000.00,100 גרם,false,,49.90,0.0249,true,1,1408882
7290003409099,false,בשר בקר לחמין,,,בשר בקר לחמין,קילוגרמים,1.00,"ק""ג",true,,39.90,39.9000,true,1,1408885
7290003409105,false,בורגר אנטריקוט 500 ג,,,בורגר אנטריקוט 500 ג,גרמים,500.00,100 גרם,false,,34.90,0.0698,true,1,1408886
7290003409143,false,נקניקיות מיני מרגז 5,,,נקניקיות מיני מרגז 5,גרמים,500.00,100 גרם,false,,29.90,0.0598,true,1,1408889
7290003409198,false,פילה אמנון 7/9 עם עו,,,פילה אמנון 7/9 עם עו,קילוגרמים,1.00,"ק""ג",true,,29.90,29.9000,true,1,1408894
7290003409204,false,פילה לברק מעדני הים,,,פילה לברק מעדני הים,קילוגרמים,1.00,"ק""ג",true,,39.90,39.9000,true,1,1408895
7290003409211,false,פילה לברק מעדני הים,,,פילה לברק מעדני הים,קילוגרמים,1.00,"ק""ג",true,,39.90,39.9000,true,1,1408896
7290003409365,false,סטייק עין 800 גרם,,,סטייק עין 800 גרם,גרמים,800.00,100 גרם,false,,79.00,0.0988,true,1,1408903
7290003409372,false,סטייק בורגר פרימיום,,,סטייק בורגר פרימיום,גרמים,500.00,100 גרם,false,,34.90,0.0698,true,1,1408904
7290003409389,false,בורגר עוף 400 גרם,,,בורגר עוף 400 גרם,גרמים,400.00,100 גרם,false,,19.90,0.0497,true,1,1408905
7290003409396,false,קבב עוף 400 גרם,,,קבב עוף 400 גרם,גרמים,400.00,100 גרם,false,,19.90,0.0497,true,1,1408906
7290003409402,false,פילה סלמון נורבגי קפ,,,פילה סלמון נורבגי קפ,קילוגרמים,1.00,"ק""ג",true,,79.90,79.9000,true,1,1396649
7290003409426,false,שווארמה הודו מתובלת,,,שווארמה הודו מתובלת,גרמים,500.00,100 גרם,false,,29.90,0.0598,true,1,1408907
7290003409433,false,נקניקיות מרגז עוף 50,,,נקניקיות מרגז עוף 50,גרמים,500.00,100 גרם,false,,19.90,0.0398,true,1,1408908
7290003409587,false,טבעות עוף,,,טבעות עוף,קילוגרמים,1.00,"ק""ג",true,,24.90,24.9000,true,1,1444206
7290003409617,false,פילה נסיכת הנילוס קפ,,,פילה נסיכת הנילוס קפ,קילוגרמים,1.00,"ק""ג",true,,34.90,34.9000,true,1,1487695
7290003409655,false,פילה אמנון 7-9 ללא ע,,,פילה אמנון 7-9 ללא ע,קילוגרמים,1.00,"ק""ג",true,,39.90,39.9000,true,1,1501808
7290003409662,false,נקניקיות מרגז עגל חל,,,נקניקיות מרגז עגל חל,גרמים,500.00,100 גרם,false,,29.90,0.0598,true,1,1708098
7290003409686,false,פילה סלמון מנות מעדנ,,,פילה סלמון מנות מעדנ,גרמים,600.00,100 גרם,false,,49.90,0.0832,true,1,1853908
7290003409693,false,נקניקיות מיני מרגז ע,,,נקניקיות מיני מרגז ע,גרמים,500.00,100 גרם,false,,29.90,0.0598,true,1,1846011
7290003409747,false,צוואר בשר מס' 10,,,צוואר בשר מס' 10,קילוגרמים,1.00,"ק""ג",true,,29.90,29.9000,true,1,1790697
7290003409785,false,חזה בקר בשר מס' 3,,,חזה בקר בשר מס' 3,קילוגרמים,1.00,"ק""ג",true,,29.90,29.9000,true,1,1854436
7290003409808,false,צלעות עגל בשר מס' 2,,,צלעות עגל בשר מס' 2,קילוגרמים,1.00,"ק""ג",true,,39.90,39.9000,true,1,1867908
7290003409907,false,קבב ג'מבו רומני 500,,,קבב ג'מבו רומני 500,גרמים,500.00,100 גרם,false,,29.90,0.0598,true,1,2130820
7290003409914,false,קבב ג'מבו טורקי 500,,,קבב ג'מבו טורקי 500,גרמים,500.00,100 גרם,false,,29.90,0.0598,true,1,2130821
7290003409921,false,קבב ג'מבו עיראקי 500,,,קבב ג'מבו עיראקי 500,גרמים,500.00,100 גרם,false,,29.90,0.0598,true,1,2130822
7290003409938,false,קבב ג'מבו מזרחי 500,,,קבב ג'מבו מזרחי 500,גרמים,500.00,100 גרם,false,,29.90,0.0598,true,1,2130823
7290003409945,false,קבב ג'מבו כבש 500 גר,,,קבב ג'מבו כבש 500 גר,גרמים,500.00,100 גרם,false,,29.90,0.0598,true,1,2130824
7290003409952,false,כנפיים עוף חצוי קפוא,,,כנפיים עוף חצוי קפוא,קילוגרמים,1.00,"ק""ג",true,,9.90,9.9000,true,1,2254984
7290003409969,false,סינטה דק דק 250 גרם,,,סינטה דק דק 250 גרם,גרמים,250.00,100 גרם,false,,24.90,0.0996,true,1,2217688
7290003409976,false,בורגר מסעדות 500 גרם,מעדני הגליל,,בורגר מסעדות 500 גרם,גרמים,500.00,100 גרם,false,,29.90,0.0598,true,1,2248022
7290003411054,false,שקיות צליה גדול דליקטס רוסטי הנמל 5יח`,הנמל אריזות ושיווק (1984) בעמ,,שקיות לצליה גדול,יח',5.00,יח',false,,4.90,0.9800,true,1,1368003
7290003411528,false,מלית קינמון פוליבה 450 גרם,הנמל אריזות ושיווק 1984 בע`מ,,מלית קינמון,גרמים,450.00,100 גרם,false,,10.90,0.0242,true,1,1368015
7290003411566,false,צמרוני עץ הנמל 200 יחידות,הנמל אריזות ושיווק (1984) בעמ,,צמרוני עץ לאוזנים,יח',200.00,יח',false,,1.90,0.0095,true,1,1368016
7290003411726,false,קיסמי שיניים מלחיה הנמל 300יח',הנמל אריזות ושיווק (1984) בעמ,,קיסמי מלחיה 300 יח,יח',300.00,יח',false,,2.90,0.0097,true,1,1368021
7290003411832,false,גרנולה אגוזים הנמל (400 גרם),הנמל אריזות ושיווק (1984) בעמ,,גרנולה אגוזים.,גרמים,400.00,100 גרם,false,,9.90,0.0248,true,1,1368024
7290003411849,false,גרנולה עם תמרים ושקדים 400 גרם,הנמל אריזות ושיווק (1984) בעמ,,גרנולה תמרים.,גרמים,400.00,100 גרם,false,,9.90,0.0248,true,1,1368025
7290003411948,false,צמר גפן הנמל 100 יחידות,הנמל אריזות ושיווק 1984 בע`מ,,צמר-גפן,גרמים,100.00,100 גרם,false,,3.90,0.0390,true,1,1368027
7290003411993,false,גפרורים הנמל 10 יחידות,הנמל אריזות ושיווק (1984) בעמ,,גפרורים 10 יחידות,יח',10.00,יח',false,,2.00,0.2000,true,1,1368028
7290003414406,false,הרשי ריזס נטיפי אפייה בוטנים 283 גר',ליימן מותגים,,נטיפים לאפייה חמאת ב,גרמים,283.00,100 גרם,false,,14.90,0.0527,true,1,1859543
7290003415076,false,עצמות עגל קפוא ארוז,,,עצמות עגל קפוא ארוז,קילוגרמים,1.00,"ק""ג",true,,19.90,19.9000,true,1,1408913
7290003415120,false,סטייק אנטריקוט דק דק,,,סטייק אנטריקוט דק דק,גרמים,250.00,100 גרם,false,,24.90,0.0996,true,1,1408916
7290003415144,false,שווארמה עוף מתובלת 5,,,שווארמה עוף מתובלת 5,גרמים,500.00,100 גרם,false,,29.90,0.0598,true,1,2258255
7290003415229,false,שומן כבש,,,שומן כבש,קילוגרמים,1.00,"ק""ג",true,,69.90,69.9000,true,1,1408919
7290003415434,false,כבד עוף קפוא ארוז,,,כבד עוף קפוא ארוז,קילוגרמים,1.00,"ק""ג",true,,24.90,24.9000,true,1,1408927
7290003415458,false,ריאות עגל קפוא ארוז,,,ריאות עגל קפוא ארוז,קילוגרמים,1.00,"ק""ג",true,,19.90,19.9000,true,1,1408929
7290003415564,false,גרון עוף ארוז,,,גרון עוף ארוז,קילוגרמים,1.00,"ק""ג",true,,3.90,3.9000,true,1,1408935
7290003415571,false,צלי כתף עגל מוכשר אר,,,צלי כתף עגל מוכשר אר,קילוגרמים,1.00,"ק""ג",true,,59.90,59.9000,true,1,1408936
7290003415625,false,שיפודי פרגיות קפוא א,,,שיפודי פרגיות קפוא א,קילוגרמים,1.00,"ק""ג",true,,59.90,59.9000,true,1,1408938
7290003415656,false,עדשים שחורות 500 גרם,,,עדשים שחורות 500 גרם,גרמים,500.00,100 גרם,false,,7.90,0.0158,true,1,1412525
7290003415663,false,עוף טחון קפוא 500 גר,,,עוף טחון קפוא 500 גר,גרמים,500.00,100 גרם,false,,14.90,0.0298,true,1,1408940
7290003415687,false,לשון עגל קפוא ארוז,,,לשון עגל קפוא ארוז,קילוגרמים,1.00,"ק""ג",true,,49.90,49.9000,true,1,1408942
7290003415694,false,בשר ראש קפוא ארוז,,,בשר ראש קפוא ארוז,קילוגרמים,1.00,"ק""ג",true,,49.90,49.9000,true,1,1408943
7290003415724,false,סטייק עוף ארוז קפוא,,,סטייק עוף ארוז קפוא,קילוגרמים,1.00,"ק""ג",true,,21.90,21.9000,true,1,1408946
7290003415731,false,כבד עגל קפוא ארוז,,,כבד עגל קפוא ארוז,קילוגרמים,1.00,"ק""ג",true,,14.90,14.9000,true,1,1408947
7290003415809,false,אצבעות אנטריקוט מעדנ,,,אצבעות אנטריקוט מעדנ,קילוגרמים,1.00,"ק""ג",true,,59.90,59.9000,true,1,1408951
7290003415847,false,נקניקיות מרגז 500 גר,,,נקניקיות מרגז 500 גר,גרמים,500.00,100 גרם,false,,29.90,0.0598,true,1,1408953
7290003415854,false,נקניקיות צ'וריסוס 50,,,נקניקיות צ'וריסוס 50,גרמים,500.00,100 גרם,false,,29.90,0.0598,true,1,1408954
7290003415878,false,קורנדביף קפוא ארוז,,,קורנדביף קפוא ארוז,קילוגרמים,1.00,"ק""ג",true,,49.90,49.9000,true,1,1392923
7290003415885,false,קישקע קפוא ארוז 500,,,קישקע קפוא ארוז 500,גרמים,500.00,100 גרם,false,,19.90,0.0398,true,1,1408955
7290003415977,false,סטייק אנטריקוט דרום,,,סטייק אנטריקוט דרום,קילוגרמים,1.00,"ק""ג",true,,79.90,79.9000,true,1,1408963
7290003415991,false,כתף עגל בשר מס' 4,,,כתף עגל בשר מס' 4,קילוגרמים,1.00,"ק""ג",true,,49.90,49.9000,true,1,1918527
7290003423909,false,חטיף קוקיס אנד קרים לבן 43 גרם,ליימן מותגים,US,קוקיז אנד קרים הרשי 43 גר,גרמים,43.00,100 גרם,false,,4.90,0.1140,true,1,1373149
7290003438006,false,ממרח אולביה פסטו וצנובר איטלקי 190ג',תה ויסוצקי (ישראל) בעמ,IL,פסטו איטלקי,גרמים,180.00,100 גרם,false,,12.90,0.0717,true,1,1353144
7290003438013,false,7290003אוליביה ממרח זיתים ירוקים 190 גרם,תה ויסוצקי (ישראל) בעמ,IL,ממרח זיתים ירוקים,גרמים,190.00,100 גרם,false,,12.90,0.0679,true,1,1353145
7290003438020,false,אוליביה ממרח עגבניות מיובשות (190 גרם),תה ויסוצקי (ישראל) בעמ,IL,ממרח עגבניות מיובשות,גרמים,190.00,100 גרם,false,,12.90,0.0679,true,1,1353146
7290003438709,false,ממרח אולביה זיתים שחורים וירוקים 190 ג',תה ויסוצקי (ישראל) בעמ,IL,ממרח זיתים,גרמים,190.00,100 גרם,false,,12.90,0.0679,true,1,1353156
7290003444009,false,הרשי ריזס חטיף במילוי בוטנים 42 גרם,ליימן מותגים,US,חטיף ריזס שוקולד חלב 42,גרמים,42.00,100 גרם,false,,3.90,0.0929,true,1,1373151
7290003450602,false,חרדל אמיתי צהוב בקבוק לחיץ 255 גר,היינץ צפון אמריקה מקבוצת ה.י.היינץ,,חרדל אמיתי לחיץ 255,גרמים,255.00,100 גרם,false,,7.90,0.0310,true,1,1350865
7290003458035,false,גולש ללא תוספים,,,גולש ללא תוספים,קילוגרמים,1.00,"ק""ג",true,,49.90,49.9000,true,1,2283434
7290003458059,false,עצם ברך בקר,,,עצם ברך בקר,קילוגרמים,1.00,"ק""ג",true,,29.90,29.9000,true,1,2317586
7290003458066,false,פילה מדומה מס.6 קפוא,,,פילה מדומה מס.6 קפוא,קילוגרמים,1.00,"ק""ג",true,,49.90,49.9000,true,1,2327157
7290003458073,false,טחון בקר עם שומן כבש,,,טחון בקר עם שומן כבש,גרמים,500.00,100 גרם,false,,24.90,0.0498,true,1,2299898
7290003458158,false,פילה עוף אמיתי,,,פילה עוף אמיתי,קילוגרמים,1.00,"ק""ג",true,,49.90,49.9000,true,1,2311891
7290003475124,false,בלונס מסיר איפור 80 יח,ש. שסטוביץ בע`מ,GR,עננים צמר גפן 100 גרם,גרמים,100.00,100 גרם,false,,5.90,0.0590,true,1,1386082
7290003485017,false,קווקר דק 500 גרם.,,,קווקר דק 500 גרם.,גרמים,500.00,100 גרם,false,,4.90,0.0098,true,1,1412526
7290003485024,false,קווקר עבה 500 גרם.,,,קווקר עבה 500 גרם.,גרמים,500.00,100 גרם,false,,4.90,0.0098,true,1,1392414
7290003485031,false,בורגול עבה 500 גרם.,,,בורגול עבה 500 גרם.,גרמים,500.00,100 גרם,false,,4.90,0.0098,true,1,1392415
7290003485048,false,כוסמת קלויה 500 גרם.,,,כוסמת קלויה 500 גרם.,גרמים,500.00,100 גרם,false,,5.90,0.0118,true,1,1412527
7290003485055,false,"אורז תאילנדי 1 ק""ג",,,"אורז תאילנדי 1 ק""ג",קילוגרמים,1.00,"ק""ג",false,,8.90,8.9000,true,1,1412528
7290003485123,false,חזה עוף קפוא ארוז,,,חזה עוף קפוא ארוז,קילוגרמים,1.00,"ק""ג",true,,19.90,19.9000,true,1,1408966
7290003485147,false,"אורז יסמין 1 ק""ג",,,"אורז יסמין 1 ק""ג",קילוגרמים,1.00,"ק""ג",false,,9.90,9.9000,true,1,1412529
7290003485161,false,כרעיים עוף קפוא ארוז,,,כרעיים עוף קפוא ארוז,קילוגרמים,1.00,"ק""ג",true,,24.90,24.9000,true,1,1408967
7290003485185,false,"אורז ריזוטו 1 ק""ג",,,"אורז ריזוטו 1 ק""ג",קילוגרמים,1.00,"ק""ג",false,,9.90,9.9000,true,1,1375280
7290003485192,false,"אורז בסמטי 1 ק""ג",,,"אורז בסמטי 1 ק""ג",קילוגרמים,1.00,"ק""ג",false,,9.90,9.9000,true,1,1380346
7290003485208,false,"אורז פלא 1 ק""ג",,,"אורז פלא 1 ק""ג",קילוגרמים,1.00,"ק""ג",false,,8.90,8.9000,true,1,1380347
7290003485215,false,"אורז לסושי 1 ק""ג",,,"אורז לסושי 1 ק""ג",קילוגרמים,1.00,"ק""ג",false,,8.90,8.9000,true,1,1375281
7290003485222,false,"סוכר 1 ק""ג",סוגת תעשיות,IL,"סוכר 1 ק""ג - חצי חינם",קילוגרמים,1.00,"ק""ג",false,,3.90,3.9000,true,1,1380172
7290003485260,false,שוקיים עוף קפוא ארוז,,,שוקיים עוף קפוא ארוז,קילוגרמים,1.00,"ק""ג",true,,29.90,29.9000,true,1,1408969
7290003485277,false,כנפיים עוף קפוא ארוז,,,כנפיים עוף קפוא ארוז,קילוגרמים,1.00,"ק""ג",true,,7.90,7.9000,true,1,1408970
7290003485284,false,שניצל עוף קפוא ארוז,,,שניצל עוף קפוא ארוז,קילוגרמים,1.00,"ק""ג",true,,34.90,34.9000,true,1,1408971
7290003485307,false,"אורז מלא 1 ק""ג",,,"אורז מלא 1 ק""ג",קילוגרמים,1.00,"ק""ג",false,,8.90,8.9000,true,1,1375282
7290003485314,false,בורגול דק 500 גרם.,,,בורגול דק 500 גרם.,גרמים,500.00,100 גרם,false,,4.90,0.0098,true,1,1412530
7290003485321,false,חיטה 500 גרם.,,,חיטה 500 גרם.,גרמים,500.00,100 גרם,false,,4.90,0.0098,true,1,1412531
7290003485338,false,לוביה 500 גרם,,,לוביה 500 גרם,גרמים,500.00,100 גרם,false,,6.90,0.0138,true,1,1381578
7290003485369,false,חומוס גדול 500 גרם,,,חומוס גדול 500 גרם,גרמים,500.00,100 גרם,false,,9.90,0.0198,true,1,1412532
7290003485376,false,פול קטן 500 גרם,,,פול קטן 500 גרם,גרמים,500.00,100 גרם,false,,4.90,0.0098,true,1,1380349
7290003485383,false,פול גדול 500 גרם,,,פול גדול 500 גרם,גרמים,500.00,100 גרם,false,,8.90,0.0178,true,1,1412533
7290003485390,false,עדשים אדומות 500 גרם,,,עדשים אדומות 500 גרם,גרמים,500.00,100 גרם,false,,5.90,0.0118,true,1,1412534
7290003485406,false,עדשים ירוקות 500 גרם,,,עדשים ירוקות 500 גרם,גרמים,500.00,100 גרם,false,,5.90,0.0118,true,1,1412535
7290003485413,false,פופקורן 500 גרם,,,פופקורן 500 גרם,גרמים,500.00,100 גרם,false,,5.90,0.0118,true,1,1369924
7290003485505,false,שעועית אדומה 500 גרם,,,שעועית אדומה 500 גרם,גרמים,500.00,100 גרם,false,,6.90,0.0138,true,1,1392417
7290003485529,false,שעועית אמריקאית 500,,,שעועית אמריקאית 500,גרמים,500.00,100 גרם,false,,6.90,0.0138,true,1,1412536
7290003485536,false,שעועית גדולה 500 גרם,,,שעועית גדולה 500 גרם,גרמים,500.00,100 גרם,false,,7.90,0.0158,true,1,1375284
7290003485543,false,אפונה 500 גרם,,,אפונה 500 גרם,גרמים,500.00,100 גרם,false,,4.90,0.0098,true,1,1412537
7290003485567,false,תורמוס 500 גרם,,,תורמוס 500 גרם,גרמים,500.00,100 גרם,false,,4.90,0.0098,true,1,1392418
7290003485574,false,שעועית ארגנטינאית 50,,,שעועית ארגנטינאית 50,גרמים,500.00,100 גרם,false,,5.90,0.0118,true,1,1381580
7290003485666,false,חומוס גרגרים 500 גרם,,,חומוס גרגרים 500 גרם,גרמים,500.00,100 גרם,false,,6.90,0.0138,true,1,1412539
7290003485697,false,שומשום 200 גרם,,,שומשום 200 גרם,גרמים,200.00,100 גרם,false,,4.90,0.0245,true,1,1412540
7290003485734,false,דוחן 500 גרם,,,דוחן 500 גרם,גרמים,500.00,100 גרם,false,,5.90,0.0118,true,1,1412541
7290003485796,false,"אורז פרסי 1 ק""ג",,,"אורז פרסי 1 ק""ג",גרמים,1000.00,100 גרם,false,,9.90,0.0099,true,1,1396650
7290003485918,false,"בונדוק 1 ק""ג אגוזי ל",שקדיה,,"בונדוק 1 ק""ג אגוזי ל",קילוגרמים,1.00,"ק""ג",true,,49.00,49.0000,true,1,1381583
7290003485925,false,"צנובר ענק 1 ק""ג",,,"צנובר ענק 1 ק""ג",קילוגרמים,1.00,"ק""ג",true,,199.00,199.0000,true,1,1381584
7290003485932,false,פיסטוק חלבי קלוף 1 ק,שקדיה,,פיסטוק חלבי קלוף 1 ק,קילוגרמים,1.00,"ק""ג",true,,119.00,119.0000,true,1,1375286
7290003485949,false,שקד אמריקאי טבעי,,,שקד אמריקאי טבעי,קילוגרמים,1.00,"ק""ג",true,,69.00,69.0000,true,1,1375287
7290003486007,false,זנגוויל מסוכר קוביות,,,זנגוויל מסוכר קוביות,קילוגרמים,1.00,"ק""ג",true,,39.00,39.0000,true,1,1375288
7290003486021,false,שקד מולבן פרוס,,,שקד מולבן פרוס,קילוגרמים,1.00,"ק""ג",true,,79.00,79.0000,true,1,1405794
7290003486038,false,שקד מולבן גפרורים,,,שקד מולבן גפרורים,קילוגרמים,1.00,"ק""ג",true,,69.00,69.0000,true,1,1405795
7290003486083,false,תפוח עץ טבעות,,,תפוח עץ טבעות,קילוגרמים,1.00,"ק""ג",true,,35.00,35.0000,true,1,1401795
7290003486090,false,פקאן אמריקאים מקולף,,,פקאן אמריקאים מקולף,קילוגרמים,1.00,"ק""ג",true,,99.00,99.0000,true,1,1365530
7290003486106,false,אוכמניות מיובשות,,,אוכמניות מיובשות,קילוגרמים,1.00,"ק""ג",true,,39.00,39.0000,true,1,1392419
7290003486137,false,"אננס טבעות מסוכר 1ק""",,,"אננס טבעות מסוכר 1ק""",קילוגרמים,1.00,"ק""ג",true,,39.00,39.0000,true,1,1381585
7290003486144,false,אגוז ברזיל מקולף 1 ק,,,אגוז ברזיל מקולף 1 ק,קילוגרמים,1.00,"ק""ג",true,,99.00,99.0000,true,1,1381586
7290003486168,false,"קשיו 1 ק""ג טבעי",,,"קשיו 1 ק""ג טבעי",קילוגרמים,1.00,"ק""ג",true,,59.00,59.0000,true,1,1392421
7290003486175,false,"משמש מיובש 1 ק""ג",,,"משמש מיובש 1 ק""ג",קילוגרמים,1.00,"ק""ג",true,,39.00,39.0000,true,1,1396653
7290003486205,false,גרעיני דלעת קלופים,שקדיה,,גרעיני דלעת קלופים,קילוגרמים,1.00,"ק""ג",true,,29.00,29.0000,true,1,1381587
7290003486212,false,"חמניות קלופות 1 ק""ג",,,"חמניות קלופות 1 ק""ג",קילוגרמים,1.00,"ק""ג",true,,15.00,15.0000,true,1,1381588
7290003486243,false,אגוזי מלך קלוף,,,אגוזי מלך קלוף,קילוגרמים,1.00,"ק""ג",true,,59.00,59.0000,true,1,1392423
7290003486274,false,פיסטוק חלבי בקליפה 1,,,פיסטוק חלבי בקליפה 1,קילוגרמים,1.00,"ק""ג",true,,79.00,79.0000,true,1,1381589
7290003486281,false,תמר מגהול ענק,,,תמר מגהול ענק,קילוגרמים,1.00,"ק""ג",true,,49.00,49.0000,true,1,1413425
7290003486304,false,תאנים מיובשות,,,תאנים מיובשות,קילוגרמים,1.00,"ק""ג",true,,49.00,49.0000,true,1,1401798
7290003486328,false,צימוק גדול בהיר,,,צימוק גדול בהיר,קילוגרמים,1.00,"ק""ג",true,,49.00,49.0000,true,1,1375290
7290003486335,false,"שזיף מגולען 1 ק""ג",,,"שזיף מגולען 1 ק""ג",קילוגרמים,1.00,"ק""ג",true,,45.00,45.0000,true,1,1381590
7290003486359,false,בננה ציפס,שקדיה,,בננה ציפס,קילוגרמים,1.00,"ק""ג",true,,29.00,29.0000,true,1,1381591
7290003486403,false,צימוק כהה,,,צימוק כהה,קילוגרמים,1.00,"ק""ג",true,,29.00,29.0000,true,1,1401832
7290003486533,false,פקאן מסוכר,שקדיה,,פקאן מסוכר,קילוגרמים,1.00,"ק""ג",true,,79.00,79.0000,true,1,1365532
7290003514007,false,מנה שקדי מרק מנה 400 גרם,ש.שסטוביץ בעמ,IL,מנה שקדי מרק מנה 400 גרם,גרמים,400.00,100 גרם,false,,8.90,0.0223,true,1,1386083
7290003514571,false,פריכונים אורז עם מלח מנה (100 גרם),ש.שסטוביץ בעמ,IL,מנה פריכיות אורז עם מלח 1,גרמים,100.00,100 גרם,false,,4.90,0.0490,true,1,1386095
7290003521074,false,סרקל מרכך שיער לילדים דר. פישר (1 ליטר),"פישר תעשיות פרמבצטיות בע""מ",IL,סרקל מעצב ליטר,ליטרים,1.00,ליטר,false,,28.90,28.9000,true,1,1399542
7290003521081,false,"סרקל שמפו אל דמע לילדים ד""ר פישר 1 ליטר","פישר תעשיות פרמצביטות בע""מ",IL,סרקל שמפו ליטר,ליטרים,1.00,ליטר,false,,28.90,28.9000,true,1,1399543
7290003521180,false,"סרקל שמפו+מרכך500 מ""ל",פישר תעשיות פרמבצטיות בעמ,IL,"סרקל שמפו+מעצב 500 מ""ל",מיליליטרים,500.00,"100 מ""ל",false,,18.90,0.0378,true,1,1399545
7290003521203,false,"סרקל שמפו לשיער לילדים אל דמע ד""ר פישר 2 ליטר","פישר תעשיות פרמצביטות בע""מ",IL,סרקל שמפו 2 ליטר,ליטרים,2.00,ליטר,false,,44.90,22.4500,true,1,1399547
7290003522606,false,פארמה וויפס מגבונים אנטי-בקטריאליים 160,"ד""ר פישר Dr fischer",IL,20 אלכוויפס מגבונים לשמיר,100 יח',160.00,100 יח',false,,19.90,0.1244,true,1,1414825
7290003550753,false,נתחי טונה בהירה בשמן פוסידון (108x4 גרם),"מיוצר עי וליגר בעמ,",IL,מארז 4 טונה פוסידון,גרמים,432.00,100 גרם,false,,19.90,0.0461,true,1,1376392
7290003578078,false,קוקטייל פירות טרופי בסירופ קל ויליפוד 850 גרם,ג. וילי-פוד אינטרנשיונל בע`מ,,לפתן פירות טרופיים ב,גרמים,850.00,100 גרם,false,,10.90,0.0128,true,1,1352827
7290003578290,false,וילי פוד מקלוני אורז בדץ 300ג,ג. וילי-פוד אינטרנשיונל בע`מ,CN,מקלוני אורז 300גרם (24),גרמים,300.00,100 גרם,false,,5.90,0.0197,true,1,1352833
7290003578313,false,דובדבנים ללא חרצנים ויליפוד 680 גרם,ג. וילי-פוד אינטרנשיונל בע`מ,HR,דובדבנים ללא חרצנים 680גר,גרמים,680.00,100 גרם,false,,9.90,0.0146,true,1,1352834
7290003578672,false,ויליפוד שמן חמניות 1 ליטר{בית יוסף},וילי פוד,,שמן חמניות 1 ליטר,ליטרים,1.00,ליטר,false,,11.90,11.9000,true,1,2331928
7290003643004,false,אורז בסמטי קלאסי סוגת (1 קג),האי נאם סי או אל.טי.,IL,"אורז בסמטי 1 ק""ג",קילוגרמים,1.00,"ק""ג",false,,12.90,12.9000,true,1,1380173
7290003643387,false,"סוכר אריזת פלסטיק 1 ק""ג סוגת",האי נאם סי או אל.טי.,IL,סוכר לבן בצנצנת 1 קג,קילוגרמים,1.00,"ק""ג",false,,7.90,7.9000,true,1,1380178
7290003643646,false,"סוכר דמררה קלאסי בצנצנת סוגת 1 ק""ג",האי נאם סי או אל.טי.,IL,סוכר חום דמררה צנצנת 1 קג,קילוגרמים,1.00,"ק""ג",false,,12.90,12.9000,true,1,1380179
7290003643684,false,אפונה יבשה סוגת 500 גר',האי נאם סי או אל.טי.,,אפונה 500 גרם,יחידה,0.00,יחידה,false,,6.90,0.0000,true,1,2244836
7290003643714,false,חומוס גרגירים 500 גרם סוגת,האי נאם סי או אל.טי.,,חומוס 500 גרם,יחידה,0.00,יחידה,false,,7.90,0.0000,true,1,2244838
7290003643752,false,עדשים ירוקים יבש סוגת 500 גר',האי נאם סי או אל.טי.,,עדשים ירוקות 500 גרם,גרמים,500.00,100 גרם,false,,7.90,0.0158,true,1,2244841
7290003643776,false,"פופקורן גרעינים סוגת 500 ג' כשל""פ",האי נאם סי או אל.טי.,,פופקורן 500 גרם,יחידה,0.00,יחידה,false,,5.90,0.0000,true,1,2244843
7290003643806,false,שעועית לבנה יבשה סוגת (500 גרם),האי נאם סי או אל.טי.,,שעועית לבנה 500 גרם,יחידה,0.00,יחידה,false,,7.90,0.0000,true,1,2244844
7290003643820,false,חומוס ענק יבש סוגת 500 גרם,"סוגת תעשיות בע""\מ",,חומוס ענק 500 גרם,יחידה,0.00,יחידה,false,,9.90,0.0000,true,1,2244845
7290003681006,false,צימוקים לבנים 200גרם בד''ץ,מיה תעשיות מזון מ.ת.מ. בעמ,IL,צימוקים לבנים 200גרם בד'',גרמים,200.00,100 גרם,false,,9.90,0.0495,true,1,1381138
7290003681174,false,"צימוקים שחורים 200 ג' בד""ץ מיה",מיה תעשיות מזון מ.ת.מ. בעמ,IL,צימוקים שחורים 200גרם בד',גרמים,200.00,100 גרם,false,,7.90,0.0395,true,1,1381144
7290003681211,false,צנובר מיה 100 גרם,מיה תעשיות מזון מ.ת.מ. בעמ,IL,צנובר 100גרם,גרמים,80.00,100 גרם,false,,19.90,0.2487,true,1,1381145
7290003681365,false,קישוט לעוגה צבעוני בבצנצנת מיה 80 גרם,מיה תעשיות מזון מ.ת.מ. בעמ,IL,קישוט לעוגה צבעוני בצנצנת,גרמים,80.00,100 גרם,false,,3.90,0.0487,true,1,1381152
7290003681532,false,דובדבנים מסוכרים 80 גרם מיה,מיה תעשיות מזון מ.ת.מ. בעמ,IL,דובדבנים מסוכרים 80גרם,גרמים,80.00,100 גרם,false,,6.90,0.0863,true,1,1381156
7290003681792,false,סוכריות טופי פירות מיה (850 גרם),מיה תעשיות מזון מ.ת.מ. בעמ,IL,טופי פירות 850גרם,גרמים,850.00,100 גרם,false,,14.90,0.0175,true,1,1381168
7290003726141,false,טופו אמיתי כפרי בריא 300 גרם,מחלבות גד שיווק 1992 בעמ,,גבינת טופו משק גאיה,גרמים,300.00,100 גרם,false,,12.90,0.0430,true,1,1374706
7290003726592,false,טופו מתובל בפסטו במרקם קלאסי,שטראוס גרופ בעמ/מצונן,,גבינת טופו ויילר בטע,גרמים,300.00,100 גרם,false,,12.90,0.0430,true,1,2197087
7290003726615,false,"טופו ויילר 300 גרם ""שטראוס""",שטראוס גרופ בעמ/מצונן,,גבינת טופו ויילר 300,גרמים,300.00,100 גרם,false,,12.90,0.0430,true,1,2197082
7290003726622,false,טופו פיקנטי 300 ג' משק ויילר,שטראוס גרופ בעמ/מצונן,,גבינת טופו משק ויילר,גרמים,300.00,100 גרם,false,,12.90,0.0430,true,1,2337679
7290003744831,false,אובלטים עם בצל 300 גר',שוקוטרייד בעמ,,אובלטים בצל 300גרם,גרמים,300.00,100 גרם,false,,10.90,0.0363,true,1,1384359
7290003744855,false,אובלטים עם שומשום 300 גר,שוקוטרייד בעמ,,אובלטים שומשום 300 ג,גרמים,300.00,100 גרם,false,,10.90,0.0363,true,1,1384361
7290003744862,false,אובלטים מלוחים דקיקים זעתר ברט (300 גרם),שוקוטרייד בעמ,,אובלטים זעתר 300 גרם,גרמים,300.00,100 גרם,false,,10.90,0.0363,true,1,1384362
7290003781652,false,צלפים במי מלח וילי פוד 230 גרם,ג. וילי-פוד אינטרנשיונל בע`מ,TR,צלפים 350גרם,גרמים,350.00,100 גרם,false,,8.90,0.0254,true,1,1352850
7290003781881,false,פסטה צינור דונה רוזה 500 גרם,וילי פוד,,פנה 500 גרם,גרמים,500.00,100 גרם,false,,4.90,0.0098,true,1,2214249
7290003781904,false,ספגטי דונה רוזה 500 גר`וילי פוד,ג. וילי-פוד אינטרנשיונל בע`מ,,ספגטי 500 גרם,גרמים,500.00,100 גרם,false,,4.90,0.0098,true,1,2214243
7290003781959,false,פסטה בורג דונה רוזה 500 גרם,וילי פוד,,פוזילי 500 גרם,גרמים,500.00,100 גרם,false,,4.90,0.0098,true,1,2214244
7290003804252,false,תיבוליות לאורז בנוסח הודי קנור 80גרם,יוניליוור ישראל שיווק בע`מ,IL,קנור תיבוליות הודי 72 גרם,גרמים,72.00,100 גרם,false,,9.90,0.1375,true,1,1388730
7290003804320,false,תיבולית קנור שום ופטורזיליה 72 גרם,"יוניליוור ישראל שיווק בע""מ",IL,קנור תיבוליות שום 72 גרם,גרמים,72.00,100 גרם,false,,9.90,0.1375,true,1,1388732
7290003804368,false,תיבוליות בזיליקום קנור (8 יח`- 72 גרם),"יוניליוור ישראל שיווק בע""מ",IL,קנור תיבוליות 72 גרם,גרמים,72.00,100 גרם,false,,9.90,0.1375,true,1,1388735
7290003804382,false,תיבוליות פטריות קנור (8 יח`- 72 גרם),יוניליוור ישראל שיווק בע`מ,IL,קנור תיבוליות פטריות 72 ג,גרמים,72.00,100 גרם,false,,9.90,0.1375,true,1,1388737
7290003805501,false,"פתית בסגנון שוודי תלמה בד""צ 300 גרם",יוניליוור ישראל שיווק בע`מ,IL,"פתית שוודי בד""צ חדש 300 ג",גרמים,300.00,100 גרם,false,,15.90,0.0530,true,1,1388772
7290003805587,false,"פתית חיטה מלאה בד""צ 250 גרם-קופסא",יוניליוור ישראל שיווק בע`מ,IL,פתית חיטה 250גר,גרמים,250.00,100 גרם,false,,15.90,0.0636,true,1,1388779
7290003807178,false,"רוטב קנור סויה בסגנון סיני 300 מ""ל","יוניליוור ישראל שיווק בע""מ",IL,קנור רוטב סויה בסגנון סינ,מיליליטרים,300.00,"100 מ""ל",false,,12.90,0.0430,true,1,1388813
7290003807482,false,קנור רוטב טריאקי מופחת נתרן 370 גרם,"יוניליוור ישראל שיווק בע""מ",IL,רוטב טריאקי 390 גר,מיליליטרים,300.00,"100 מ""ל",false,,12.90,0.0430,true,1,1388819
7290003864485,false,סרדינים ברוטב עגבנ יות ויליפוד 110ג' פתח קל,ג. וילי-פוד אינטרנשיונל בע`מ,TH,סרדין ברוטב עגבניות 110גר,גרמים,110.00,100 גרם,false,,4.40,0.0400,true,1,1352854
7290003864492,false,סרדין בשמן צמחי חריף פתח קל ויליפוד 110 גרם,ג. וילי-פוד אינטרנשיונל בע`מ,TH,סרדין בשמן צמחי חריף 110ג,גרמים,110.00,100 גרם,false,,4.40,0.0400,true,1,1352855
7290003882922,false,עלי גפן ממולאים באורז וילי פוד 360 גרם,ג. וילי-פוד אינטרנשיונל בע`מ,,עלי גפן ממולאים באורז 400,גרמים,400.00,100 גרם,false,,7.90,0.0198,true,1,1352858
7290003938049,false,הפי נוזל הברקה למדיח 1 ל,יעקב יעקבי ובניו בעמ,DE,הפי הברקה למדיח 1 ליטר,ליטרים,1.00,ליטר,false,,19.90,19.9000,true,1,1372325
7290003976492,false,נוזל לניקוי כלים לעו,,,נוזל לניקוי כלים לעו,מיליליטרים,750.00,"100 מ""ל",false,,9.90,0.0132,true,1,2260866
7290003976522,false,ג'ל כביסה מרוכז בניחוח פרחים,פרפקט Perfect,,ג'ל מרוכז 5 לי בניח,ליטרים,5.00,ליטר,false,,24.90,4.9800,true,1,2257823
7290003989096,false,סלט חצילים פיקנטי אחלה 500 גרם,שטראוס גרופ בעמ/מצונן,IL,חציל פיקנטי 500,גרמים,500.00,100 גרם,false,,13.90,0.0278,true,1,1389406
7290003989539,false,רביולי עם גבינה שטראוס (400 גרם),שטראוס גרופ בעמ/מצונן,IL,רביולי גבינה 400 חדש,גרמים,400.00,100 גרם,false,,18.90,0.0472,true,1,1389407
7290003996551,false,קולסלאו 400 גרם חסלט כפרי טרי,יעל ירק עלים לשיווק בעמ,,קולסלאו 400 גרם שארי,יחידה,1.00,יחידה,false,,11.90,11.9000,true,1,1399416
7290004011338,false,קצפת מתוקה מוכנה ספריי ריץ` (250 מל),נטו מלינדה סחר בע`מ,IT,קצפת ארוסול חלבי,מיליליטרים,250.00,"100 מ""ל",false,,9.90,0.0396,true,1,1376394
7290004011345,false,"ספריי קצפת מתוקה מוכנה פרווה ריץ' 238 מ""ל",האי נאם סי או אל.טי.,IT,קצפת אורוסול פרווה,מיליליטרים,250.00,"100 מ""ל",false,,9.90,0.0396,true,1,1376395
7290004014407,false,עדשי מ&מ'ס חמאת בוטנים46,מרס נדרלנד,,אם אנד אמס פינאטבאטר,גרמים,46.00,100 גרם,false,,4.90,0.1065,true,1,1428811
7290004026776,false,לחם מחמצת אגוזים וצימוקים,פילסברי,,לחם מחמצת אגוזים וצי,גרמים,500.00,100 גרם,false,,16.90,0.0338,true,1,2065434
7290004030018,false,"פריניב מיץ לימון סחוט פרי לתיבול 500 מ""ל",הנסיך- מפעל לייצור ט,,"מיץ לימון 500 מ""ל",מיליליטרים,500.00,"100 מ""ל",false,,7.90,0.0158,true,1,1417655
7290004030100,false,מיץ תפוזים ולנסיה סחוט 100% 1 ליטר,תנובה - פריניב,,מיץ תפוזים סחוט ולנס,ליטרים,1.00,ליטר,false,,16.90,16.9000,true,1,2242250
7290004030216,false,משקה בטעם חמוציות 1 ליטר פריניב,הנסיך- מפעל לייצור ט,,נקטר חמוציות 1 ליטר,ליטרים,1.00,ליטר,false,,13.90,13.9000,true,1,1417658
7290004030612,false,"מיץ תפוח, קיווי אגס ללא תוספת סוכר 1 ליטר פרי ניב",הנסיך- מפעל לייצור ט,,מיץ קיוי אגס 1 ליטר,ליטרים,1.00,ליטר,false,,17.90,17.9000,true,1,1417669
7290004033705,false,הבורגריה לחמניות המבורגר ביג 6 יחי',מאפית י את א ברמן בע,,לחמניות המבורגר ביס,גרמים,600.00,100 גרם,false,,13.50,0.0225,true,1,2306799
7290004033729,false,לחם עננים מקמח כוסמין עם פרוסות עבות,מאפית י את א ברמן בע,,לחם עננים כוסמין 600,גרמים,600.00,100 גרם,false,,15.50,0.0258,true,1,2306801
7290004033736,false,"עננים לחם לבן בסגנון בריוש עם פרוסות עבות, 500 גרם",מאפית י את א ברמן בע,,לחם עננים בסגנון ברי,גרמים,500.00,100 גרם,false,,15.50,0.0310,true,1,2323681
7290004033750,false,לחמניות עננים סגנון בריוש,מאפיית י.את א. ברמן בעמ,,לחמניות עננים מתוקות,גרמים,360.00,100 גרם,false,,13.90,0.0386,true,1,2376999
7290004048679,false,קובה למרק שלושת האופים(כ 18 יח`- 1 קג),נטו מלינדה סחר בעמ,,"קובה למרק 1 ק""ג",קילוגרמים,1.00,"ק""ג",false,,18.90,18.9000,true,1,2179166
7290004063016,false,מלח שולחן מעולה סלית (1 קג)פיקוח,האי נאם סי או אל.טי.,,"מלח שולחן 1 ק""ג",קילוגרמים,1.00,"ק""ג",false,,1.80,1.8000,true,1,1395531
7290004063115,false,"מלח מטבח עבה להמלחת בשר ובישול 1 ק""ג 1ק""ג",האי נאם סי או אל.טי.,,"מלח בישול 1 ק""ג",קילוגרמים,1.00,"ק""ג",false,,1.80,1.8000,true,1,1395532
7290004064082,false,מטחנה מלח ים טבעי מלח הארץ 100 גרם,חברת מלח הארץ אילת ב,,מטחנה מלח ים טבעי 25,גרמים,250.00,100 גרם,false,,12.90,0.0516,true,1,1475691
7290004064099,false,מטחנה מלח ים מהרי ההימלאיה מלח הארץ 100 גרם,"חברת מלח הארץ אילת בע""\מ",,מטחנה מלח מהרי ההימל,גרמים,300.00,100 גרם,false,,14.90,0.0497,true,1,1475677
7290004064105,false,מטחנה מלח עשבי תיבול מלח הארץ 100 גרם,חברת מלח הארץ אילת ב,,מטחנה מלח עשבי תיבול,גרמים,250.00,100 גרם,false,,14.90,0.0596,true,1,1475678
7290004064174,false,"תבלין מלח ההימלאיה דק בצנצנת 1 ק""ג","חברת מלח הארץ אילת בע""\מ",,"מלח ההימלאיה דק 1 ק""",קילוגרמים,1.00,"ק""ג",false,,16.90,16.9000,true,1,1860338
7290004064181,false,"תבלין מלח ההימלאיה גס בצנצנת 1 ק""ג","חברת מלח הארץ אילת בע""\מ",,"מלח הימלאיה גס 1 ק""ג",קילוגרמים,1.00,"ק""ג",false,,16.90,16.9000,true,1,1860339
7290004064280,false,מלח מופחת נתרן בצנצנת מלח הארץ 600 גרם,חברת מלח הארץ אילת בעמ,,מלח הארץ מופחת נתרן,גרמים,600.00,100 גרם,false,,14.90,0.0248,true,1,2223824
7290004064297,false,"מלח מועשר ביוד בצנצנת מלח הארץ 1 ק""ג","חברת מלח הארץ אילת בע""\מ",,מלח הארץ מועשר ביוד,קילוגרמים,1.00,"ק""ג",false,,7.90,7.9000,true,1,2223825
7290004064358,false,"מלח דק זורם בקלות מלח הארץ קרטון 1 ק""ג","חברת מלח הארץ אילת בע""\מ",,מלח הארץ דק זורם בקל,קילוגרמים,1.00,"ק""ג",false,,4.90,4.9000,true,1,2234654
7290004064372,false,מטחנת מלח אקסטרא תבלינים איטלקי 105 גר,"חברת מלח הארץ בע""\מ",,מטחנת מלח אקסטרא תבל,גרמים,125.00,100 גרם,false,,14.90,0.1192,true,1,2253525
7290004064389,false,מלח הימלאיה דק 250ג מלחיה סוגת*,"חברת מלח הארץ אילת בע""\מ",,מלח הימלאיה דק מלחיי,גרמים,250.00,100 גרם,false,,9.90,0.0396,true,1,2281765
7290004067250,false,קונפיטורת תאנים בערק 360 גרם בית יצחק,,,קונפיטורת תאנים בערק,גרמים,360.00,100 גרם,false,,19.90,0.0553,true,1,2208993
7290004067267,false,קונפיטורת דובדבן בוויסקי 360 גר בית יצחק,מוצרים טבעיים בית יצחק,,קונפיטורת דובדבן בוו,גרמים,360.00,100 גרם,false,,19.90,0.0553,true,1,2208994
7290004067519,false,מעדן דובדבן 100% פרי בית יצחק,בית יצחק,,מעדן דובדבן 100% פרי,גרמים,284.00,100 גרם,false,,14.90,0.0525,true,1,2208999
7290004067656,false,מעדן פירות יער 100% פרי ל.ת.סוכר בית יצחק 284ג',בית יצחק,,מעדן פירות יער 100%,גרמים,284.00,100 גרם,false,,14.90,0.0525,true,1,2209002
7290004068028,false,"יוגורט צזיקי לשתיה 3.5% 500 מ""ל רובין",מחלבות גד שיווק 1992 בעמ,IL,יוגורט צי'זקי 0.5 ליטר,מיליליטרים,500.00,"100 מ""ל",false,,9.90,0.0198,true,1,1374708
7290004068035,false,"איירן יוגורט לשתייה 3% גד 500 מ""ל",מחלבות גד שיווק 1992 בעמ,IL,"איירן 0.5 ליטר בד""ץ",מיליליטרים,500.00,"100 מ""ל",false,,7.90,0.0158,true,1,1374709
7290004068172,false,"יוגורט עיזים בדלי 5% 600 מ""ל רובין",מחלבות גד שיווק 1992 בעמ,IL,יוגורט עיזים 600 גרם,גרמים,600.00,100 גרם,false,,16.90,0.0282,true,1,1374711
7290004068196,false,מוצרלה מגוררת 500 גר`גד,מחלבות גד שיווק 1992 בעמ,IL,מוצרלה מגורדת 500 גרם בדץ,גרמים,500.00,100 גרם,false,,29.90,0.0598,true,1,1374713
7290004068332,false,גבינה קממבר בקר משולשים גד,מחלבות גד,IL,"קממבר בקר משולש ק""ג שקיל",קילוגרמים,1.00,"ק""ג",true,,120.00,120.0000,true,1,1374719
7290004068677,false,גאודה עיזים 30% שומן,,,גאודה עיזים 30% שומן,קילוגרמים,1.00,"ק""ג",true,,129.00,129.0000,true,1,1850724
7290004068912,false,גרנה פדנו משולש במשקל,מחלבות גד,,גבינת פרמזן גרנה פדנ,קילוגרמים,1.00,"ק""ג",true,,125.00,125.0000,true,1,2251270
7290004078263,false,מקלות אוזניים פלסטיק 2* 200 יחידות,ש. שסטוביץ בע`מ,GR,בלונס מקלות אוזניים זוג,יח',400.00,יח',false,,10.90,0.0273,true,1,1386114
7290004078270,false,נוזל לניקוי כלים בריח לימון פלמוליב 1 ליטר,יבואן ומשווק: ש. שסט,GR,פלמוליב צילינדר לימון 1 ל,ליטרים,1.00,ליטר,false,,13.90,13.9000,true,1,1386115
7290004078690,false,"אגקס נוזל לניקוי אסלות מרענן 750 מ""ל",הנסיך- מפעל לייצור ט,FR,אגקס שירותים מרענן חדש 75,גרמים,750.00,100 גרם,false,,14.90,0.0199,true,1,1386117
7290004078942,false,ליידי ספיד סטיק - דאודורנט ג'ל לאישה 65 גרם,קולגייט-פלמוליב,US,ליידי ספיד סטיק גל בסיסי,גרמים,63.00,100 גרם,false,,19.90,0.3159,true,1,1386118
7290004084110,false,סוכר קוביות 500 גרם,,,סוכר קוביות 500 גרם,גרמים,500.00,100 גרם,false,,7.90,0.0158,true,1,1375291
7290004091217,false,"גודרדס, חומר לניקוי והברקת כלי כסף 144 מל",אס סי גונסון פורטוגל,PT,גודרס להברקת כלי כסף 125מ,מיליליטרים,144.00,"100 מ""ל",false,,18.90,0.1312,true,1,1400802
7290004119225,false,יוגורט יופלה אננס 3% שומן 150 גרם,תנובה מרכז שיתופי לש,,יופלה אננס 3%.,גרמים,150.00,100 גרם,false,,4.70,0.0313,true,1,1387500
7290004119928,false,מעדן חלב בטעם וניל 2% קרלו תנובה 125 גרם,מחלבת אלון תבור,,מעדן קרלו וניל.,מיליליטרים,125.00,"100 מ""ל",false,,2.70,0.0216,true,1,1387502
7290004119973,false,קרלו מעדן שוקו רביעיה גביע 1.5% 125 גרם,תנובה מרכז שיתופי לש,,מעדן קרלו.,מיליליטרים,125.00,"100 מ""ל",false,,2.70,0.0216,true,1,1387503
7290004120061,false,מעדן חלב בטעם שוקו וניל שוניל 2% קרלו 125 גרם,תנובה מרכז שיתופי לש,,מעדן קרלו שוניל.,מיליליטרים,125.00,"100 מ""ל",false,,2.80,0.0224,true,1,1387504
7290004120108,false,יוגורט יופלה דיאט דובדבן 0% שומן 150גרם,תנובה מרכז שיתופי לש,,יופלה דובדבן דיאט.,גרמים,150.00,100 גרם,false,,4.70,0.0313,true,1,1387505
7290004120566,false,גבינה בולגרית (25024% גרם)פיראוס תנובה,"תנובה בע""מ ***",,בולגרית 24% פיראוס 2,גרמים,250.00,100 גרם,false,,21.90,0.0876,true,1,1387509
7290004120573,false,גבינה בולגרית (25016% גרם)פיראוס תנובה,תנובה מרכז שיתופי לש,,בולגרית 16% גביע 250,גרמים,250.00,100 גרם,false,,21.90,0.0876,true,1,1387510
7290004120634,false,גבינה בולגרית (2505% גרם)פיראוס תנובה,תנובה מרכז שיתופי לש,,בולגרית פיראוס 5% 25,גרמים,250.00,100 גרם,false,,21.90,0.0876,true,1,1387511
7290004120832,false,"חלב 2 ליטר 3% כד ""תנובה""- מוצר בפיקוח",תנובה מרכז שיתופי לש,,חלב שומן 3% כד 2 ליט,ליטרים,2.00,ליטר,false,,12.40,6.2000,true,1,1387512
7290004121488,false,יוגורט ביו דיאט 0% אפרסק יופלה (150 גרם),תנובה מרכז שיתופי לש,,יופלה אפרסק 0%.,גרמים,150.00,100 גרם,false,,4.70,0.0313,true,1,1387513
7290004121525,false,יופלה מאגדת פרי 4 תות 4 אפרסק 3% 8 יח'*150 ג',תנובה מרכז שיתופי לש,,מאגדת 8 יופלה 3% אפר,גרמים,1200.00,100 גרם,false,,28.90,0.0241,true,1,1387514
7290004121754,false,יוגורט ביו עוגת גבינה ותות 3% יופלה 150 גרם,תנובה בעמ ***,,יוגורט ביו בטעם עוג,גרמים,150.00,100 גרם,false,,4.70,0.0313,true,1,1387515
7290004121839,false,גבינת פטה כבשים (25020% גרם)פיראוס בול,תנובה מרכז שיתופי לש,,גבינה פטה 20% פיראוס,גרמים,250.00,100 גרם,false,,25.90,0.1036,true,1,1387516
7290004121853,false,גבינה בולגרית קוביות (2005% גרם)פיראוס,תנובה מרכז שיתופי לש,,בולגרית קוביות 5% פי,גרמים,200.00,100 גרם,false,,19.90,0.0995,true,1,1387517
7290004122119,false,פתיתי פרמזן לפסטה 23% השף הלבן 100 גרם,"תנובה בע""מ ***",,פתיתי גבינה פרמזן 10,גרמים,100.00,100 גרם,false,,11.90,0.1190,true,1,1387520
7290004122195,false,גוש חלב גבינה צהובה פרוסה 28% תנובה 200 גרם,"תנובה בע""מ ***",,גבינה גוש חלב 200 גר,גרמים,200.00,100 גרם,false,,12.90,0.0645,true,1,1387521
7290004122270,false,עמק קלאסית פרוסות גבינה חצי קשה 28% 200 גרם,תנובה מרכז שיתופי לש,,גבינה עמק פרוס 28% ב,גרמים,200.00,100 גרם,false,,15.90,0.0795,true,1,1680054
7290004122348,false,גבינה צהובה מופחתת שומן 9% עמק (200 גרם),תנובה מרכז שיתופי לש,,גבינה עמק לייט 9% 20,גרמים,200.00,100 גרם,false,,16.90,0.0845,true,1,1387523
7290004122607,false,גבינת עמק לייט 9% במשקל,תנובה מרכז שיתופי לש,,"גבינה עמק לייט ק""ג.",קילוגרמים,1.00,"ק""ג",true,,70.00,70.0000,true,1,1387525
7290004122676,false,גבינה חמד לייט (2505% גרם)פיראוס תנובה,תנובה מרכז שיתופי לש,,גבינה חמד 5% גביע מד,גרמים,250.00,100 גרם,false,,17.90,0.0716,true,1,1387526
7290004122683,false,עמק חטיף אצבעות גבינה חצי קשה 28% שומן,תנובה מרכז שיתופי לש,,אצבעות עמק 28% 172 ג,גרמים,172.00,100 גרם,false,,15.90,0.0924,true,1,1387527
7290004124205,false,יופלה דיאט יוגורט תות %0 גביע 150 גרם,תנובה מרכז שיתופי לש,,יופלה תות דיאט.,גרמים,150.00,100 גרם,false,,4.70,0.0313,true,1,1387535
7290004124847,false,"קצפת צמחית השף הלבן 500 מ""ל תנובה",תנובה מרכז שיתופי לש,,קצפת צמחית השף הלבן,מיליליטרים,500.00,"100 מ""ל",false,,14.90,0.0298,true,1,1387536
7290004125400,false,"אשל שלי מהדרין 200 מ""ל 4.5% ""תנובה""- מוצר בפיקוח",פארייפאבה אגרואינדוס,,אשל מהדרין 4.5% 200,מיליליטרים,200.00,"100 מ""ל",false,,1.65,0.0082,true,1,1387539
7290004125417,false,"גיל 3% שלי 200 מ""ל ""תנובה"" -מוצר בפיקוח",תנובה מרכז שיתופי לש,,"גיל מהדרין 3% 200 מ""",מיליליטרים,200.00,"100 מ""ל",false,,1.50,0.0075,true,1,1387540
7290004125455,false,"שמנת חמוצה 200 מ""ל 15% ""תנובה"" -מוצר בפיקוח",תנובה מרכז שיתופי לש,,שמנת חמוצה מהדרין 20,מיליליטרים,200.00,"100 מ""ל",false,,2.40,0.0120,true,1,1387541
7290004125462,false,"שמנת חמוצה 15% תנובה 500 מ""ל מהדרין",תנובה מרכז שיתופי לש,,"שמנת חמוצה 500 מ""ל.",מיליליטרים,500.00,"100 מ""ל",false,,6.00,0.0120,true,1,1387542
7290004125509,false,"שמנת חמוצה 15% מועשרת תנובה 100 מ""ל",תנובה מרכז שיתופי לש,,"שמנת אורגינל 100 מ""ל",מיליליטרים,100.00,"100 מ""ל",false,,1.60,0.0160,true,1,1387543
7290004125578,false,משקה סויה מועשר בסידן 1 ל`תנובה,תנובה מרכז שיתופי לש,,משקה סויה מעושר בסיד,ליטרים,1.00,ליטר,false,,10.90,10.9000,true,1,1387544
7290004125585,false,משקה סויה בטעם וניל תנובה 1 ליטר,תנובה מרכז שיתופי לש,,משקה סויה בוקר וניל,ליטרים,1.00,ליטר,false,,10.90,10.9000,true,1,1387545
7290004125721,false,"השף הלבן שמנת עמידה לבישול 15% תנובה 250 מ""ל",תנובה מרכז שיתופי לש,,שמנת לבישול 15%שומן,מיליליטרים,250.00,"100 מ""ל",false,,7.90,0.0316,true,1,1387546
7290004125738,false,שמנת מתוקה להקצפה32% 250מל עמיד השף הלבן,תנובה מרכז שיתופי לש,,שמנת עמידה להקצפה 32,מיליליטרים,250.00,"100 מ""ל",false,,6.50,0.0260,true,1,1387547
7290004125776,false,גבינה צהובה קלאסית 28% עמק (400 גרם),"תנובה בע""מ ***",,עמק פרוס בקופסא 28%,גרמים,400.00,100 גרם,false,,28.90,0.0722,true,1,1387548
7290004126650,false,גבינה צפתית 5% תנובה,תנובה מרכז שיתופי לש,,גבינה צפתית 5% תנובה,קילוגרמים,1.00,"ק""ג",true,,50.00,50.0000,true,1,1387550
7290004126674,false,טל העמק פרוסות גבינה חצי קשה לייט %9 200 גרם בקופסא,תנובה מרכז שיתופי לש,,גבינה טל עמק לייט 9%,גרמים,200.00,100 גרם,false,,18.90,0.0945,true,1,1387551
7290004126759,false,דאיט יופלה פירות יער טו יוג פרי 150גר.,"תנובה בע""מ ***",,יופלה פירות יער דיאט,גרמים,150.00,100 גרם,false,,4.70,0.0313,true,1,1387552
7290004126872,false,משקאות חלב תנובה שוקו בקבוק 250מל,תנובה - חלב,,שוקו שוק בקבוק 250 מ,מיליליטרים,250.00,"100 מ""ל",false,,5.30,0.0212,true,1,1387553
7290004127077,false,קוטג תנובה 3% גביע 250 גרם מהדרין,מיוצר עי קונדיטוריית,,קוטג' 3% תנובה 250 ג,גרמים,250.00,100 גרם,false,,5.40,0.0216,true,1,1387554
7290004127329,false,קוטג תנובה גביע 250 גרם %5 ו.מהדרין,מיוצר עי קונדיטוריית,,קוטג' 5% תנובה מהדרי,גרמים,250.00,100 גרם,false,,5.40,0.0216,true,1,1387555
7290004127336,false,קוטג תנובה גביע 250 גרם %9 ו.מהדרין,מיוצר עי קונדיטוריית,,קוטג' 9% תנובה 250 ג,גרמים,250.00,100 גרם,false,,5.40,0.0216,true,1,1387556
7290004127800,false,"גבינה לבנה 500 גרם 5% ""תנובה"" -מוצר בפיקוח",מיוצר עי קונדיטוריית,,גבינה למריחה 5% 500,גרמים,500.00,100 גרם,false,,9.90,0.0198,true,1,1387558
7290004127817,false,גבינה לבנה 9% שומן 500 ג' תנובה,מיוצר עי קונדיטוריית,,גבינה לבנה 9% 500 גר,גרמים,500.00,100 גרם,false,,9.40,0.0188,true,1,1387559
7290004127862,false,"גבינה לבנה 750 גרם 5% ""תנובה"" - מוצר בפיקוח",תנובה מרכז שיתופי לש,,גבינה לבנה 5% 750 גר,גרמים,750.00,100 גרם,false,,14.85,0.0198,true,1,1387560
7290004127916,false,גבינה לבנה 0.5% שומן 500 ג' תנובה,תנובה מרכז שיתופי לש,,גבינה למריחה 0.5% 50,גרמים,500.00,100 גרם,false,,9.40,0.0188,true,1,1387562
7290004128333,false,לאבנה על בסיס יוגורט %9 שומן 500 ג' פיראוס,תנובה בעמ ***,,לאבנה פיראוס 9% 500,גרמים,500.00,100 גרם,false,,19.90,0.0398,true,1,1387566
7290004128340,false,קרם גבינת שמנת %5 בטעם טבעי 200 ג' תנובה,תנובה בעמ ***,,גבינת שמנת בטעם טבעי,גרמים,200.00,100 גרם,false,,10.90,0.0545,true,1,1387567
7290004128432,false,פתיתים מיוחדים לפיצה על בסיס גבינה 500 ג',תנובה - חלב,,פתיתים לפיצה שף לבן,גרמים,500.00,100 גרם,false,,22.90,0.0458,true,1,1387570
7290004129101,false,גבינת שמנת 25% בטעם טבעי 225 ג' נפוליאון,תנובה מרכז שיתופי לש,,גבינת נפולאון טבעי 2,גרמים,225.00,100 גרם,false,,12.90,0.0573,true,1,1387571
7290004129156,false,גבינת שמנת25% עם שום שמיר 225 ג' נפוליאון,תנובה מרכז שיתופי לש,,גבינת נפולאון + שום,גרמים,225.00,100 גרם,false,,12.90,0.0573,true,1,1387573
7290004130695,false,משקאות חלב תנובה אייס קפה בבקבוק 1ל,תנובה מרכז שיתופי לש,,שוקו אייס קפה בבקבוק,ליטרים,1.00,ליטר,false,,12.90,12.9000,true,1,1387581
7290004130794,false,משקה סויה במתיקות מופחתת תנובה (1 ליטר),תנובה מרכז שיתופי לש,,משקה סויה מעושר טבעי,ליטרים,1.00,ליטר,false,,10.90,10.9000,true,1,1387582
7290004130916,false,יוגורט יופלה פירות יער בשמנת 3% 150 גרם,תנובה מרכז שיתופי לש,,יופלה 3% פירות יער ב,גרמים,150.00,100 גרם,false,,4.70,0.0313,true,1,1387583
7290004131074,false,"חלב 1 ליטר 3% קרטון ""תנובה""- מוצר בפיקוח",תנובה מרכז שיתופי לש,,חלב 3% שומן מהדרין ק,ליטרים,1.00,ליטר,false,,6.20,6.2000,true,1,1387585
7290004131432,false,יוגורט יופלה לבן ביו 3% 200 גרם,מיוצר עי קונדיטוריית,,יופלה לבן חלב תנובה,גרמים,200.00,100 גרם,false,,3.60,0.0180,true,1,1387590
7290004131456,false,יוגורט ביו 1.5% שומן 200 ג' יופלה,מיוצר עי קונדיטוריית,,יופלה לבן חלב תנובה,גרמים,200.00,100 גרם,false,,3.60,0.0180,true,1,1387591
7290004131531,false,שוקו 30% פחות תוספת סוכר תנובה (1 ליטר),פארייפאבה אגרואינדוס,,שוקו בקבוק 1 ליטר 20,ליטרים,1.00,ליטר,false,,11.90,11.9000,true,1,1387592
7290004131814,false,גבינת צפתית מעודנת (2005% גרם)פיראוס ת,פארייפאבה אגרואינדוס,,צפתית 5% מעודנת פירא,גרמים,200.00,100 גרם,false,,13.90,0.0695,true,1,1387594
7290004131845,false,לאבנה גביע 9% 750 גר`פיראוס תנובה,תנובה מרכז שיתופי לש,,לאבנה 9% 750גר,גרמים,750.00,100 גרם,false,,22.90,0.0305,true,1,2259728
7290004132552,false,משקה סויה בטעם טבעי לייט תנובה 1 ליטר,תנובה מרכז שיתופי לש,,משקה סויה בוקר לייט,ליטרים,1.00,ליטר,false,,10.90,10.9000,true,1,1387599
7290004132606,false,"קרלו מעדן חלב בטעם וניל 2% תנובה 8*100 מ""ל",תנובה מרכז שיתופי לש,,מאגדת 8 יח קרלו מיני,גרמים,800.00,100 גרם,false,,13.20,0.0165,true,1,1387600
7290004132712,false,חטיף אצבעות גבינת מוצרלה 20% 172 ג' עמק,תנובה מרכז שיתופי לש,,אצבעות עמק מוצרלה 17,גרמים,174.00,100 גרם,false,,15.90,0.0914,true,1,1387602
7290004133511,false,יופלה מאגדת לבן 1.5% מעודן 8 יח' * 150 ג',מיוצר עי קונדיטוריית,,מארז 8 יופלה לבן 1.5,גרמים,1200.00,100 גרם,false,,19.90,0.0166,true,1,1387606
7290004134945,false,יוגורט ביו 3% בטעם מוקה יופלה (150 גרם),תנובה מרכז שיתופי לש,,יופלה מוקה 3%.,גרמים,150.00,100 גרם,false,,4.70,0.0313,true,1,1387611
7290004135058,false,שמיניית קרלו מיני שוקולד 100 גרם מהדרין,תנובה מרכז שיתופי לש,,מאגדת 8 יח קרלו מיני,גרמים,800.00,100 גרם,false,,13.20,0.0165,true,1,1387613
7290004135225,false,מעדן חלב דל קלוריות בטעם שוקולד 0.2שומ,תנובה מרכז שיתופי לש,,מעדן דיאט שוקולדה 0%,גרמים,150.00,100 גרם,false,,3.70,0.0247,true,1,1387617
7290004135324,false,פיראוס בולגרית מע5%משקל,תנובה מרכז שיתופי לש,,גבינה בולגרית 5% מעו,קילוגרמים,1.00,"ק""ג",true,,40.00,40.0000,true,1,1387619
7290004135614,false,גבינה בולגרית מעודנת 5% פיראוס 250 גרם,"תנובה בע""מ ***",,בולגרית מעודנת 5% פי,גרמים,250.00,100 גרם,false,,21.90,0.0876,true,1,1387622
7290004136154,false,"משקה חלב אייס קפה תנובה בבקבוק 340 מ""ל",גוד פוד פרודקטס S.p,,שוקו אייס קפה בבקבוק,מיליליטרים,340.00,"100 מ""ל",false,,6.50,0.0191,true,1,1387627
7290004136291,false,צפתית 5% מעודנת תנוב,תנובה חלב,,צפתית 5% מעודנת תנוב,קילוגרמים,1.00,"ק""ג",true,,50.00,50.0000,true,1,1387631
7290004136598,false,מארז הפסקת אוכל עם קורנפלקס ומשקה חלב עמיד בטעם וניל,פארייפאבה אגרואינדוס,,מארז הפסקת אוכל.,מיליליטרים,150.00,"100 מ""ל",false,,7.90,0.0527,true,1,1387634
7290004136857,false,מעדן ג`לי בטעם פטל תנובה (125 גרם),תנובה מרכז שיתופי לש,,ג'לי פטל תנובה.,מיליליטרים,125.00,"100 מ""ל",false,,2.20,0.0176,true,1,1387636
7290004136864,false,מעדן ג'לי בטעם אננס עם חתיכות תנובה 125 גרם,תנובה בעמ ***,,ג'לי אננס + חתיכות א,מיליליטרים,125.00,"100 מ""ל",false,,2.50,0.0200,true,1,1387637
7290004136871,false,מעדן ג'לי בטעם אפרסק עם חתיכות תנובה 125 גרם,תנובה מרכז שיתופי לש,,ג'לי אננס + חתיכות א,מיליליטרים,125.00,"100 מ""ל",false,,2.50,0.0200,true,1,1387638
7290004137021,false,"שמנת עמידה לבישול מופחת שומן 10% השף הלבן 250 מ""ל",תנובה מרכז שיתופי לש,,שמנת לבישול 10% שומן,מיליליטרים,250.00,"100 מ""ל",false,,7.90,0.0316,true,1,1387639
7290004137311,false,גבינה צהובה מופחתת שומן 9% עמק (400 גרם),"תנובה בע""מ ***",,עמק לייט משפחתית 9%,גרמים,400.00,100 גרם,false,,29.90,0.0747,true,1,1387641
7290004137809,false,לאבנה אסלית 5% גביע (250 גרם)פיראוס תנו,"תנובה, מחלבת אלון תב",,לאבנה 5% פיראוס 250,גרמים,250.00,100 גרם,false,,11.90,0.0476,true,1,1387642
7290004146986,false,נקה 7 שמפו לשיער צבוע ומובהר 750 מל,החברה הדרומית לשיווק בעמ,IL,שמפו נקה 7 שיער צבוע750מ,מיליליטרים,750.00,"100 מ""ל",false,,11.90,0.0159,true,1,1366049
7290004146993,false,נקה 7 מרכך שיער צבוע ומובהר 750 מל,החברה הדרומית לשיווק בעמ,IL,מרכך נקה 7 שיער צבוע750מ,מיליליטרים,750.00,"100 מ""ל",false,,11.90,0.0159,true,1,1366050
7290004147020,false,גיישנית מקורית/יפאני,קונסיגנציה- ש. י גיספאן 1993,JP,גיישנית ליפה יפאנית,יחידה,0.00,יחידה,false,,19.90,0.0000,true,1,1352701
7290004147150,false,ליפות/רצועות/וספוגים- מערוב,קונסיגנציה- ש. י גיספאן 1993,CN,ליפה גב / כפפה / וספוג י,יחידה,0.00,יחידה,false,,9.90,0.0000,true,1,1352704
7290004147280,false,שקית כביסון,מיה טריידינג,CN,כביסון 50 / 70,יח',1.00,יח',false,,9.90,9.9000,true,1,1352709
7290004147334,false,סוגרן שקיות מזון,מיה טריידינג,CN,סוגרן שקיות,יח',5.00,יח',false,,8.90,1.7800,true,1,1352712
7290004150235,false,חומוס עם חריף פיקנטי פרימיום 300 גרם שמיר,"סלטי שמיר 2006 בע""\מ",,חומוס עם חריף 300 גר,יחידה,0.00,יחידה,false,,14.90,0.0000,true,1,2371052
7290004165017,false,"רסק תפו""ע 600 גרם טבעי ללא סוכר יכין",ב ספירת מלאי,IL,"רסק תפו""ע בלי סוכר560גרם",גרמים,560.00,100 גרם,false,,8.90,0.0159,true,1,1369411
7290004199074,false,סאני פלסטר אינטרסן 5,אינטרסן (1996) בעמ,,פלסטרים,יח',50.00,יח',false,,5.90,0.1180,true,1,1368747
7290004199166,false,כפפות לאטקס קטן איזי טאצ` (100),הדקלאים אגודת שיתופי,,כפפות לאטקס S,יח',100.00,יח',false,,24.90,0.2490,true,1,1368750
7290004199173,false,כפפות לטקס איזי טאצ 100 יח מדיום,הדקלאים אגודת שיתופי,,כפפות לאטקס M,יח',100.00,יח',false,,24.90,0.2490,true,1,1368751
7290004199180,false,כפפות לאטקס לארג` איזי טאצ` (100),הדקלאים אגודת שיתופי,,כפפות לאטקס L,יח',100.00,יח',false,,24.90,0.2490,true,1,1368752
7290004199234,false,כפפות לטקס איזי טאצ 100 יח אקסטרא לארג,אינטרסן 1996 בעמ,,כפפות לאטקס XL,יחידה,0.00,יחידה,false,,24.90,0.0000,true,1,1368754
7290004199579,false,פלסטר מעורב 100 יח' - SUNNY PLASTER,הדקלאים אגודת שיתופי,,פלסטר 100 יחידות מעו,יח',100.00,יח',false,,9.90,0.0990,true,1,1368758
7290004199784,false,כפפות S לטקס עם איבוק עדין 100 יח- SAFE TOUCH,אינטרסן (1996) בעמ,,כפפות לאטקס S,יח',100.00,יח',false,,18.90,0.1890,true,1,1368760
7290004199791,false,כפפות M לטקס עם איבוק עדין 100 יח- SAFE TOUCH,אינטרסן (1996) בעמ,,כפפות לאטקס M,יח',100.00,יח',false,,18.90,0.1890,true,1,2253958
7290004199807,false,כפפות L לטקס עם איבוק עדין 100 יח- SAFE TOUCH,אינטרסן (1996) בעמ,,כפפות לאטקס L,יח',100.00,יח',false,,18.90,0.1890,true,1,1368762
7290004219819,false,קומפלטה מלבין קפה הולנדי 200ג,ג. וילי-פוד אינטרנשיונל בע`מ,NL,מלבין קפה הולנדי 200גרם,גרמים,200.00,100 גרם,false,,9.90,0.0495,true,1,1352863
7290004225285,false,גבינה בסגנון דנאבלו 100 גר,האי נאם סי או אל.טי.,,בסגנון דנאבלו 100 גר,גרמים,100.00,100 גרם,false,,12.90,0.1290,true,1,1376396
7290004228415,false,פיצה משפחתית עבה סיציליאנית שגב 425 גרם,האי נאם סי או אל.טי.,,פיצה עבה שגב,גרמים,425.00,100 גרם,false,,15.90,0.0374,true,1,2220974
7290004228804,false,עלי בצק לסיגרים ואגרול שלושת האופים (450,נטו מילנדה סחר בעמ*,,עלי סיגר,גרמים,450.00,100 גרם,false,,13.90,0.0309,true,1,2237015
7290004230326,false,"שטרודל פילו תפ""ע שגב לנדא",נטו מלינדה סחר בע`מ,IL,שטרודל פילו שגב,גרמים,600.00,100 גרם,false,,16.90,0.0282,true,1,1376397
7290004230333,false,מקלות בורקס פילו תפ`א 600 גר` שגב קפוא,האי נאם סי או אל.טי.,IL,"מקלות פילו תפו""א שגב",גרמים,600.00,100 גרם,false,,16.90,0.0282,true,1,1376398
7290004230340,false,מקלות בורקס פילו תרד ובצל 600 גר` שגב,האי נאם סי או אל.טי.,IL,מקלות פילו תרד ובצל שגב,גרמים,600.00,100 גרם,false,,16.90,0.0282,true,1,1376399
7290004230357,false,שגב מקלות בורקס פילו גבינה ובטטה 600 גר,האי נאם סי או אל.טי.,IL,בורקס בטטה גבינה שגב,גרמים,600.00,100 גרם,false,,16.90,0.0282,true,1,1376400
7290004230364,false,שגב מקלות בורקס פילו גבינה צרפתי 600 גר,נטו מלינדה סחר בע`מ,IL,בורקס פילו צרפתי שגב,גרמים,600.00,100 גרם,false,,16.90,0.0282,true,1,1376401
7290004230371,false,מקלות בורקס פילו פיצה 600 גר` `שגב` קפ,נטו מלינדה סחר בע`מ,IL,מקלות פילו פיצה שגב,גרמים,600.00,100 גרם,false,,16.90,0.0282,true,1,1376402
7290004230944,false,מקלות פילו גבינה 600 גר' שלושת האופים לנדא,שלושת האופים שגמור,IL,מקלות פילו גבינה,גרמים,600.00,100 גרם,false,,14.90,0.0248,true,1,1376404
7290004255305,false,נר נשמה שבועי בפלסטיק מנורה,"מנורה שי נר בע""מ",,נר נשמה 7 ימים בפלסט,יחידה,0.00,יחידה,false,,8.90,0.0000,true,1,2233522
7290004255619,false,נר חימום מנורה שי נר) (100,"מנורה שי נר בע""מ",IL,נרות חימום מנורה 100 יחיד,יח',100.00,יח',false,,19.90,0.1990,true,1,1400729
7290004324605,false,גבינה מותכת למריחה בטעם רוקפור 7% מון בלאן 120 ג',נטו מילנדה סחר בעמ*,IL,גבינת מון בלאן רוקפור 120,גרמים,120.00,100 גרם,false,,9.90,0.0825,true,1,1376408
7290004329495,false,גרון עוף,,,גרון עוף,קילוגרמים,1.00,"ק""ג",true,,4.90,4.9000,true,1,1391744
7290004329501,false,גרון הודו,,,גרון הודו,קילוגרמים,1.00,"ק""ג",true,,24.90,24.9000,true,1,1391745
7290004329624,false,שוקיים הודו טרי,,,שוקיים הודו טרי,קילוגרמים,1.00,"ק""ג",true,,24.90,24.9000,true,1,1391752
7290004329631,false,כנפיים הודו טרי,,,כנפיים הודו טרי,קילוגרמים,1.00,"ק""ג",true,,14.90,14.9000,true,1,1391753
7290004329655,false,חזה הודו,,,חזה הודו,קילוגרמים,1.00,"ק""ג",true,,34.90,34.9000,true,1,1391754
7290004329662,false,בשר הודו אדום,,,בשר הודו אדום,קילוגרמים,1.00,"ק""ג",true,,59.90,59.9000,true,1,1391755
7290004329679,false,שווארמה הודו,,,שווארמה הודו,קילוגרמים,1.00,"ק""ג",true,,69.90,69.9000,true,1,1391756
7290004329693,false,טחול עוף,,,טחול עוף,קילוגרמים,1.00,"ק""ג",true,,49.90,49.9000,true,1,1391757
7290004329716,false,לבבות עוף,,,לבבות עוף,קילוגרמים,1.00,"ק""ג",true,,29.90,29.9000,true,1,1391759
7290004329723,false,כבד עוף טרי,,,כבד עוף טרי,קילוגרמים,1.00,"ק""ג",true,,29.90,29.9000,true,1,1391760
7290004329730,false,חזה עוף שלם,,,חזה עוף שלם,קילוגרמים,1.00,"ק""ג",true,,34.90,34.9000,true,1,1391761
7290004329747,false,כנפיים עוף,,,כנפיים עוף,קילוגרמים,1.00,"ק""ג",true,,9.90,9.9000,true,1,1391762
7290004329754,false,שוקיים עוף טרי,,,שוקיים עוף טרי,קילוגרמים,1.00,"ק""ג",true,,29.90,29.9000,true,1,1391763
7290004329761,false,ירכיים עוף טרי,,,ירכיים עוף טרי,קילוגרמים,1.00,"ק""ג",true,,29.90,29.9000,true,1,1391764
7290004329778,false,כרעיים עוף,,,כרעיים עוף,קילוגרמים,1.00,"ק""ג",true,,29.90,29.9000,true,1,1391765
7290004329808,false,כתף עגל טרי,,,כתף עגל טרי,קילוגרמים,1.00,"ק""ג",true,,69.00,69.0000,true,1,1391768
7290004329860,false,אסאדו עם עצם,,,אסאדו עם עצם,קילוגרמים,1.00,"ק""ג",true,,49.90,49.9000,true,1,1391773
7290004339692,false,סייטן קפוא ביתי 500 גרם טבע דלי,טבע דלי,IL,"גוש סייטן טבעי (""עוף"", מק",גרמים,500.00,100 גרם,false,,17.90,0.0358,true,1,1376101
7290004339777,false,סייטן טחון בולונז 350 גרם טבע דלי,טבע דלי,IL,בולונז מהצומח,גרמים,350.00,100 גרם,false,,25.90,0.0740,true,1,1376103
7290004353346,false,כפפת פינוק גיאנקי,יושלם,,כפפה מוסקו,יחידה,0.00,יחידה,false,,15.00,0.0000,true,1,1370381
7290004456047,false,מכסה הצלע טרי,,,מכסה הצלע טרי,קילוגרמים,1.00,"ק""ג",true,,69.90,69.9000,true,1,1391775
7290004456061,false,כבד עגל טרי,,,כבד עגל טרי,קילוגרמים,1.00,"ק""ג",true,,24.90,24.9000,true,1,1391776
7290004456078,false,"חזה בקר ע""ע טרי",,,"חזה בקר ע""ע טרי",קילוגרמים,1.00,"ק""ג",true,,49.90,49.9000,true,1,1391777
7290004456085,false,סטייק אנטריקוט עם עצ,,,סטייק אנטריקוט עם עצ,קילוגרמים,1.00,"ק""ג",true,,99.00,99.0000,true,1,1391778
7290004456801,false,פרגיות עוף שלם טרי,,,פרגיות עוף שלם טרי,קילוגרמים,1.00,"ק""ג",true,,59.90,59.9000,true,1,1391783
7290004456931,false,עוף טרי מפורק,,,עוף טרי מפורק,קילוגרמים,1.00,"ק""ג",true,,24.90,24.9000,true,1,1391785
7290004464851,false,מידנייט U קרם גוף 400 משאבה,חלאבין,,קרם גוף מידנייט,מיליליטרים,400.00,"100 מ""ל",false,,25.90,0.0647,true,1,1374567
7290004480332,false,גבינת גאודה30%משולש משקל,מחלבות גד,,גבינה גאודה קשה מחלב,קילוגרמים,1.00,"ק""ג",true,,110.00,110.0000,true,1,2350266
7290004480349,false,"משולש גבינת גאודה עיזים ""גד""",מחלבת אמלטי הולנד,,גבינה גאודה עיזים מש,קילוגרמים,1.00,"ק""ג",true,,129.00,129.0000,true,1,2350267
7290004492274,false,בייגלה טבעות מלוחות בייגל בייגל 400 גרם,"יוניליוור ישראל שיווק בע""מ",IL,בייגל בייגל בייגלה מלח 40,גרמים,400.00,100 גרם,false,,9.90,0.0248,true,1,1388825
7290004494063,false,יין דלתון פטיט סירה 750 מל,הכרם -משקאות חריפים בעמ,,יין דלתון,מיליליטרים,750.00,"100 מ""ל",false,,59.90,0.0799,true,1,1380875
7290004494131,false,יין דלתון קברנה סוביניון גליל,הכרם - משקאות חריפים בעמ,,יין דלתון קברנה סובי,מיליליטרים,750.00,"100 מ""ל",false,,59.90,0.0799,true,1,2365080
7290004494148,false,"דלתון גליל מרלו 750 מ""ל",הכרם - משקאות חריפים בעמ,,יין דלתון מרלו D,מיליליטרים,750.00,"100 מ""ל",false,,59.90,0.0799,true,1,1380879
7290004494179,false,יין דלתון שרדונה 750 מל,הכרם -משקאות חריפים בע`מ,,יין דלתון שרדונה D,מיליליטרים,750.00,"100 מ""ל",false,,59.90,0.0799,true,1,1380880
7290004494353,false,יין עלמה אייבורי דלת,"יקב דלתון בע""מ",,יין דלתון עלמה,מיליליטרים,750.00,"100 מ""ל",false,,79.90,0.1065,true,1,1380884
7290004494377,false,יין אדום יבש שיראז יקב דלתון (750 מל),לפ החברה הסקוטית למסחר ושיווק,,יין דלתון שיראז D,מיליליטרים,750.00,"100 מ""ל",false,,59.90,0.0799,true,1,1380885
7290004494599,false,"יין עלמה קרימזון 750 מ""ל דלתון","יקב דלתון בע""מ",,יין דלתון עלמה בורדו,מיליליטרים,750.00,"100 מ""ל",false,,79.90,0.1065,true,1,1380887
7290004502690,false,וודקה פינלנדיה 1 ליטר,,,פינלנדיה 1 ליטר.,ליטרים,1.00,ליטר,false,,94.90,94.9000,true,1,2335810
7290004502690,false,וודקה פינלנדיה 1 ליטר,,,פינלנדיה 1 ליטר,מיליליטרים,1000.00,"100 מ""ל",false,,89.90,0.0899,true,1,2284821
7290004532024,false,פיצוחי הטיב חמניה קלוף טבעי 200ג,פיצוחי הטיב,,גרעיני חמניה קלוף 20,גרמים,200.00,100 גרם,false,,5.90,0.0295,true,1,1413439
7290004532062,false,גרעין אבטיח קלוי 200 גרם,פיצוחי הטיב,,גרעיני אבטיח 200 גרם,גרמים,200.00,100 גרם,false,,11.90,0.0595,true,1,1413442
7290004532130,false,בוטן אמריקאי קלוי 200גרם,"גיי אנג גי פקאנס בע""",,בוטן אמריקאי 200 גרם,גרמים,200.00,100 גרם,false,,4.90,0.0245,true,1,1413449
7290004532147,false,הטיב קבוקים 200ג,"גיי אנג גי פקאנס בע""",,קבוקים 200 גרם.,גרמים,200.00,100 גרם,false,,4.90,0.0245,true,1,1413450
7290004532161,false,אלמנדוס 200 גרם הטיב,יושלם,,"חטיף מנצ""ס 200 גרם",גרמים,200.00,100 גרם,false,,8.90,0.0445,true,1,1413452
7290004532369,false,"מנצ""יס פיקנטי הטיב 1","גיי אנג גי פקאנס בע""",,חטיף מנצ'יס 180 גרם.,גרמים,180.00,100 גרם,false,,7.90,0.0439,true,1,1413464
7290004532574,false,גרעין חמנייה קלוי מל,"גיי אנג גי פקאנס בע""",,גרעינים שחורים 200 ג,גרמים,200.00,100 גרם,false,,4.90,0.0245,true,1,1413470
7290004532581,false,בוטנים קלויים 200ג' הטיב,פיצוחי הטיב,,בוטנים קלוי 200 גרם,גרמים,200.00,100 גרם,false,,6.90,0.0345,true,1,1413471
7290004536336,false,רפיל ספירה דוחה יתושים 45 לילות,גורי ע.ע.ע. בעמ,IT,רפיל נוזל להרחקת יתושים ל,מיליליטרים,35.00,"100 מ""ל",false,,19.90,0.5686,true,1,1393829
7290004549350,false,גרעיני חמניה ששון הק,"דין שיווק וקלייה בע""",,גרעין שחור קלוי 400,גרמים,400.00,100 גרם,false,,8.90,0.0223,true,1,1374364
7290004584351,false,גבינה לבנה סימפוניה עם תוספות 200 ג' חמישית 200,שטראוס גרופ בעמ/מצונן,IL,סימפ' החמישית,גרמים,200.00,100 גרם,false,,10.90,0.0545,true,1,1389410
7290004584528,false,יוגורט דנונה ביו לבן 1.7% שומן 200 גרם,שטראוס גרופ בעמ/מצונן,IL,"דנונה ביו טבעי 1.5%, 200",גרמים,200.00,100 גרם,false,,3.30,0.0165,true,1,1389411
7290004585907,false,דני ועדן וניל 1.5% 125ג' שטראוס,שטראוס גרופ בעמ/מצונן,IL,דני וניל,גרמים,125.00,100 גרם,false,,2.70,0.0216,true,1,1389412
7290004639006,false,קוסקוס תונסאי קפוא מטעמי פאר (800 גרם),מטעמי פאר (א.מ.נ) בעמ,,קוסקוס טוניסאי 800 ג,גרמים,800.00,100 גרם,false,,14.90,0.0186,true,1,1402983
7290004652401,false,ג'חנון ללא מרגרינה שגב 650 גר' לנדא,נטו מלינדה סחר בע`מ,,"ג""חנון ללא מרגרינה 6",גרמים,650.00,100 גרם,false,,19.90,0.0306,true,1,2328072
7290004658953,false,יין סוביניון בלאן פרייבט קולקשן יקבי כרמל,"כד בני דרום בע""מ",,יין סוביניון בלאן,מיליליטרים,750.00,"100 מ""ל",false,,38.90,0.0519,true,1,1352365
7290004685010,false,לחם 100% שיפון פלוס לחם הארץ 500 גר',מאפית י את א ברמן בע,,לחם קל שיפון 100%,גרמים,500.00,100 גרם,false,,15.50,0.0310,true,1,1503025
7290004685027,false,לחם חיטה מלאה פלוס לחם הארץ 500 גרם,מאפית י את א ברמן בע,,לחם קל מחיטה מלאה,גרמים,500.00,100 גרם,false,,15.90,0.0318,true,1,1503026
7290004685089,false,לחם הארץ לחם חמניות 500 גר',מאפית י את א ברמן בע,,לחם חמניות,גרמים,500.00,100 גרם,false,,15.90,0.0318,true,1,1503069
7290004685157,false,לחם שיפון 100% פרוס לחם הארץ (750 גרם),מאפית י את א ברמן בע,,לחם הארץ שיפון 750 ג,גרמים,750.00,100 גרם,false,,15.50,0.0207,true,1,1374229
7290004685195,false,לחם 10 דגנים פרוס לחם הארץ (750 גרם),מאפית י את א ברמן בע,,לחם הארץ 10 דגנים 75,גרמים,750.00,100 גרם,false,,15.50,0.0207,true,1,1374230
7290004685447,false,לחמניות כוסמין 6 יח בשקית מלא 450 גר`E,מאפית ברמן מקבוצת י. את,,לחמניות כוסמין 6 יח,גרמים,450.00,100 גרם,false,,10.00,0.0222,true,1,2228701
7290004731076,false,אל סבון נוזלי עם אלוורה כיף 1 ליטר,החברה הדרומית לשיווק בעמ,IL,אל סבון כיף אלוורה 1ליטר,ליטרים,1.00,ליטר,false,,14.90,14.9000,true,1,1366051
7290004731090,false,אל סבון נוזלי קמומיל כיף (1 ליטר),החברה הדרומית לשיווק בעמ,IL,אל סבון כיף קמומיל 1ליטר,ליטרים,1.00,ליטר,false,,14.90,14.9000,true,1,1366053
7290004731410,false,"שלישיית כריות קרצוף ירוקות סנו סושי 25X10.6 ס""מ",החברה הדרומית לשיווק בעמ,IL,סנו סושי3כרית קרצוף ירוק,יח',3.00,יח',false,,9.90,3.3000,true,1,1366066
7290004731519,false,"מקסימה מרכך ומבשם כביסה למייבש סנסיטיב סנו 750 מ""ל",החברה הדרומית לשיווק בעמ,IL,מקסימה למייבש סנסטיב750מ,מיליליטרים,750.00,"100 מ""ל",false,,17.90,0.0239,true,1,1366068
7290004731557,false,"מקסימה תרסיס מרכך ומבשם כביסה במייבש מאסק סנו 750 מ""ל",החברה הדרומית לשיווק בעמ,IL,מקסימה למייבש מאסק 750מל,מיליליטרים,750.00,"100 מ""ל",false,,17.90,0.0239,true,1,1366069
7290004731564,false,"מקסימה מבשם ומרכך למייבש הכביסה בלו בלוסום 750 מ""ל",החברה הדרומית לשיווק בעמ,,מרסס למייבש כביסה סנ,מיליליטרים,750.00,"100 מ""ל",false,,17.90,0.0239,true,1,1769618
7290004731670,false,"מטהר אוויר דואופרש פצ'ולי לבנדר סנו 300 מ""ל",החברה הדרומית לשיווק בעמ,IL,דואו פרש פצ'ולי לבנדר300,מיליליטרים,300.00,"100 מ""ל",false,,10.90,0.0363,true,1,1366071
7290004731687,false,"מטהר אויר בניחוח וניל ולמון גראס סנו 300 מ""ל",סנו מפעלי ברונוס בעמ,IL,דואו פרש וניל למון 300מל,מיליליטרים,300.00,"100 מ""ל",false,,10.90,0.0363,true,1,1366072
7290004731816,false,סנו סושי מגבות הפלא למטבח 8 גלילים,סנו מפעלי ברונוס בעמ,IL,סנו סושי מגבות הפלא 8 יח,מטרים,84.64,מטר,false,,14.90,0.1760,true,1,1366074
7290004737443,false,קוקטייל 5 פירות קלאסי 820 גר`,ג.וילי פוד אינטרנשיונל בעמ,CN,קוקטייל פירות 820גרם,גרמים,820.00,100 גרם,false,,10.90,0.0133,true,1,1352865
7290004737719,false,אספרגוס שלם מקולף בצנצנת ויליפוד 330 גרם,ג.וילי-פוד אינטרנשיונל בעמ,CN,אספרגוס שלם מקולף בצנצ' 3,גרמים,330.00,100 גרם,false,,10.90,0.0330,true,1,1352866
7290004737900,false,חלב כחוש מרוכז וממותק בתוספת שמן צמחי ויליפוד 397 גרם,ג. וילי-פוד אינטרנשיונל בע`מ,LT,חלב מרוכז ממותק 397גרם,גרמים,397.00,100 גרם,false,,9.90,0.0249,true,1,1352868
7290004810207,false,פרש ואנס פדיות קוסמט,על בד,IL,פ.ו פדיות קוסמטיות 80יח',יח',80.00,יח',false,,5.90,0.0738,true,1,1400812
7290004952112,false,סוכר קנים אורגני הרדוף 1 קג,אול אורגני,IL,"סוכר קנים אורגני 1 ק""ג הר",קילוגרמים,1.00,"ק""ג",false,,12.90,12.9000,true,1,1353177
7290004952785,false,פריכיות דקות מאורז מלא וכוסמת אורגני 100 גרם הרדוף,פרח תעשיות,,פריכיות אורז וכוסמת,גרמים,100.00,100 גרם,false,,10.90,0.1090,true,1,1353181
7290004952792,false,פריכיות אורז מלא דקות אורגני הרדוף 100גר,פרח תעשיות,,פריכיות אורז מלא אור,גרמים,100.00,100 גרם,false,,10.90,0.1090,true,1,1353182
7290004977009,false,עמבה הודית סלטי משני,משני,,עמבה הודית סלטי משני,גרמים,300.00,100 גרם,false,,14.90,0.0497,true,1,2257612
7290004977016,false,ממרח לימון סלטי משני,סלטי משני,,ממרח לימון סלטי משני,גרמים,300.00,100 גרם,false,,12.90,0.0430,true,1,2257613
7290004977023,false,סלט אבוקדו ובצל סלטי,משני,,סלט אבוקדו ובצל סלטי,גרמים,300.00,100 גרם,false,,19.90,0.0663,true,1,2257614
7290004982355,false,גבינת צדר טריפל במשק,א. סיימן סחר בעמ,,גבינה צדר אנגלי 3 צב,קילוגרמים,1.00,"ק""ג",true,,109.00,109.0000,true,1,1705875
7290004982393,false,גבינה ברס בלו במשקל1,בונגראן,,"גבינה ברס בלו 1 ק""ג",קילוגרמים,1.00,"ק""ג",true,,185.00,185.0000,true,1,1705858
7290005008184,false,"סבון נוזלי בניחוח חלב שקדים פלמוליב 500 מ""ל",הנסיך- מפעל לייצור ט,TR,פלמוליב שקדים 500מל חדש,מיליליטרים,500.00,"100 מ""ל",false,,15.90,0.0318,true,1,1386123
7290005008191,false,"סבון נוזלי ארומה בניחוח לבנדר פטצ'ולי וילנג ילנג פלמוליב 500 מ""ל",הנסיך- מפעל לייצור ט,TR,פלמוליב ארומה סגול 500מל,מיליליטרים,500.00,"100 מ""ל",false,,15.90,0.0318,true,1,1386124
7290005008481,false,ספיד סטיק - דאודורנט ג'ל לגבר ספורט 85 גרם,הנסיך- מפעל לייצור ט,US,ספיד סטיק גל בסיסי ספורט,גרמים,85.00,100 גרם,false,,19.90,0.2341,true,1,1386125
7290005020346,false,בקרדי קרטה בלנקה סופ,ג'נרל מילס סאן אדריא,,בקרדי לבן,מיליליטרים,750.00,"100 מ""ל",false,,109.90,0.1465,true,1,1890818
7290005068447,false,"גרגרי תירס קל בוואקום ללת""ס פרי גליל 340ג'",ויטה- פרי גליל (החדשה) בעמ,IL,תירס קל 12אונק פג,גרמים,340.00,100 גרם,false,,5.90,0.0174,true,1,1394633
7290005068492,false,לקט ירקות מעורבים 700 גרם פרי-גליל,ויטה פרי גליל (החדשה) בע`מ,IL,לקט ירק מעורב 700( 20יח'),גרמים,700.00,100 גרם,false,,9.90,0.0141,true,1,1394634
7290005068553,false,פרי גליל לקט בורגנדי מוקפא 700 גרם,ויטה פרי גליל (החדשה) בע`מ,IL,לקט בורגונדי 700,גרמים,700.00,100 גרם,false,,14.90,0.0213,true,1,1394635
7290005079290,false,גבנצ 15% נעם חריץ מעדנייה,החב` המרכזית - טרה,,גבינה צהובה נעם 15%,קילוגרמים,1.00,"ק""ג",true,,69.00,69.0000,true,1,1420884
7290005079412,false,גבינה אמנטל נעם 30% משקל,החברה המרכזית טלהפצת משקאות בע,,חריץ אמנטל נעם,קילוגרמים,1.00,"ק""ג",true,,59.00,59.0000,true,1,2231501
7290005084355,false,סנסודין משחת שיניים דואל קר פלואוריד 75,גלקסו סמית קליין,GB,"סנסודיין דואלקר 75 מ""ל",מיליליטרים,75.00,"100 מ""ל",false,,19.90,0.2653,true,1,1393833
7290005084904,false,ג'ל אלוורה שואו,כצט,IL,SHOW ג'ל אלוורה,מיליליטרים,50.00,"100 מ""ל",false,,12.80,0.2560,true,1,1393834
7290005174513,false,חציל על האש במיונז אחלה 400 גרם+225גר,שטראוס גרופ בעמ/מצונן,IL,חצילים במיונז 500 ג,גרמים,500.00,100 גרם,false,,13.90,0.0278,true,1,1389413
7290005174551,false,סלט חומוס עם צנוברים 125 ג' אחלה,שטראוס גרופ בעמ/מצונן,IL,חומוס יום-יום 125 גרם,גרמים,125.00,100 גרם,false,,4.50,0.0360,true,1,1389414
7290005174575,false,טחינה אחלה יום יום משובחת 125ג',שטראוס גרופ בעמ/מצונן,IL,טחינה 125 משובחת,גרמים,125.00,100 גרם,false,,4.50,0.0360,true,1,1389416
7290005175428,false,"קמח תירס לל""ג ריבארה 500 ג'",ג. וילי-פוד אינטרנשיונל בע`מ,AR,קמח תירס אינסטנט 500גרם,גרמים,500.00,100 גרם,false,,5.90,0.0118,true,1,1352870
7290005175589,false,"קמח תירס ללא גלוטן וילי פוד 1 ק""ג",ג.וילי פוד אינטרנשיונל בעמ,AR,קמח תירס 1ק'ג,קילוגרמים,1.00,"ק""ג",false,,9.90,9.9000,true,1,1352871
7290005197758,false,"עוגיות חיוכים שוקולד עלית 150 גרם בד""צ",אפיפית נצרת תעשיות ב,IL,"חיוכים שוקו 150 בד""צ/24יח",גרמים,150.00,100 גרם,false,,4.90,0.0327,true,1,1390127
7290005199578,false,קפה נמס מיובש בהקפאה נטול קפאין 200ג,שטראוס קפה בי.וי.,IL,פלאטינום נטול חדש200/6יח',גרמים,200.00,100 גרם,false,,29.90,0.1495,true,1,1390133
7290005200786,false,תפוצ'יפס בטעם שמנת בצל עלית 50 גרם,"שטראוס פריטו ליי בע""\מ )",IL,תפו50 שמנת ובצל-חדש/1שק'/,גרמים,50.00,100 גרם,false,,3.90,0.0780,true,1,1390863
7290005201455,false,קפה נמס מגורען ארומה קלאסי עלית 200 גרם,שטראוס גרופ בע`מ,IL,ארומה 200ג' חדש/6יח'/200ג,גרמים,200.00,100 גרם,false,,24.90,0.1245,true,1,1390140
7290005201882,false,קפה טורקי בצלופן עלית 200 גרם,הנסיך- מפעל לייצור ט,IL,כשלפ טורקי שקית 200,גרמים,200.00,100 גרם,false,,15.90,0.0795,true,1,1390142
7290005270000,false,עלים לסיגר 500 גרם חמים וטעים,"חמים וטעים בע""מ",IL,עלי סיגר 500 גרם,גרמים,500.00,100 גרם,false,,13.90,0.0278,true,1,1370329
7290005287206,false,רביעיית טונה בשמן סטארקיסט 160 גרם,דיפלומט מפיצים (1968) בעמ**,,טונה סטארקיסט רביעיה,גרמים,640.00,100 גרם,false,,24.90,0.0389,true,1,1350879
7290005287251,false,רביעיית טונה במים סטארקיסט 160 גרם,דיפלומט מפיצים (1968) בעמ**,,טונה סטארקיסט רביעיה,גרמים,640.00,100 גרם,false,,24.90,0.0389,true,1,1350880
7290005287510,false,"סטארקיסט טונה בשמן עם פלפל חריף 160 גרם בד""צ",דיפלומט מפיצים (1968) בע`מ,,טונה ס.ק בשמן עם פלפ,גרמים,160.00,100 גרם,false,,7.90,0.0494,true,1,1350882
7290005287527,false,"סטארקיסט טונה בשמן עם לימון 160 גרם בד""צ",סטארקיסט דיפלומט היינץ,,טונה ס.ק בשמן עם לימ,גרמים,160.00,100 גרם,false,,7.90,0.0494,true,1,1350883
7290005287534,false,"סטארקיסט טונה בשמן עישון טבעי 160 גרם בד""צ",סטארקיסט דיפלומט היינץ,,טונה ס.ק בשמן עישון,גרמים,160.00,100 גרם,false,,7.90,0.0494,true,1,1350884
7290005287657,false,"סטארקיסט ממרח טונה 160 גרם בד""צ",דיפלומט מפיצים (1968) בעמ**,,ממרח טונה 160 גרם,גרמים,160.00,100 גרם,false,,8.90,0.0556,true,1,1350892
7290005296246,false,"פותח סתימות דריין אאוט 946 מ""ל יעקבי","יעקב יעקבי ובניו בע""מ",US,פותח סתימות DRAIN OUT,מיליליטרים,946.00,"100 מ""ל",false,,29.90,0.0316,true,1,1372328
7290005296260,false,"אסטוניש ספריי רסס ונגב לניקוי כללי יעקבי 750 מ""ל","יעקב יעקבי ובניו בע""מ",GB,אסטוניש רסס נגב-ירוק,מיליליטרים,750.00,"100 מ""ל",false,,11.90,0.0159,true,1,1372329
7290005317125,false,בסקוויט חצי מצופה 175 גר` הדר*,אפיפית נצרת תעשיות בסקויט,IL,חצי מצופה תה ביסקויט רגיל,גרמים,175.00,100 גרם,false,,4.90,0.0280,true,1,1395545
7290005317194,false,בסקויט מתוק רגיל/שוקו 110 גר,אפיפית נצרת,IL,ביסקויט תה ביסקויט רגיל,גרמים,110.00,100 גרם,false,,3.50,0.0318,true,1,1395546
7290005317200,false,קרקר טופז טעמים שונים 110 גר,ח.כהן סוכנות מזון ומשקאות בע,IL,קרקר טופז רגיל 24/0.110 ה,גרמים,110.00,100 גרם,false,,2.90,0.0264,true,1,1395547
7290005326523,false,ממרח פסטו פטרוזיליה ונענע אוליביה 180 גרם,תה ויסוצקי (ישראל) בעמ,IL,פסטו פטרוזיליה ונענע 180,גרמים,180.00,100 גרם,false,,12.90,0.0717,true,1,1353185
7290005326585,false,ממרח אוליביה פסטו בזיליקום 180 ג',"אוליביה גורמה בע""מ",,פסטו בזיליקום-אוליבי,גרמים,180.00,100 גרם,false,,9.90,0.0550,true,1,1973524
7290005384837,false,"מיץ לימונים מלימונים טריים 500 מ""ל",דריבדוס סיטרוס,ES,מיץ לימון מלימונים טריים,מיליליטרים,500.00,"100 מ""ל",false,,7.90,0.0158,true,1,1352878
7290005384851,false,וילי פוד מיץ לימון בדץ 200מל,קריות זול,,"מיץ לימון 200 מ""ל",מיליליטרים,200.00,"100 מ""ל",false,,3.90,0.0195,true,1,1352879
7290005384899,false,פטינה ים תיכונית בסג,וילי פוד,DK,פטינה על בסיס ש'צ 12ק'ג(ח,קילוגרמים,1.00,"ק""ג",true,,24.90,24.9000,true,1,1352881
7290005400155,false,פתיתים כוסמין המקורי 500 גר` ללא גלוטן,גורי מוצרי צריכה (1991) בעמ,,פתיתים אפויים כוסמין,גרמים,500.00,100 גרם,false,,14.90,0.0298,true,1,1930518
7290005418709,false,"נטורל קרם לחות לקיבוע תלתלים גלי 400 מ""ל",החברה הדרומית לשיווק בעמ,IL,קר.לחות נטורל קיבוע תלתל,מיליליטרים,400.00,"100 מ""ל",false,,19.90,0.0497,true,1,1366077
7290005418723,false,"נטורל קרם לחות לשיער חלק ברגע קליל 400 מ""ל",נטורל,,קרם לחות לשיער נטורל,מיליליטרים,400.00,"100 מ""ל",false,,19.90,0.0497,true,1,1366079
7290005418891,false,"ג'ל אסטרים חזק לעיצוב רטוב נטורל פורמולה 500 מ""ל",מיוצר עי : אמיליה קוסמטי,,ג'ל לשיער אקסטרים,מיליליטרים,500.00,"100 מ""ל",false,,19.90,0.0398,true,1,1366080
7290005423055,false,סנו פורטה פלוס מתז בניחות לימון 1 ל',החברה הדרומית לשיווק בעמ,,פורטה פלוס 1 ליטר XL,ליטרים,1.00,ליטר,false,,17.90,17.9000,true,1,2101183
7290005423253,false,"סנו - מקסימה מרסס למייבש כביסה אולטרה פרש 750 מ""ל",החברה הדרומית לשיווק בעמ,IL,"מקסימה למייבש פרש 750מ""ל",מיליליטרים,750.00,"100 מ""ל",false,,17.90,0.0239,true,1,1366084
7290005423482,false,"קרם לניקוי כיריים קרמיים סנו 300 מ""ל",מיוצר עי קונדיטוריית,,קרם לניקוי כיריים קר,מיליליטרים,300.00,"100 מ""ל",false,,19.90,0.0663,true,1,1366093
7290005423499,false,"תרסיס לניקוי משטחי נירוסטה אירוסל סנו 500 מ""ל",החברה הדרומית לשיווק בעמ,IL,סנו נירוסטה אירוסול500מל,מיליליטרים,500.00,"100 מ""ל",false,,19.90,0.0398,true,1,1366094
7290005423505,false,"אורביטול מי פה להלבנת השיניים 500 מ""ל",החברה הדרומית לשיווק בעמ,IL,"מי פה אורביטול 500 מ""ל",מיליליטרים,500.00,"100 מ""ל",false,,17.90,0.0358,true,1,1366095
7290005423543,false,משחת שיניים מלבינה לבן אורביטול 145 גרם,טרופיקל דגיל קוסמטיק,IL,משחת אורביטול להלבנה145ג,גרמים,145.00,100 גרם,false,,9.90,0.0683,true,1,1366096
7290005423567,false,מטליות ניקוי רב שימושיות בגליל סנו סושי 40 יחידות,החברה הדרומית לשיווק בעמ,IL,40מטליות לניקוי סנו סושי,יח',40.00,יח',false,,19.90,0.4975,true,1,1366097
7290005423635,false,ריצפז נוזל רצפות דוחה תיקנים סנו 2 ליטר,החברה הדרומית לשיווק בעמ,IL,ריצפז פלוס דוחה תיקנים2ל,ליטרים,2.00,ליטר,false,,22.90,11.4500,true,1,1366098
7290005423833,false,פוליוויקס נוזל לניקוי פרקט סנו (2 ליטר).,החברה הדרומית לשיווק בעמ,IL,פוליויקס פרקט 2 ליטר,ליטרים,2.00,ליטר,false,,19.90,9.9500,true,1,1366100
7290005423888,false,אלסבון כיף שלישיה מעורב,טרופיקל דגיל תעשיות,IL,500מלX3 אלסבון כיף מעורב,מיליליטרים,1500.00,"100 מ""ל",false,,19.90,0.0133,true,1,1366102
7290005424014,false,פיסגה אבקת כביסה סנו-120 כביסות (6 קג),החברה הדרומית לשיווק בעמ,IL,"אבקת כביסה פיסגה 6 ק""ג",קילוגרמים,6.00,"ק""ג",false,,39.90,6.6500,true,1,1366105
7290005424113,false,"רביעיית מטליות לרצפה ""סנו סושי""",החב. הדרומית לשיווק,IL,4סנו סושי מטלית רצפ+כרית,יח',4.00,יח',false,,14.90,3.7250,true,1,1366107
7290005424205,false,ריצפז פלוס נוזל לרצפה דוחה חרקים 4 ל',סנו,IL,ריצפז פלוס דוחה תיקנים4ל,ליטרים,4.00,ליטר,false,,39.90,9.9750,true,1,1366109
7290005424311,false,סנו k רב קוטל זוחלים ומעופפים 475 סמ,החברה הדרומית לשיווק בעמ,IL,רב קוטל בריח פרחים K סנו,מיליליטרים,500.00,"100 מ""ל",false,,22.90,0.0458,true,1,1366110
7290005424403,false,"אל סבון כיף אצות ים קטיפתי 1ליטר,",החברה הדרומית לשיווק בעמ,IL,אל סבון כיף אצות ים1ליטר,ליטרים,1.00,ליטר,false,,14.90,14.9000,true,1,1366111
7290005424700,false,סנו - פורטה פלוס מרסס מסיר שומנים 1 ליטר,החברה הדרומית לשיווק בעמ,IL,"סנו פורטה פלוס 750 מ""ל",ליטרים,1.00,ליטר,false,,17.90,17.9000,true,1,1986353
7290005424755,false,מטליות ריצפז פלוס לחות לניקוי רצפות דוחה תיקנים 10 יח' סנו,החברה הדרומית לשיווק בעמ,,ריצפז פלוס מטליות ענ,יח',10.00,יח',false,,14.90,1.4900,true,1,1985027
7290005424762,false,ריצפז פלוס ווקס נוזל להברקת רצפות דוחה תיקנים סנו 2 ליטר,החברה הדרומית לשיווק בעמ,IL,ריצפז+דוחה תיקנים+ווקס2ל,ליטרים,2.00,ליטר,false,,29.90,14.9500,true,1,1366116
7290005424809,false,כריות קרצוף ענקיות לניקוי כללי סנו סושי 3 יחידות,החב. הדרומית לשיווק,IL,סנו סושי3כרית קרצוף אדום,יח',3.00,יח',false,,9.90,3.3000,true,1,1366119
7290005424915,false,"סנומוד מבשם אויר בניחוח לבנדר פטצ'ולי סנו 150 מ""ל",החברה הדרומית לשיווק בעמ,IL,סנומוד פצ'ולי לבנדר 150מ,מיליליטרים,150.00,"100 מ""ל",false,,10.90,0.0727,true,1,1366121
7290005424991,false,סנו פרש אוטומטיק בהתזה קצובה ניחוח בייבי פאודר,החברה הדרומית לשיווק בעמ,,מטהר אוויר פרש אוטומ,מיליליטרים,250.00,"100 מ""ל",false,,12.90,0.0516,true,1,2227488
7290005425073,false,"מטהר אויר בניחוח יסמין ועץ סאנדלווד סנו 300 מ""ל",החברה הדרומית לשיווק בעמ,IL,דואו פרש יסמין סנדלווד,מיליליטרים,300.00,"100 מ""ל",false,,10.90,0.0363,true,1,1366125
7290005425110,false,"חיטוי משטחים 99.9% מתז מחטא ומשמיד 750 מ""ל",החברה הדרומית לשיווק בעמ,,מתז לחיטוי משטחים 99,מיליליטרים,750.00,"100 מ""ל",false,,18.90,0.0252,true,1,2101355
7290005425127,false,"חיטוי משטחים 99.9% מתז לשומנים ואבנית 750 מ""ל",החברה הדרומית לשיווק בעמ,,מתז לחיטוי עוצמתי 99,מיליליטרים,750.00,"100 מ""ל",false,,18.90,0.0252,true,1,2101356
7290005425196,false,"מקסימה אבקת כביסה סנסיטיב סנו 2.5 ק""ג",החברה הדרומית לשיווק בעמ,IL,אבקת מקסימה סנסיטיב2.5קג,קילוגרמים,2.50,"ק""ג",false,,22.90,9.1600,true,1,1366127
7290005425202,false,אבקת כביסה ביו מקסימה לכתמים קשים,החברה הדרומית לשיווק בעמ,IL,"אבקת מקסימה ביו 2.5 ק""ג",קילוגרמים,2.50,"ק""ג",false,,22.90,9.1600,true,1,1366128
7290005425585,false,מטליות לחות לניקוי רהיטים סנו 20 יחידות,"סנו מפעלי ברונוס בע""\מ",IL,סנו רהיט 20 מטליות ניקוי,יח',20.00,יח',false,,16.90,0.8450,true,1,1366134
7290005425646,false,קליר נוזל לניקוי חלונות רב תכליתי סנו 1 ליטר,החברה הדרומית לשיווק בעמ,IL,'סנוקליר ניקוי חלונות 1ל,ליטרים,1.00,ליטר,false,,12.90,12.9000,true,1,1366136
7290005425714,false,"שמפו שטיחים סנו פלוס 600 מ""ל","סנו מפעלי ברונוס בע""\מ",IL,סנו שמפו שטיחים פלוס600מ,מיליליטרים,600.00,"100 מ""ל",false,,25.90,0.0432,true,1,1366139
7290005425912,false,אוקסיג'ן ג'ל להסרת כתמים עם חמצן פעיל סנו 4 ליטר,החברה הדרומית לשיווק בעמ,IL,ג'ל אוקסיג'ן 4 ליטר,ליטרים,4.00,ליטר,false,,34.90,8.7250,true,1,1366143
7290005426186,false,סקוטש כריות קרצוף ענקיות סנו סושי 3 יחידות,החב. הדרומית לשיווק,IL,סנו סושי3כריות קרצוף חבק,יח',3.00,יח',false,,12.90,4.3000,true,1,1366147
7290005426193,false,ספוגית הפלא סנו סושי 6 יחידות,החברה הדרומית לשיווק בעמ,US,'ספוג הפלא סנו סושי 6 יח,יח',6.00,יח',false,,11.90,1.9833,true,1,1366148
7290005426230,false,מטלית הפלא לרצפה מיקרופייבר סנו 1יח',החברה הדרומית לשיווק בעמ,CN,מטלית הפלא לרצפה ס.סושי,יח',1.00,יח',false,,16.90,16.9000,true,1,1366149
7290005426384,false,"סנומוד מבשם אויר מיס מיליון סטטוס סנו 150 מ""ל",סנו מפעלי ברונוס בעמ,IL,סנומוד מיס מיליון 150 מל,מיליליטרים,150.00,"100 מ""ל",false,,10.90,0.0727,true,1,1366154
7290005426407,false,"TREASURE סנומוד מטהר אוויר 150 מ""ל",סנו,IL,"סנומוד אקווה בלו 150 מ""ל",מיליליטרים,150.00,"100 מ""ל",false,,10.90,0.0727,true,1,1366156
7290005426629,false,"סנו דואופרש אורן לוטוס ופרחי מים ודובדבן, 300 מ""ל",החברה הדרומית לשיווק בעמ,IL,דואו פרש לוטוס ופרחי מים,מיליליטרים,300.00,"100 מ""ל",false,,10.90,0.0363,true,1,1366160
7290005426865,false,אורביטול - משחת שיניים לילדים בטעם מסטיק 70 גרם,טרופיקל דגיל תעשיות קוסמ,IL,משחה אורביטול מסטיק 70 ג,גרמים,70.00,100 גרם,false,,8.90,0.1271,true,1,1366164
7290005426940,false,"סנו K-300 מדביר חרקים 475 מ""ל",טרופיקל דגיל תעשיות,IL,300 פלוס8 קוטל חרקי400-K,מיליליטרים,400.00,"100 מ""ל",false,,22.90,0.0572,true,1,1366166
7290005426964,false,סנובון סבון לאסלה בניחוח אפרסק סנו 3 יחידות,החברה הדרומית לשיווק בעמ,IL,50גX3 סנובון כחול אפרסק,יח',3.00,יח',false,,19.90,6.6333,true,1,1366167
7290005426971,false,סנובון סבון לאסלה תפוח כחול סנו 3 יחידות,החברה הדרומית לשיווק בעמ,IL,50גרXסנובון כחול תפוח 3י,יח',3.00,יח',false,,19.90,6.6333,true,1,1366168
7290005427619,false,"כיף גל לשיער לשיער קוצים 1ק""ג",גוד פוד פרודקטס S.p,IL,ג'ל כיף אקסטרים ירוק 1קג,קילוגרמים,1.00,"ק""ג",false,,22.90,22.9000,true,1,1366186
7290005427725,false,"חמישיית מגבונים מבושם ""ליטופים""",טרופיקל דגיל קוסמטיק,IL,'מגבוני ליטופים 5*72 יח,יח',360.00,יח',false,,19.90,0.0553,true,1,1366189
7290005427732,false,אל סבון נוזלי בניחוח קמומיל כיף 2 ליטר,קוסמופארם,IL,אלסבון כיף קמומיל 2 ליטר,ליטרים,2.00,ליטר,false,,22.90,11.4500,true,1,1366190
7290005427749,false,אל סבון נוזלי בניחוח אצות ים עם לחות כיף 2 ליטר,טרופיקל דגיל תעשיות,IL,אלסבון כיף אצות ים 2ליטר,ליטרים,2.00,ליטר,false,,22.90,11.4500,true,1,1366191
7290005427756,false,אל סבון נוזלי אלוורה כיף 2 ליטר,קוסמופארם,IL,אלסבון כיף אלוורה 2 ליטר,ליטרים,2.00,ליטר,false,,22.90,11.4500,true,1,1366192
7290005427770,false,"קרמה - קרם לחות לשיער לגבר 400 מ""ל",טרופיקל דגיל תעשיות,IL,קרמה לחות לשיער לגבר400מ,מיליליטרים,400.00,"100 מ""ל",false,,19.90,0.0497,true,1,1366194
7290005427848,false,מטליות ניקוי רב שימושיות בגליל סנו סושי 40 יחידות,החברה הדרומית לשיווק בעמ,IL,סנו סושי 30מט.בגליל ורוד,יח',40.00,יח',false,,19.90,0.4975,true,1,1366197
7290005427978,false,"תחליב רחצה לפנים פילינג קרמה 180 מ""ל",החברה הדרומית לשיווק בעמ,IL,קרמה תחליב רחצה לפנים180,מיליליטרים,180.00,"100 מ""ל",false,,14.90,0.0828,true,1,1366202
7290005427985,false,"קרמה תחליב רחצה לפנים בתוספת גרגירי פילינג 180 מ""ל",גוד פוד פרודקטס S.p,IL,קרמה ת.רחצה לפנים+ג.פילי,מיליליטרים,180.00,"100 מ""ל",false,,14.90,0.0828,true,1,1366203
7290005428845,false,מפיות סנו סופט 33*33 100 יחידות,החב הדרומית לשיווק,IL,סנו סושי מפיות אירוח100י,יח',100.00,יח',false,,6.90,0.0690,true,1,1366211
7290005429019,false,פיסגה נוזל לרצפות מבושם סנו 4 ליטר,סנו פיסגה,IL,פיסגה לרצפות 4 ליטר,ליטרים,4.00,ליטר,false,,22.90,5.7250,true,1,1366220
7290005430480,false,מטלית הפלא למשטחים מיקרופייבר סנו סושי 1 יחידה,החברה הדרומית לשיווק בעמ,CN,מטלית הפלא מיקרופייבר,יח',1.00,יח',false,,8.90,8.9000,true,1,1366223
7290005430602,false,"סנו אוקסיג'ן ספריי להסרת כתמים עם חמצן פעיל 750 מ""ל",החברה הדרומית לשיווק בעמ,IL,אוקסיג'ן מ.כתמ.מרסס 750מ,מיליליטרים,750.00,"100 מ""ל",false,,17.90,0.0239,true,1,1366227
7290005430626,false,סנו - אוקסיג'ן מסיר כתמים קשים 2 ליטר,סנו כימיקלים,,מסיר כתמים אוקסיגן 2,ליטרים,2.00,ליטר,false,,19.90,9.9500,true,1,1366228
7290005430671,false,פוליויקס נוזל לניקוי קרמיקה סנו 2 ליטר,החברה הדרומית לשיווק בעמ,IL,'סנו פוליויקס קרמיקה 2 ל,ליטרים,2.00,ליטר,false,,24.90,12.4500,true,1,1366233
7290005430961,false,שמפו לכביסה עדינה ביד בד גארד סנו מקסימה 1 ליטר,החברה הדרומית לשיווק בעמ,,טקסטיל שמפו לכביסה ב,ליטרים,1.00,ליטר,false,,15.90,15.9000,true,1,1366238
7290005431159,false,תותים בקצפת לייט עדן קינוחים 80 גרם,עדן קינוחים,,תותים בקצפת לייט 80,גרמים,80.00,100 גרם,false,,5.90,0.0738,true,1,2325491
7290005431883,false,מלבי חלבי עדן קינוחים 165 גרם,עדן קינוחים Eden,,מלבי חלבי 165 גרם,גרמים,165.00,100 גרם,false,,5.90,0.0358,true,1,2255786
7290005431906,false,מארז קדאיף 82 גר`עדן קינוחים,עדן קינוחים Eden,,קדאיף 82 גרם,גרמים,82.00,100 גרם,false,,5.90,0.0720,true,1,2255788
7290005431913,false,עוגת גבינה פירורים עדן קינוחים 92 גרם,עדן קינוחים Eden,,עוגת גבינה פירורים 9,גרמים,92.00,100 גרם,false,,5.90,0.0641,true,1,2255789
7290005431937,false,מעדן טירמיסו 82 גר`עדן קינוחים,עדן קינוחים Eden,,עוגת טירימיסו 82 גרם,גרמים,82.00,100 גרם,false,,5.90,0.0720,true,1,2255791
7290005431968,false,מלבי שמנת עדן קינוחים 150 גרם,עדן קינוחים Eden,,מלבי שמנת עדן קינוחי,גרמים,150.00,100 גרם,false,,6.90,0.0460,true,1,2270206
7290005437540,false,"פטריות שמפיניון חתוכות בד""צ טעמן 290 גרם",טעמן שווק מזון בעמ,,פטריות חתוך 5.5,גרמים,290.00,100 גרם,false,,3.90,0.0134,true,1,1380402
7290005477669,false,סבון נוזלי דרמפון מועשר לחות קרליין 1 ליטר,החברה הדרומית לשיווק בעמ,IL,'דרמפון סבון נוז.+לחות1ל,ליטרים,1.00,ליטר,false,,14.90,14.9000,true,1,1366241
7290005482885,false,"מיכסה למיקרו 30 ס""מ",,,"מיכסה למיקרו 30 ס""מ",יחידה,0.00,יחידה,false,,9.90,0.0000,true,1,2298140
7290005484179,false,"סיר ג'חנון 24 ס""מ",,,"סיר ג'חנון 24 ס""מ",יחידה,0.00,יחידה,false,,34.90,0.0000,true,1,2302022
7290005484315,false,מעמד למברשת שיניים ל,,,מעמד למברשת שיניים ל,יחידה,0.00,יחידה,false,,14.90,0.0000,true,1,2303929
7290005484322,false,מעמד כל בו לבן וואקו,,,מעמד כל בו לבן וואקו,יחידה,0.00,יחידה,false,,14.90,0.0000,true,1,2303930
7290005500558,false,ג'ל חזק לעיצוב שיער 1 ליטר פנינה רוזנבלום,פנינה רוזנבלום בעמ,IL,גל לשיער פנינה,ליטרים,1.00,ליטר,false,,14.90,14.9000,true,1,1395433
7290005500657,false,גל לשיער פנינה רוז כחול 1קג,פנינה רוזנבלום בעמ,IL,גל לשיער פנינה,ליטרים,1.00,ליטר,false,,14.90,14.9000,true,1,1395436
7290005500688,false,"פנינה רוזנבלום מסיכה לשיקום ורודה , 1 ק""ג",פנינה רוזנבלום בעמ,IL,"מסיכה לשיער 1 ק""ג",מיליליטרים,1000.00,"100 מ""ל",false,,29.90,0.0299,true,1,1395437
7290005500909,false,גל אלוורה 100 גרם פנ,א.ארמן,IL,גל אלוורה פנינה,גרמים,100.00,100 גרם,false,,9.90,0.0990,true,1,1395440
7290005509445,false,עוגיות מיני קוקיס חמאה בצנצנת כרמית 600 גרם,כרמית תעשיות ממתקים בעמ,IL,כרמית מיני קוקיס בטעם חמא,גרמים,600.00,100 גרם,false,,18.90,0.0315,true,1,1386131
7290005559709,false,בורקס פיצה מעדנות 700 גרם,מיוצר עי קונדיטוריית,IL,בורקס פיצה 700גר מעדנות,גרמים,700.00,100 גרם,false,,24.90,0.0356,true,1,1388039
7290005559907,false,פיצה משפחתית 100% גבינה מעדנות 500 גרם,תנובה מרכז שיתופי לשיווק תוצרת,IL,פיצה משפחתית גבינה מעדנות,גרמים,500.00,100 גרם,false,,24.90,0.0498,true,1,1388041
7290005559914,false,פיצה משפחתית עם 100% גבינה בתוספת זיתים מעדנות 550 גרם,תנובה מרכז שיתופי לשיווק תוצרת,IL,פיצה משפחתית זיתים מעדנות,גרמים,550.00,100 גרם,false,,24.90,0.0453,true,1,1388042
7290005559990,false,בצק עלים פילאס תורכי 600 גרם קפוא,תנובה מרכז שיתופי לשיווק תוצרת,IL,בצק פילאס תורכי 600גר מעד,גרמים,600.00,100 גרם,false,,22.90,0.0382,true,1,1388048
7290005587825,false,לוריאל - דרמו מסיר איפור דו פאזי 125 עברית,לוריאל ישראל קוסמטיקס בעמ,DE,מסיר איפור עמיד במים125מ,מיליליטרים,125.00,"100 מ""ל",false,,24.90,0.1992,true,1,1344194
7290005589492,false,שלווה חיטה מלאה דבש 200 גרם דגן,מפעלי דגן,,חטיף שלווה דבש 200ג.,גרמים,200.00,100 גרם,false,,5.90,0.0295,true,1,1434366
7290005591761,false,דבש טהור מפרחי בר בלחיץ 400 ג' יד מרדכי,מכוורת יד מרדכי שטרא,IL,דבש טהור לחיץ 400 גרם,גרמים,400.00,100 גרם,false,,19.90,0.0497,true,1,1390143
7290005610011,false,תפוחי אדמה אדום ארוז,קטיף.,,תפוחי אדמה אדום ארוז,קילוגרמים,1.00,"ק""ג",true,,5.90,5.9000,true,1,1391657
7290005610028,false,תפוח אדמה לבן ארוז,,,תפוח אדמה לבן ארוז,קילוגרמים,1.00,"ק""ג",true,,4.90,4.9000,true,1,1391658
7290005610509,false,צנונית ארוז דוד משה 500ג',תוצרת הנגב אגודה שיתופית חקלאי,,צנוניות ארוזות דוד מ,גרמים,400.00,100 גרם,false,,4.90,0.0123,true,1,2333085
7290005684418,false,לחם כוסמין אורגני 700 גר,מאפיה מרחבית קרית שמונה,,לחם מקמח כוסמין מלא,גרמים,700.00,100 גרם,false,,14.90,0.0213,true,1,1399361
7290005684487,false,לחמניות כוסמין מקמח 6*70גר,המאפיה של הרמן בעמ,,6 לחמניות מקמח כוסמי,גרמים,420.00,100 גרם,false,,12.90,0.0307,true,1,2025261
7290005684579,false,לחם מחמצת כוסמין 700 גרם,המאפיה של הרמן,,לחם חמצת כוסמין,גרמים,700.00,100 גרם,false,,14.90,0.0213,true,1,2254187
7290005684654,false,לחם מחמצת שיפון 700 גרם,המאפיה של הרמן,,לחם מחמצת שיפון,יחידה,0.00,יחידה,false,,16.90,0.0000,true,1,1730769
7290005684845,false,מארז פיתה אורגנית כו,,,מארז פיתה אורגנית כו,יח',5.00,יח',false,,5.90,1.1800,true,1,1399364
7290005719189,false,לחם מחמצת שיפון אגוז,,,לחם מחמצת שיפון אגוז,גרמים,500.00,100 גרם,false,,16.90,0.0338,true,1,2165341
7290005789380,false,פרשיס קוסמטיקס מגבונים להסרת איפור 54 יח',ווטנאפס,,מגבונים לאיפור,יח',54.00,יח',false,,14.90,0.2759,true,1,1348937
7290005838002,false,מעדן גבינה ויוגורט בטעם וניל 88 ג' דניאלה,שטראוס גרופ בעמ/מצונן,IL,דניאלה וניל,גרמים,88.00,100 גרם,false,,3.90,0.0443,true,1,1389418
7290005838613,false,קרם גבינה 3% בטעם וניל סקי (125 גרם),שטראוס גרופ בעמ/מצונן,IL,סקי וניל 125 בודד,גרמים,125.00,100 גרם,false,,3.70,0.0296,true,1,1389419
7290005838972,false,סקי יום יום גבינה לבנה %5 125 גרם,שטראוס גרופ בעמ/מצונן,IL,סקי יום יום 5%,גרמים,125.00,100 גרם,false,,3.20,0.0256,true,1,1389420
7290005839078,false,שמיניית יוגורט לבן 3% ביו דנונה 150 גרם,שטראוס גרופ בעמ/מצונן,IL,מ. דנונה 8 חסכון ביו 3% 1,גרמים,1200.00,100 גרם,false,,15.90,0.0133,true,1,1389421
7290005839108,false,גבינה לבנה סימפוניה עם תוספות 200 ג'+זיתים 5%,שטראוס גרופ בעמ/מצונן,IL,סימפ' 5% עם זתים,גרמים,200.00,100 גרם,false,,10.90,0.0545,true,1,1389422
7290005839313,false,מילקי Top עם שוקולדה מגולגלת 140 גרם,שטראוס גרופ בעמ/מצונן,IL,מילקי טופ מגולגלת,גרמים,170.00,100 גרם,false,,4.30,0.0253,true,1,1389423
7290005869631,false,קרם לחות לפנים 50מל,שוורץ,IL,"ק.ל.לפ' רימונים 50 סמ""ק",מיליליטרים,50.00,"100 מ""ל",false,,64.90,1.2980,true,1,1374901
7290005872860,false,טלק מעושר באלוורה,שוורץ,IL,"טלקיה 300 סמ""ק מ.באלוורה",גרמים,300.00,100 גרם,false,,12.90,0.0430,true,1,1374929
7290005896620,false,סאן בנדטו - מוגז עדין - 1.5 ליטר,אקווה מינרלה סאן בנד,,מים מוגז סן בנדטו 1.,ליטרים,1.50,ליטר,false,,4.90,3.2667,true,1,1370596
7290005896637,false,סאן בנדטו - מים מינרלים טבעיים מהאלפים 1.5 ליטר,אקווה מינרלה סאן בנדטו ב,,מים סאן-בנדטו 1.5 לי,ליטרים,1.50,ליטר,false,,3.90,2.6000,true,1,1370597
7290005896828,false,סאן בנדטו - מים מינרלים - מארז שישיית 1.5 ליטר,אקווה מינרלה סאן בנדטו ב,,סאן-בנדטו שישייה 1.5,ליטרים,9.00,ליטר,false,,20.50,2.2778,true,1,1370598
7290005902499,false,"מגב גומי 45 ס""מ + מקל",טירולר Tyroler,,מגבי גומי סיליקון,יחידה,0.00,יחידה,false,,79.90,0.0000,true,1,2153983
7290005938245,false,ממרח פסטו קלאסי פרסקו 220ג' מצונן,מיוצר עי פרסקו חצבה,,פסטו קלאסי,גרמים,220.00,100 גרם,false,,15.90,0.0723,true,1,2182451
7290005946554,false,לבבות קיסר בנספק,,,לבבות קיסר,יחידה,0.00,יחידה,false,,8.90,0.0000,true,1,1382550
7290005946578,false,חסה מיקס שטופה 250 ג,,,חסה מיקס שטופה 250 ג,גרמים,250.00,100 גרם,false,,8.90,0.0356,true,1,1382551
7290005946745,false,עלי חסה שטופים,,,עלי חסה שטופים,גרמים,300.00,100 גרם,false,,7.90,0.0263,true,1,1382552
7290005992018,false,"יוגורט עיזים לשתיה 3% מחלבות גד 500 מ""ל",מחלבות גד שיווק 1992 בעמ,IL,יוגורט עיזים 3% 1/2 ליטר,מיליליטרים,500.00,"100 מ""ל",false,,12.90,0.0258,true,1,1374728
7290005992247,false,גבינה חלומי 24% גד ב,מחלבות גד,IL,"חלומי מוסדי ק""ג שקיל",קילוגרמים,1.00,"ק""ג",true,,89.00,89.0000,true,1,1374731
7290005992575,false,גבינה בולגרית למריחה 5% גד (250 גרם),מחלבות גד שיווק 1992 בעמ,IL,בולגרית למריחה 250 גרם,גרמים,250.00,100 גרם,false,,14.90,0.0596,true,1,1374734
7290005992667,false,בולגרית פח% {5 גד}שקיל,מחלבות גד,IL,"פח בולגרית מסורתית 5% ק""ג",קילוגרמים,1.00,"ק""ג",true,,56.00,56.0000,true,1,1374736
7290005992735,false,לאבנה טבעית 5% 250 גר' - רבנות,מחלבות גד שיווק 1992 בעמ,IL,לאבנה 5% 250 גרם,גרמים,250.00,100 גרם,false,,11.90,0.0476,true,1,1374738
7290005992858,false,גבינת פטה עיזים במשק,יושלם,IL,פטה עיזים מעודנת 5% דלי 4,קילוגרמים,1.00,"ק""ג",true,,110.00,110.0000,true,1,1374739
7290005992872,false,גב.צפתית במים 5% במשקל,מחלבות גד,IL,"צפתית רכה במים 5% ק""ג שקי",קילוגרמים,1.00,"ק""ג",true,,55.00,55.0000,true,1,1374740
7290005992889,false,גב.שמנת שום שמיר 30%משקל,מחלבות גד,IL,גבינת שמנת שום שמיר 30% 2,קילוגרמים,1.00,"ק""ג",true,,45.00,45.0000,true,1,1374741
7290005992902,false,גבינת שמנת 30% ירקות,מחלבות גד,IL,"גבינת שמנת ירקות 30% בד""ץ",קילוגרמים,1.00,"ק""ג",true,,45.00,45.0000,true,1,1374742
7290005992957,false,גבינת פטה עיזים במשק,טבע עז,IL,"פטה עיזים בדלי 8 ק""ג",קילוגרמים,1.00,"ק""ג",true,,110.00,110.0000,true,1,1374746
7290005992964,false,גבינת פטה כבשים במשק,מחלבות גד,IL,"פטה כבשים דלי 4 ק""ג",קילוגרמים,1.00,"ק""ג",true,,99.00,99.0000,true,1,1374747
7290005996078,false,סלמי סרוולט הונגרי יחיעם 150 גרם,מעדני יחיעם (1993) בעמ,,סלמי סרוולט הונגרי,גרמים,125.00,100 גרם,false,,22.90,0.1832,true,1,2307463
7290005996221,false,פסטרמה של פעם דק דק (120 גר`)יחיעם,מעדני יחיעם (1993) בעמ,,פסטרמה של פעם דק דק,גרמים,120.00,100 גרם,false,,14.90,0.1242,true,1,2253969
7290005996238,false,פסטרמה בדבש דק דק (120 גר`)יחיעם,מעדני יחיעם (1993) בעמ,,פסטרמה בדבש דק דק,גרמים,120.00,100 גרם,false,,14.90,0.1242,true,1,2253970
7290005996276,false,פסטרמה ברביקין דק דק (120 גר`)יחיעם,מעדני יחיעם (1993) בעמ,,פסטרמה ברביקיו דק דק,גרמים,120.00,100 גרם,false,,14.90,0.1242,true,1,2253971
7290006040619,false,גבינה טבורוג 5% במשקל,גבינות הכפר בעמ,,"גבינת טבורוג 5% בד""צ",קילוגרמים,1.00,"ק""ג",true,,29.00,29.0000,true,1,2235773
7290006041043,false,גבינה עם צימוקים במשקל,גבינות הכפר בעמ,,גבינת טבורוג עם צימו,קילוגרמים,1.00,"ק""ג",true,,29.00,29.0000,true,1,2235774
7290006131034,false,פילה נסיכת הנילוס פר,,,פילה נסיכת הנילוס פר,קילוגרמים,1.00,"ק""ג",true,,64.90,64.9000,true,1,1353733
7290006131287,false,פילה בקלה (מרלוזה) א,,,דג פילה בקלה מרלוזה,קילוגרמים,1.00,"ק""ג",true,,34.90,34.9000,true,1,1353737
7290006131386,false,דג בקלה ארוז,,,דג בקלה ארוז,קילוגרמים,1.00,"ק""ג",true,,21.90,21.9000,true,1,1353738
7290006131447,false,מקרל קפוא,,,דגי מקרל,קילוגרמים,1.00,"ק""ג",true,,21.90,21.9000,true,1,1353740
7290006131560,false,סרדינים ארוזים,,,סרדינים ארוזים,קילוגרמים,1.00,"ק""ג",true,,21.90,21.9000,true,1,2331929
7290006131591,false,פילה ברבוניה בוואקום,,,דג פילה ברבוניה 400,גרמים,400.00,100 גרם,false,,24.90,0.0622,true,1,1934047
7290006131942,false,פילה טונה פרוס בוואק,,,פילה טונה פרוס בוואק,קילוגרמים,1.00,"ק""ג",true,,49.90,49.9000,true,1,1353748
7290006185952,false,מגבונים לחים להסרת איפור פנינה רוזנבלום 30 יחידות,דן מור חומרי טבע וכי,IL,מגבון מסיר איפור,יח',30.00,יח',false,,14.90,0.4967,true,1,1395452
7290006210524,false,קוקיס חלבי שוקולד לב,פילסברי,IL,בונז'ור קוקיס שוקולד לבן,קילוגרמים,1.00,"ק""ג",true,,35.00,35.0000,true,1,1349592
7290006229427,false,סן בנדטו - מים מינרלים - מארז שישיית 500 מל,טמפו משקאות בע`מ,,מים סאן בנדטו 6X 500,ליטרים,3.00,ליטר,false,,11.90,3.9667,true,1,1370603
7290006235220,false,דר פישר קידס מגבונים 30יח TO GO דיספנסר,"ד""ר פישר Dr fischer",IL,'30 יח TO-GO קידס מגבונים,יח',30.00,יח',false,,5.90,0.1967,true,1,1399566
7290006241214,false,שקדים טבעיים קליית גת (200 גרם),הדקלאים אגודת שיתופי,,שקד טבעי בשקית,גרמים,200.00,100 גרם,false,,17.90,0.0895,true,1,1983817
7290006241504,false,"משקה תפוזים קפוא פריגת 340 מ""ל",החברה המרכזית טלהפצת משקאות בע,IL,תפוזים 340,גרמים,280.00,100 גרם,false,,9.90,0.0354,true,1,1375365
7290006241511,false,"משקה לימונענע מרוכז קפוא פריגת 280 מ""ל",היינץ צפון אמריקה מק,IL,לימונענע 340,גרמים,280.00,100 גרם,false,,9.90,0.0354,true,1,1375366
7290006251275,false,תה ירוק סיני קלאסי ויסוצקי 25 יחידות,תה ויסוצקי (ישראל) בעמ,IL,תה ירוק סיני קלאסי,גרמים,37.50,100 גרם,false,,22.90,0.6107,true,1,1386780
7290006251282,false,חליטת חמוציות הגן הקסום ויסוצקי 25 יחידות,תה ויסוצקי (ישראל) בעמ,IL,חליטת חמוציות,גרמים,75.00,100 גרם,false,,16.90,0.2253,true,1,1386781
7290006251343,false,חליטת פסיפלורה מנגו הגן הקסום ויסוצקי 25 יחידות,תה ויסוצקי (ישראל) בעמ,IL,חליטת פסיפלורה- מנגו,גרמים,62.50,100 גרם,false,,16.90,0.2704,true,1,1386782
7290006251374,false,תה ירוק לימונית וג'ינג'ר ויסוצקי 25 יחידות,תה ויסוצקי (ישראל) בעמ,IL,תה ירוק לימונית וגינגר,גרמים,37.50,100 גרם,false,,22.90,0.6107,true,1,1386783
7290006251589,false,תה ירוק עם עלי נענע 50 שקיקים ויסוצקי,תה ויסוצקי (ישראל) בעמ,IL,תה ירוק נענע,גרמים,75.00,100 גרם,false,,39.90,0.5320,true,1,1386784
7290006265548,false,נבטים סינים מרינה ארוז 360ג',"מרינה פטריות הגליל בע""מ",,נבטים סיניים,יח',1.00,יח',false,,4.90,4.9000,true,1,1375984
7290006271174,false,ג'חנון לאפיה בתנור מעדנות 700 גרם,תנובה מרכז שיתופי לשיווק תוצרת,IL,גחנון בצק 700גר מעדנות,גרמים,700.00,100 גרם,false,,16.90,0.0241,true,1,1388049
7290006271181,false,ג'חנון אפוי למיקרוגל מעדנות 750 גרם,תנובה מרכז שיתופי לשיווק תוצרת,IL,גחנון אפוי 750גר מעדנות,גרמים,750.00,100 גרם,false,,22.90,0.0305,true,1,1388050
7290006271648,false,מיני בורקס תפוח אדמה מעדנות (800 גרם),תנובה מרכז שיתופי לשיווק תוצרת,IL,"מיני בורקס תפו""א 800 גרם",גרמים,800.00,100 גרם,false,,22.90,0.0286,true,1,1388056
7290006271655,false,מיני בורקס במילוי גבינה מעדנות (800 גרם),תנובה מרכז שיתופי לשיווק תוצרת,IL,מיני בורקס גבינה 800 גרם,גרמים,800.00,100 גרם,false,,24.90,0.0311,true,1,1388057
7290006272430,false,בצק עלים חמאה חלבי מעדנות (600 גרם),מיוצר עי קונדיטוריית,IL,בצק עלים חמאה 600גר,גרמים,600.00,100 גרם,false,,27.90,0.0465,true,1,1388061
7290006287106,false,"נטורל - ווקס לשיער לעיצוב אלסטי 120 מ""ל",מיוצר עי : אמיליה קוסמטי,,ווקס לשיער אלסטי נטו,מיליליטרים,120.00,"100 מ""ל",false,,24.90,0.2075,true,1,1366245
7290006306296,false,רביולי במילוי גבינה לילדים 400 ג' פסטה נונה,דורום תעשיות מזון ופסטה,IL,רביולי במילוי גבינה במיוח,גרמים,400.00,100 גרם,false,,21.90,0.0547,true,1,1387655
7290006306302,false,רביולי במילוי גבינות פרמזן ריקוטה 400 ג' פסטה נונה,דורום תעשיות מזון ופסטה,IL,רביולי במילוי גבינות פרמז,גרמים,400.00,100 גרם,false,,21.90,0.0547,true,1,1387656
7290006306319,false,רביולי במילוי בטטה 400 ג' פסטה נונה,דורום תעשיות מזון ופסטה,IL,רביולי במילוי בטטה,גרמים,400.00,100 גרם,false,,21.90,0.0547,true,1,1387658
7290006306340,false,"ניוקי תפו""א פסטה נונה גד 400 גרם",דורום תעשיות מזון ופסטה,IL,ניוקי תפוח אדמה,גרמים,400.00,100 גרם,false,,17.90,0.0447,true,1,1387661
7290006306357,false,רביולי במילוי גבינת עיזים 400 ג' פסטה נונה,דורום תעשיות מזון ופסטה,IL,רביולי במילוי גבינת עיזים,גרמים,400.00,100 גרם,false,,22.90,0.0572,true,1,1387662
7290006342089,false,גרעין שחור 200 גרם ששון הקולה,"דין שיווק וקלייה בע""",,גרעין שחור 200 גרם,גרמים,200.00,100 גרם,false,,5.90,0.0295,true,1,1374373
7290006342577,false,פקאן סיני 200 גרם,דין שיווק,,פקאן סיני 200 גרם,גרמים,200.00,100 גרם,false,,24.90,0.1245,true,1,1374374
7290006342584,false,אגוזי מלך קלופים 300,דין שיווק,,אגוזי מלך קלופים 300,גרמים,300.00,100 גרם,false,,22.90,0.0763,true,1,1374375
7290006342591,false,גרעיני דלעת קלויים 2,דין שיווק,,גרעיני דלעת קלויים 2,גרמים,200.00,100 גרם,false,,7.90,0.0395,true,1,1374376
7290006346414,false,סלט אבוקדו מונטה קרלו 250 גרם,ירין חזון שיווק ומזון,,סלט אבוקדו,קילוגרמים,1.00,"ק""ג",true,,69.00,69.0000,true,1,1424371
7290006374615,false,דבש מזון מלכות מרוכז במיוחד 340 גרם,"שטראוס גרופ בע""מ",IL,"מ""מ בדבש 340 (5.8%)",גרמים,340.00,100 גרם,false,,36.90,0.1085,true,1,1390146
7290006374660,false,שמן זית כתית לתיבול קלאסי יד מרדכי 1 ליטר,מכוורת יד מרדכי שטראוס ב,IL,שמן זית 2 קלאסי 1 ליטר,ליטרים,1.00,ליטר,false,,42.90,42.9000,true,1,1390148
7290006374684,false,שמן זית כתית מעולה לתיבול מעודן 500,מכוורת יד מרדכי שטרא,IL,"שמן זית 2 קלאסי 500 מ""ל",מיליליטרים,500.00,"100 מ""ל",false,,24.90,0.0498,true,1,1390149
7290006374738,false,קונפיטורה תות יד מרדכי בטעם תות,אף.סי תבליני בגליל ב,IL,קונפיטורת תות 340 גרם,גרמים,340.00,100 גרם,false,,12.90,0.0379,true,1,1390151
7290006401366,false,"סבון לשטיפה אינטימית ליגיניה פרוטקטיב 200 מ""ל",)פייזר (קונסיומר הלט קר,IT,LIGINIA PROTECTIVE-SOAP,מיליליטרים,200.00,"100 מ""ל",false,,29.90,0.1495,true,1,1350526
7290006401373,false,ליגיניה סבון מרענן לשטיפה אינטימית,פייזר )קונסיומר הלט קר(,IT,LIGINIA ACTIVE-FRESH,מיליליטרים,200.00,"100 מ""ל",false,,29.90,0.1495,true,1,1350527
7290006492432,false,גבינה מוצרלה בייבי 18% גד (150 גרם),מחלבות גד שיווק 1992 בעמ,IL,מוצרלה בייבי 150 גרם,גרמים,150.00,100 גרם,false,,12.90,0.0860,true,1,1374754
7290006492616,false,גבינה בולגרית מעודנת פרוסות 5% גד 250 גרם,מחלבות גד שיווק 1992 בעמ,IL,בולגרית פרוסות 5% 250 גרם,גרמים,250.00,100 גרם,false,,25.90,0.1036,true,1,1374757
7290006492630,false,גבינת פרומעז עיזים 22% גד 180 גרם,מחלבות גד שיווק 1992 בעמ,IL,גליל גד עז 180 גרם,גרמים,180.00,100 גרם,false,,21.90,0.1217,true,1,1374758
7290006492647,false,מטבעות גבינה עזים 22 אחוז 150גרם גד,מחלבות גד שיווק 1992 בעמ,IL,מטבעות גבינת עיזים 150 גר,גרמים,150.00,100 גרם,false,,22.90,0.1527,true,1,1374759
7290006492685,false,גבינת לאבנה עיזים 5% גד (250 גרם),מחלבות גד שיווק 1992 בעמ,IL,לאבנה 5% עיזים 250 גרם,גרמים,250.00,100 גרם,false,,16.90,0.0676,true,1,1374760
7290006492852,false,גבינת עיזים למריחה 5% 250 גרם רובין,מחלבות גד שיווק 1992 בעמ,IL,גבינה למריחה 5% עיזים 250,גרמים,250.00,100 גרם,false,,15.90,0.0636,true,1,1374761
7290006492913,false,גבינת לאבנה ציזיקי 5% מחלבות גד 250 גרם,מחלבות גד שיווק 1992 בעמ,IL,גבינה צ'זקי 250 גרם,גרמים,250.00,100 גרם,false,,14.90,0.0596,true,1,1374763
7290006494597,false,מרמולייט סירופ בטעם תפוחים 1ליטר,זנלכל,IL,מרמולייט סירופ בטעם תפוחי,ליטרים,1.00,ליטר,false,,19.90,19.9000,true,1,1400824
7290006494917,false,טוסו וופל קלאסי במילוי שוקולד 200 גרם,"איטיליאן פוד, אס.פי.",IL,טוסו ופל קלאסי בטעם שוקול,גרמים,200.00,100 גרם,false,,9.90,0.0495,true,1,1400832
7290006494924,false,טוסו וופל קלאסי במילוי קרם לימון 200 גרם,"דנשר (1963) בע,מ",,טוסו ופל בטעם לימון.,גרמים,180.00,100 גרם,false,,9.90,0.0550,true,1,1400833
7290006498052,false,דנונה ביו יוגורט טבעי מהדרין 3% 150 ג',שטראוס גרופ בעמ/מצונן,,יוגורט טבעי 3% -מהדר,גרמים,165.00,100 גרם,false,,2.80,0.0170,true,1,1389424
7290006511010,false,וילי פוד פרמז'נו שקי,ויליפוד,IT,פרמז'נו שקיל רבעים למעדני,קילוגרמים,1.00,"ק""ג",true,,119.00,119.0000,true,1,1352884
7290006511683,false,מאנצו-פולי סויה בתרמילים 454 גרם מהד,ג.וילי-פוד אינטרנשיונל **גבינו,CN,פולי סויה קפואים 454גרם(מ,גרמים,454.00,100 גרם,false,,7.90,0.0174,true,1,1352889
7290006511904,false,גבינת אדם כדורים במשקל,ברגלנדמיל,AT,גבינת אדם כדורים (שקיל) ח,קילוגרמים,1.00,"ק""ג",true,,59.00,59.0000,true,1,1352894
7290006541901,false,ממרח שום 180גרם מוטי,"איטיליאן פוד, אס.פי.",,ממרח שום 180גרם מוטי,גרמים,180.00,100 גרם,false,,19.90,0.1106,true,1,1418255
7290006546012,false,שעועית בנוסח מקסיקני בטעם חריף 580 ג' פרי הגליל,ויטה פרי גליל (החדשה) בע`מ,IL,צ'לי חריף בנוסח מקסיקני 5,גרמים,580.00,100 גרם,false,,6.90,0.0119,true,1,1394640
7290006546333,false,ציפס קפוא 700 גרם פרי-גליל,ויטה -פרי גליל (החדשה) בעמ,IL,צ'יפס 700ג פג,גרמים,700.00,100 גרם,false,,9.90,0.0141,true,1,1394644
7290006546371,false,במיה 600 ג' פרי הגליל,ויטה פרי גליל (החדשה) בע`מ,IL,במיה 600פג,גרמים,600.00,100 גרם,false,,14.90,0.0248,true,1,1394645
7290006546388,false,תחתיות ארטישוק קפוא פרי הגליל 400ג',ויטה -פרי גליל (החדשה) בעמ,IL,ת.ארטישוק 400פג,גרמים,400.00,100 גרם,false,,19.90,0.0497,true,1,1394646
7290006546395,false,לקט העונה קפוא פרי הגליל 800ג',ויטה- פרי גליל (החדשה) בעמ,IL,לקט העונה 800פג,גרמים,800.00,100 גרם,false,,12.90,0.0161,true,1,1394647
7290006546425,false,"תירס קלחונים פרי הגליל 1 ק""ג",ויטה פרי גליל (החדשה) בע`מ,IL,תירס קלחונים 1קג פג,קילוגרמים,1.00,"ק""ג",false,,14.90,14.9000,true,1,1394648
7290006546517,false,צי'פס סטייק קפוא פרי הגליל 800 ג',"פרי הגליל בע""""מ",IL,סטייק צ'יפס 800פג רבנות,גרמים,800.00,100 גרם,false,,9.90,0.0124,true,1,1394650
7290006546999,false,לקט למרק פרי הגליל 800 ג',ויטה פרי גליל (החדשה) בע`מ,IL,לקט למרק 800פג,גרמים,800.00,100 גרם,false,,12.90,0.0161,true,1,1394662
7290006562906,false,פרמיו הודו וכבש לחתולים,פרמיו Premio,,פרמיו הודו וכבש 15ג',גרמים,15.00,100 גרם,false,,6.90,0.4600,true,1,2372643
7290006567048,false,פתיתי קוסקוס ישראלי אסם (350 גרם),קבוצת אוסם סחר שותפות מוגבלת,IL,אסם פתיתי קוסקוס ישראלי 3,גרמים,350.00,100 גרם,false,,6.90,0.0197,true,1,1349609
7290006582355,false,סילאן סירופ 900 גרם שקדיה,דין שיווק וקליה 2021 בעמ,,סילאן 900 גרם,גרמים,900.00,100 גרם,false,,12.90,0.0143,true,1,1397980
7290006618078,false,"מרסס לניקוי יסודי מטבח אסטוניש 750 מ""ל","יעקב יעקבי ובניו בע""מ",GB,אסטוניש מרסס-למטבח,מיליליטרים,750.00,"100 מ""ל",false,,11.90,0.0159,true,1,1372340
7290006618085,false,"אסטוניש תרסיס ניקוי אמבטיה וכיורים יעקבי 750 מ""ל",יעקב יעקבי ובניו בע`מ,GB,אסטוניש מרסס כחול-לאמבט,מיליליטרים,750.00,"100 מ""ל",false,,11.90,0.0159,true,1,1372341
7290006618610,false,הפי ספוגיות לניקוי כלים חלביים ובשריים יעקבי 6 יחידות,יעקב יעקבי ובניו בעמ,TR,הפי ספוגיות חלבי/בשרי שיש,יח',6.00,יח',false,,7.90,1.3167,true,1,1372348
7290006651211,false,"ד""ר פישר - מגבוני איי קר לעיניים רגישות 40 יחידות",פישר מעבדות פרמצבטיות בע,IL,40 סשטים בקופסא EYE CARE,יח',40.00,יח',false,,49.90,1.2475,true,1,1399570
7290006651570,false,"קמיל בלו אל סבון ושמפו לתינוק ד""ר פישר 750 מ""ל","פישר תעשיות פרמצבטיות בע""מ",IL,קמיל בלו צמחי מרפא שמפו ו,מיליליטרים,750.00,"100 מ""ל",false,,19.90,0.0265,true,1,1399579
7290006652027,false,במבה חטיף בוטנים אסם 20*15 גרם,קבוצת אוסם סחר שותפות מוגבלת,IL,במבה אריזת תינוק 15 גרם מ,גרמים,300.00,100 גרם,false,,24.90,0.0830,true,1,1349614
7290006653765,false,פרפקטו פסטה פטוצ'יני אסם 500 גרם,קבוצת אוסם סחר שותפות מוגבלת,IT,פרפקטו פטוצ'יני 500 גרם,גרמים,500.00,100 גרם,false,,6.90,0.0138,true,1,1349617
7290006653819,false,קוסקוס אמיתי דק בשקית 350 גרם,קבוצת אוסם סחר שותפות מוגבלת,IL,אסם קוסקוס דק 350 גרם,גרמים,350.00,100 גרם,false,,6.90,0.0197,true,1,1349618
7290006664051,false,"אקטימל לבן 1.51 ק""ג מארז 14 יחידות",שטראוס גרופ בעמ/מצונן,IL,אקטימל 14 טבעי,גרמים,1512.00,100 גרם,false,,31.50,0.0208,true,1,1389429
7290006664402,false,גבינה לבנה סקי 5% שומן 750 גרם,שטראוס גרופ בעמ/מצונן,IL,סקי% 5 750 גרם,גרמים,750.00,100 גרם,false,,14.10,0.0188,true,1,1389433
7290006664532,false,יוגורט עם תות 3% שומן 150 ג' דנונה,שטראוס גרופ בעמ/מצונן,IL,דנונה תות 3%,גרמים,150.00,100 גרם,false,,3.40,0.0227,true,1,1389434
7290006664655,false,דנונה Actimel יוגורט טבעי 8*100 מ``ל,שטראוס גרופ בעמ/מצונן,IL,אקטימל טבעי שמיניה,גרמים,864.00,100 גרם,false,,19.90,0.0230,true,1,1389436
7290006664693,false,יוגורט עם אפרסק 3% שומן 150 ג' דנונה,שטראוס גרופ בעמ/מצונן,IL,דנונה אפרסק 3%,גרמים,150.00,100 גרם,false,,3.40,0.0227,true,1,1389437
7290006664990,false,"יוגורט דנונה ביו לבן 1.7% שומן 8*150 מ""ל",שטראוס גרופ בעמ/מצונן,IL,מארז דנונה שמינייה 1.7% ח,גרמים,1200.00,100 גרם,false,,15.90,0.0133,true,1,1389439
7290006666307,false,חומוס אורגינל סלטי מ,כ.מ.מ שיווק סלטי משני בעמ,,חומוס סלטי משני,גרמים,300.00,100 גרם,false,,12.90,0.0430,true,1,2257583
7290006666314,false,סלט טחינה משומשום טהור,כ.מ.מ שיווק סלטי משני בעמ,,סלט טחינה סלטי משני,גרמים,300.00,100 גרם,false,,12.90,0.0430,true,1,2257584
7290006666338,false,סלט טחינה ירוקה עם פטרוזיליה,כ.מ.מ שיווק סלטי משני בעמ,,טחינה ירוקה סלטי משנ,גרמים,300.00,100 גרם,false,,13.90,0.0463,true,1,2257595
7290006666345,false,סלט חצילים במיונז על האש,כ.מ.מ שיווק סלטי משני בעמ,,חציל במיונז סלטי משנ,גרמים,300.00,100 גרם,false,,19.90,0.0663,true,1,2257596
7290006666352,false,סלט חציל בטחינה 300 גרם,כ.מ.מ שיווק סלטי משני בעמ,,חציל בטחינה סלטי משנ,גרמים,300.00,100 גרם,false,,19.90,0.0663,true,1,2257597
7290006666369,false,סלט חצילים יווני אמיתי על האש,משני,,סלט חצילים יווני סלט,גרמים,300.00,100 גרם,false,,19.90,0.0663,true,1,2257598
7290006666376,false,סלט חצילים אמיתי רומני על האש,משני,,חציל רומני סלטי משני,גרמים,300.00,100 גרם,false,,19.90,0.0663,true,1,2257599
7290006666406,false,סלט חציל טבעי סלטי מ,כ.מ.מ שיווק סלטי משני בעמ,,חציל טבעי סלטי משני,גרמים,300.00,100 גרם,false,,19.90,0.0663,true,1,2257601
7290006666413,false,סלט כרוב אדום במיונז,כ.מ.מ שיווק סלטי משני בעמ,,סלט כרוב סלטי משני,גרמים,300.00,100 גרם,false,,14.90,0.0497,true,1,2257602
7290006666420,false,סלט כרוב קולסלאו בסגנון אמריקאי,כ.מ.מ שיווק סלטי משני בעמ,,קולסלו כרוב אמריקאי,גרמים,300.00,100 גרם,false,,14.90,0.0497,true,1,2257603
7290006666437,false,סלט טורקי סלטי משני,כ.מ.מ שיווק סלטי משני בעמ,,סלט טורקי סלטי משני,גרמים,300.00,100 גרם,false,,16.90,0.0563,true,1,2257604
7290006666444,false,סלט עגבניות מטבוחה חריף,כ.מ.מ שיווק סלטי משני בעמ,,סלט מטבוחה סלטי משני,גרמים,300.00,100 גרם,false,,19.90,0.0663,true,1,2257615
7290006666451,false,סלט עגבניות סלסה חריף,כ.מ.מ שיווק סלטי משני בעמ,,סלסה סלטי משני,גרמים,300.00,100 גרם,false,,19.90,0.0663,true,1,2257616
7290006666468,false,סלט גזר חריף במיץ לימון,כ.מ.מ שיווק סלטי משני בעמ,,גזר בלימון סלטי משני,גרמים,300.00,100 גרם,false,,19.90,0.0663,true,1,2257617
7290006666475,false,סלט תפוחי אדמה במיונז,כ.מ.מ שיווק סלטי משני בעמ,,"תפו""א רוסי סלטי משני",גרמים,300.00,100 גרם,false,,14.90,0.0497,true,1,2257629
7290006666499,false,סלט טונה לבנה ברוטב 300 גר,סלטי משני,,סלט טונה לבנה סלטי מ,גרמים,300.00,100 גרם,false,,26.90,0.0897,true,1,2257624
7290006666529,false,סלט פלפלים מרוקאי חריף 300 גרם,כ.מ.מ שיווק סלטי משני בעמ,,פלפל מרוקאי סלטי משנ,גרמים,300.00,100 גרם,false,,19.90,0.0663,true,1,2257619
7290006666543,false,סלט קוביות סלק 300 גרם,כ.מ.מ שיווק סלטי משני בעמ,,סלק סלטי משני,גרמים,300.00,100 גרם,false,,16.90,0.0563,true,1,2257606
7290006666567,false,חציל בנוסח מרוקאי 300 גר,סלטי משני,,חציל מרוקאי סלטי משנ,גרמים,300.00,100 גרם,false,,22.90,0.0763,true,1,2260104
7290006666574,false,חומוס מסעדות בתוספת לימון,משני,,חומוס אבו זוהר סלטי,גרמים,300.00,100 גרם,false,,12.90,0.0430,true,1,2257607
7290006666628,false,סלט ביצים סלטי משני,סלטי משני,,סלט ביצים סלטי משני,גרמים,300.00,100 גרם,false,,29.90,0.0997,true,1,2258625
7290006666833,false,סחוג אדום סלט פלפלים,כ.מ.מ שיווק סלטי משני בעמ,,סחוג אדום סלטי משני,גרמים,150.00,100 גרם,false,,12.90,0.0860,true,1,2257589
7290006666840,false,עריסה ביתית סלט פלפלים,משני,,עריסה ביתית סלטי משנ,גרמים,150.00,100 גרם,false,,12.90,0.0860,true,1,2257590
7290006681553,false,קרמבו בטעם וניל שטראוס 8 יחידות,"גלידות שטראוס בע""מ",IL,קרמבו 1/8 וניל,גרמים,200.00,100 גרם,false,,13.90,0.0695,true,1,1384209
7290006681560,false,קרמבו בטעם מוקה שטראוס 8 יחידות,"גלידות שטראוס בע""מ",IL,קרמבו 1/8 מוקה,גרמים,200.00,100 גרם,false,,13.90,0.0695,true,1,1384210
7290006704511,false,"תפו""א גמדי אדום למיקרו מרינה 750ג'","מרינה פטריות הגליל בע""מ",,תפוא אדמה למיקרו,גרמים,700.00,100 גרם,false,,7.90,0.0113,true,1,1376006
7290006712684,false,ספיד סטיק 24/7 סטיק כחול,קולגייט פלמוליב,US,ספיד סטיק 24/7 סטיק כחול,גרמים,50.00,100 גרם,false,,19.90,0.3980,true,1,1386135
7290006712981,false,"משחת שיניים קולגייט ספיידרמן מגיל שש 50 מ""ל",הנסיך- מפעל לייצור ט,PL,קולגייט משחת ילדים 6+ ספי,מיליליטרים,50.00,"100 מ""ל",false,,12.90,0.2580,true,1,1386137
7290006724472,false,טחינה אורגנית 500 גרם ליב,אחדות,,טחינה אורגנית 500גרם,גרמים,500.00,100 גרם,false,,15.90,0.0318,true,1,1418143
7290006739292,false,נקניק פסטרמה פרגיות ציפוי תירס,נקניק נהריה כשר זוגל,,פסטרמה תבור,גרמים,330.00,100 גרם,false,,24.90,0.0755,true,1,1369293
7290006739445,false,שניצל תירס קלאסי 750 ג' זוגלובק,נקניק נהריה כשר זוגל,,שניצל תירס קלאסי 750,גרמים,750.00,100 גרם,false,,29.90,0.0399,true,1,1369298
7290006739544,false,כתף בקר 3% שומן זוגלובק (300 גרם),נקניק זוגלובק נהריה,,כתף בקר 300 גרם,גרמים,300.00,100 גרם,false,,29.90,0.0997,true,1,1369299
7290006764478,false,"בירה נשר מאלט בקבוק זכוכית 330 מ""ל",החברה המרכזית להפצת משקאות בעמ,,"בירה מאלט נשר 330 מ""",מיליליטרים,330.00,"100 מ""ל",false,,4.90,0.0148,true,1,1370605
7290006764485,false,"בירה שחורה נשר מאלט שישייה ח""פ 330*6 מ''ל","טמפו משקאות בע""\ם.",,שישייה נשר מאלט 330,ליטרים,1.98,ליטר,false,,26.90,13.5859,true,1,1370606
7290006765451,false,פיסטוק קלוי ענק 250,דין שיווק,,פיסטוק קלוי ענק 250,גרמים,250.00,100 גרם,false,,19.90,0.0796,true,1,1374385
7290006765468,false,שקד קלוי ענק 250 גרם,דין שיווק,,שקד קלוי ענק 250 גרם,גרמים,250.00,100 גרם,false,,29.90,0.1196,true,1,1374386
7290006765475,false,בוטן קלוי ענק 250 גר,דין שיווק,,בוטן קלוי ענק 250 גר,גרמים,250.00,100 גרם,false,,9.90,0.0396,true,1,1374387
7290006765482,false,קשיו קלוי ענק 250 גר,דין שיווק,,קשיו קלוי ענק 250 גר,גרמים,250.00,100 גרם,false,,19.90,0.0796,true,1,1374388
7290006775016,false,עוגת תפוז אחוה (450 גרם)אחוה,אחדות ביתחרושת לטחינה חלבה,IL,עוגת תפוז 450 גרם,גרמים,450.00,100 גרם,false,,8.90,0.0198,true,1,1350698
7290006775023,false,עוגה אנגלית אחוה (450 גרם)אחוה,אחדות ביתחרושת לטחינה חלבה,IL,עוגה אנגלית 450 גרם,גרמים,450.00,100 גרם,false,,8.90,0.0198,true,1,1350699
7290006775030,false,עוגת שוקו צ`יפס אחוה (450 גרם)אחוה,אחדות ביתחרושת לטחינה חלבה,IL,עוגת שוקו ציפס 450 גרם,גרמים,450.00,100 גרם,false,,8.90,0.0198,true,1,1350700
7290006775047,false,עוגת שוקולד אחוה (450 גרם)אחוה,אחדות ביתחרושת לטחינה חלבה,IL,עוגה בטעם שוקולד 450 גרם,גרמים,450.00,100 גרם,false,,8.90,0.0198,true,1,1350701
7290006775054,false,עוגת שיש אחוה (450 גרם)אחוה,אחדות ביתחרושת לטחינה חלבה,IL,עוגת שיש 450 גרם,גרמים,450.00,100 גרם,false,,8.90,0.0198,true,1,1350702
7290006775337,false,עוגת שמרים במילוי פרג אחווה,אחדות ביחר לטחינה חל,IL,עוגת שמרים פרג 400 גרם,גרמים,400.00,100 גרם,false,,10.90,0.0273,true,1,2234613
7290006775344,false,עוגת שמרים במילוי קרם קינמון אחוה 400 גרם,אחדות ביתחרושת לטחינה חלבה,IL,עוגת שמרים במילוי קרם קינ,גרמים,400.00,100 גרם,false,,10.90,0.0273,true,1,1350709
7290006775764,false,אחוה עוגת שוק`צ`יפס ללא סוכר 400 גר,אחדות ביתחרושת לטחינה חלבה,IL,עוגת שוקוצ'יפס ללא תוספת,גרמים,400.00,100 גרם,false,,10.90,0.0273,true,1,1350713
7290006775795,false,עוגת תפוחי עץ עם מילוי מעודן אחוה 450 גרם,"אחדות ביח""ר לטחינה ח",IL,עוגת תפוח עץ עם מילוי מע,גרמים,450.00,100 גרם,false,,10.90,0.0242,true,1,2234621
7290006788382,false,"דאודורנט סטיק סגול 50 מ""ל קרליין",אמיליה קוסמטיקס,IL,דאו.קרליין סטיק נושם אוקס,גרמים,50.00,100 גרם,false,,16.90,0.3380,true,1,1366265
7290006788399,false,"דאו רול און נושם סנסיטיב ירוק קרליין 75 מ""ל",החברה הדרומית לשיווק בעמ,IL,דאו.קרליין רולאון נושם סנ,מיליליטרים,75.00,"100 מ""ל",false,,12.90,0.1720,true,1,1366266
7290006788405,false,"קרליין - נושם אקטיב דאודורנט רול און לאישה ברודו 75 מ""ל",החברה הדרומית לשיווק בעמ,IL,דאו.קרליין רולאון נושם אק,מיליליטרים,75.00,"100 מ""ל",false,,12.90,0.1720,true,1,1366267
7290006788412,false,"קרליין - נושם אקווה דאודורנט רול און לאישה כחול 75 מ""ל",החברה הדרומית לשיווק בעמ,IL,דאו.קרליין רולאון נושם אק,מיליליטרים,75.00,"100 מ""ל",false,,12.90,0.1720,true,1,1366268
7290006788429,false,"קרליין - נושם סאן רייס דאודורנט רול און לאישה כתום 75 מ""ל",החברה הדרומית לשיווק בעמ,IL,דאו.קרליין רולאון נושם סנ,מיליליטרים,75.00,"100 מ""ל",false,,12.90,0.1720,true,1,1366269
7290006788436,false,"קרליין - נושם פיור דאודורנט רול און לאישה ורוד 75 מ""ל",החברה הדרומית לשיווק בעמ,IL,דאו.קרליין רולאון נושם פי,מיליליטרים,75.00,"100 מ""ל",false,,12.90,0.1720,true,1,1366270
7290006788467,false,"קרליין - נושם אקטיב דאודורנט ספריי לאישה בורדו 200 מ""ל",החברה הדרומית לשיווק בעמ,IL,דאו.קרליין ספרי אקטיב 200,מיליליטרים,200.00,"100 מ""ל",false,,12.90,0.0645,true,1,1366273
7290006788474,false,"קרליין - נושם אקווה דאודורנט ספריי לאישה כחול 200 מ""ל",החברה הדרומית לשיווק בעמ,IL,דאו.קרליין ספריי אקווה 20,גרמים,75.00,100 גרם,false,,12.90,0.1720,true,1,1366274
7290006788481,false,"קרליין - נושם סאן רייס דאודורנט ספריי לאישה כתום 200 מ""ל",החברה הדרומית לשיווק בעמ,IL,דאו.קרליין ספריי סאנרייז,מיליליטרים,200.00,"100 מ""ל",false,,12.90,0.0645,true,1,2365085
7290006788498,false,"קרליין - נושם פיור דאודורנט ספריי לאישה ורוד 200 מ""ל",החברה הדרומית לשיווק בעמ,IL,דאו.קרליין ספריי פיור 200,מיליליטרים,200.00,"100 מ""ל",false,,12.90,0.0645,true,1,1366276
7290006788504,false,"קרליין - נושם אוקסיג'ן דאודורנט ספריי לאישה סגול 200 מ""ל",החברה הדרומית לשיווק בעמ,IL,דאו.קרליין ספריי אוקסיג'ן,מיליליטרים,200.00,"100 מ""ל",false,,12.90,0.0645,true,1,1366277
7290006788559,false,"טיטניום ICE דאודורנט תרסיס ספריי 180 מ""ל",החברה הדרומית לשיווק בעמ,,טיטניום בלו דיאודורנ,מיליליטרים,180.00,"100 מ""ל",false,,14.90,0.0828,true,1,1366278
7290006788948,false,"קרליין דאודורנט תרסיס ספריי מיסט 175 מ""ל",,,דאודורנט תרסיס CAREL,מיליליטרים,175.00,"100 מ""ל",false,,19.90,0.1137,true,1,1366282
7290006789617,false,"קרם לחות לתלתול טבעי לשיער גלי עד מתולתל 10 קרליין 400 מ""ל",מיוצר עי : אמיליה קוסמטי,IL,"קרם ""10"" לחות לתלתל 400מ",מיליליטרים,400.00,"100 מ""ל",false,,16.90,0.0422,true,1,1366287
7290006789631,false,קרליין קרם לחות לשיער רגיל 400 גרם,החברה הדרומית לשיווק בעמ,IL,"קרם ""10"" שיער רגיל400מ""ל",מיליליטרים,400.00,"100 מ""ל",false,,16.90,0.0422,true,1,1366289
7290006791870,false,"נטורל - ג'ל שיער לעיצוב חזק 500 מ""ל",מיוצר עי : אמיליה קוסמטי,IL,ג'ל שיער לעיצוב חזק500מל,מיליליטרים,500.00,"100 מ""ל",false,,19.90,0.0398,true,1,1366302
7290006805355,false,"פילסברי, כדורים בטעם שוקולד, תערובת להכנת כדורים בטעם שוקולד. 500 גרם.",הדקלאים אגודת שיתופי,IL,תערובת להכנת כדורי שוקולד,גרמים,500.00,100 גרם,false,,19.90,0.0398,true,1,1373157
7290006805850,false,פילסברי פנקייק תערובת להכנת חביתיות,הדקלאים אגודת שיתופי,,תערובת להכנת פנקייק.,גרמים,500.00,100 גרם,false,,19.90,0.0398,true,1,1373158
7290006822192,false,נקטר דיאט חמוציות אושן ספריי פריגת 1 ליטר,החברה המרכזית להפצת משקאות בעמ,IL,פריגת דיאטאושןספריחמוציות,ליטרים,1.00,ליטר,false,,11.90,11.9000,true,1,1382115
7290006855183,false,חטיף תמרים אגוזי מלך 4 יח`במארז ברבריא,טבעית מוצרים מן הטבע,IL,ברבריא חטיף בר תמרים אגוז,גרמים,120.00,100 גרם,false,,15.90,0.1325,true,1,1349622
7290006855190,false,חטיף תמרים ואגוזי מלך עם בננה ללא תוספת סוכר,טבעית מוצרים מן הטבע בעמ,,חטיף בר תמרים בננה 4,גרמים,120.00,100 גרם,false,,15.90,0.1325,true,1,2254320
7290006855206,false,חטיף בר שזיפים קוקוס ואוכמניות מארז 120 גרם,טבעית מוצרים מן הטבע,IL,ברבריא חטיף בר שזיפים קוק,גרמים,120.00,100 גרם,false,,15.90,0.1325,true,1,1349623
7290006855244,false,ברבריא חטיף שקדים צימוקים ודבש 120 גרם,טבעית מוצרים מן הטבע בעמ,IL,ברבריא חטיף בר אגוזים שקד,גרמים,108.00,100 גרם,false,,15.90,0.1472,true,1,1349624
7290006855251,false,ברבריא חטיף קשיו חמוציות וסילאן 120 גרם,טבעית מוצרים מן הטבע בעמ,IL,ברבריא חטיף בר קשיו אגוזי,גרמים,108.00,100 גרם,false,,15.90,0.1472,true,1,1349625
7290006855404,false,"ברבריא בייטס תמר מג'הול עם קשיו, שקדים ופיסטוק",טבעית מוצרים מן הטבע בעמ,,ברבריא בייטס תמר קשי,גרמים,55.00,100 גרם,false,,7.90,0.1436,true,1,2324753
7290006855428,false,חטיף תמר לוז קשיו ושברי פולי קקאו ברבריא בייטס 55 ג',טבעית מוצרים מן הטבע בעמ,,ברבריא בייטס תמר לוז,גרמים,55.00,100 גרם,false,,7.90,0.1436,true,1,2324754
7290006866363,false,מיץ סחוט אשכוליות אדומות פרימור 1 ליטר,שטראוס גרופ בעמ/מצונן,IL,%100 מיץ אשכוליות אדומות,ליטרים,1.00,ליטר,false,,15.90,15.9000,true,1,1389440
7290006866967,false,נקטר חמוציות פרימור 1 ליטר,סטאר סנקס,,נקטר חמוציות 1 ליטר,ליטרים,1.00,ליטר,false,,9.90,9.9000,true,1,2221355
7290006875051,false,חציל במיונז יד המלך,פרי הגליל,IL,חציל במיונז 2קג,קילוגרמים,1.00,"ק""ג",true,,39.00,39.0000,true,1,1394674
7290006875310,false,"סלט טונה לבנה ק""ג",,,"סלט טונה לבנה ק""ג",קילוגרמים,1.00,"ק""ג",true,,49.00,49.0000,true,1,1394685
7290006875334,false,סלט גזר מרוקאי לקג,פרי הגליל,IL,גזר מרוקאי 2קג,קילוגרמים,1.00,"ק""ג",true,,29.00,29.0000,true,1,1394687
7290006875419,false,חומוס מסעדות יד המלך,פרי הגליל בעמ,IL,חומוס מסעדות 4קג,קילוגרמים,1.00,"ק""ג",true,,19.00,19.0000,true,1,1394691
7290006875440,false,טחינה ירוקה יד המלך,פרי הגליל,IL,טחינה ירוקה 4קג,קילוגרמים,1.00,"ק""ג",true,,22.00,22.0000,true,1,1394692
7290006875532,false,סלט תירס מקסיקני,,,סלט תירס מקסיקני,קילוגרמים,1.00,"ק""ג",true,,39.00,39.0000,true,1,1392931
7290006875549,false,מטבוחה יד המלך,פרי הגליל,IL,מטבוחה 2קג,קילוגרמים,1.00,"ק""ג",true,,29.00,29.0000,true,1,1394695
7290006875587,false,"תפו""א במיונז יד המלך",פרי הגליל בעמ,IL,תפוא במיונז 2קג,קילוגרמים,1.00,"ק""ג",true,,29.00,29.0000,true,1,1394698
7290006875594,false,סלט טורקי יד המלך,פרי הגליל,IL,סלט טורקי 2קג,קילוגרמים,1.00,"ק""ג",true,,29.00,29.0000,true,1,1394699
7290006875631,false,סלט פלפל רצועות לקג,פרי הגליל,IL,פלפל רצועות 2קג,קילוגרמים,1.00,"ק""ג",true,,49.00,49.0000,true,1,1394700
7290006875662,false,"סחוג לק""ג",פרי הגליל,IL,סחוג אדום 2קג,קילוגרמים,1.00,"ק""ג",true,,60.00,60.0000,true,1,1394702
7290006875815,false,סלט ביצים יד המלך,פרי הגליל,IL,סלט ביצים 2קג,קילוגרמים,1.00,"ק""ג",true,,39.00,39.0000,true,1,1394704
7290006875846,false,קישוא טעם כבד,פרי הגליל,IL,קישוא בטעם כבד 2קג,קילוגרמים,1.00,"ק""ג",true,,59.00,59.0000,true,1,1394707
7290006875877,false,חציל בטעם כבד,פרי הגליל בעמ,IL,חציל בטעם כבד 2קג,קילוגרמים,1.00,"ק""ג",true,,59.00,59.0000,true,1,1394708
7290006983152,false,קרוטונים מתובלים למרק אסם (400 גרם),קבוצת אוסם סחר שותפות מוגבלת,IL,קרוטונים מתובלים למרק ולס,גרמים,400.00,100 גרם,false,,18.90,0.0472,true,1,1349627
7290006983176,false,קרקר לחמית שיפון אסם (230 גרם),קבוצת אוסם סחר שותפות מוגבלת,IL,לחמית שיפון 230 גרם,גרמים,230.00,100 גרם,false,,7.90,0.0343,true,1,1349628
7290006983206,false,אבקה להכנת פלאפל בקלי קלות 180 גרם,קבוצת אוסם סחר שותפות מוגבלת,IL,אסם פלאפל בקלי קלות 180 ג,גרמים,180.00,100 גרם,false,,8.90,0.0494,true,1,1349629
7290006983527,false,עוגת הבית תפוחי עץ עם פירורים 400 ג' אסם,קבוצת אוסם סחר שותפות מוגבלת,IL,אסם הבית עוגת תפוחים פירו,גרמים,400.00,100 גרם,false,,15.90,0.0398,true,1,1349631
7290006983763,false,עוגת הבית בטעם שוקולד אסם (400 גרם),קבוצת אוסם סחר שותפות מוגבלת,IL,אסם הבית עוגה בטעם שוקולד,גרמים,400.00,100 גרם,false,,12.90,0.0323,true,1,1349632
7290006983770,false,עוגת הבית שיש אסם (400 גרם),קבוצת אוסם סחר שותפות מוגבלת,IL,אסם הבית עוגת שיש 400גרם,גרמים,400.00,100 גרם,false,,12.90,0.0323,true,1,1349633
7290006983787,false,עוגת הבית שוקולד צ'יפס אסם 400 גרם,קבוצת אוסם סחר שותפות מוגבלת,IL,אסם הבית עוגת שוקולד צי'פ,גרמים,400.00,100 גרם,false,,12.90,0.0323,true,1,1349634
7290006983794,false,עוגת הבית בטעם תפוז אסם 400 גרם,קבוצת אוסם סחר שותפות מוגבלת,IL,אסם הבית עוגה בטעם תפוז,גרמים,400.00,100 גרם,false,,12.90,0.0323,true,1,1349635
7290006992161,false,מטרנה - דייסת קורנפלור פרוביוטי 200 גרם,קבוצת אוסם סחר שותפות מוגבלת,IL,אבקה להכנת דייסת קורנפלור,גרמים,200.00,100 גרם,false,,14.90,0.0745,true,1,1349637
7290006992185,false,"מטרנה - דייסת אורז פרוביוטי כשל""פ 200 גרם",קבוצת אוסם סחר שותפות מוגבלת,IL,אבקה להכנת דייסת אורז מטר,גרמים,200.00,100 גרם,false,,14.90,0.0745,true,1,1349639
7290006992192,false,דייסה מטרנה סולת פרוביוטיקה,קבוצת אוסם סחר שותפות מוגבלת,IL,אבקה להכנת דייסת סולת מט,גרמים,200.00,100 גרם,false,,14.90,0.0745,true,1,1349640
7290006992208,false,מטרנה - דייסת דגנים מעורבים 200 גרם,קבוצת אוסם סחר שותפות מוגבלת,IL,אבקה להכנת דייסת דגנים מע,גרמים,200.00,100 גרם,false,,14.90,0.0745,true,1,1349641
7290006992390,false,"מטרנה - דייסת וניל פרוביוטי כשל""פ 200 גרם",קבוצת אוסם סחר שותפות מוגבלת,IL,אבקה להכנת דייסת קורנפלור,גרמים,200.00,100 גרם,false,,14.90,0.0745,true,1,1349643
7290008000246,false,"פמינה - שטיפה אינטימית מועשר באלוורה 220 מ""ל",גורי ע.ע.ע. בע`מ,IL,"פמינה פרש אלוורה 220 מ""ל",מיליליטרים,220.00,"100 מ""ל",false,,24.90,0.1132,true,1,1393838
7290008000598,false,"קרם ידיים שאו 100 מ""ל",כצט,IL,"SHOW קרם ידיים 100 מ""ל",מיליליטרים,100.00,"100 מ""ל",false,,4.90,0.0490,true,1,1393839
7290008000796,false,"סופרמן משחת שיניים לילדים בטעם פירות כצט 50 מ""ל",גורי ע.ע.ע. בע`מ,IL,משחת שיניים סופרמן-כצט,מיליליטרים,50.00,"100 מ""ל",false,,11.90,0.2380,true,1,1393843
7290008000826,false,"משחת שיניים לילדים בטעם פירות לגילאים 2-6 כצט 50 מ""ל",גורי ע.ע.ע. בע`מ,IL,"משחת שיניים ברבי 50 מ""ל",גרמים,50.00,100 גרם,false,,11.90,0.2380,true,1,1393844
7290008001502,false,אלמקס מי פה לשיניים רגישות 400 מל,"ש. שסטוביץ בע""\מ",CH,אלמקס שטיפה דנטלית לרגישו,מיליליטרים,400.00,"100 מ""ל",false,,29.90,0.0747,true,1,1386139
7290008104036,false,"לקטופיל - תחליב סבון טיפולי 500 מ""ל",פמינה,IL,לקטופיל תחליב סבון טיפולי,מיליליטרים,500.00,"100 מ""ל",false,,34.90,0.0698,true,1,1393848
7290008116541,false,שטיפת פה ליסטרין מנטה קריר 500 מ`ל,ג'\ונסון אנד ג'\ונסון,,מי פה ליסטרין קול מי,מיליליטרים,500.00,"100 מ""ל",false,,19.90,0.0398,true,1,1350529
7290008116565,false,שטיפת פה ליסטרין מנטה מרענן 500 מ`ל,ג'\ונסון אנד ג'\ונסון,,מי פה ליסטרין פרש 50,מיליליטרים,500.00,"100 מ""ל",false,,19.90,0.0398,true,1,1350530
7290008116862,false,בלנאום שמן רחצה יומיומי לתינוקות וילדים,שקד תבל בעמ,,שמן אמבט בלנאום בייב,מיליליטרים,500.00,"100 מ""ל",false,,74.90,0.1498,true,1,1350531
7290008149228,false,עופיון טרי,,,עופיון טרי,קילוגרמים,1.00,"ק""ג",true,,39.90,39.9000,true,1,1398034
7290008154222,false,עוף טוב שניצלונים 700 גרם,קבוצת אוסם סחר-שות.מוגבלת,IL,עוף טוב שניצלונים בציפוי,גרמים,700.00,100 גרם,false,,19.90,0.0284,true,1,1349644
7290008166010,false,לקט פיצוחים מובחר200גרם,"גיי אנג גי פקאנס בע""",,לקט פיצוחים 200 גרם,גרמים,200.00,100 גרם,false,,15.90,0.0795,true,1,1413475
7290008166775,false,הטיב בוטן מטוגן 200ג,"גיי אנג גי פקאנס בע""",,בוטן מטוגן 200 גרם,גרמים,200.00,100 גרם,false,,7.90,0.0395,true,1,1413491
7290008175173,false,חמאה מפינלנד ללא מלח 200 גרם ויליפוד,ג.וילי-פוד אינטרנשיונל **גבינו,,חמאה 200 גרם ללא תוס,גרמים,200.00,100 גרם,false,,12.90,0.0645,true,1,1352898
7290008175210,false,גבינת פרמזן מגורדת 90ג' ויליפוד,ג.וילי-פוד אינטרנשיונל **גבינו,IT,פרמז'נו מגורדת 90גרם (כ/ל,גרמים,90.00,100 גרם,false,,14.90,0.1656,true,1,1352899
7290008175760,false,מנצגו חלב כבשים מעדניה שקיל,אלפסטור,ES,גבינת מנצ'גו מחלב כבשים (,קילוגרמים,1.00,"ק""ג",true,,99.00,99.0000,true,1,1352904
7290008175814,false,וילי פוד פטריות שמפיניון חתוך בדץ 400ג,ג.וילי פוד אינטרנשיונל בעמ,PL,פטריות חתוך 400גרם- בד'צ,גרמים,400.00,100 גרם,false,,4.90,0.0123,true,1,1352906
7290008175906,false,גבינת עיזים חלב ארינ,אלמטאה,NL,גבינת עיזים (שקיל) חלב יש,קילוגרמים,1.00,"ק""ג",true,,119.00,119.0000,true,1,1352907
7290008190909,false,עוגיות מיני קוקיס שוקולד צ'יפס בצנצנת כרמית 600 גרם,כרמית תעשיות ממתקים בעמ,IL,כרמית מיני קוקיס שוקו ציפ,גרמים,600.00,100 גרם,false,,18.90,0.0315,true,1,1386148
7290008194266,false,מארזים מתוקים א.אטיא,ממתקי השלום בעולם בעמ,,מארזים מתוקים א.אטיא,גרמים,350.00,100 גרם,false,,14.90,0.0426,true,1,2306751
7290008263597,false,קוואקר אורגני הרדוף 500 גרם,אול אורגני,GB,קוואקר 500 גר אורגני,גרמים,500.00,100 גרם,false,,12.90,0.0258,true,1,1353206
7290008263641,false,קוואקר עדין אורגני 500 גרם - הרדוף,אול אורגני,IL,קוואקר עדין אורגני 500 גר,גרמים,500.00,100 גרם,false,,12.90,0.0258,true,1,1353209
7290008318921,false,טל קרם לידיים יבשות 150,General,,קרם ידיים טל,מיליליטרים,100.00,"100 מ""ל",false,,8.90,0.0890,true,1,1374579
7290008318990,false,"מידנייט קרם ידיים 100 מ""ל",חלאבין,,קרם ידיים מידנייט,מיליליטרים,100.00,"100 מ""ל",false,,9.90,0.0990,true,1,1374581
7290008330107,false,מרכך כביסה סגול בדין (4 ליטר),יוניליוור ישראל שיווק בע`מ,IL,Badin Std Liquid Purple 4,ליטרים,4.00,ליטר,false,,19.90,4.9750,true,1,1388852
7290008343466,false,בצק פילו שלושת האופים (500 גרם),שלושת האופים שגמור,IL,בצק פילו 500 גר',גרמים,500.00,100 גרם,false,,14.90,0.0298,true,1,1376424
7290008343503,false,גחנון אפוי 650 גר' שלושת האופים קהילות,נטו מלינדה סחר בע`מ,,ג'חנון אפוי 650 גרם,גרמים,650.00,100 גרם,false,,15.90,0.0245,true,1,2182473
7290008343602,false,"קובה בשר 1 ק""ג שלושת האופים",נטו מלינדה סחר בעמ,,"קובה בשר 1 ק""ג",קילוגרמים,1.00,"ק""ג",false,,18.90,18.9000,true,1,2179170
7290008347211,false,אצבעות דג מצופות דלידג (700 גרם),אף.סי תבליני בגליל ב,IL,אצבעות דג 700 ג,גרמים,700.00,100 גרם,false,,19.90,0.0284,true,1,1376426
7290008347730,false,סלמון מעושן הילטון ב,דלידג ק.מלאכי,,פילה סלמון מעושן,קילוגרמים,1.00,"ק""ג",true,,199.00,199.0000,true,1,1419782
7290008403917,false,גבינת גאודה פסטו במשקל,הנרי ויליך,,גבינה גאודה פסטו ירו,קילוגרמים,1.00,"ק""ג",true,,115.00,115.0000,true,1,2251047
7290008409049,false,שניצלונים בציפוי שומשום מיני מיני דק מאמא עוף 500 גרם,תנובה מרכז שיתופי לשיווק תוצרת,,שניצלונים מיני דק דק,גרמים,500.00,100 גרם,false,,27.90,0.0558,true,1,1388068
7290008409124,false,מאמא עוף קפוא שניצל ג'ונגל פריך 700 גרם,תנובה מרכז שיתופי לשיווק תוצרת,,שניצל ג'ונגל מאמאעוף,גרמים,700.00,100 גרם,false,,32.90,0.0470,true,1,1388073
7290008409315,false,שניצלונים בציפוי פריך מיני מיני דק מאמא עוף 500 גרם,תנובה מרכז שיתופי לשיווק תוצרת,,שניצלונים מיני דק דק,גרמים,500.00,100 גרם,false,,27.90,0.0558,true,1,1388078
7290008409407,false,שניצל דק דק צ`יפס מאמא עוף (700 גרם),תנובה גליל שותפות מוגבלת,,שניצל דק דק צ'יפס מא,גרמים,700.00,100 גרם,false,,39.90,0.0570,true,1,1388082
7290008415071,false,צבר חומוס עם טחינה עגול 150 גרם,קבוצת אוסם סחר שותפות מוגבלת,IL,צבר חומוס עם טחינה 150 גר,גרמים,150.00,100 גרם,false,,4.90,0.0327,true,1,1349647
7290008415514,false,צבר חומוס עם חריף עגול 150 גרם,קבוצת אוסם סחר שותפות מוגבלת,IL,צבר חומוס עם חריף 150 גרם,גרמים,150.00,100 גרם,false,,4.90,0.0327,true,1,1349648
7290008423014,false,פלפל שחור גרוס 100 גרם,תבליני הדור השלישי,,פלפל שחור,גרמים,100.00,100 גרם,false,,13.90,0.1390,true,1,2363255
7290008423021,false,תבלין כמון 500 גרם,תבליני הדור השלישי,,כמון טחון,גרמים,400.00,100 גרם,false,,29.90,0.0747,true,1,2363320
7290008423045,false,תבלין לקציצות פרג 10,תבליני הדור השלישי,,תבלין קציצות,גרמים,100.00,100 גרם,false,,13.90,0.1390,true,1,1381618
7290008423052,false,ממרח עגבניות מיובשות בשמן זית 250גר,תבליני הדור השלישי,,עגבניות מיובשות בשמן,גרמים,250.00,100 גרם,false,,14.90,0.0596,true,1,1381619
7290008423243,false,מלח שולחן הים האדום,מלח הארץ,,מלח הים האדום דק,גרמים,650.00,100 גרם,false,,7.90,0.0122,true,1,1381624
7290008423250,false,מלח גס הים האדום 630,מלח הארץ,,מלח גס,גרמים,630.00,100 גרם,false,,7.90,0.0125,true,1,2363334
7290008443265,false,תחליב לחות לרחצה אל סבון נוזלי נקה 7 2 ליטר,החברה הדרומית לשיווק בעמ,IL,סופטקר אל סבון קלאסי 2 לי,ליטרים,2.00,ליטר,false,,29.90,14.9500,true,1,1366333
7290008443616,false,"מרכך לשיער יבש אדום 750 מ""ל נקה 7",החברה הדרומית לשיווק בעמ,IL,מרכך נקה 7 לשיר יבש 750מ,מיליליטרים,750.00,"100 מ""ל",false,,11.90,0.0159,true,1,1366337
7290008443647,false,"מרכך לשיער מתולתל סגול, 750 מ""ל נקה 7",החברה הדרומית לשיווק בעמ,IL,מרכך נקה7 שיער מתולתל750,מיליליטרים,750.00,"100 מ""ל",false,,11.90,0.0159,true,1,1366340
7290008444538,false,דאודורנט ספריי פריטי,,,דאודורנט ספריי פריטי,מיליליטרים,175.00,"100 מ""ל",false,,19.90,0.1137,true,1,1366343
7290008461047,false,גב.ברי לה רוסטיק 31%משקל,נטו מלינדה סיימן,,"גבינה ברי לרוסטיק ק""",קילוגרמים,1.00,"ק""ג",true,,169.00,169.0000,true,1,1705862
7290008461283,false,גבינת טריפל צ'דר חצי קשה הגבינות של נני 200 גרם,שבינגטון,,צ'דר טריפל*200 גרם,גרמים,200.00,100 גרם,false,,20.90,0.1045,true,1,1706520
7290008462204,false,חרדל דיז'ון מקורי נטו מאי 380 גרם,א. סיימן סחר בעמ,,חרדל דז'ון מקורי MAI,גרמים,380.00,100 גרם,false,,11.90,0.0313,true,1,1717444
7290008462259,false,חרדל דיז'ון גרגירים מיילי 380 גרם,א. סיימן סחר בעמ,,חרדל דיז'ון גרגירים,גרמים,380.00,100 גרם,false,,13.90,0.0366,true,1,1717445
7290008464109,false,"בירה גולדסטאר Unfiltered, בירה לא מסוננת, בקבוק 330 מ""ל","טמפו משקאות בע""מ",,בירה גולדסטאר לא מסו,מיליליטרים,330.00,"100 מ""ל",false,,8.90,0.0270,true,1,1370613
7290008464130,false,"בירה גולדסטאר Unfiltered, בירה לא מסוננת, מארז שישייה, בקבוק 330 מ""ל",טמפו משקאות בעמ,,שישייה בירה גולדסטאר,ליטרים,1.98,ליטר,false,,39.90,20.1515,true,1,1370614
7290008464208,false,"בירה מכבי 7.9%, בירה חזקה, בקבוק 330 מ''ל",פארייפאבה אגרואינדוס,,בירה מכבי 7.9% אלכוה,מיליליטרים,330.00,"100 מ""ל",false,,6.90,0.0209,true,1,1370615
7290008464222,false,"בירה מכבי 7.9%, בירה חזקה, פחית 500 מ""ל","טמפו משקאות בע""\מ",,בירה מכבי 7.9 פחית 5,מיליליטרים,500.00,"100 מ""ל",false,,9.90,0.0198,true,1,1370616
7290008464338,false,בירה מכבי בקבוק בודד 330 מל,טמפו משקאות בעמ,,"מכבי בקבוק 330 מ""ל.",מיליליטרים,330.00,"100 מ""ל",false,,6.90,0.0209,true,1,1413363
7290008464345,false,"בירה גולדסטאר, בקבוק 330 מ''ל",פארייפאבה אגרואינדוס,,בירה גולדסטאר בקבוק,מיליליטרים,330.00,"100 מ""ל",false,,6.90,0.0209,true,1,1413364
7290008464369,false,"פפסי קולה בפחית 330 מ""ל","טמפו משקאות בע""\מ",,פחית פפסי קולה 330 מ,מיליליטרים,330.00,"100 מ""ל",false,,3.50,0.0106,true,1,1370619
7290008464376,false,"מרינדה תפוז פחית 330 מ""ל",טמפו,,"פחית מירנדה 330 מ""ל",מיליליטרים,330.00,"100 מ""ל",false,,3.50,0.0106,true,1,1370620
7290008464383,false,"סבנ אפ פחית 330 מ""ל",טמפו משקאות בעמ,,"פחית סבן אפ 330 מ""ל",מיליליטרים,330.00,"100 מ""ל",false,,3.50,0.0106,true,1,1370621
7290008464390,false,"פחית דיאט סבן אפ 330 מ""ל",טמפו משקאות בעמ,,פחית סבן אפ דיאט 330,מיליליטרים,330.00,"100 מ""ל",false,,3.50,0.0106,true,1,1370622
7290008464406,false,פפסי מקס – משקה מוגז דל קלוריות פחיות 300 מל' שישייה,"טמפו משקאות בע""מ",,"פחית פפסי מקס 330 מ""",מיליליטרים,330.00,"100 מ""ל",false,,3.50,0.0106,true,1,1370623
7290008464468,false,בירה בפחית גולדסטאר (500 מל),פארייפאבה אגרואינדוס,,בירה גולדסטאר בפחית,מיליליטרים,500.00,"100 מ""ל",false,,8.90,0.0178,true,1,1370624
7290008464475,false,בירה מכבי פחית 500 מ``ל,"טמפו משקאות בע""\מ",,"מכבי פחיות 500 מ""ל.",מיליליטרים,500.00,"100 מ""ל",false,,8.90,0.0178,true,1,1370625
7290008464505,false,סאן בנדטו מים מינרלים להחזרה 0.5 ל`,אקווה מינרלה סאן בנדטו ב,,מים סן בנדטו 0.5 ליט,מיליליטרים,500.00,"100 מ""ל",false,,4.90,0.0098,true,1,1370626
7290008464604,false,"בירה הייניקן פחית 500 מ""ל",טמפו משקאות בע''מ,,"היינקן פחית 500 מ""ל.",מיליליטרים,500.00,"100 מ""ל",false,,11.90,0.0238,true,1,1370631
7290008464611,false,"הסודה של טמפו, מי סודה בגיזוז חזק, 275 מל",טמפו משקאות בעמ,,סודה טמפו,מיליליטרים,275.00,"100 מ""ל",false,,3.90,0.0142,true,1,1992513
7290008464635,false,"מי טוניק, גזוז בטעם טוניק 275 מל",טמפו משקאות בעמ,,"מי טוניק 275 מ""ל",מיליליטרים,275.00,"100 מ""ל",false,,4.50,0.0164,true,1,1990762
7290008464673,false,"בירה גולדסטאר SLOWBREW פחית 10%, 500 מ""ל","טמפו משקאות בע""\מ",,"פחית גולדסטאר 500 מ""",מיליליטרים,500.00,"100 מ""ל",false,,9.90,0.0198,true,1,2090167
7290008464697,false,"בירה מכבי 7.9%, בירה חזקה, מארז שישייה, בקבוק 330 מ""ל",טמפו משקאות בעמ,,שישיית בירה מכבי 7.9,ליטרים,1.98,ליטר,false,,25.00,12.6263,true,1,1370632
7290008464703,false,"שישיית בירה מכבי בקבוק 330 מ""ל",טמפו משקאות בע''מ,,מכבי מארז שישיה 330,ליטרים,1.98,ליטר,false,,25.00,12.6263,true,1,1370633
7290008464741,false,"בירה גולדסטאר, מארז שישייה, בקבוק 330 מ''ל","טמפו משקאות בע""\מ",,שישייה בירה גולדסטאר,ליטרים,1.98,ליטר,false,,25.00,12.6263,true,1,1370634
7290008464796,false,"בירה היינקן, מארז שישייה, בקבוק 330 מ''ל",טמפו משקאות בע''מ,,הייניקן שישייה 330 מ,ליטרים,1.98,ליטר,false,,32.90,16.6162,true,1,1370635
7290008469760,false,שריר הזרוע מס 8 חלק,לאס,,שריר בקר מס.8 קפוא,קילוגרמים,1.00,"ק""ג",true,,49.90,49.9000,true,1,2338006
7290008470759,false,מסטיק אורביט סטיקס ספירמינט שמיניה,מרס ריגלי ישראל בעמ,,מסטיק אורביט שמניות,גרמים,104.00,100 גרם,false,,14.90,0.1433,true,1,1383918
7290008470766,false,מסטיק אורביט פפרמינט מארז שמינייה,מרס ריגלי ישראל בעמ,,מסטיק אורביט שמניות,גרמים,104.00,100 גרם,false,,14.90,0.1433,true,1,1383919
7290008473057,false,מגבונים קמיל בלו טו גו שקית 3*30 יח,"ד""ר פישר Dr fischer",IL,קמיל בלו סנסטיב מגבונים 3,יח',90.00,יח',false,,15.90,0.1767,true,1,1399582
7290008473637,false,מגבונים לניקוי האף לתינוק 30יח,"ד""ר פישר Dr fischer",IL,'קמיל בלו מגבונאף 30 יח,יח',30.00,יח',false,,6.90,0.2300,true,1,1399583
7290008482486,false,אבקת אינסטנט להכנת מלאבי פרווה 112ג' נאמן,נאמן לאורך זמן בעמ,,"מלאבי 112 ג""ר.",גרמים,112.00,100 גרם,false,,6.90,0.0616,true,1,1376517
7290008482561,false,פודינג שוקולד טעימה 80ג,נאמן לאורך זמן בעמ,,פודינג אינסטנט,גרמים,85.00,100 גרם,false,,4.90,0.0576,true,1,1376519
7290008482585,false,גלי אינסטנט בטעם משמ,י.כהן,,אינסטנט פודינג ג'לי,גרמים,85.00,100 גרם,false,,4.90,0.0576,true,1,1376521
7290008482592,false,גלי אינסטנט תות פרוו,י.כהן,,אינסטנט ג'לי תות,גרמים,85.00,100 גרם,false,,4.90,0.0576,true,1,1376522
7290008493413,false,פירורי לחם מאיר בייגל פירורי גריסיני 200 גרם,"דנשר (1963) בע,מ",,פירורי גריסיני 200 ג,גרמים,200.00,100 גרם,false,,5.90,0.0295,true,1,1350913
7290008493710,false,פירורי לחם מאיר בייגל פרורי גריסני זהב 200 גרם,"דנשר (1963) בע,מ",,פירורי גריסיני 200 ג,גרמים,200.00,100 גרם,false,,5.90,0.0295,true,1,1350922
7290008618007,false,פילה סלמון/פרוס טרי במגש,מאסטר פוד בע`מ[דגים],,פילה סלמון טרי פרוס,קילוגרמים,1.00,"ק""ג",true,,120.00,120.0000,true,1,2306973
7290008618021,false,פילה דניס טרי פרמיום,מאסטר פוד בע`מ[דגים],,פילה דניס טרי ארוז מ,קילוגרמים,1.00,"ק""ג",true,,109.00,109.0000,true,1,2306975
7290008618045,false,פילה בס טרי ארוז מאס,,,פילה בס טרי ארוז מאס,קילוגרמים,1.00,"ק""ג",true,,99.00,99.0000,true,1,2306977
7290008634045,false,"פלסטר שקוף 30 יחידות ""SUNNY PLASTER""",אינטרסן (1996) בעמ,,פלסטר ציבעוני,יח',30.00,יח',false,,5.90,0.1967,true,1,1368764
7290008634700,false,כפפות XL לטקס עם איבוק עדין 100 יח- SAFE TOUCH,אינטרסן (1996) בעמ,,כפפות לאטקס XL,יח',100.00,יח',false,,18.90,0.1890,true,1,2253959
7290008636193,false,כמון בצנצנת מיה 300 גרם,מיה תעשיות מזון מ.ת.מ. ב,IL,כמון 300גרם,גרמים,300.00,100 גרם,false,,19.90,0.0663,true,1,1381176
7290008636209,false,כורכום בצנצנת מיה 300 גרם,מיה תעשיות מזון מ.ת.מ בעמ,IL,כורכום 300גרם,גרמים,300.00,100 גרם,false,,19.90,0.0663,true,1,1381177
7290008636216,false,אבקת שום בצנצנת מיה 300 גרם,מיה תעשיות מזון מ.ת.מ בעמ,IL,אבקת שום 300גרם,גרמים,300.00,100 גרם,false,,19.90,0.0663,true,1,1381178
7290008636339,false,פירה שבבי תפוח אדמה מיה 500 גרם כשר לפסח,מיה תעשיות מזון מ.ת.מ. בעמ,IL,שבבי תפוחי אדמה 400גרם,גרמים,400.00,100 גרם,false,,9.90,0.0248,true,1,1381179
7290008636650,false,קמח מצה מיה 500 גרם,מיה תעשיות מזון מ.ת.מ. בעמ,IL,קמח מצה 500גרם,גרמים,500.00,100 גרם,false,,6.90,0.0138,true,1,1381183
7290008636919,false,קקאו הולנדי בבשקית מיה 200 גרם,מיה תעשיות מזון מ.ת.מ. בעמ,IL,קקאו הולנדי 250גרם בשקית,גרמים,250.00,100 גרם,false,,10.90,0.0436,true,1,1381186
7290008636933,false,אגוזי מלך גרוסים מיה 100 גרם,מיה תעשיות מזון מ.ת.מ. בעמ,IL,אגוזי מלך גרוסים 100גרם,גרמים,100.00,100 גרם,false,,10.90,0.1090,true,1,1381188
7290008636957,false,שקדים מולבנים גרוסים מיה 100 גרם,מיה תעשיות מזון מ.ת.מ. בעמ,IL,שקדים מולבנים גרוסים 100ג,גרמים,100.00,100 גרם,false,,10.90,0.1090,true,1,1381190
7290008644112,false,אחלה יום יום סלט מטבוחה יום יום 125 גרם,שטראוס גרופ בעמ/מצונן,IL,מטבוחה יום יום 125 גר',גרמים,125.00,100 גרם,false,,4.50,0.0360,true,1,1389442
7290008644235,false,מבחר עלי בייבי 120 גרם-טעם הטבע,שטראוס בריאות ירקות טריי,IL,עלי בייבי 120 ג ירקות שטר,גרמים,120.00,100 גרם,false,,9.90,0.0825,true,1,1389443
7290008644945,false,סלט המושבה שטראוס 450 גר`-טעם הטבע,שטראוס בריאות ירקות טריי,IL,סלט המושבה 450 ג ירקות שט,גרמים,450.00,100 גרם,false,,11.90,0.0264,true,1,1389446
7290008645935,false,אחלה חומוס לניגוב 750 גרם,שטראוס גרופ בעמ/מצונן,IL,חומוס 750 מ. כתומה,גרמים,750.00,100 גרם,false,,9.90,0.0132,true,1,1389449
7290008690713,false,נקטר חמוציות אושן ספריי פריגת (1 ליטר),החברה המרכזית להפצת משקאות בעמ,IL,פריגתאושןספרי חמוציות1ליט,ליטרים,1.00,ליטר,false,,11.90,11.9000,true,1,1382124
7290008693134,false,מעדן גבינה ויוגורט בטעם תות 5% שומן 88 ג' דניאלה,שטראוס גרופ בעמ/מצונן,IL,דניאלה תות,גרמים,88.00,100 גרם,false,,3.90,0.0443,true,1,1389450
7290008745239,false,תפוצ'יפס קראנצ' בטעם טבעי עלית 50 גרם,"שטראוס פריטו ליי בע""\מ )",IL,תפו קראנצ טבעי 50,גרמים,50.00,100 גרם,false,,3.90,0.0780,true,1,1390866
7290008747547,false,תפוצ'יפס קראנץ' בטעם טבעי עלית 200 גרם,"שטראוס פריטו ליי בע""\מ )",IL,תפו קראנצ טבעי 200,גרמים,200.00,100 גרם,false,,9.90,0.0495,true,1,1390868
7290008750264,false,"מסטיק מאסט ציקלס דובדבן 28 גרם לל""ס מגדים",שטראוס גרופ בע`מ,IL,MUST LL פליפ. דובדבן,גרמים,28.00,100 גרם,false,,3.90,0.1393,true,1,1390161
7290008752244,false,תפוצ'יפס קראנץ' בטעם גריל עלית 50 גרם,"שטראוס פריטו ליי בע""\מ )",IL,תפו קראנצ גריל 50,גרמים,50.00,100 גרם,false,,3.90,0.0780,true,1,1390870
7290008752435,false,צ'יטוס קראנצי גבינה עלית 30 ג',"שטראוס פריטו ליי בע""מ",,צ'יטוס קראנצ'י גבינה,גרמים,30.00,100 גרם,false,,2.00,0.0667,true,1,1390871
7290008753111,false,תפוצ'יפס קראנץ' בטעם מקסיקני עלית 50 גרם,"שטראוס פריטו ליי בע""\מ )",IL,תפו קראנצ מקסיקני 50,גרמים,50.00,100 גרם,false,,3.90,0.0780,true,1,1390872
7290008754422,false,גומי מאסט בטעם פפרמינט קלאסי פליפטופ 28 ג' עלית,שטראוס גרופ בע`מ,IL,Must LL קלאסי פפרמינט,גרמים,28.00,100 גרם,false,,3.90,0.1393,true,1,1390171
7290008757980,false,קרטונית ספרינג נקטר רימונים 1 ליטר,יפאורה שותפות מוגבלת לשיווק,,ספרינג רימונים קרטונ,ליטרים,1.00,ליטר,false,,6.60,6.6000,true,1,1371073
7290008775816,false,ערגליות עוגיות במילוי שוקולד אסם 300 גרם,קבוצת אוסם סחר שותפות מוגבלת,IL,אסם ערגליות שוקו 300גרם,גרמים,300.00,100 גרם,false,,9.90,0.0330,true,1,1349652
7290008775823,false,ערגליות עוגיות תות שדה אסם 300 גרם,קבוצת אוסם סחר שותפות מוגבלת,IL,אסם ערגליות תות 300גרם,גרמים,300.00,100 גרם,false,,9.90,0.0330,true,1,1349653
7290008784542,false,ספוג רחצה קויוטה מסג,קונסיגנציה- ש. י גיספאן 1993,IL,קויוטה מסג,יחידה,0.00,יחידה,false,,7.90,0.0000,true,1,1352723
7290008801010,false,"יין קברנה סוביניון מרלו פרייוט קולקשן 750 מ""ל",אגודת הכורמים -כרמל מזרחי,,יין קברנה / מרלו,מיליליטרים,750.00,"100 מ""ל",false,,38.90,0.0519,true,1,1352367
7290008801089,false,"יין P.C קברנה סוביניון אדום יבש כרמל 375 מ""ל",אגודת הכורמים,,קברנה סוביניון,מיליליטרים,375.00,"100 מ""ל",false,,20.20,0.0539,true,1,2242269
7290008801119,false,סלקטד סוביניון בלאן יקבי כרמל (750 מל),אגודת הכורמים הקואופרטיב,,יין סובניון בלאן,מיליליטרים,750.00,"100 מ""ל",false,,24.90,0.0332,true,1,1352368
7290008801157,false,"יין מרלו סלקטד כרמל כרמל 750 מ""ל",אגודת הכורמים -כרמל מזרחי,,יין מרלו סלקטד,מיליליטרים,750.00,"100 מ""ל",false,,24.90,0.0332,true,1,1352369
7290008801478,false,יין טופז זהב אדום מתוק ייצוא 750 מל,אגודת הכורמים בעמ,,יין טופז זהב,מיליליטרים,750.00,"100 מ""ל",false,,18.90,0.0252,true,1,1352374
7290008801522,false,יין קינג דויד קונקורד אדום מתוק 750 מל,אגודת הכורמים הקואופרטיב,,יין קונקורד,מיליליטרים,750.00,"100 מ""ל",false,,18.90,0.0252,true,1,1352375
7290008801539,false,כרמל 120 אדום מתוק 750 מל קינג דיוויד,אגודת הכורמים הקואופרטיב,,יין כרמל,מיליליטרים,750.00,"100 מ""ל",false,,18.90,0.0252,true,1,1352376
7290008801546,false,יין מוסקט מתוק קינג דיוויד יקבי כרמל,אגודת הכורמים הקואופרטיב,,יין מוסקט מתוק,מיליליטרים,750.00,"100 מ""ל",false,,18.90,0.0252,true,1,1879297
7290008801843,false,סלקטד קברנה סובניון יקבי כרמל (750 מל),אגודת הכורמים בעמ,,יין קברנה סוביניון ס,מיליליטרים,750.00,"100 מ""ל",false,,24.90,0.0332,true,1,1352378
7290008801850,false,סלקטד אמרלד ריזלינג לבן חצי יבש 750 מל,אגודת הכורמים הקואופרטיב,,יין אמרלנד רזלינג,מיליליטרים,750.00,"100 מ""ל",false,,24.90,0.0332,true,1,1352379
7290008802291,false,יין מרלו פרייבט קולקשן יקבי כרמל,אגודת הכורמים הקואופרטיב,,יין מרלו,מיליליטרים,750.00,"100 מ""ל",false,,38.90,0.0519,true,1,1352380
7290008802512,false,"יין וינו אדום ""כרמל מזרחי""",אגודת הכורמים בעמ,,יין אדום וינו,מיליליטרים,750.00,"100 מ""ל",false,,18.90,0.0252,true,1,1352381
7290008802529,false,"יין לבן חצי יבש וינו 750 מ""ל",אגודת הכורמים בעמ,,יין וינו לבן,מיליליטרים,750.00,"100 מ""ל",false,,18.90,0.0252,true,1,1352382
7290008802895,false,יין קברנה סוביניון פרייבט קולקשן יקבי כרמל,אגודת הכורמים הקאופורטיב,,יין קברנה סוביניון,מיליליטרים,750.00,"100 מ""ל",false,,38.90,0.0519,true,1,1352383
7290008803090,false,"יין מרלו קולקשיין הסדרה האזורית כרמל 750 מ""ל",אגודת הכורמים הקואופרטיב,,מרלו גליל עליון,מיליליטרים,750.00,"100 מ""ל",false,,54.90,0.0732,true,1,2134478
7290008804189,false,יין קברנה סוביניון גליל עליון סדרה אזורית יקבי כרמל,אגודת הכורמים הקואופרטיב,,קברנה סוביניון גליל,מיליליטרים,750.00,"100 מ""ל",false,,54.90,0.0732,true,1,2134479
7290008804332,false,שיראז אדום יבש פריווט קולקשיין 750מל,אגודת הכורמים הקואופרטיב,,יין שיראז,מיליליטרים,750.00,"100 מ""ל",false,,38.90,0.0519,true,1,1352391
7290008804462,false,יין מוסקט קינוח פרייבט קולקשן יקבי כרמל,אגודת הכורמים הקואופרטיב,,יין מוסקט קינוח,מיליליטרים,500.00,"100 מ""ל",false,,38.90,0.0778,true,1,1352395
7290008805049,false,סלקטד זינפנדל סמוק יקבי כרמל (750 מל),"כד בני דרום בע""מ",,יין רוזה חצי יבש,מיליליטרים,750.00,"100 מ""ל",false,,24.90,0.0332,true,1,1352400
7290008805384,false,סלקטד מוסקטו לבן יקבי כרמל (750 מל),אגודת הכורמים הקואופרטיב,,יין מוסקטו סלקטד,מיליליטרים,750.00,"100 מ""ל",false,,24.90,0.0332,true,1,1352401
7290008805520,false,"יין קברנה/סוביניון סלקטד כרמל 750 מ""ל",אגודת הכורמים בעמ,,יין קברנה /מרלו,מיליליטרים,750.00,"100 מ""ל",false,,24.90,0.0332,true,1,1352402
7290008805964,false,יין קברנה שיראז גליל עליון סדרה אזורית יקבי כרמל,אגודת הכורמים הקואופרטיב,,יין אדום קברנה שיראז,מיליליטרים,750.00,"100 מ""ל",false,,54.90,0.0732,true,1,1352405
7290008807012,false,"יין טבע מוסקט חצי יבש 750 מ""ל",ויטה פרי גליל (החדשה) בע`מ,IL,טבע מוסקט חצי יבש N,מיליליטרים,750.00,"100 מ""ל",false,,24.90,0.0332,true,1,1394713
7290008807029,false,"יין טבע אמרלד ריזלינג 750 מ""ל",יקבי בינימינה,IL,טבע אמרלד ריזלינג N,מיליליטרים,750.00,"100 מ""ל",false,,24.90,0.0332,true,1,1394714
7290008807050,false,"יין טבע קברנה סובניון 750 מ""ל",אליעז בנימינה,IL,טבע קברנה סוביניון N,מיליליטרים,750.00,"100 מ""ל",false,,24.90,0.0332,true,1,1394715
7290008807067,false,"טבע מרלו אדום יבש 750מ""ל",יקבי בינימינה,IL,טבע מרלו N 750,מיליליטרים,750.00,"100 מ""ל",false,,24.90,0.0332,true,1,1394716
7290008807487,false,יין יוגב קברנה סובינ,יקבי בנימינה,,יין יוגב קברנה סובינ,מיליליטרים,750.00,"100 מ""ל",false,,39.90,0.0532,true,1,1394730
7290008807654,false,יין רזרב סובניון בלא,יקבי בנימינה,,יין לבן רזרב סוביניו,מיליליטרים,750.00,"100 מ""ל",false,,49.90,0.0665,true,1,1394733
7290008834117,false,סטייק אנטריקוט טרי,,,סטייק אנטריקוט טרי,קילוגרמים,1.00,"ק""ג",true,,129.00,129.0000,true,1,1391787
7290008834551,false,חזה עוף עם נקיון,,,חזה עוף עם נקיון,קילוגרמים,1.00,"ק""ג",true,,39.90,39.9000,true,1,1391794
7290008834674,false,טחון טרי עם כבש,,,טחון טרי עם כבש,קילוגרמים,1.00,"ק""ג",true,,89.90,89.9000,true,1,1391797
7290008834704,false,אוסובוקו עגל טרי,,,אוסובוקו עגל טרי,קילוגרמים,1.00,"ק""ג",true,,39.90,39.9000,true,1,1391798
7290008834711,false,פילה מדומה טרי,,,פילה מדומה טרי,קילוגרמים,1.00,"ק""ג",true,,59.90,59.9000,true,1,1391799
7290008834759,false,צוואר טרי,,,צוואר טרי,קילוגרמים,1.00,"ק""ג",true,,69.00,69.0000,true,1,1391803
7290008834766,false,בקר טחון טרי,,,בקר טחון טרי,קילוגרמים,1.00,"ק""ג",true,,59.90,59.9000,true,1,1391804
7290008834834,false,טחון עוף,,,טחון עוף,קילוגרמים,1.00,"ק""ג",true,,34.90,34.9000,true,1,1391808
7290008834841,false,חזה הודו טחון,,,חזה הודו טחון,קילוגרמים,1.00,"ק""ג",true,,44.90,44.9000,true,1,1391809
7290008834889,false,בשר ראש טרי,,,בשר ראש טרי,קילוגרמים,1.00,"ק""ג",true,,69.90,69.9000,true,1,1391813
7290008835831,false,פרגיות קוביות,,,פרגיות קוביות,קילוגרמים,1.00,"ק""ג",true,,79.90,79.9000,true,1,1391818
7290008835879,false,בשר צלעות טרי,,,בשר צלעות טרי,קילוגרמים,1.00,"ק""ג",true,,79.90,79.9000,true,1,1391819
7290008849470,false,ממרח פלפל צ'ומה אוליביה 185 גרם,תה ויסוצקי (ישראל)בעמ,IL,פלפל צומה 185 ג,גרמים,185.00,100 גרם,false,,12.90,0.0697,true,1,1353226
7290008849586,false,רוטב לעוף ריבת בצל אוליביה 310 גרם,תה ויסוצקי (ישראל) בעמ,IL,רוטב לעוף ריבת בצל,גרמים,310.00,100 גרם,false,,12.90,0.0416,true,1,1353230
7290008849609,false,אוליביה רוטב לעוף שום דבש (330 גרם),תה ויסוצקי (ישראל) בעמ,IL,רוטב לעוף שום דבש,מיליליטרים,330.00,"100 מ""ל",false,,12.90,0.0391,true,1,1353231
7290008849739,false,רוטב סויה אמיתי אוליביה 310 גרם,תה ויסוצקי (ישראל)בעמ,IL,רוטב סויה אמיתי,מיליליטרים,290.00,"100 מ""ל",false,,12.90,0.0445,true,1,1353232
7290008849753,false,רוטב טריאקי אוליביה 300 גרם,תה ויסוצקי (ישראל)בעמ,IL,רוטב טריאקי,מיליליטרים,290.00,"100 מ""ל",false,,12.90,0.0445,true,1,1353234
7290008849777,false,רוטב צ'ילי מתוק אוליביה 345 גרם,תה ויסוצקי (ישראל)בעמ,IL,רוטב צ'ילי מתוק,גרמים,290.00,100 גרם,false,,12.90,0.0445,true,1,1353235
7290008849838,false,טפנד זיתים אוליביה 190 גר',"אוליביה גורמה בע""מ",,טפנד זיתים-אוליביה,גרמים,180.00,100 גרם,false,,9.90,0.0550,true,1,1973534
7290008849845,false,ממרח אוליביה אריסה פיקנטי 180 ג',"אוליביה גרומה בע""מ",,אריסה פיקנטית-אוליבי,גרמים,185.00,100 גרם,false,,9.90,0.0535,true,1,1973525
7290008909761,false,"קרלסברג בקבוק יחיד 330מ""ל",החברה המרכזית להפצת משקאות בעמ,,בירה קרלסברג בקבוק 3,מיליליטרים,330.00,"100 מ""ל",false,,6.90,0.0209,true,1,1382134
7290008909853,false,"קוקה קולה זירו בקבוק 500 מ""ל.",החברה המרכזית להפצת משקאות בעמ,IL,קולה ZERO בקבוק 500 מל,מיליליטרים,500.00,"100 מ""ל",false,,6.90,0.0138,true,1,1382135
7290008975551,false,תחליף חלב מטרנה מהדרין שלב 3 חלבי 700 גרם,קבוצת אוסם סחר שותפות מוגבלת,IL,תרכובת מזון המשך לפעוטות,גרמים,700.00,100 גרם,false,,59.90,0.0856,true,1,1349661
7290008989091,false,שלישיית פירכוני אורז בטר אנד דיפרנט 310 גרם,"בטר אנד דיפרנט בע""מ",IL,פריכיות שלישיות אריזת חסכ,גרמים,310.00,100 גרם,false,,11.90,0.0384,true,1,1395619
7290008989312,false,גולש סויה 200 גרם 55,בטר אנד דיפרנט בעמ,IL,גולש סויה 200 גרם 55% חלב,גרמים,200.00,100 גרם,false,,6.90,0.0345,true,1,1395623
7290008989473,false,ממרח חרובים בטעם שוקולד בטר אנד דיפרנט 350 גרם,"בטר אנד דיפרנט בע""מ",IL,ממרח חרובים בטעם שוקולד 3,גרמים,350.00,100 גרם,false,,12.90,0.0369,true,1,1395625
7290008989749,false,פריכיות קינואה +אורז מלא בטר אנד דיפרנט 196 גרם,בטר אנד דיפרנט,,פירכיות קינואה 200 ג,גרמים,200.00,100 גרם,false,,10.90,0.0545,true,1,1395634
7290008989848,false,ממרח חמאת בוטנים קרנצי בטר אנד דיפרנט 350 גרם,בטר אנד דיפרנט B&D,IL,חמאת בוטנים קרנצ'ית 350 ג,גרמים,350.00,100 גרם,false,,12.90,0.0369,true,1,1395635
7290010023141,false,תה לימונענע הגן הקסום ויסוצקי 25 יחידות,תה ויסוצקי (ישראל) בעמ,IL,חליטת לימונענע,גרמים,55.00,100 גרם,false,,16.90,0.3073,true,1,1386804
7290010045006,false,עוגיות חמאה פריכות לחמי (200 גרם),קונדטוריות לחמי,IL,עוגיות חמאה פריכות,גרמים,200.00,100 גרם,false,,18.90,0.0945,true,1,1386810
7290010045013,false,עוגיות חמאה צרפתיות לחמי (200 גרם),קונדטוריות לחמי,IL,עוגיות חמאה צרפתיות,גרמים,200.00,100 גרם,false,,18.90,0.0945,true,1,1386811
7290010045051,false,עוגיות מלבן שקדים לחמי (200 גרם),קונדטוריות לחמי,IL,עוגיות מלבן שקדים,גרמים,200.00,100 גרם,false,,18.90,0.0945,true,1,1386813
7290010049004,false,מרמולייט תרכיז ענבים דיאט 1 ליטר,מרמולייט,IL,מרמולייט סירופ בטעם ענבים,ליטרים,1.00,ליטר,false,,19.90,19.9000,true,1,1401058
7290010049028,false,מרמולייט תרכיז פטל דיאט 1 ליטר,מרמולייט,IL,מרמולייט סירופ בטעם פטל 1,ליטרים,1.00,ליטר,false,,19.90,19.9000,true,1,1401060
7290010065059,false,מחית פירות מעורבים ג'וניור פרינוק 190 גרם,פרוטה פודווין איי.אס,CZ,ג'וניור פירות מעור.190 ג',גרמים,190.00,100 גרם,false,,5.90,0.0311,true,1,1353290
7290010065271,false,פרינוק - מחית תפוחי עץ 130 גרם,גורי מוצרי צריכה 1991 בעמ,CZ,מחית תפ'ע 130 גר' ירוק,גרמים,130.00,100 גרם,false,,4.90,0.0377,true,1,1353300
7290010065318,false,מחית תפוח עץ ג'וניור פרינוק 190 גרם,גורי מוצרי צריכה 1991 בעמ,CZ,ג'וניור תפ'ע 190 ג' אדום,גרמים,190.00,100 גרם,false,,5.90,0.0311,true,1,1353304
7290010065332,false,מחית תפוח עץ בננה ג'וניור פרינוק 190 גרם,גורי מוצרי צריכה (1991) בעמ,CZ,ג'וניור תפ'ע בננה 190 ג',גרמים,190.00,100 גרם,false,,5.90,0.0311,true,1,1353306
7290010065745,false,מחית לפתן פירות ג'וניור פרינוק 190 גרם,גורי מוצרי צריכה (1991) בעמ,CZ,ג'וניור לפתן פירות 190 ג',גרמים,190.00,100 גרם,false,,5.90,0.0311,true,1,1353314
7290010116980,false,שוקולית אבקה להכנת משקה שוקו שקית 850,הנסיך- מפעל לייצור ט,IL,שוקולית 850 גרם 6 יח,גרמים,850.00,100 גרם,false,,18.90,0.0222,true,1,1390208
7290010117864,false,דוריטוס חטיף תירס בטעם חריף אש עלית 70 גרם,"שטראוס פריטו ליי בע""\מ )",IL,דוריטוס חריף אש 70 גרם,גרמים,70.00,100 גרם,false,,3.50,0.0500,true,1,1390885
7290010117970,false,סבבה בוטנים קלויים מצופים - אריזה אישית,"שטראוס פריטו ליי בע""מ",,בוטנים סבבה עלית טבע,גרמים,50.00,100 גרם,false,,2.00,0.0400,true,1,1390886
7290010118328,false,חטיף צ`יפס בטעם טבעי תפוצ`יפס (40x6 גרם),"שטראוס פריטו ליי בע""מ",IL,מארז תפוציפס 240*6ג/1מארז,גרמים,240.00,100 גרם,false,,12.90,0.0538,true,1,1390888
7290010119240,false,מארז תפוצ'יפס טבעי 216 גרם 12 יחידות,"שטראוס פריטו ליי בע""\מ )",IL,מארז תפוציפס1 /12*18מארז/,גרמים,216.00,100 גרם,false,,16.90,0.0782,true,1,1390889
7290010153473,false,לדר אננס 100 גר`מיה,מיה תעשיות מזון מ.ת.מ. בעמ,IL,לדר אננס 100גרם,גרמים,100.00,100 גרם,false,,5.90,0.0590,true,1,1381196
7290010153534,false,קמח תירס מיה 400 גרם,מיה תעשיות מזון מ.ת.מ. בעמ,IL,קמח תירס 400גרם,גרמים,400.00,100 גרם,false,,3.90,0.0097,true,1,1381198
7290010153541,false,שיבולת שועל קוואקר מהיר הכנה מיה 500 גר',מיה תעשיות מזון מ.ת.מ בעמ,IL,קווקר מהיר הכנה 500גרם,גרמים,500.00,100 גרם,false,,6.90,0.0138,true,1,1381199
7290010153725,false,קונפיטורה דובדבן מיה 340 גרם,מיה תעשיות מזון מ.ת.מ בעמ,IL,קונפיטורה דובדבן 340גרם,גרמים,340.00,100 גרם,false,,12.90,0.0379,true,1,1381201
7290010153787,false,ציפוי לשניצל עם שומשום 500 גר`מיה,מיה תעשיות מזון מ.ת.מ. בעמ,IL,ציפוי לשניצל עם שום 500גר,גרמים,500.00,100 גרם,false,,9.90,0.0198,true,1,1381206
7290010153794,false,ציפוי לשניצל עם עשבי תיבול מיה 500 גרם,מיה תעשיות מזון מ.ת.מ. בעמ,IL,ציפוי לשניצל עם עשבי תיבו,גרמים,500.00,100 גרם,false,,9.90,0.0198,true,1,1381207
7290010153800,false,ציפוי לשניצל עם תיבול עדין מיה (500 גרם),מיה תעשיות מזון מ.ת.מ. בעמ,IL,ציפוי לשניצל עם תיבול עדי,גרמים,500.00,100 גרם,false,,9.90,0.0198,true,1,1381208
7290010153817,false,ריבת חלב אמיתי מיה 400 גרם,מיה תעשיות מזון מ.ת.מ. בעמ,IL,ריבת חלב בד''ץ,גרמים,400.00,100 גרם,false,,10.90,0.0273,true,1,1381209
7290010153855,false,פפריקה מרוקאית בשמן 300 גרם צנצנת,מיה תעשיות מזון מ.ת.מ בעמ,IL,פפריקה מרוקאית בשמן 300גר,גרמים,300.00,100 גרם,false,,19.90,0.0663,true,1,1381212
7290010153879,false,ריבת חלב מרוכזת בטעם שמנת מיה 400 גר',מיה תעשיות מזון מ.ת.מ. בעמ,IL,ריבת חלב בטעם שמנת 400גרם,גרמים,400.00,100 גרם,false,,10.90,0.0273,true,1,1381214
7290010153978,false,קונפיטורה שזיפים מיה 340 גרם,מיה תעשיות מזון מ.ת.מ בעמ,IL,קונפיטורה שזיפים 340גרם,גרמים,340.00,100 גרם,false,,12.90,0.0379,true,1,1381216
7290010175291,false,קקאו הולנדי לאפייה ולהכנת משקה,טעמן שיווק מזון בעמ,,קקאו הולנדי 500 גרם,גרמים,500.00,100 גרם,false,,19.90,0.0398,true,1,1380420
7290010175819,false,חמאת בוטנים קלאסית טעמן 510 גרם,טעמן שווק מזון בעמ,,חמאת בוטנים,גרמים,510.00,100 גרם,false,,9.90,0.0194,true,1,1380426
7290010175826,false,חמאת בוטנים עם שברי בוטנים טעמן 510 גרם,טעמן שווק מזון בעמ,,חמאת בוטנים עם שברי,גרמים,510.00,100 גרם,false,,9.90,0.0194,true,1,1380427
7290010175840,false,לבבות דקל שלמים טעים 400 גרם,טעמן שיווק מזון בעמ,,לבבות דקל שלם 400 גר,גרמים,400.00,100 גרם,false,,10.90,0.0273,true,1,1380429
7290010175857,false,פרוסות לבבות דקל במי מלח טעים 400 גרם,טעמן שיווק מזון בעמ,,פרוסות לבבות דקל 400,גרמים,400.00,100 גרם,false,,9.90,0.0248,true,1,1380430
7290010182985,false,חלאבלין דאודורנט סטיק 72 שעות כחול,חלאבין,,דאודורנט סטיק כחול,מיליליטרים,50.00,"100 מ""ל",false,,24.90,0.4980,true,1,1782795
7290010182992,false,חלאבלין דאודורנט סטיק 72 שעות אדום,חלאבין,,דאודורנט סטיק אדום,מיליליטרים,50.00,"100 מ""ל",false,,24.90,0.4980,true,1,1782796
7290010195268,false,פופקורן פופסטאר חמישייה מופחת שומן טבעי,דנשר (1963) בעמ,US,פופסטאר מופחת שומן טבעי 5,גרמים,500.00,100 גרם,false,,12.90,0.0258,true,1,1401072
7290010195275,false,פופ סטאר גרעיני תירס להכנת פופקורן במיקרוגל בטעם חמאה מופחת שומן 425 גרם,דנשר (1963) בעמ,US,פופסטאר מופחת שומן חמאה 5,גרמים,500.00,100 גרם,false,,12.90,0.0258,true,1,1401073
7290010199891,false,"סטייל - סבון ידיים אדום 500 מ""ל משאבה - מרכז",דולפין ספא,TR,סבון ידיים תה ירוק,מיליליטרים,500.00,"100 מ""ל",false,,8.90,0.0178,true,1,1393895
7290010237548,false,"פפסי מקס דל קלוריות 500 מ""ל בקבוק",טמפו משקאות בע`מ,,"פפסי מקס 500 מ""ל",מיליליטרים,500.00,"100 מ""ל",false,,4.50,0.0090,true,1,1370670
7290010237562,false,משקה מוגז בטעם תפוזים מירנדה (500 מל),טמפו משקאות בע`מ,,"משקה מירנדה 500 מ""ל",מיליליטרים,500.00,"100 מ""ל",false,,4.50,0.0090,true,1,1370671
7290010237685,false,"הייניקן בירה צואר ארוך 330מ""ל",טמפו משקאות בע''מ,,"הייניקן בקבוק 330 מ""",מיליליטרים,330.00,"100 מ""ל",false,,9.90,0.0300,true,1,1370676
7290010237777,false,"בירה שנדי, בירה בטעם לימון ליים, בקבוק 330 מ""ל",פארייפאבה אגרואינדוס,,בירה שנדי לימון ליים,מיליליטרים,330.00,"100 מ""ל",false,,5.90,0.0179,true,1,1370680
7290010237784,false,בירה שנדי בתוספת משקה לימון ליים - שישייה,"טמפו משקאות בע""\מ",,שישיית בירה שנדי לימ,ליטרים,1.98,ליטר,false,,29.90,15.1010,true,1,1370681
7290010259311,false,מי קוקוס 400 גרם]וויליפו,ג.וילי פוד אינטרנשיונל בעמ,,קרם קוקוס 400 גרם,גרמים,400.00,100 גרם,false,,7.90,0.0198,true,1,1942140
7290010259359,false,וילי פוד נודלס אטר.ביצים להקפצה בדץ 200ג,ג.וילי פוד אינטרנשיונל בעמ,CN,אטריות להקפצה נודלס 200גר,גרמים,200.00,100 גרם,false,,4.90,0.0245,true,1,1352944
7290010259366,false,וילי פוד נודלס אטר.ביצים מסולסל בדץ 200ג,ג. וילי-פוד אינטרנשיונל בע`מ,CN,אטריות להקפצה מסולסלות נו,גרמים,200.00,100 גרם,false,,4.90,0.0245,true,1,1352945
7290010259830,false,מנת השף נודלס בסגנון סיני פיקנטי וילי פוד 70 גרם,ג. וילי-פוד אינטרנשיונל בע`מ,TH,מנת השף מרק עם נודלס בסגנ,גרמים,70.00,100 גרם,false,,4.90,0.0700,true,1,1352947
7290010259847,false,מנת השף מרק עם נודלס בטעם תירס ויליפוד 70 גרם,ג. וילי-פוד אינטרנשיונל בע`מ,TH,מנת השף- מרק עם נודלס בטע,גרמים,70.00,100 גרם,false,,4.90,0.0700,true,1,1352948
7290010259854,false,מנת השף מרק עם נודלס בטעם פטריות ויליפוד 70 גרם,ג. וילי-פוד אינטרנשיונל בע`מ,TH,מנת השף - מרק עם נודלס בט,גרמים,70.00,100 גרם,false,,4.90,0.0700,true,1,1352949
7290010259861,false,מנת השף מרק עם נודלס בטעם ירקות ויליפוד 70 גרם,ג. וילי-פוד אינטרנשיונל בע`מ,TH,מנת השף -מרק עם נודלס בטע,גרמים,70.00,100 גרם,false,,4.90,0.0700,true,1,1352950
7290010259977,false,שמן קנולה מזוכך ויליפוד 1 ליטר,ג.וילי-פוד אינטרנשיונל ***שמן,,שמן קנולה מזוכך 1 לי,ליטרים,1.00,ליטר,false,,9.90,9.9000,true,1,2325420
7290010300471,false,חוט דנטלי ושעווה מנטה קלין 50 מטר,,,חוט דנטלי עם שעווה 5,מטרים,50.00,מטר,false,,8.90,0.1780,true,1,1376539
7290010300488,false,קיסמים וחוט דנטלי דנטה קלין 40 יח',,,קיסם+חוטדנטלי 40 יח,יח',40.00,יח',false,,8.90,0.2225,true,1,1376540
7290010300594,false,אבקת ג'לטין מדגים כש,נאמן לאורך זמן בעמ,,גלטין טהור קופסא,גרמים,24.00,100 גרם,false,,11.90,0.4958,true,1,1376542
7290010300860,false,אציטון נאמן לאורך זמ,נאמן לאורך זמן בעמ,,"אציטון 100 מ""ל",מיליליטרים,100.00,"100 מ""ל",false,,4.90,0.0490,true,1,2149724
7290010328178,false,חלבה מסולסלת שערות אחוה 250 ג',אחדות ביתחרושת לטחינה חלבה,IL,חלוה מסולסלת 250 גרם,גרמים,250.00,100 גרם,false,,9.90,0.0396,true,1,2234563
7290010328345,false,חלווה בקופסה אחוה 50 גרם,אחדות ביחר לטחינה חל,,חלוה בטעם וניל 50 ג,גרמים,50.00,100 גרם,false,,1.90,0.0380,true,1,2230596
7290010328451,false,אחווה חלווה עם פולי קקאו 400 גר,אחדות ביתחרושת לטחינה חלבה,IL,חלוה עם פולי קקאו 400 גרם,גרמים,400.00,100 גרם,false,,12.90,0.0323,true,1,1350722
7290010328680,false,עוגה בטעם שוקולד עם שוקוצ'יפס מריר ולבן 450 גרם,אחדות ביחר לטחינה חל,IL,עוגה בטעם שוקולד עם שוקוצ,גרמים,450.00,100 גרם,false,,8.90,0.0198,true,1,1350731
7290010328727,false,ממרח טחינה עם שוקולד אחווה 400 גרם,אחדות ביחר לטחינה חל,,ממרח טחינה עם שוקולד,גרמים,400.00,100 גרם,false,,10.90,0.0273,true,1,2234841
7290010328765,false,חלבה חטיף שוקו וניל וחלבה אחווה 50 גרם,אחדות ביחר לטחינה חל,,חלוה בטעם שוקו וניל,גרמים,50.00,100 גרם,false,,1.90,0.0380,true,1,2230597
7290010328819,false,"ממרח טחינה עם שוקולד לל""ס 400 ג' אחדות!.",אחדות ביחר לטחינה חל,,ממרח שומשום בטעם שוק,גרמים,400.00,100 גרם,false,,10.90,0.0273,true,1,1489840
7290010329854,false,מיני קוקיס עוגיות בטעם חמאה ללא סוכר כרמית 600 גרם,כרמית תעשיות ממתקים בעמ,,עוגיות מיני קוקיס בט,גרמים,600.00,100 גרם,false,,18.90,0.0315,true,1,1426443
7290010329977,false,מטבעות שוקולד מריר 42 ג' כרמית,כרמית תעשיות ממתקים,IL,כרמית מטבעות מריר 48ג',גרמים,48.00,100 גרם,false,,3.90,0.0812,true,1,1386316
7290010382811,false,"לחות קלילה לשיער מתולתל נטורל פורמולה, 400 מ""ל",החברה הדרומית לשיווק בעמ,,קרם לחות קלילה לשיער,מיליליטרים,300.00,"100 מ""ל",false,,24.90,0.0830,true,1,1366355
7290010382842,false,"קרם נטורל פורמולה קרם לחות קלילה לשיער רגיל, 400 מ""ל קלילה רגיל",החברה הדרומית לשיווק בעמ,IL,קרם לחות קליל-רגיל 400מל,מיליליטרים,300.00,"100 מ""ל",false,,24.90,0.0830,true,1,1366358
7290010429554,false,"שמן זית כתית מעולה יד מרדכי 2 קלאסי, 750 מ""ל",מכוורת יד מרדכי שטראוס ב,IL,"שמן זית 2 קלאסי 750 מ""ל",מיליליטרים,750.00,"100 מ""ל",false,,33.90,0.0452,true,1,1390215
7290010471669,false,יוגורט תות עם קורנפלקס מצופה שוקולד ללא גלוטן 3.9%,שטראוס גרופ בעמ/מצונן,IL,בר תות קורנפלקס בודד- מקט,גרמים,175.00,100 גרם,false,,4.50,0.0257,true,1,1389465
7290010472307,false,"שמיניית משקה גמדים תות בננה דיסני 108 מ""ל",שטראוס גרופ בעמ/מצונן,IL,8 גמדים לשתייה תות בננה,גרמים,864.00,100 גרם,false,,18.90,0.0219,true,1,1389469
7290010472390,false,מארז 8 יחידות מעדן דני בטעם שוקולד 1.5%,שטראוס גרופ בעמ/מצונן,IL,מארז 8 דני שוקולד,גרמים,1000.00,100 גרם,false,,15.90,0.0159,true,1,1389470
7290010535767,false,כובע רחצה עבה משי,מיה טריידינג,CN,כובע רחצה ממשי / ענק,יחידה,0.00,יחידה,false,,5.90,0.0000,true,1,1352739
7290010561360,false,ברילי באגט EXTRA קמח טף 360 גרם,ברילי Barili,,ברילי באגט EXTRA קמח,גרמים,360.00,100 גרם,false,,17.90,0.0497,true,1,2277641
7290010561445,false,עוגיות שוקוצ'יפס 180 גרם,י.איטליאנו אחזקות בעמ,,ברילי פיתות,גרמים,420.00,100 גרם,false,,19.90,0.0474,true,1,2277645
7290010561452,false,ברילי מאפה ביס EXTRA ויטמינים ומינרלים 360 ג',קרלו,,ברילי מאפה ביס EXTRA,גרמים,360.00,100 גרם,false,,17.90,0.0497,true,1,2277646
7290010561964,false,"ג'בטה קמח טף ""ברילי"" 380 גרם ללא גלוטן",אשבל מזון פונקציונלי,,ברילי ג'בטה EXTRA קמ,גרמים,380.00,100 גרם,false,,19.90,0.0524,true,1,2277647
7290010609727,false,פופס קידס משקה להקפאה בטעם פירות 70יח,דודו הדיל בעמ,,פופס קידס-שלוקים מאר,מיליליטרים,2240.00,"100 מ""ל",false,,13.90,0.0062,true,1,1382566
7290010609734,false,אייס לי משקה להקפאה בטעמי פירות - מארז 8 יח',דודו הדיל בעמ,,אייס לי שלוקים 8 יח',מיליליטרים,800.00,"100 מ""ל",false,,4.90,0.0061,true,1,1695643
7290010609864,false,טרופיX משקה בטעם ענבים- מארז 40 יח',דודו הדיל,,טרופיקס משקה ענבים,ליטרים,8.00,ליטר,false,,34.90,4.3625,true,1,1695630
7290010613823,false,נוזל לניקוי כלים 1.6,,,נוזל לניקוי כלים 1.6,ליטרים,1.60,ליטר,false,,14.90,9.3125,true,1,2316715
7290010613892,false,תרסיס לניקוי כללי בתוספת חומץ בריח פריחה סגולה,פרפקט Perfect,,תרסיס לניקוי כללי בת,ליטרים,1.00,ליטר,false,,12.90,12.9000,true,1,2298166
7290010613939,false,תרסיס לניקוי כללי בתוספת אבקת סודה,פרפקט Perfect,,תרסיס לניקוי כללי בת,ליטרים,1.00,ליטר,false,,12.90,12.9000,true,1,2298153
7290010627004,false,טחינה גולמית מסורתית ירושלים 500 ג',תה ויסוצקי (ישראל) בעמ,,טחינה גולמית ירושלים,גרמים,500.00,100 גרם,false,,12.90,0.0258,true,1,1475700
7290010627844,false,טחינה גולמית שומשום מלא ירושלים 500גרם,תה ויסוצקי (ישראל) בעמ,,טחינה גולמית ירושלים,גרמים,500.00,100 גרם,false,,12.90,0.0258,true,1,1475701
7290010632107,false,מוצץ סילקון זוג קצר,,,זוג מוצצים קצר,יחידה,0.00,יחידה,false,,15.90,0.0000,true,1,1368782
7290010632787,false,צימרוני אוזניים מעץ אינטרסן) (300,הדקלאים אגודת שיתופי,,צימרוני אוזנים מעץ 3,יח',300.00,יח',false,,3.50,0.0117,true,1,1368828
7290010650002,false,פטריות יער טריות -יחידה,ביכורי שדה דרום 2002,,פטריות ירדן,גרמים,170.00,100 גרם,false,,9.90,0.0582,true,1,1396229
7290010650019,false,אנדיב בלגי אמיתי חוות תקוע,חוות פטריות תקוע בעמ*קונסיגנצי,,אנדיב בלגי,יחידה,0.00,יחידה,false,,11.90,0.0000,true,1,1396230
7290010650033,false,בצלצלי שלוט מגשית 350 גר,ביכורי השדה צפון 1994 ג.ד. בעמ,,בצלצלי שאלוט,יחידה,0.00,יחידה,false,,12.90,0.0000,true,1,1396232
7290010650040,false,פטריות שיטאקי חוות תקוע,ביכורי שדה דרום 2002,,פטריות שי-טאקה,גרמים,100.00,100 גרם,false,,8.90,0.0890,true,1,1396233
7290010650255,false,לקט פטריות למרק חוות תקוע 25 גרם,חוות פטריות תקוע,,לקט פטריות למרק,קילוגרמים,1.00,"ק""ג",false,,14.90,14.9000,true,1,1369182
7290010650279,false,לקט פטריות מיובשות לפסטה,ביכורי השדה צפון 1994 ג.ד. בעמ,,לקט פטריות לפסטה,יח',1.00,יח',false,,14.90,14.9000,true,1,1396241
7290010650354,false,שורש כורכום טרי חוות תקוע 120 גרם,ביכורי השדה צפון 1994 ג.ד. בעמ,,שורש כורכום טרי,גרמים,120.00,100 גרם,false,,11.90,0.0992,true,1,1396242
7290010650408,false,בצלצלי פנינה תקוע יח,ביכורי השדה צפון 1994 ג.ד. בעמ,,בצלצלי פנינה,גרמים,400.00,100 גרם,false,,9.90,0.0248,true,1,1961563
7290010650415,false,עגבניות מיובשות 200 גרם תקוע,ביכורי השדה צפון 1994 ג.ד. בעמ,,עגבניות לחות 200 גרם,גרמים,200.00,100 גרם,false,,11.90,0.0595,true,1,1396243
7290010650538,false,תירס סופר מתוק חוות תקוע,,,תירס ארוז,גרמים,600.00,100 גרם,false,,19.90,0.0332,true,1,1396247
7290010650576,false,פטריות שנוקי טרי ארו,חוות פטריות תקוע,,פטריות שינוקי,יחידה,0.00,יחידה,false,,9.90,0.0000,true,1,1396250
7290010650828,false,פטריות שימג'י חוות תקוע 150 גרם,ביכורי השדה צפון 1994 ג.ד. בעמ,,פטריות שי-מג'י לבן,גרמים,150.00,100 גרם,false,,9.90,0.0660,true,1,2031244
7290010650996,false,"פטריות שי מג'י חומות, 150 גרם חוות תקוע",ביכורי השדה צפון 1994 ג.ד. בעמ,,פטריות שי-מג'י חום,גרמים,150.00,100 גרם,false,,9.90,0.0660,true,1,2305355
7290010748525,false,"סרקל פורטה מרכך לילדים 750 מ""ל","פישר תעשיות פרמבצטיות בע""מ",IL,סרקל פורטה מרכך 750 גרם,מיליליטרים,750.00,"100 מ""ל",false,,24.90,0.0332,true,1,1399595
7290010748860,false,"ד""ר פישר - אפקטיב קר קרם ידיים אינטנסיב 150 מ""ל","פישר תעשיות פרמבצטיות בע""מ",IL,אפקטיב קר קרם ידיים אינטנ,מיליליטרים,150.00,"100 מ""ל",false,,11.90,0.0793,true,1,1399597
7290010748877,false,"אפקטיב קר קרם גוף סנסטיב לעור רגיש ח 700 מ""ל",פישר תעשיות פרמצבטיות בעמ,IL,אפקטיב קר קרם גוף סנסיטיב,מיליליטרים,700.00,"100 מ""ל",false,,32.90,0.0470,true,1,1399598
7290010748884,false,אפקטיב קר קרם גוף אינטנסיב לעור יבש במיוחד ח 700,"פישר תעשיות פרמבצטיות בע""מ",IL,אפקטיב קר קרם גוף אינטנסי,מיליליטרים,700.00,"100 מ""ל",false,,32.90,0.0470,true,1,1399599
7290010748891,false,אפקטיב קר קרם גוף מולטי ויטמין לעור רגיל יבש ח 7,פישר תעשיות פרמצבטיות בעמ,IL,אפקטיב קר קרם גוף מולטי ו,מיליליטרים,700.00,"100 מ""ל",false,,32.90,0.0470,true,1,1399600
7290010757893,false,"בורקס תפו""א ללא גלוטן פרווה - מוקפא",מאפיית ישראל חיפה,,בורקס תפוא ללא גלוטן,גרמים,500.00,100 גרם,false,,19.90,0.0398,true,1,2333614
7290010757909,false,בורקס גבינה ללא גלוטן אריאל 500 גרם,מאפיית ישראל חיפה,,בורקס גבינה ללא גלוט,גרמים,500.00,100 גרם,false,,19.90,0.0398,true,1,2333615
7290010760947,false,עוגיות שקד בדליים מאפיית אריאל 600 גרם,,,עוגיות בדלי בטעמים ש,גרמים,600.00,100 גרם,false,,15.90,0.0265,true,1,1388208
7290010766307,false,רוטב לפסטה בולונז אוליביה 420 ג' אסם,תה ויסוצקי (ישראל) בעמ,IL,רוטב לפסטה בולונז,גרמים,420.00,100 גרם,false,,12.90,0.0307,true,1,1353323
7290010766697,false,אוליביה רוטב שקשוקה אוליביה (415 גרם),תה ויסוצקי (ישראל) בעמ,IL,רוטב שקשוקה,גרמים,415.00,100 גרם,false,,12.90,0.0311,true,1,1353324
7290010766949,false,ממרח תחתיות ארטישוק 180ג' אוליביה,תה ויסוצקי (ישראל)בעמ,IL,ממרח ארטישוק,גרמים,180.00,100 גרם,false,,12.90,0.0717,true,1,1353327
7290010766956,false,ממרח פלפלים מתוקים אדומים אוליביה 180 גרם,תה ויסוצקי (ישראל)בעמ,IL,ממרח פלפלים מתוקים אדומים,גרמים,190.00,100 גרם,false,,12.90,0.0679,true,1,1353328
7290010814244,false,שלשות שוקולד מריר 85 גרם*3 בלמינט *18 בקרטון,כרמית תעשיות ממתקים בעמ,IL,כרמית שוקולד מריר שלשות 1,גרמים,255.00,100 גרם,false,,11.90,0.0467,true,1,1386319
7290010814251,false,שלשות שוקולד חלב 85 גר*3 בלמינט*18 בקרט בדצ,כרמית תעשיות ממתקים בעמ,IL,כרמית שוקולד חלב שלשות 85,גרמים,255.00,100 גרם,false,,11.90,0.0467,true,1,1386320
7290010814268,false,שלשות שוקולד לבן 85 גר*3 בלמינט * 18 בקרטון,"כרמית תעשיות ממתקים בע""\",IL,כרמית שוקולד לבן שלשות 85,גרמים,255.00,100 גרם,false,,11.90,0.0467,true,1,1386321
7290010838219,false,ממתיק על בסיס צמח הסטיביה - שקיות,"קיפל טבליות וממתיקים בע""מ",IL,מר' סטיביה 100שקיות,יח',100.00,יח',false,,25.90,0.2590,true,1,1401076
7290010839865,false,רוטב רכז רימונים ויליפוד 320 ג',ג. וילי-פוד אינטרנשיונל בע`מ,,רוטב רימונים 320 גרם,גרמים,320.00,100 גרם,false,,9.90,0.0309,true,1,1352960
7290010849505,false,די לואיג`י רוסו דולצ`ה 750 מל למברוסקו,הכרם - משקאות חריפים בעמ,,יין למברוסקו מבעבע,מיליליטרים,750.00,"100 מ""ל",false,,29.90,0.0399,true,1,1380930
7290010849512,false,למברוסקו די לואיג`י קאוויקיולי (750 מל),הכרם - משקאות חריפים בעמ,,יין למברוסקו מבעבע,מיליליטרים,750.00,"100 מ""ל",false,,29.90,0.0399,true,1,1380931
7290010849529,false,די לואיג`י ביאנקו 750 מל למברוסקו,הכרם - משקאות חריפים בעמ,,יין למברוסקו מבעבע,מיליליטרים,750.00,"100 מ""ל",false,,29.90,0.0399,true,1,1380932
7290010849789,false,יין מבעבע קאווה די מארמו Cave Di Marmo,קאויקיולי,,משקה מבוסס יין קאווה,מיליליטרים,750.00,"100 מ""ל",false,,29.90,0.0399,true,1,1380943
7290010883042,false,"סנובון נוזלי אפקט קצף פעיל רענן תות 750 מ""ל",החברה הדרומית לשיווק בעמ,IL,סנובון נוזלי רענן 750 מל,מיליליטרים,750.00,"100 מ""ל",false,,9.90,0.0132,true,1,1366359
7290010883356,false,כפפות אלוורה רב שימושיות גדולות L סנו סושי,החברה הדרומית לשיווק בעמ,CN,XL סנו סושי כפפות אלוורה,יח',1.00,יח',false,,9.90,9.9000,true,1,1366361
7290010883363,false,כפפות אלוורה רב שימושיות קטנות S סנו סושי,החברה הדרומית לשיווק בעמ,CN,S סנו סושי כפפות אלוורה,יח',1.00,יח',false,,9.90,9.9000,true,1,1366362
7290010883370,false,כפפות אלוורה רב שימושיות בינוניות M סנו סושי,החברה הדרומית לשיווק בעמ,CN,M סנו סושי כפפות אלוורה,יח',1.00,יח',false,,9.90,9.9000,true,1,1366363
7290010931330,false,סלט מטבוחה אחלה 500 גרם,שטראוס גרופ בעמ/מצונן,IL,מטבוחה 500,גרמים,500.00,100 גרם,false,,13.90,0.0278,true,1,1389473
7290010944910,false,מעמד סבוניה וואקום,,,מעמד סבוניה וואקום,יחידה,0.00,יחידה,false,,14.90,0.0000,true,1,2303933
7290010945146,false,קוטג' 3% מועשר בסידן טרה 250 ג' מהדרין,*החברה המרכזית להפצת משקאותבעמ,IL,קוטג' 3% 250 גרם- נעמ,גרמים,250.00,100 גרם,false,,5.40,0.0216,true,1,1375374
7290010945306,false,חלב טרה קרטון 2 ליטר מהדרין*%*3,החברה המרכזית טלהפצת משקאות בע,IL,חלב בקרטון 2 ליטר 3% חרדי,ליטרים,2.00,ליטר,false,,12.40,6.2000,true,1,1375375
7290010945450,false,גבינה לבנה 3% 250 גר מועשר בסידן וויטמין,*החברה המרכזית להפצת משקאותבעמ,IL,גבינה לבנה 250 גרם 3% מהד,גרמים,250.00,100 גרם,false,,4.95,0.0198,true,1,1375376
7290010945481,false,גבינה לבנה טרה 5% מרכיבים טבעיים,החברה המרכזית טלהפצת משקאות בע,IL,גבינה לבנה 500 גרם 5%,גרמים,500.00,100 גרם,false,,9.90,0.0198,true,1,1375377
7290010970063,false,שמן שומשום כבישה קרה 500 מיל,טעמים,IL,שמן שומשום 500 מל,מיליליטרים,500.00,"100 מ""ל",false,,39.90,0.0798,true,1,1400314
7290010970100,false,שמן שומשום כבישה קרה 250 מיל טעמים,"ג.מ טעם הארץ בע""\ם",IL,שמן שומשום 250 מל,מיליליטרים,250.00,"100 מ""ל",false,,24.90,0.0996,true,1,1400315
7290010970216,false,"חומץ בלסמי 500 מ""ל ""טעמים""",טעמים,IL,חומץ בלסמי  500 מל,מיליליטרים,500.00,"100 מ""ל",false,,19.90,0.0398,true,1,1400316
7290010970223,false,חומץ יין אדום מונטני,"ג.מ טעם הארץ בע""\ם",IL,חומץ יין אדום  500 מל,מיליליטרים,500.00,"100 מ""ל",false,,10.90,0.0218,true,1,1400317
7290010970230,false,חומץ יין פירות הדר 500מל,ג.מ.טעם הארץ,IL,"חומץ פירות הדר 500 מ""ל",מיליליטרים,500.00,"100 מ""ל",false,,10.90,0.0218,true,1,1400318
7290010970254,false,חומץ בן יין לבן מונט,"ג.מ טעם הארץ בע""\ם",IL,חומץ יין לבן   500 מל,מיליליטרים,500.00,"100 מ""ל",false,,10.90,0.0218,true,1,1400319
7290010970261,false,"חומץ תפוחי עץ 500 מ""ל ""טעמים""","ג.מ טעם הארץ בע""\ם",IL,חומץ תפוחי עץ 500 מל,מיליליטרים,500.00,"100 מ""ל",false,,10.90,0.0218,true,1,1400320
7290010970278,false,חומץ פירות יער אדומים500,ג.מ.טעם הארץ,IL,חומץ פירות יער אדומים 500,מיליליטרים,500.00,"100 מ""ל",false,,10.90,0.0218,true,1,1400321
7290010970407,false,"חומץ תפוחים בלסמי 500מ""ל","ג.מ טעם הארץ בע""\ם",,חומץ תפוחים בלסמי 50,מיליליטרים,500.00,"100 מ""ל",false,,19.90,0.0398,true,1,2292397
7290010970537,false,שמן קנולה בתרסיס 200 גרם טעמים,"ג.מ טעם הארץ בע""\ם",IL,שמן קנולה בתרסיס  200 גרם,גרמים,200.00,100 גרם,false,,19.90,0.0995,true,1,1400329
7290010970544,false,"שמן אבוקדו טעמים 500 מ""ל",טעמים,IL,שמן זית כתית מעולה 750 מל,מיליליטרים,500.00,"100 מ""ל",false,,39.90,0.0798,true,1,1400330
7290010970551,false,שמן אבוקדו מעודן 250 מ`ל טעמים,"ג.מ טעם הארץ בע""\ם",IL,שמן זית כתית מעולה 750 מל,מיליליטרים,250.00,"100 מ""ל",false,,24.90,0.0996,true,1,1400331
7290010970575,false,שמן בוטנים כבישה קרה 250 מ`ל טעמים,"ג.מ טעם הארץ בע""\ם",IL,שמן זית כתית מעולה 750 מל,מיליליטרים,250.00,"100 מ""ל",false,,24.90,0.0996,true,1,1400333
7290011015862,false,סירופ דיאט 750 מל בטעם לימונענע פריגת,החברה המרכזית להפצת משקאות בעמ,IL,סירופ ד.לנענע 750,מיליליטרים,750.00,"100 מ""ל",false,,22.90,0.0305,true,1,1382154
7290011015985,false,"סירופ בטעם דיאט אננס 750 מ""ל פריגת",החברה המרכזית להפצת משקאות בעמ,IL,סירופ דיאט אננס 750,מיליליטרים,750.00,"100 מ""ל",false,,22.90,0.0305,true,1,1382155
7290011017866,false,פחית קולה סליק קוקה-קולה (330 מל),החברה המרכזית להפצת משקאות בעמ,IL,"סליק קוקה-קולה 330 מ""ל",מיליליטרים,330.00,"100 מ""ל",false,,5.40,0.0164,true,1,1382165
7290011017873,false,פחית זירו סליק קוקה-קולה (330 מל),החברה המרכזית להפצת משקאות בעמ,IL,"סליק קולה זירו 330 מ""ל",מיליליטרים,330.00,"100 מ""ל",false,,5.40,0.0164,true,1,1382166
7290011017880,false,פחית דיאט קולה סליק קוקה-קולה (330 מל),החברה המרכזית להפצת משקאות בעמ,IL,"סליק ד.קוקה-קולה 330 מ""ל",מיליליטרים,330.00,"100 מ""ל",false,,5.40,0.0164,true,1,1382167
7290011018184,false,תה קר בטעם אפרסק פיוז-טי (500 מל),החברה המרכזית להפצת משקאות בעמ,IL,FUZE tea אפרסק 0.5 ליטר,מיליליטרים,500.00,"100 מ""ל",false,,6.90,0.0138,true,1,1382170
7290011018368,false,ויינשטפן בירת חיטה לא מסוננת,החברה המרכזית להפצת משקאות בעמ,DE,ויינשטפן 6 בק 330 פקדון,מיליליטרים,1980.00,"100 מ""ל",false,,59.90,0.0303,true,1,1382181
7290011018832,false,"קוקה קולה פרידגפק סליק 330 מ""ל שישייה",החברה המרכזית להפצת משקאות בעמ,IL,"מארז ק""ק 6 פח FRIDGE-PACK",ליטרים,1.98,ליטר,false,,23.90,12.0707,true,1,1382188
7290011018917,false,ק.קולה זירו פרידגפק סליק 330 מל שישייה,החברה המרכזית להפצת משקאות בעמ,IL,מארז zero 6 פח FRIDGE-PAC,ליטרים,1.98,ליטר,false,,23.90,12.0707,true,1,1382191
7290011018924,false,"מארז פחיות דיאט קוקה קולה שישייה 330 מ""ל",החברה המרכזית להפצת משקאות בעמ,IL,"דק""ק מארז פח 6 FRIDGE-PAC",ליטרים,1.98,ליטר,false,,23.90,12.0707,true,1,1382192
7290011022334,false,ניילון נצמד עם,,,ניילון נצמד עם,מטרים,150.00,מטר,false,,14.90,0.0993,true,1,1506318
7290011026066,false,"ד""ר פישר - סרקל שמפו + מרכך לילדים 1 ליטר","פישר תעשיות פרמצבטיות בע""מ",IL,סרקל שמפו + מעצב ליטר,ליטרים,1.00,ליטר,false,,28.90,28.9000,true,1,1399601
7290011026301,false,"ד""ר פישר - שמפו לשיער כסוף 400 מ""ל",פישר תעשיות פרמבצטיות בעמ,,שמפו לשיער כסוף 400,מיליליטרים,400.00,"100 מ""ל",false,,29.90,0.0747,true,1,1399602
7290011026523,false,שמפו לתינוק לפני השינה Senstive עם לבנדר וקמומיל,"פישר תעשיות פרמצביטות בע""מ",IL,קמיל בלו סנסיטיב אל דמע ל,מיליליטרים,500.00,"100 מ""ל",false,,19.90,0.0398,true,1,1399604
7290011026530,false,ק.ב סנסטיב אל סבון לבנדר קמומיל לפני השינה 500 מ,"פישר תעשיות פרמצביטות בע""מ",IL,קמיל בלו סנסיטיב אל סבון,גרמים,500.00,100 גרם,false,,19.90,0.0398,true,1,1399605
7290011064099,false,ירקות או פרות ממולאים במעדן גבינה ניצן 125 גרם,גבינות אמיר ניצן בעמ,,טאפס שכונתי 125 גרם,גרמים,125.00,100 גרם,false,,19.90,0.1592,true,1,2214324
7290011091057,false,פפריקה מתוקה 500 ג פרג,תבליני הדור השלישי,,פפריקה מתוקה,גרמים,500.00,100 גרם,false,,29.90,0.0598,true,1,2363327
7290011091088,false,כורכום פרג 500 גרם,תבליני הדור השלישי,,כרכום גדול,גרמים,500.00,100 גרם,false,,29.90,0.0598,true,1,2363313
7290011091095,false,חוואיג למרק פרג 500,תבליני הדור השלישי,,חוויג מרק 500 גרם,גרמים,500.00,100 גרם,false,,29.90,0.0598,true,1,2363314
7290011091118,false,גריל עוף פרג 500 גרם,תבליני הדור השלישי,,תבלין עוף בגריל,גרמים,500.00,100 גרם,false,,29.90,0.0598,true,1,1381632
7290011091125,false,תבלין לסטייק 120 גרם,תבליני הדור השלישי,,תבלין לסטייק 120 גרם,גרמים,120.00,100 גרם,false,,13.90,0.1158,true,1,1381633
7290011091132,false,תבלין קארי הודי 120גר,תבליני הדור השלישי,,קארי הודי 120 גרם,גרמים,120.00,100 גרם,false,,13.90,0.1158,true,1,2363269
7290011091149,false,קייטג'ון 150 גרם,תבליני הדור השלישי,,תבלין קייטגון,גרמים,150.00,100 גרם,false,,13.90,0.0927,true,1,1381635
7290011091170,false,פרג כוסברה ירוקה 40 גרם,תבליני הדור השלישי,,כוסברה 20 גרם,גרמים,20.00,100 גרם,false,,13.90,0.6950,true,1,1381637
7290011091200,false,פרג בזיליקום 40 גרם,תבליני הדור השלישי,,בזיליקום 40 גרם,גרמים,40.00,100 גרם,false,,13.90,0.3475,true,1,1381638
7290011091217,false,פרג תבלין שמיר 40ג,תבליני פרג,,שמיר 40 גרם,גרמים,40.00,100 גרם,false,,13.90,0.3475,true,1,1381639
7290011091224,false,פרג תבלין רוזמרין 40 גרם.,תבליני הדור השלישי,,תבלין רוזמרין,גרמים,60.00,100 גרם,false,,13.90,0.2317,true,1,1381640
7290011091231,false,עלי דפנה ופלפל אנגלי ק 40 גרם,תבליני הדור השלישי,,עלי דפנה 40 גרם,גרמים,40.00,100 גרם,false,,13.90,0.3475,true,1,1381641
7290011091248,false,פרג טימין 40ג,תבליני הדור השלישי,,טימין,גרמים,40.00,100 גרם,false,,13.90,0.3475,true,1,2363236
7290011091262,false,פרג תבלין אורגנו 40ג,תבליני הדור השלישי,,אורגנו 60 גרם,גרמים,60.00,100 גרם,false,,13.90,0.2317,true,1,2363225
7290011091323,false,זעתר בלאדי פרג 150 ג,תבליני הדור השלישי,,זעתר בלאדי,גרמים,120.00,100 גרם,false,,13.90,0.1158,true,1,1381644
7290011091347,false,תבלינים שונים]פרג[,תבליני הדור השלישי,,גריל עוף 120 גרם,גרמים,120.00,100 גרם,false,,13.90,0.1158,true,1,1381645
7290011091354,false,תבלין שווארמה ופרגיות 120 גרם,תבליני הדור השלישי,,תבלין לשווארמה,גרמים,120.00,100 גרם,false,,13.90,0.1158,true,1,1381646
7290011091361,false,תבלין לדגים 120 גרם,תבליני הדור השלישי,,תבלין לדגים 120 גרם,גרמים,120.00,100 גרם,false,,13.90,0.1158,true,1,1381647
7290011091392,false,תבלין בהרט לקובה 100 גרם,תבליני הדור השלישי,,בהרט לקובה,גרמים,100.00,100 גרם,false,,13.90,0.1390,true,1,1381649
7290011091408,false,תבליין חוויג מרק 120,תבליני הדור השלישי,,תבליין חוויג מרק 120,גרמים,120.00,100 גרם,false,,13.90,0.1158,true,1,1381650
7290011091415,false,חוויאג' קפה 100 גרם,תבליני הדור השלישי,,חוויג לקפה,גרמים,100.00,100 גרם,false,,13.90,0.1390,true,1,1381651
7290011091453,false,כוסברה טחונה 100 גרם,תבליני פרג,,כוסברה טחונה 100 גרם,גרמים,100.00,100 גרם,false,,13.90,0.1390,true,1,2363237
7290011091460,false,כורכום טחון 150 גרם,תבליני הדור השלישי,,כורכום טחון 150 גרם,גרמים,150.00,100 גרם,false,,13.90,0.0927,true,1,1381654
7290011091477,false,מלח לימון 200 גרם,תבליני הדור השלישי,,מלח לימון,גרמים,200.00,100 גרם,false,,13.90,0.0695,true,1,1381655
7290011091491,false,תבלינים שונים]פרג[,תבליני הדור השלישי,,קינמון טחון 120 גרם,גרמים,120.00,100 גרם,false,,13.90,0.1158,true,1,1381657
7290011091507,false,פלפל שחור שלם]פרג[100גר,תבליני הדור השלישי,,פלפל שחור טחון,גרמים,100.00,100 גרם,false,,13.90,0.1390,true,1,1381658
7290011091514,false,פרג פפריקה מתוקה בשמן 120ג,תבליני הדור השלישי,,פפריקה מתוקה בשמן,גרמים,120.00,100 גרם,false,,13.90,0.1158,true,1,1381659
7290011091521,false,פרג תבלין כמון טחון 120ג,תבליני הדור השלישי,,כמון טחון,גרמים,120.00,100 גרם,false,,13.90,0.1158,true,1,1381660
7290011091576,false,פרג זנגביל טחון 100ג,תבליני הדור השלישי,,זנגויל טחון,גרמים,100.00,100 גרם,false,,13.90,0.1390,true,1,1381661
7290011091590,false,פפריקה חריפה 150 גרם,תבליני הדור השלישי,,פפריקה חריפה,גרמים,150.00,100 גרם,false,,13.90,0.0927,true,1,1381663
7290011091606,false,פפריקה מתוקה 150 גרם פרג,תבליני הדור השלישי,,פפריקה מתוקה,גרמים,150.00,100 גרם,false,,13.90,0.0927,true,1,1381664
7290011091637,false,בהר פלפל אנגלי טחון,תבליני הדור השלישי,,בהר פלפל אנגלי טחון,גרמים,120.00,100 גרם,false,,13.90,0.1158,true,1,1381666
7290011091651,false,שום גבישי פרג 150 גר,תבליני הדור השלישי,,תבלין גבישי שום,גרמים,150.00,100 גרם,false,,13.90,0.0927,true,1,1381668
7290011091958,false,צ'ילי מקסיקני 80 גרם,תבליני הדור השלישי,,צילי מקסיקני 80 גרם,גרמים,80.00,100 גרם,false,,13.90,0.1738,true,1,1381671
7290011112523,false,"דאודורנט לנשים 150 מ""ל YOU PRETTY",קרליין Careline,,דאודורנט ספריי פריטי,מיליליטרים,175.00,"100 מ""ל",false,,19.90,0.1137,true,1,1366373
7290011113926,false,דאודורנט ספריי טיטניום בלאק Titanium Black,החברה הדרומית לשיווק בעמ,IL,200מל BLACK דאו.טיטניום,מיליליטרים,180.00,"100 מ""ל",false,,14.90,0.0828,true,1,1366378
7290011115159,false,סבון מוצק מועשר בקרם לחות ניחוח פרחים נקה 7 4*100 גרם,החברה הדרומית לשיווק בעמ,IL,רביעיית סבון מוצק נקה 7 ל,גרמים,400.00,100 גרם,false,,9.90,0.0248,true,1,1366384
7290011115166,false,נקה 7 ארומה סבון נוזלי לבנדר 1 ל',החברה הדרומית לשיווק בעמ,IL,תחליב רחצה ארומה לבנדר1ל,ליטרים,1.00,ליטר,false,,14.90,14.9000,true,1,1366385
7290011115173,false,נקה 7 ארומה סבון נוזלי וניל 1 ל',טרופיקל דגיל תעשיות,IL,תחליב רחצה ארומה וניל שקד,ליטרים,1.00,ליטר,false,,14.90,14.9000,true,1,1366386
7290011115241,false,אל סבון ארומטי מוצק ורוד ורד ויסמין - מארז רביעיה,החברה הדרומית לשיווק בעמ,IL,רבעיית סבון מוצק נקה 7 אר,גרמים,400.00,100 גרם,false,,9.90,0.0248,true,1,1366388
7290011115258,false,אל סבון מוצק מבושם בניחוח עדין קלאסיק - מארז רביעיה,החברה הדרומית לשיווק בעמ,IL,רבעיית סבון מוצק נקה 7 קל,גרמים,400.00,100 גרם,false,,9.90,0.0248,true,1,1366389
7290011115265,false,מארז סבון מוצק ארומה אל סבון מועשר בשמנים ארומטיים,החברה הדרומית לשיווק בעמ,IL,רבעיית סבון מוצק נקה 7 אר,גרמים,400.00,100 גרם,false,,9.90,0.0248,true,1,1366390
7290011115272,false,אל סבון מוצק מועשר בקרם לחות צמחים - מארז רביעיה,החברה הדרומית לשיווק בעמ,IL,רבעיית סבון מוצק נקה 7 לח,גרמים,400.00,100 גרם,false,,9.90,0.0248,true,1,1366391
7290011115289,false,אל סבון מוצק מבושם בניחוח עדין קלאסיק - מארז רביעיה,החברה הדרומית לשיווק בעמ,IL,רבעיית סבון מוצק נקה 7 קל,גרמים,400.00,100 גרם,false,,9.90,0.0248,true,1,1366392
7290011115296,false,אל סבון מוצק מועשר בקרם לחות לבנדר - מארז רביעיה,נקה 7,,רביעיית סבון מוצק לח,גרמים,400.00,100 גרם,false,,9.90,0.0248,true,1,1366393
7290011115401,false,אל סבון ארומטי מוצק צהוב קמומיל - רביעייה,החברה הדרומית לשיווק בעמ,,רביעיית סבון מוצק אר,גרמים,400.00,100 גרם,false,,9.90,0.0248,true,1,1366401
7290011126209,false,הגן הקסום תה טעם תפוח וקינמון סיידר ויסוצקי 25 יח',תה ויסוצקי (ישראל)בעמ,IL,חליטת תפוח וקינמון סיידר,גרמים,67.50,100 גרם,false,,16.90,0.2504,true,1,1386815
7290011126216,false,תה רויבוש קלאסי ויסוצקי 25 יחידות,תה ויסוצקי (ישראל)בעמ,IL,רויבוש קלאסי,גרמים,50.00,100 גרם,false,,24.90,0.4980,true,1,1386816
7290011126452,false,הגן הקסום תה בטעם קמומיל ונענע ויסוצקי 25 יחידות,תה ויסוצקי (ישראל) בעמ,IL,חליטת קמומיל ונענע,גרמים,37.50,100 גרם,false,,16.90,0.4507,true,1,1386823
7290011126469,false,חליטת צמחים וקמומיל הגן הקסום ויסוצקי 25 יחידות,תה ויסוצקי (ישראל) בעמ,IL,חליטת קמומיל ודבש,גרמים,37.50,100 גרם,false,,16.90,0.4507,true,1,1386824
7290011126940,false,תה ירוק ויסוצקי בתוספת מרווה 25 שקיקים,תה ויסוצקי (ישראל) בעמ,IL,תה ירוק מרווה,גרמים,37.50,100 גרם,false,,22.90,0.6107,true,1,1386830
7290011126957,false,תה ירוק ארל גריי ויסוצקי 25 יחידות,תה ויסוצקי (ישראל) בעמ,IL,תה ירוק ארל גרי,גרמים,37.50,100 גרם,false,,22.90,0.6107,true,1,1386831
7290011131050,false,גרנולה בתוספת פקאן 1 קילו גרין,ויטליאה ניקולה דו,MK,גרנולה 1 ק'ג פקאן,גרמים,1000.00,100 גרם,false,,24.90,0.0249,true,1,1365324
7290011131371,false,מוזלי קראנצ`י שקדים ואגוזים גרין (1 קג),ויטליאה ניקולה דו,MK,מיזלי 1קג קראנצ' אלמונד,גרמים,1000.00,100 גרם,false,,24.90,0.0249,true,1,1365333
7290011131395,false,מוזלי קראנצ`י 30% פירות גרין (1 קג),ויטליאה ניקולה דו,MK,מיזלי1קג קראנצ'30%פירות,גרמים,1000.00,100 גרם,false,,24.90,0.0249,true,1,1365335
7290011131654,false,מוזלי קראנצ'י ביג מיקס עם פירות ואגוזים,משה סידס ובנו בעמ,MK,מיזלי 1 קג ביג מיקס,גרמים,1000.00,100 גרם,false,,24.90,0.0249,true,1,1365341
7290011131968,false,"גרנולה בתוספת שקדים ואגוזים גרין 1 ק""ג",ויטליה ניקולא דו,MK,גרנולה 1 ק'ג אגוזים,גרמים,1000.00,100 גרם,false,,24.90,0.0249,true,1,1365345
7290011132507,false,סן בנדטו- מים מנרליים - מוגז עדין 500 מל,אקווה מינרלה סאן בנדטו ב,,מים בנדטו מוגז 500 מ,מיליליטרים,500.00,"100 מ""ל",false,,4.90,0.0098,true,1,1370691
7290011133368,false,בירה שנדי בתוספת משקה תפוח - שישייה,"טמפו משקאות בע""מ",,שישיית בירה שנדי תפו,ליטרים,1.98,ליטר,false,,29.90,15.1010,true,1,1370700
7290011133375,false,בירה שנדי בתוספת משקה אפרסק - שישייה,"טמפו משקאות בע""מ",,שישיית בירה שנדי אפר,ליטרים,1.98,ליטר,false,,29.90,15.1010,true,1,1370701
7290011133498,false,"מכבי שנדי תפוח בקבוק בודד 330 מ""ל","טמפו משקאות בע""מ",,בירה שנדי תפוח 330 מ,מיליליטרים,330.00,"100 מ""ל",false,,5.90,0.0179,true,1,1370702
7290011133504,false,"בירה שנדי אפרסק 330 מ""ל בקבוק בודד",פארייפאבה אגרואינדוס,,בירה שנדי אפרסק 330,מיליליטרים,330.00,"100 מ""ל",false,,5.90,0.0179,true,1,1370703
7290011133634,false,"פפסי מקס פחית צרה מארז שישייה 330 מ""ל","טמפו משקאות בע""\מ",,מארז שישיית פפסי קול,ליטרים,1.98,ליטר,false,,18.90,9.5455,true,1,2222536
7290011174903,false,שעועית ירוקה עדינה שלמה 600 גרם,ויטה פרי גליל (החדשה) בע`מ,,שעועית עדינה,גרמים,600.00,100 גרם,false,,14.90,0.0248,true,1,1394819
7290011194215,false,מעדן גבינה ויוגורט בטעם בננה 5% שומן 88 ג' דניאלה,שטראוס גרופ בעמ/מצונן,IL,דניאלה בננה,גרמים,88.00,100 גרם,false,,3.90,0.0443,true,1,1389474
7290011194246,false,קוטג 5% 250 גרם עם סידן שטראוס,שטראוס גרופ בעמ/מצונן,IL,קוטג' %5 עם סידן 250 גרם,גרמים,250.00,100 גרם,false,,5.90,0.0236,true,1,1389475
7290011223021,false,רפידות הנקה באריזה אישית פרש וואנס (30),קריפורט סחר בינלאומי,IL,פ.ו כריות הנקה אישיות - 3,יח',30.00,יח',false,,14.90,0.4967,true,1,1401086
7290011223038,false,בונומי עלים לקרמשניט שכבות אפויות מבצק עלים 300 גרם,דנשר (1963) בעמ,IT,עלים לקרמשניט - בונומי 30,גרמים,300.00,100 גרם,false,,14.90,0.0497,true,1,1401087
7290011223045,false,בישקוטים ליידיפינגרז בונומי (200 גרם),דנשר (1963) בעמ,IT,בישקוטים בונומי 200גרם,גרמים,200.00,100 גרם,false,,4.90,0.0245,true,1,1401088
7290011223229,false,"טואלט דאק ג'ל לאסלה טיפות טל רעננות 55 מ""ל","איטיליאן פוד, אס.פי.",IT,ט.ד ג'ל אסלה טיפות טל רענ,מיליליטרים,55.00,"100 מ""ל",false,,9.90,0.1800,true,1,1401092
7290011223243,false,"טואלט דאק ג'ל לאסלה בניחוח לבנדר 55 מ""ל","איטיליאן פוד, אס.פי.",IT,ט.ד ג'ל אסלה ניחוח לבנדר,מיליליטרים,55.00,"100 מ""ל",false,,9.90,0.1800,true,1,1401093
7290011249212,false,וופל עלמה בלגי לימון 200 גר' ללא סוכר,ח.כהן סוכנות מזון ומשקאות בע,,וופל בלגי לימון.,גרמים,200.00,100 גרם,false,,2.90,0.0145,true,1,1394224
7290011249250,false,גביעי גלידה אמריקה 24יח גילרו *,ח.כהן סוכנות מזון ומשקאות בע,,גביעי גלידה 24 יח'.,גרמים,120.00,100 גרם,false,,9.90,0.0825,true,1,1394226
7290011249748,false,רולים גלילי ופל במילוי קרם שוקולד 100 ג' עלמה,ח.כהן סוכנות מזון ומשקאות בע,,רולים שוקולד.,גרמים,100.00,100 גרם,false,,2.90,0.0290,true,1,1394235
7290011249755,false,רולים גלילי ופל במילוי קרם אגוזים 100 ג' עלמה,ח.כהן סוכנות מזון ומשקאות בע,,רולים אגוז.,גרמים,100.00,100 גרם,false,,2.90,0.0290,true,1,1394236
7290011254001,false,זרעי פשתן מיה 450 גרם,מיה תעשיות מזון מ.ת.מ בעמ,IL,פשתן 450גרם,גרמים,450.00,100 גרם,false,,6.90,0.0153,true,1,1381217
7290011254018,false,שעועית מש מיה 500 גר',מיה תעשיות מזון מ.ת.מ בעמ,IL,שעועית מש 500גרם,גרמים,500.00,100 גרם,false,,8.90,0.0178,true,1,1381218
7290011254049,false,סובין שבולת שועל מיה 400 גרם,מיה תעשיות מזון מ.ת.מ. ב,IL,סובין שבולת שועל 400גרם,גרמים,400.00,100 גרם,false,,9.90,0.0248,true,1,1381220
7290011254070,false,תבלין פלפל שחור בשקית 50ג' מיה,מיה תעשיות מזון מ.ת.מ בעמ,IL,פלפל שחור 50גרם שקית,גרמים,50.00,100 גרם,false,,6.90,0.1380,true,1,1381222
7290011254087,false,תבלין קינמון בשקית 80 גר' מיה,מיה תעשיות מזון מ.ת.מ בעמ,IL,קינמון 80גרם שקית,גרמים,80.00,100 גרם,false,,4.90,0.0613,true,1,1381223
7290011254094,false,תבלין כמון 80גר' שקית,מיה תעשיות מזון מ.ת.מ בעמ,IL,כמון 80גרם שקית,גרמים,80.00,100 גרם,false,,4.90,0.0613,true,1,1381224
7290011254100,false,תבלין כרכום בשקית 80 גר' מיה,מיה תעשיות מזון מ.ת.מ בעמ,IL,כורכום 80גרם שקית,גרמים,80.00,100 גרם,false,,4.90,0.0613,true,1,1381225
7290011254117,false,תבלין פפריקה מתוקה בשקית 80 גר' מיה,מיה תעשיות מזון מ.ת.מ בעמ,IL,פפריקה מתוקה 80גרם שקית,גרמים,80.00,100 גרם,false,,4.90,0.0613,true,1,1381226
7290011254124,false,תבלין פפריקה חריפה בשקית 80 גר' מיה,מיה תעשיות מזון מ.ת.מ בעמ,IL,פפריקה חריפה 80גרם שקית,גרמים,80.00,100 גרם,false,,4.90,0.0613,true,1,1381227
7290011254131,false,תבלין אורגנו 20גרם- שקית,מיה תעשיות מזון מ.ת.מ בעמ,IL,אורגנו 20גרם שקית,גרמים,20.00,100 גרם,false,,4.90,0.2450,true,1,1381228
7290011254179,false,תבלין גריל עוף בשקית 80 גר' מיה,מיה תעשיות מזון מ.ת.מ בעמ,IL,גריל עוף 80גרם שקית,גרמים,80.00,100 גרם,false,,4.90,0.0613,true,1,1381231
7290011254209,false,גבישי שום בשקית מיה 80 גרם,מיה תעשיות מזון מ.ת.מ בעמ,IL,גבישי שום 80גרם שקית,גרמים,80.00,100 גרם,false,,9.90,0.1238,true,1,1381234
7290011254254,false,נטיפי שוקולד צ'יפס בטעם שוקולד מיה 300 גרם,מיה תעשיות מזון מ.ת.מ. בעמ,IL,נטיפים בטעם שוקולד 300גרם,גרמים,300.00,100 גרם,false,,9.90,0.0330,true,1,1381237
7290011254346,false,"קינואה 1 ק""ג מיה בד""צ",מיה תעשיות מזון מ.ת.מ. בעמ,,קינואה 1 קג,קילוגרמים,1.00,"100 ק""ג",false,,16.90,16.9000,true,1,1884645
7290011254452,false,סוכריות ללא תוספת סוכר בטעם מנטה מיה 80 גרם,מיה תעשיות מזון מ.ת.מ. בעמ,IL,סוכריות מנטה ללא סוכר 80ג,גרמים,80.00,100 גרם,false,,6.90,0.0863,true,1,1381241
7290011254469,false,סוכריות ללא תוספת סוכר בטעם לימון מיה 80 גרם,מיה תעשיות מזון מ.ת.מ. בעמ,IL,סוכריות לימון ללא סוכר 80,גרמים,80.00,100 גרם,false,,6.90,0.0863,true,1,1381242
7290011254476,false,סוכריות ללא תוספת סוכר בטעם תפוז מיה 80 גרם,מיה תעשיות מזון מ.ת.מ. בעמ,IL,סוכריות תפוח דובדבן ללא ס,גרמים,80.00,100 גרם,false,,6.90,0.0863,true,1,1381243
7290011254483,false,סוכריות ללא תוספת סוכר בטעם אפרסק מיה 80 גרם,מיה תעשיות מזון מ.ת.מ. בעמ,IL,סוכריות אפרסק ללא סוכר 80,גרמים,80.00,100 גרם,false,,6.90,0.0863,true,1,1381244
7290011254490,false,סוכריות ללא תוספת סוכר בטעם פירות יער מיה 80 גרם,מיה תעשיות מזון מ.ת.מ. בעמ,IL,סוכריות פירות יער ללא סוכ,גרמים,80.00,100 גרם,false,,6.90,0.0863,true,1,1381245
7290011254605,false,תערובת לקדירה לקט חמין מיה 600 גרם,מיה תעשיות מזון מ.ת.מ. בעמ,IL,תערובת קדירה לקט לחמין גר,גרמים,600.00,100 גרם,false,,8.90,0.0148,true,1,1381246
7290011254612,false,"לקט תערובת לקדירה 600 גרם ""מיה"" קדירה לקט בריאות",מיה תעשיות מזון מ.ת.מ. בעמ,IL,תערובת קדירה לקט בריאות 0,גרמים,600.00,100 גרם,false,,8.90,0.0148,true,1,1381247
7290011254698,false,"שמן זית כתית מעולה 750מ""ל בד''ץ",מיה תעשיות מזון מ.ת.מ. בעמ,ES,שמן זית כתית מעולה 750מ'ל,מיליליטרים,750.00,"100 מ""ל",false,,29.90,0.0399,true,1,1381250
7290011254728,false,ג'לטין טהור בקרטוני מיה 25 גרם,מיה תעשיות מזון מ.ת.מ. בעמ,IL,ג'לטין טהור 25גרם בד'ץ,גרמים,25.00,100 גרם,false,,8.90,0.3560,true,1,1381251
7290011254827,false,סוכריות ג`לי פירות גדולים במיוחד 125גר,מיה תעשיות מזון מ.ת.מ. בעמ,IL,ג'לילנד פירות גדולים 125ג,גרמים,125.00,100 גרם,false,,4.90,0.0392,true,1,1381254
7290011254858,false,סוכריות ג'לילנד ג'ונגל בטעמים טרופיים 125 גר',מיה תעשיות מזון מ.ת.מ. בעמ,,סוכריות גלי טבעי,גרמים,100.00,100 גרם,false,,4.90,0.0490,true,1,1381257
7290011312381,false,פטריות סטייק פורטבלה ארוז,קונס`-מרינה פטריות הגליל בעמ*ש,,פטריות סטייק פורטובל,יחידה,0.00,יחידה,false,,14.90,0.0000,true,1,1376020
7290011332983,false,מגבונים לניקוי אף מגבונאף קמיל בלו- מארז שלישייה,"פישר תעשיות פרמבצטיות בע""מ",IL,קמיל בלו מגבונאף שלישייה,יח',90.00,יח',false,,19.90,0.2211,true,1,1399611
7290011378028,false,חלבה קלאסית וניל ללא תוספת סוכר בארכה 350 גרם,קבוצת אסם סחר שות. מוגבלת,IL,חלבה בארכה קלאסית וניל לל,גרמים,350.00,100 גרם,false,,15.90,0.0454,true,1,1386833
7290011378257,false,חטיף חלבה בטעם וניל ללא תוספת סוכר בתוספת פיסטוק ופקאן,קבוצת אוסם סחר-שות.מוגבלת,IL,מאגדת חלבה בארכה בקטנה לל,גרמים,120.00,100 גרם,false,,9.90,0.0825,true,1,1386835
7290011378530,false,"בארכה טחינה עם שומשום מלא 450 גר כשל""פ",,,טחינה בארכה משומשום,גרמים,450.00,100 גרם,false,,13.90,0.0309,true,1,2134555
7290011378769,false,חטיף חלווה וניל בארכה 126 גרם מארז 7 יחידות,קבוצת אוסם סחר שותפות מוגבלת,IL,מאגדת חטיף חלבה בארכה בקט,גרמים,126.00,100 גרם,false,,9.90,0.0786,true,1,1386837
7290011378776,false,חטיף חלווה פיסטוק בארכה 126 גרם מארז 7 יחידות,קבוצת אוסם סחר שותפות מוגבלת,IL,מאגדת חטיף חלבה בארכה בקט,גרמים,120.00,100 גרם,false,,9.90,0.0825,true,1,1386838
7290011379018,false,מארז משפחתי שמפיניון 500 ג' מרינה,ביכורי השדה צפון 1994 ג.ד. בעמ,,מארז פטריות צמד חמד,יחידה,0.00,יחידה,false,,14.90,0.0000,true,1,1376021
7290011379025,false,פלפל צילי אדום חריף,"מרינה פטריות הגליל בע""מ",,פלפל צ'ילי אדום,100 יח',100.00,100 יח',false,,5.90,0.0590,true,1,2302346
7290011435226,false,דבש מפרחי בר לחיץ 650 ג' יד מרדכי,מכוורת יד מרדכי שטראוס ב,,דבש טהור לחיץ 650 גר,גרמים,650.00,100 גרם,false,,29.90,0.0460,true,1,1872245
7290011438142,false,"משקה יטבתה אייס קפה בבקבוק אישי 350 מ""ל",שטראוס גרופ בעמ/מצונן,IL,"אייסקפה 350 מ""ל מהדרין",מיליליטרים,350.00,"100 מ""ל",false,,5.90,0.0169,true,1,1389481
7290011447014,false,דייסת סלט פירות מטרנה 200 גרם,קבוצת אוסם סחר שותפות מוגבלת,IL,אבקה להכנת דייסת סולת עם,גרמים,200.00,100 גרם,false,,14.90,0.0745,true,1,1349737
7290011447267,false,מטרנה פרימיום חלבי שלב 1 700 גרם חיסכון,קבוצת אוסם סחר-שות.מוגבלת,IL,תרכובת מזון לתינוקות על ב,גרמים,700.00,100 גרם,false,,59.90,0.0856,true,1,1349742
7290011447281,false,מטרנה פרימיום חלבי שלב 2 700 גרם חיסכון,קבוצת אוסם סחר שותפות מוגבלת,IL,תרכובת מזון המשך לתינוקות,גרמים,700.00,100 גרם,false,,59.90,0.0856,true,1,1349744
7290011447373,false,תחליף חלב מטרנה מהדרין שלב 2 חלבי 700 גרם,קבוצת אוסם סחר שותפות מוגבלת,IL,תרכובת מזון המשך לתינוקות,גרמים,700.00,100 גרם,false,,59.90,0.0856,true,1,1349749
7290011473181,false,עדשים שחורים אורגני 500 גרם תבאות,גורי מוצרי צריכה (1991) בעמ,,עדש שחור אורגני 500,גרמים,500.00,100 גרם,false,,14.90,0.0298,true,1,1406882
7290011473211,false,"עדשים אדומים אורגני 500 גרם ""תבואות""",גורי מוצרי צריכה (1991) בעמ,,עדש אדום אורגני 500,גרמים,500.00,100 גרם,false,,12.90,0.0258,true,1,1406885
7290011473273,false,בורגול מלא אורגני 500ג,גורי מוצרי צריכה בעמ,,בורגול מלא אורגני 50,גרמים,500.00,100 גרם,false,,9.90,0.0198,true,1,1406891
7290011473365,false,תבואות דוחן אורגני,תבואות,,דוחן אורגני 500 גרם,גרמים,500.00,100 גרם,false,,9.90,0.0198,true,1,1406897
7290011473488,false,קמח אורז מלא טבעי 500 גר,תבואות,,קמח אורז מלא טבעי 50,גרמים,500.00,100 גרם,false,,9.90,0.0198,true,1,1406904
7290011473570,false,קמח חומוס טבעי תבואות 500 גרם אורגני,גורי מוצרי צריכה (1991) בעמ,,קמח חומוס טבעי 500 ג,גרמים,500.00,100 גרם,false,,12.90,0.0258,true,1,1406908
7290011473655,false,סוכר קנים אורגני 1 קילו,גורי מוצרי צריכה (1991) בעמ,,סוכר קנים אורגני 1 ק,גרמים,1000.00,100 גרם,false,,10.90,0.0109,true,1,1406912
7290011473860,false,שמרי בירה-אבקה טבעי 250 גר,תבואות,,שמרי בירה אבקה טבעית,גרמים,250.00,100 גרם,false,,24.90,0.0996,true,1,1456491
7290011482053,false,תמצית מי זהר (נרולי),לבריאות,IL,תמצית מי זהר (נרולי),מיליליטרים,30.00,"100 מ""ל",false,,29.90,0.9967,true,1,1412422
7290011489595,false,קרקר טופז שומשום 110 גרם הדר*,ח.כהן סוכנות מזון ומשקאות בע,IL,קרקר טופז שומשום 24/0.110,גרמים,110.00,100 גרם,false,,2.90,0.0264,true,1,1395579
7290011489694,false,פירורי ביסקוויט בטעם וניל 300 ג`הדר,ח.כהן סוכנות מזון ומשקאות בע,IL,פירורי בסקויט בטעם וניל,גרמים,300.00,100 גרם,false,,5.90,0.0197,true,1,1395587
7290011489700,false,פירורי ביסקוויט בטעם שוקו 300 ג`הדר,ח.כהן סוכנות מזון ומשקאות בע,IL,פירורי בסקויט בטעם שוקו,גרמים,300.00,100 גרם,false,,5.90,0.0197,true,1,1395588
7290011499051,false,פטה כבשים מסורתית 20% בגביע 250 גרם - רובין,מחלבות גד שיווק 1992 בעמ,IL,פטה כבשים 20% בגביע 250 ג,גרמים,250.00,100 גרם,false,,23.90,0.0956,true,1,1374766
7290011499105,false,בולגרית מסורתית 5% 250 גרם -רבנות,מחלבות גד שיווק 1992 בעמ,IL,בולגרית גביע 250 גרם 5%,גרמים,250.00,100 גרם,false,,21.90,0.0876,true,1,1374767
7290011499112,false,בולגרית מסורתית 16% 250 גרם - רבנות,מחלבות גד שיווק 1992 בעמ,IL,בולגרית גביע 250 גרם 16%,גרמים,250.00,100 גרם,false,,21.90,0.0876,true,1,1374768
7290011499129,false,גבינה בולגרית מעודנת קוביות קטנות 5% גד 200 גרם,מחלבות גד שיווק 1992 בעמ,IL,קוביות בולגרית מעודנת 200,גרמים,200.00,100 גרם,false,,19.90,0.0995,true,1,1374769
7290011499303,false,פטה עיזים מעודנת 5% בגביע 250 גרם - רבנות,מחלבות גד שיווק 1992 בעמ,IL,בולגרית מעודנת עזים 5% 25,גרמים,250.00,100 גרם,false,,29.90,0.1196,true,1,1374774
7290011499327,false,גבינה בולגרית מעודנת 5% 250 גרם - רבנות,מחלבות גד שיווק 1992 בעמ,IL,בולגרית מעודנת 250 גרם 5%,גרמים,250.00,100 גרם,false,,21.90,0.0876,true,1,1374776
7290011499341,false,גבינת קשקבל ארוז 26 אחוז 250גרם גד,מחלבות גד שיווק 1992 בעמ,IL,קשקבל 250 גרם,גרמים,200.00,100 גרם,false,,25.90,0.1295,true,1,1374778
7290011499358,false,פטה עיזים מסורתית 20% בגביע 200 גרם - רובין,מחלבות גד שיווק 1992 בעמ,IL,פטה עיזים 20% בשקית 200 ג,גרמים,200.00,100 גרם,false,,24.90,0.1245,true,1,1374779
7290011499365,false,גבינת חלומי 24% מחלב בקר גד (200 גרם),מחלבות גד שיווק 1992 בעמ,IL,"חלומי 200 גרם בד""ץ",גרמים,200.00,100 גרם,false,,19.90,0.0995,true,1,1374780
7290011499419,false,גבינה במרקם שמנת בטעם טבעי 5% ניו יורק,מחלבות גד שיווק 1992 בעמ,IL,גבינת שמנת NEY YORK לייט,גרמים,200.00,100 גרם,false,,12.90,0.0645,true,1,1374782
7290011499525,false,גבינת לאבנה דרוזית 9% גד 500 גרם,מחלבות גד שיווק 1992 בעמ,IL,לאבנה דרוזית 9% 500 גרם,גרמים,500.00,100 גרם,false,,18.90,0.0378,true,1,1374786
7290011499624,false,שמנת 30% ניו יורק טבעי 200 גרם רבנות,מחלבות גד שיווק 1992 בעמ,IL,גבינת שמנת NEY YORK טבעי,גרמים,200.00,100 גרם,false,,12.90,0.0645,true,1,1374788
7290011499846,false,גבינת ריקוטה פרסקה 9% גד (300 גרם),מחלבות גד שיווק 1992 בעמ,IL,גביע ריקוטה פרסקה 9% 300,גרמים,300.00,100 גרם,false,,16.90,0.0563,true,1,1374800
7290011501686,false,גרעיני אבטיח קלויים,דין שיווק,,גרעיני אבטיח קלויים,גרמים,250.00,100 גרם,false,,16.90,0.0676,true,1,1374411
7290011501716,false,שקד טבעי 250 גרם,דין שיווק,,שקד טבעי 250 גרם,גרמים,250.00,100 גרם,false,,24.90,0.0996,true,1,1374412
7290011501723,false,תערובת פיצוחים 250 ג,דין שיווק,,תערובת פיצוחים 250 ג,גרמים,250.00,100 גרם,false,,19.90,0.0796,true,1,1374413
7290011502850,false,דלישס מיזלי עם פירות 500גר,"דין שיווק וקלייה בע""",,גרנולה מוזלי פירות 5,גרמים,500.00,100 גרם,false,,12.90,0.0258,true,1,1374415
7290011505561,false,סינר ויניל עם כיס נובי,LTD E.L.CO,,סינר ויניל עם כיס,יח',1.00,יח',false,,29.90,29.9000,true,1,1368868
7290011515683,false,מאגדת טילון אקסטרים וניל נסטלה 6 יחידות,נגה גלידות שותפות מוגבלת,IL,אקסטרים וניל 6 יח’,גרמים,432.00,100 גרם,false,,32.90,0.0762,true,1,1376638
7290011515911,false,שלגוני לייט ריבת חלב עם סירופ 6*52 גרם,נגה גלידות שותפות מוגבלת,IL,לייט ריבת חלב 6 יח’,גרמים,312.00,100 גרם,false,,29.90,0.0958,true,1,1376639
7290011517564,false,רוז לאב ליין דאו.רול און 48 ללא אלומיניו,חלאבין Halvin,,דאודורנט רול און,מיליליטרים,80.00,"100 מ""ל",false,,12.90,0.1613,true,1,1374592
7290011518561,false,"אקטימל תות 1.51 ק""ג מארז 14 יחידות",שטראוס גרופ בעמ/מצונן,IL,אקטימל 14 תות,גרמים,1512.00,100 גרם,false,,31.50,0.0208,true,1,1389488
7290011524524,false,4 יח' טונה בשמן זית,,,4 יח' טונה בשמן זית,גרמים,560.00,100 גרם,false,,29.90,0.0534,true,1,2253570
7290011524548,false,גרגרי חומוס מוקפאים 800 גר`פרי גליל,ויטה -פרי גליל (החדשה) בעמ,IL,חומוס 800פג,גרמים,800.00,100 גרם,false,,14.90,0.0186,true,1,1394839
7290011524555,false,שעועית לבנה מבושלת קפוא 800 גר`פרי גליל,ויטה -פרי גליל (החדשה) בעמ,IL,שע.לבנה 800פג,גרמים,800.00,100 גרם,false,,14.90,0.0186,true,1,1394840
7290011524968,false,פולי סויה מוקפאים Green & Fresh,ויטה-פרי גליל (החדשה) בעמ,IL,פולי סויה 1קג פג,קילוגרמים,1.00,"ק""ג",false,,14.90,14.9000,true,1,1394849
7290011525316,false,"ד""ר פישר - קמיל בלו סנסיטיב תחליב לתינוק שיבולת 500 מ""ל",פישר תעשיות פרמבצטיות בעמ,IL,קמיל בלו סנסיטיב תחליב לת,מיליליטרים,500.00,"100 מ""ל",false,,29.90,0.0598,true,1,1399613
7290011525712,false,"קמיל בלו אל סבון סנסיטיב לפני השינה ד""ר פישר 1 ליטר","פישר תעשיות פרמצביטות בע""מ",IL,קמיל בלו סנסיטיב אל סבון,ליטרים,1.00,ליטר,false,,24.90,24.9000,true,1,1399617
7290011525729,false,שמפו לתינוק קמיל בלו סנסטיב לפני השינה עם לבנדר וקמומיל,"פישר תעשיות פרמבצטיות בע""מ",IL,קמיל בלו סנסיטיב שמפו לפנ,ליטרים,1.00,ליטר,false,,24.90,24.9000,true,1,1399618
7290011570132,false,"קמח ללא גלוטן גלעם 1 ק""ג-",אשבל מזון פונקציונלי,,קמח ללא גלוטן,קילוגרמים,1.00,"ק""ג",false,,18.90,18.9000,true,1,1387132
7290011570781,false,"קמח כרגיל ללא גלוטן בטעם וניל אשבל 1 ק""ג",תומר יבוא ושיווק מוצרי מזון (1,,תערובת להכנת עוגה בט,גרמים,450.00,100 גרם,false,,19.90,0.0442,true,1,1481094
7290011570798,false,"קמח כרגיל ללא גלוטן בטעם שוקולד אשבל 1 ק""ג",תומר ייבוא ושיווק מוצרי מזון [,,תערובת להכנת עוגה בט,גרמים,450.00,100 גרם,false,,19.90,0.0442,true,1,1481095
7290011570934,false,תערובת להכנת פנקייק ללא גלוטן 500 ג',תומר יבוא ושיווק מוצרי מזון (1,,קמח לפנקייק ללא גלוט,גרמים,400.00,100 גרם,false,,19.90,0.0497,true,1,1966278
7290011575007,false,"הפי מרסס שומר ברק למקלחון 750 מ""ל","יעקב יעקבי ובניו בע""מ",DE,הפי למקלחון - מסיר אבנית-,מיליליטרים,750.00,"100 מ""ל",false,,14.90,0.0199,true,1,1372375
7290011575250,false,מברשת הפי מבריק וצובע נעליים שחור יעקבי,"יעקב יעקבי ובניו בע""מ",ES,הפי מבריק נעלים שקוף 8548,יחידה,0.00,יחידה,false,,9.90,0.0000,true,1,1372380
7290011575809,false,"הגרטי תרסיס לניקוי כלי כסף יעקבי 200 מ""ל",יעקב יעקבי ובניו בעמ,NL,הפי נוצץ-ספרי הגרטי,מיליליטרים,200.00,"200 מ""ל",false,,29.90,0.1495,true,1,1372385
7290011587451,false,מוזלי קראנצי בתוספת פירות ואגוזים ויטליה 600 גרם,תומר יבוא ושיווק מוצרי מזון (1,,גרנולה+פירות ואגוזים,גרמים,600.00,100 גרם,false,,14.90,0.0248,true,1,1387143
7290011587468,false,מוזלי קראנצי בתוספת אגוזים ויטליה 600 גרם,תומר ייבוא ושיווק מוצרי מזון [,,מוזלי 600 גרם קראהצי,גרמים,600.00,100 גרם,false,,14.90,0.0248,true,1,1387144
7290011587635,false,מקרל מרוקאי ברוטב עגבניות 125 ג' תומר,תומר ייבוא ושיווק מוצרי מזון [,,מקרל מרוקאי ברוטב עג,גרמים,125.00,100 גרם,false,,5.90,0.0472,true,1,1387148
7290011587642,false,מקרל בשמן חמניות עם פלפל חריף,תומר ייבוא ושיווק מוצרי מזון [,,מקרל מרוקאי חריף,גרמים,125.00,100 גרם,false,,5.90,0.0472,true,1,1387149
7290011587697,false,ממרח עגבניות מיובשות פסטו תומר 340 ג',תומר יבוא ושיווק מוצרי מזון (1,,ממרח עגבניות 360 גרם,גרמים,360.00,100 גרם,false,,12.90,0.0358,true,1,1387150
7290011587703,false,ממרח עגבניות מיובשות פיקנטי תומר 360 גרם,תומר יבוא ושיווק מוצרי מזון (1,,ממרח עגבניות חריף 36,גרמים,360.00,100 גרם,false,,12.90,0.0358,true,1,1387151
7290011593087,false,"שמן זית כתית מעולה 750 מ""ל סבא חביב",בני פאוזי שמשום (2009) בעמ,,שמן זית כתית מעולה 7,מיליליטרים,750.00,"100 מ""ל",false,,29.90,0.0399,true,1,1400519
7290011598211,false,"סנו - אנטי קאלק מרסס ניקוי כללי 4 ב-1 700 מ""ל",החברה הדרומית לשיווק בעמ,IL,סנו אנטי קאלק נ.כללי700מ,מיליליטרים,700.00,"100 מ""ל",false,,18.90,0.0270,true,1,1366412
7290011598259,false,"פרש מטהר אוויר אוטומטי בניחוח מאסק סנו 250 מ""ל",החברה הדרומית לשיווק בעמ,,מטהר אוויר פרש אוטומ,מיליליטרים,250.00,"100 מ""ל",false,,12.90,0.0516,true,1,1366413
7290011598365,false,רביעיית מטליות מיקרופייבר מקצועיות סנו סושי,החב הדרומית לשיווק,,ארבע מטליות מיקורופי,יח',4.00,יח',false,,19.90,4.9750,true,1,1366414
7290011598372,false,"מטלית מקצועית לריצפה פרופישיונל ""סנו סושי""",החברה הדרומית לשיווק בעמ,CN,מטלית רצפה פרופשיונל,יח',1.00,יח',false,,10.90,10.9000,true,1,1366415
7290011607180,false,"אבקת כביסה קולון 101 1.25 ק""ג",רקיט בנקיזר (ניר איסט) בעמ,IL,קולון 101 1.25,קילוגרמים,1.25,"ק""ג",false,,19.90,15.9200,true,1,1353547
7290011615260,false,"טורטייה 20 ס""מ קוטר וילי פוד 540 גר",ג.וילי פוד אינטרנשיונל בעמ,TR,טורטייה ( 20ס'מ קוטר) 540,גרמים,540.00,100 גרם,false,,7.90,0.0146,true,1,1352967
7290011615406,false,בולגרית בקוביות בשמן ותבלינים הבולגריה 325 ג' קוליוס,ג.וילי פוד אינטרנשיונל בעמ,GR,הבולגריה בקוביות (בשמן ות,גרמים,325.00,100 גרם,false,,12.90,0.0397,true,1,1352971
7290011618025,false,בייבי ביס הוט קידס נגיסי אורז לתינוק,גואנז'ו יונג וואנט פ,CN,נגיסי אורז לתינוקות בטעם,גרמים,50.00,100 גרם,false,,11.90,0.2380,true,1,1401105
7290011618124,false,נגיסי אורז לתינוקות בטעם ירקות,גואנז'ו יונג וואנט פ,CN,נגיסי אורז לתינוקות בטעם,גרמים,50.00,100 גרם,false,,11.90,0.2380,true,1,1401109
7290011618131,false,"בייבי ביס חטיף אורז כשל""פ בטעם גזר",גואנז'ו יונג וואנט פ,CN,נגיסי אורז לתינוקות בטעם,גרמים,50.00,100 גרם,false,,11.90,0.2380,true,1,1401110
7290011622305,false,כתמטמינים חטיף לתינוקות אצבעות בוטנים ותירס - רביעיה,הארט Heart,IL,מארז 4 יחידות כתמטמינים 4,גרמים,20.00,100 גרם,false,,10.00,0.5000,true,1,1353329
7290011622428,false,כתמטמינים-חטיף בריאות לתינוקות וילדים 45 ג',גורי מוצרי צריכה (1991) בעמ,IL,'כתמטמינים 45גר,גרמים,45.00,100 גרם,false,,5.90,0.1311,true,1,1353334
7290011622442,false,טבעונים - חטיף טבעות דגנים מלאים בטעם טבעי 45 גרם,הארט Heart,IL,טבעונים טבעות דגנים מלאים,גרמים,45.00,100 גרם,false,,5.90,0.1311,true,1,1353335
7290011622664,false,כתמטמינים - חטיף אצבעות טחינה אורז ותירס 45 גרם,גורי מוצרי צריכה בעמ,,כתמטמינים טחינה 45 ג,גרמים,45.00,100 גרם,false,,5.90,0.1311,true,1,1795796
7290011622701,false,טבעונים - חטיף טבעות דגנים מלאים בטעם גזר וסלק 45 גרם,אשבול,,טבעוניים חטיף בריאות,גרמים,45.00,100 גרם,false,,5.90,0.1311,true,1,2120412
7290011622756,false,ביסקוויטמינים פלוס בטעם שוקולד 150 גרם,גורי מוצרי צריכה בעמ,,ביסקווטמינים פלוס שו,גרמים,150.00,100 גרם,false,,14.90,0.0993,true,1,2268873
7290011622763,false,ביסקוויטמינים פלוס בטעם וניל 150 גרם,גורי מוצרי צריכה (1991) בעמ,,ביסקווטמינים פלוס ונ,גרמים,150.00,100 גרם,false,,14.90,0.0993,true,1,2268874
7290011668136,false,מסיכה לשיער מחליקה 1 ליטר פנינה רוזנבלום,פנינה רוזנבלום בעמ,IL,מסיכה מחליקה,מיליליטרים,1000.00,"100 מ""ל",false,,29.90,0.0299,true,1,1395473
7290011668419,false,"שמפו אובלפיחה לשיער רגיל 750 מ""ל פנינה רוזנבלום","פנינה רוזנבלום בע""מ",IL,שמפו אובלי יומי,מיליליטרים,750.00,"100 מ""ל",false,,12.90,0.0172,true,1,1395487
7290011668440,false,מרכך שיאה לשיער צבוע פנינה רוזנבלום 750 מל,"פנינה רוזנבלום בע""מ",IL,מרכך שיאה לשיער צבוע,מיליליטרים,750.00,"100 מ""ל",false,,12.90,0.0172,true,1,1395490
7290011668570,false,בריא מהטבע גרנולה פירות יבשים 450 גרם פנינה רוזנבלום,בריא מהטבע פנינה רוזנבלום,IL,גרנולה פירות יבשים,גרמים,450.00,100 גרם,false,,22.90,0.0509,true,1,1395498
7290011668587,false,בריא מהטבע גרנולה בטעם עשיר 500 גרם פנינה רוזנבלום,בריא מהטבע פנינה רוזנבלום,IL,גרנולה טעם עשיר.,גרמים,500.00,100 גרם,false,,22.90,0.0458,true,1,1395499
7290011668594,false,בריא מהטבע תוספת בריאה לסלט 550 גרם פנינה רוזנבלום,בריא מהטבע פנינה רוזנבלום,IL,תוספת בריאה לסלט.,גרמים,550.00,100 גרם,false,,29.90,0.0544,true,1,1395500
7290011695866,false,דפים למיבש אלפא 40יח,,,דפים למייבש,יחידה,40.00,יחידה,false,,9.90,0.2475,true,1,1376557
7290011695972,false,טוסטים מלבנים בטעמים 100 גרם,נאמן לאורך זמן בעמ,,טוסטים טעימים.,גרמים,100.00,100 גרם,false,,7.90,0.0790,true,1,1376559
7290011723101,false,טחינה הר ברכה 1 ליטר,הר ברכה תעשיות,,"טחינה הר ברכה 1 ק""ג",גרמים,1000.00,100 גרם,false,,31.90,0.0319,true,1,1374841
7290011725402,false,חסה למהדרין היתר מכי,קוסטר - תורכיה,,חסה למהדרין היתר מכי,יחידה,0.00,יחידה,false,,4.90,0.0000,true,1,2318594
7290011725419,false,פטרוזיליה למהדרין הי,קונספסיון/ פניסקור/,,פטרוזיליה למהדרין הי,יחידה,0.00,יחידה,false,,4.90,0.0000,true,1,2318595
7290011725426,false,כוסברה למהדרין היתר,קונסרבאס פרדו,,כוסברה למהדרין היתר,יחידה,0.00,יחידה,false,,4.90,0.0000,true,1,2318596
7290011725433,false,נענע למהדרין היתר מכ,קונסרווס אל.ג'י. זאס,,נענע למהדרין היתר מכ,יחידה,0.00,יחידה,false,,4.90,0.0000,true,1,2318597
7290011725440,false,שמיר למהדרין היתר מכ,קונסרבס,,שמיר למהדרין היתר מכ,יחידה,0.00,יחידה,false,,4.90,0.0000,true,1,2318598
7290011725457,false,בצל ירוק למהדרין הית,קלדש הולמן,,בצל ירוק למהדרין הית,יחידה,0.00,יחידה,false,,4.90,0.0000,true,1,2318604
7290011725464,false,סלרי למהדרין היתר מכ,,,סלרי למהדרין היתר מכ,יחידה,0.00,יחידה,false,,4.90,0.0000,true,1,2318605
7290011725471,false,סלק עלים מהדרין יבולי דויד,קוסמופארם,,עלי סלק למהדרין היתר,יחידה,0.00,יחידה,false,,4.90,0.0000,true,1,2318606
7290011725488,false,כרוב לבן למהדרין הית,קוסמופול,,כרוב לבן למהדרין הית,קילוגרמים,1.00,"ק""ג",true,,7.90,7.9000,true,1,2318607
7290011725495,false,כרוב אדום למהדרין הי,קוסקוס,,כרוב אדום למהדרין הי,קילוגרמים,1.00,"ק""ג",true,,7.90,7.9000,true,1,2318608
7290011725525,false,לבבות חסה למהדרין הי,קילט ניהול פרוייקטים,,לבבות חסה למהדרין הי,יחידה,0.00,יחידה,false,,7.90,0.0000,true,1,2318610
7290011732264,false,פרמידה סוכריות בטעם פרי חמצמץ 36 יחידות,גואנגדונג צאואן פוד,,פרמידה קרנבל 36 יחיד,יחידה,0.00,יחידה,false,,18.90,0.0000,true,1,2354056
7290011743833,false,משחת שיניים פרונאמל סנסודיין (75 מל),גלקסו סמית קליין,GB,"סנסודיין פרונמל 75 מ""ל",מיליליטרים,75.00,"100 מ""ל",false,,23.90,0.3187,true,1,1393919
7290011744885,false,"אקווה פרש משחת שיניים ילדים לשיני חלב 50 מ""ל",גלקסו סמית קליין,SK,א.פרש משחת ילדים לשיני חל,מיליליטרים,50.00,"100 מ""ל",false,,12.90,0.2580,true,1,1393920
7290011744892,false,"אקווה פרש - משחת שיניים ילדים ג'וניור 6+ 50 מ""ל",גלקסו סמית קליין,SK,א.פרש משחת ילדים ג'וניור,מיליליטרים,50.00,"100 מ""ל",false,,12.90,0.2580,true,1,1393921
7290011745707,false,משחת שיניים פרונמל Pro namel לילדים לגילאי 6-12,גלקסו סמית קליין,SK,סנסודיין פרונמל ילדים 50,גרמים,50.00,100 גרם,false,,14.90,0.2980,true,1,1393923
7290011765071,false,ג'ל גילוח לעור רגיל לחות והגנה Moisture,טרופיקל דגיל תעשיות,TR,ג'ל גילוח קרמה רגיל 200מ,מיליליטרים,200.00,"100 מ""ל",false,,19.90,0.0995,true,1,1366418
7290011765088,false,ג'ל גילוח לעור רגיל מנטול Cool,החברה הדרומית לשיווק בעמ,TR,200מ COOL ג'ל גילוח קרמה,מיליליטרים,200.00,"100 מ""ל",false,,19.90,0.0995,true,1,1366419
7290011765316,false,מברשת שיניים לילדים עם שעון 4-8 אורביטול,החברה הדרומית,CN,מב.ש.אורביטול קידס +שעון,יח',1.00,יח',false,,12.90,12.9000,true,1,1366431
7290011765392,false,"בוב ספוג שמפו לשיער לסירוק קל כיף 750 מ""ל",החברה הדרומית לשיווק בעמ,IL,שמ.כיף ילדים בוב ספוג750,מיליליטרים,750.00,"100 מ""ל",false,,14.90,0.0199,true,1,1366437
7290011765408,false,"בוב ספוג שמפו ומרכך לשיער לסירוק קל כיף 750 מ""ל",החב. הדרומית לשיווק,IL,שמפו+מרכ.כיף בוב ספוג750,מיליליטרים,750.00,"100 מ""ל",false,,14.90,0.0199,true,1,1366438
7290011765422,false,אל סבון מועשר בלחות ותמצית קמומיל - בוב ספוג,החברה הדרומית לשיווק בעמ,IL,אלסבון כיף בוב ספוג750מל,מיליליטרים,750.00,"100 מ""ל",false,,14.90,0.0199,true,1,1366440
7290011765446,false,משחת שיניים לילדים בוב ספוג בטעם מיץ ענבים עם פלואוריד למניעת עששת,טרופיקל דגיל תעשיות קוסמ,IL,משחה אורביטול ענבים 70 ג,גרמים,70.00,100 גרם,false,,8.90,0.1271,true,1,1366441
7290011765613,false,סנו מסיר עובש בניחות לימון מתז 1 ל',החברה הדרומית לשיווק בעמ,,מתז מסיר עובש בניחוח,ליטרים,1.00,ליטר,false,,18.90,18.9000,true,1,2101348
7290011765620,false,"נוזל כלים סנו גרין פאוור אקולוגי 750 מ""ל",סנו מפעלי ברונוס בעמ,,נוזל כלים אקולוגי GR,מיליליטרים,700.00,"100 מ""ל",false,,9.90,0.0141,true,1,2252250
7290011800840,false,רפי כהן סלט טחינה בלאדי צבר 400 גרם,קבוצת אוסם סחר שותפות מוגבלת,IL,צבר טחינה בלאדי סלטי השף,גרמים,400.00,100 גרם,false,,14.90,0.0373,true,1,1349753
7290011830564,false,פתיבר כוסמין אורגני השדה מוצרים אורגנים 200 גרם,השדה מוצרים אורגניים,,פתי בר כוסמין אורגני,גרמים,200.00,100 גרם,false,,11.90,0.0595,true,1,1446348
7290011877101,false,"סנומוד מטהר אוויר מאסק סנו 150 מ""ל",החברה הדרומית לשיווק בעמ,IL,"סנומוד ניחוח מאסק 150מ""ל",מיליליטרים,150.00,"100 מ""ל",false,,10.90,0.0727,true,1,1366448
7290011877156,false,"מבשם אוויר, בגדים וארונות פרש בניחוח מאסק",החברה הדרומית לשיווק בעמ,IL,"סנו פרש ענק מאסק 375 מ""ל",מיליליטרים,375.00,"100 מ""ל",false,,9.90,0.0264,true,1,1366449
7290011877446,false,קרם נגד גירויים לתינוק עם הנוסחה המשולשת SBC,החברה הדרומית לשיווק בעמ,IL,בייבי כיף קרם נגד גירוד,מיליליטרים,100.00,"100 מ""ל",false,,19.90,0.1990,true,1,1366451
7290011877835,false,שקיות ואקום לאחסון XXL סנו סושי 2 יחידות,מיוצר עי קונדיטוריית,CN,XXL2 שקיות ואקום לאיחסון,יח',2.00,יח',false,,24.90,12.4500,true,1,1366458
7290011877842,false,שקיות ואקום לאחסון XXXL+L סנו סושי 2 יחידות,החברה הדרומית לשיווק בעמ,,אריזות ואקום לאחסון,יח',2.00,יח',false,,24.90,12.4500,true,1,1366459
7290011877927,false,אורביטול טריפלאקשיין בטעם סמוז מינט,קוסמופארם בע'\'\מ,IL,מי פה אורביטול כחול 500מ,מיליליטרים,500.00,"100 מ""ל",false,,24.90,0.0498,true,1,1366464
7290011912635,false,ליסטרין שטיפת פה הגנה על השיניים והחניכי,שקד תבל בעמ,,מי פה ליסטרין טאגד פ,מיליליטרים,250.00,"100 מ""ל",false,,12.90,0.0516,true,1,2122383
7290011912642,false,ליסטרין שטיפת פה הגנה על השיניים והחניכי,ג'\ונסון אנד ג'\ונסון,,מי פה ליסטרין TAGD מ,מיליליטרים,500.00,"100 מ""ל",false,,19.90,0.0398,true,1,1350610
7290011923273,false,טופו אורגני ליב (300 גרם),ל.י.ב. (לחיות יותר בטבע) בעמ,,טופו אורגני 300גרם ל,גרמים,300.00,100 גרם,false,,11.90,0.0397,true,1,1418196
7290011923303,false,טופו טבעי ליב (300 גרם),ל.י.ב. (לחיות יותר בטבע) בעמ,,טופו טבעי 300גרם ליב,גרמים,300.00,100 גרם,false,,9.90,0.0330,true,1,1418197
7290011931162,false,סוכרלייט ממתיק נוזלי על בסיס סוכרלוז,אף.סי תבליני בגליל ב,IL,סוכרלייט נוזלי/6יח'/220גר,גרמים,220.00,100 גרם,false,,24.90,0.1132,true,1,1390221
7290011931193,false,סוכרלייט ממתיק אבקה סוכרזית 100 גרם,"שטראוס גרופ בע""מ",IL,סוכרלייט כפית לכפית/6יח'/,גרמים,100.00,100 גרם,false,,28.90,0.2890,true,1,1390222
7290011947309,false,זיתים מצוננים סורי מבוקע ולימון כבוש זיתא 230 ג',תה ויסוצקי (ישראל) בעמ,,זית סורי מבוקע עם לי,גרמים,230.00,100 גרם,false,,12.90,0.0561,true,1,1475704
7290011947316,false,זיתא זיתי קלמטה בשמן זית כתית מעולה 215ג,תה ויסוצקי (ישראל) בעמ,,זיתי קלמטה זיתא 215,גרמים,215.00,100 גרם,false,,12.90,0.0600,true,1,1999500
7290011947743,false,זיתים זיתא מיקס זית ירוק וזית קלמטה 215 גרם,תה ויסוצקי (ישראל) בעמ,,מיקס זית ירוק/קלמטה,גרמים,215.00,100 גרם,false,,12.90,0.0600,true,1,2242727
7290011947781,false,מיקס זית ירוק וזית קלמטה ללא גלעין עם שמן זית כתית מעולה,תה ויסוצקי (ישראל) בעמ,,מיקס זית ירוק וזית ק,גרמים,165.00,100 גרם,false,,12.90,0.0782,true,1,2278028
7290011947798,false,זית קלמטה ללא גלעין עם שמן זית כתית מעולה,תה ויסוצקי (ישראל) בעמ,,זית קלמטה ללא גלעין,גרמים,190.00,100 גרם,false,,12.90,0.0679,true,1,2278029
7290011947903,false,מיקס זיתים יווני זיתא 215 גרם,תה ויסוצקי (ישראל) בעמ,,מיקס זית יווני,גרמים,215.00,100 גרם,false,,12.90,0.0600,true,1,2315401
7290011964344,false,שום גבישי בקופ' 120 גר' טעם וריח,"תבליני טעם וריח בע""מ",IL,מיכל שום גבישי 120 גר',גרמים,120.00,100 גרם,false,,9.90,0.0825,true,1,1398374
7290011964566,false,גריל עוף 400 גר' טעם וריח,"תבליני טעם וריח בע""מ",IL,גריל עוף מיכל 400 גר',גרמים,400.00,100 גרם,false,,14.90,0.0373,true,1,1398377
7290011964603,false,כורכום 400 גר' טעם וריח,"תבליני טעם וריח בע""מ",IL,כורכום טחון מ.400 גר',גרמים,400.00,100 גרם,false,,19.90,0.0497,true,1,1398380
7290011964658,false,מלח לימון בקופ' 170 גר' טעם וריח,"תבליני טעם וריח בע""מ",IL,מיכל מלח לימון 170 גר',גרמים,170.00,100 גרם,false,,6.90,0.0406,true,1,1398383
7290011964689,false,על האש לא מונוסודיום 100 גרם 100 גרם מיכל גדול,"תבליני טעם וריח בע""מ",IL,מיכל על האש ללא מונוסודיו,גרמים,100.00,100 גרם,false,,7.90,0.0790,true,1,1398384
7290011964702,false,שווארמה ללא מונסודיום 100 גרם מיכל גדול,"תבליני טעם וריח בע""מ",IL,מיכל שוארמה ללא מונוסודיו,גרמים,100.00,100 גרם,false,,7.90,0.0790,true,1,1398386
7290011977627,false,סרדינים בשמן צמחי טעים 125 גרם,טעמן שווק מזון בעמ,,סרדינים בשמן 125 גרם,גרמים,125.00,100 גרם,false,,4.90,0.0392,true,1,1380472
7290011977634,false,סרדינים בשמן קנולה עם פלפל חריף טעים 125 גרם,טעמן שווק מזון בעמ,,סרדינים פלפל חריף 12,גרמים,125.00,100 גרם,false,,4.90,0.0392,true,1,1380473
7290011977641,false,סרדינים בשמן קנולה עם לימון טעים 125 גרם,טעמן שיווק מזון בעמ,,סרדינים לימון 125 גר,גרמים,125.00,100 גרם,false,,4.90,0.0392,true,1,1380474
7290011977665,false,סרדינים ברוטב עגבניות טעים 125 גרם,טעמן שווק מזון בעמ,,סרדינים רוטב עגבניות,גרמים,125.00,100 גרם,false,,4.90,0.0392,true,1,1380476
7290011996000,false,טעם אסיה אטריות עגבניות 454 ג',טחנת האבן קואופ בעמ,CN,אטריות עגבניות 454 גרם כש,גרמים,454.00,100 גרם,false,,8.90,0.0196,true,1,1391062
7290011996017,false,נודלס אטריות תרד טעמי אסיה (454 גרם),טחנת האבן קואופ בעמ,CN,אטריות תרד 454 גרם - כשר,גרמים,454.00,100 גרם,false,,8.90,0.0196,true,1,1391063
7290011996031,false,אטריות ביצים טעמי אסיה (454 גרם),טחנת האבן קואופ בעמ,CN,אטריות ביצים 454 גרם - כש,גרמים,454.00,100 גרם,false,,8.90,0.0196,true,1,1391065
7290011996062,false,אורז לבן עגול מתאים להכנת סושי,טחנת האבן קואופ בעמ,ES,"אורז לסושי 1 ק""ג - כשר",קילוגרמים,1.00,"ק""ג",false,,12.90,12.9000,true,1,1391067
7290011996086,false,"רוטב צ`ילי חריף אסיה 700 מ""ל",טחנת האבן קואופ בעמ,TH,"רוטב צ'ילי חריף 700 מ""ל כ",גרמים,700.00,100 גרם,false,,9.90,0.0141,true,1,1391068
7290011996093,false,"רוטב צילי מתוק 300 מ""ל ""אסיה""",טחנת האבן קואופ בעמ,,צילי מתוק 300 גרם,גרמים,300.00,100 גרם,false,,7.90,0.0263,true,1,1391069
7290011996109,false,רוטב צ`ילי מתוק טעמי אסיה (700 מל),טחנת האבן קואופ בעמ,TH,"רוטב צ'ילי מתוק 700 מ""ל כ",גרמים,700.00,100 גרם,false,,9.90,0.0141,true,1,1391070
7290011996178,false,"רוטב סויה בסגנון יפני 300 מ""ל",טחנת האבן קואופ בעמ,CN,רוטב סויה נוסח יפני 300 כ,מיליליטרים,280.00,"100 מ""ל",false,,9.90,0.0354,true,1,1391074
7290011996222,false,מי קוקוס טעמי אסיה (400 מל),טחנת האבן קואופ בעמ,TH,"חלב קוקוס מבצע 400 מ""ל כש",מיליליטרים,400.00,"100 מ""ל",false,,6.90,0.0173,true,1,1391078
7290011996277,false,מחצלת עגולה לגלגול סושי,טחנת האבן קואופ בעמ,CN,מחצלת עגולה לגלגול סושי,יחידה,0.00,יחידה,false,,5.90,0.0000,true,1,1391080
7290011996291,false,כלי לאידוי קוטר 10,טעמי אסיה Taste of Asia,CN,"סטימר משובח 10""",יחידה,0.00,יחידה,false,,30.90,0.0000,true,1,1391082
7290011996499,false,אטריות אורז דקות טעמי אסיה (400 גרם),טחנת האבן קואופ בעמ,CN,אטריות אורז דקות 400 ג' כ,גרמים,400.00,100 גרם,false,,8.90,0.0223,true,1,1391088
7290011996529,false,אטריות אורז 5 סמ טעמי אסיה (400 גרם),טחנת האבן קואופ בעמ,TH,"אטריות אורז 5מ""מ 400 ג' כ",גרמים,400.00,100 גרם,false,,8.90,0.0223,true,1,1391090
7290011996550,false,טעם אסיה רוטב הויסין 240 ג',קיי.אר.אס.ספייסי פוד,TH,רוטב הויסין 240 גרם כשר,גרמים,240.00,100 גרם,false,,11.90,0.0496,true,1,1391091
7290011996567,false,רוטב סאטה אסיה 240 ג,קיי.אר.אס.ספייסי פוד,TH,רוטב סאטה 240 גרם כשר,גרמים,240.00,100 גרם,false,,12.90,0.0538,true,1,1391092
7290011996581,false,"רוטב חמוץ מתוק 300 מ""ל ""אסיה""",טחנת האבן קואופ בעמ,TH,"רוטב חמוץ-מתוק 300 מ""ל- כ",מיליליטרים,300.00,"100 מ""ל",false,,10.90,0.0363,true,1,1391093
7290011996604,false,רוטב פאד תאי טעמי אסיה (300 מל),טחנת האבן קואופ בעמ,TH,"רוטב פד-תאי 300 מ""ל כשר",גרמים,300.00,100 גרם,false,,13.90,0.0463,true,1,1391094
7290011996642,false,טעם אסיה שומשום שחור קלוי 100גר,טחנת האבן קואופ בעמ,CN,"שומשום שחור 100 ג""ר -כשר",גרמים,100.00,100 גרם,false,,12.90,0.1290,true,1,1391095
7290011996703,false,טעם אסיה אצות וקאמה 100גר,טחנת האבן קואופ בעמ,,אצות וואקמה 100 גרם,גרמים,100.00,100 גרם,false,,14.90,0.1490,true,1,1391096
7290011996741,false,"חומץ אורז לסושי 500 מ""ל ""אסיה""",טחנת האבן קואופ בעמ,,חומץ אורז לסושי 500,מיליליטרים,500.00,"100 מ""ל",false,,11.90,0.0238,true,1,1391097
7290011996758,false,קמח טמפורה כשר מזרח ומערב 500 גר`,טחנת האבן קואופ בעמ,CN,תערובת קמחים לטמפורה 500,גרמים,500.00,100 גרם,false,,10.90,0.0218,true,1,1391098
7290011996765,false,"אבקה ווסאבי 70 גרם ""אסיה""",טחנת האבן קואופ בעמ,CN,משחת ווסאבי 43 גרם כשר,גרמים,43.00,100 גרם,false,,8.90,0.2070,true,1,1391099
7290011996789,false,פנקו פירורי לחם בסגנון יפני,טחנת האבן קואופ בעמ,CN,פנקו - פירורי לחם יפניים,גרמים,200.00,100 גרם,false,,7.90,0.0395,true,1,1391100
7290011996819,false,"מקלוני אטריות שעועית 250 גרם ""אסיה""",טחנת האבן קואופ בעמ,CN,אטריות שעועית סיני 250ג-כ,גרמים,250.00,100 גרם,false,,5.90,0.0236,true,1,1391103
7290011996888,false,רוטב טריאקי טעמי אסיה (300 מל),קיי.אר.אס.ספייסי פוד,TH,"רוטב טריאקי 300 מ""ל כשר",מיליליטרים,300.00,"100 מ""ל",false,,10.90,0.0363,true,1,1391105
7290012019036,false,שיני שום כבושים תומר 330 גרם,ליני דשן פוד,,שיני שום צנצנת,גרמים,330.00,100 גרם,false,,10.90,0.0330,true,1,1387161
7290012019043,false,שום צעיר כבוש בחומץ בצנצנת 330 גרם,FOODS CANDDED QINGDAO,,שום צעיר כבוש בחומץ,קילוגרמים,330.00,"ק""ג",false,,10.90,0.0330,true,1,1387162
7290012019265,false,"מחית תפו""ע ללא תוספת סוכר 4*113גר",תומר ייבוא ושיווק מוצרי מזון [,,"רסק תפו""ח דיאט 4 יח'",גרמים,452.00,100 גרם,false,,9.90,0.0219,true,1,1387164
7290012019401,false,מיץ דובדבן 100% 1 ליטר תוצרת גרוזיה,תומר יבוא ושיווק מוצרי מזון (1,,נקטר דובדבן 100% ליט,ליטרים,1.00,ליטר,false,,19.90,19.9000,true,1,1387168
7290012052163,false,גרנולה רפאל - אגוזים זרעים ופירות,כרמית תעשיות ממתקים בעמ,,גרנולה אגזים ופירות.,גרמים,350.00,100 גרם,false,,17.90,0.0511,true,1,1409833
7290012052170,false,גרנולה עם אגוזים ופירות יבשים במתיקות מעודנת,כרמית תעשיות ממתקים בעמ,,גרנולה ללא סוכר אגוז,גרמים,350.00,100 גרם,false,,17.90,0.0511,true,1,1409834
7290012052200,false,גרנולה רפאל-אגוזים זרעים ופירות 800 גרם,רפאלס,,גרנולה אגזים ופירות,גרמים,800.00,100 גרם,false,,29.90,0.0374,true,1,1409837
7290012052224,false,גרנולה רפאל-חלבה תמרים ואגוזים 800 גרם,רפאלס,,גרנולה חלבה תמרים וש,גרמים,800.00,100 גרם,false,,29.90,0.0374,true,1,1409839
7290012052231,false,גרנולה חמוציות אוכמניות וקשיו 800 גרם,רפאלס,,גרנולה פירות יער וקש,גרמים,800.00,100 גרם,false,,29.90,0.0374,true,1,1409840
7290012052309,false,גרנולה בננה צימוקים ושקדים מרכיבים טבעיים 1 ק''ג,כרמית תעשיות ממתקים בעמ,,גרנולה בננה וצימוק 1,קילוגרמים,1.00,"ק""ג",false,,27.90,27.9000,true,1,1409841
7290012052316,false,גרנולה תענוג - שפע פירות 1 קילו,כרמית תעשיות ממתקים בעמ,,גרנולה שפע פירות.,קילוגרמים,1.00,"ק""ג",false,,27.90,27.9000,true,1,1409842
7290012052330,false,גרנולה תענוג חלבה ותמרים 1 ק''ג,כרמית תעשיות ממתקים בעמ,,גרנולה חלבה.,קילוגרמים,1.00,"ק""ג",false,,27.90,27.9000,true,1,1409844
7290012052354,false,גרנולה אגוזים זרעים שוקולד ואגוזי לוז,כרמית תעשיות ממתקים בעמ,,גרנולה שוקולד ואגוזי,גרמים,350.00,100 גרם,false,,17.90,0.0511,true,1,1409846
7290012052385,false,מוזלי עם חמוציות ושקדים ללא תוספת סוכר,רפאלס,,גרנולה מוזלי עם חמוצ,גרמים,720.00,100 גרם,false,,29.90,0.0415,true,1,1409849
7290012052460,false,צ'וקולומומו - מיקס זרעים לסלט - אורגינל,רפאלס,,צוקולומומו מיקס זרעי,גרמים,250.00,100 גרם,false,,17.90,0.0716,true,1,1409850
7290012052477,false,צ'וקולומומו - מיקס זרעים לסלט - עשבי תיבול,כרמית תעשיות ממתקים בעמ,,צוקולומומו מיקס זרעי,גרמים,250.00,100 גרם,false,,17.90,0.0716,true,1,1409851
7290012052880,false,7 דגנים - חטיף חלבה 7 יח' 140 גרם,רפאלס,,חטיף 7 דגנים חלבה רפ,גרמים,132.00,100 גרם,false,,12.90,0.0977,true,1,1426997
7290012052897,false,חטיפי 7 דגנים בתוספת שוקולד מריר,רפאלס,,חטיף 7 דגנים שוקולד,גרמים,132.00,100 גרם,false,,12.90,0.0977,true,1,1426998
7290012052903,false,7 דגנים - חטיף מיקס פירות 7 יח' 140 גרם,רפאלס,,7 דגנים- חטיף מיקס פ,גרמים,132.00,100 גרם,false,,12.90,0.0977,true,1,1426999
7290012052910,false,7 דגנים - חטיף תפוח קינמון 7 יח' 140 גרם,רפאלס,,חטיף 7 דגנים תפוח וק,גרמים,132.00,100 גרם,false,,12.90,0.0977,true,1,1427000
7290012071003,false,"ד""ר פישר - קמיל בלו משחה לתינוק 200 גרם","פישר תעשיות פרמצביטות בע""מ",IL,קמיל בלו משחה לתינוק 200,גרמים,200.00,100 גרם,false,,19.90,0.0995,true,1,1399622
7290012086113,false,עגבניות שרי אשכולות מארז,ביכורי השדה הצפון בעמ` 1964,,שרי אשכולות מיני,00000000000000000000,0.00,00000000000000000000,false,,7.90,0.0000,true,1,1369189
7290012116032,false,כיף פיות מרכך לסירוק קל 750 מל,החברה הדרומית לשיווק בעמ,IL,"מרכך כיף פיות 750 מ""ל",מיליליטרים,750.00,"100 מ""ל",false,,14.90,0.0199,true,1,1366473
7290012116063,false,כיף אלסבון פיות מועשר בתמציות קמומיל 750,טרופיקל דגיל תעשיות,IL,אלסב.כיף פיות קמומיל750מ,מיליליטרים,750.00,"100 מ""ל",false,,14.90,0.0199,true,1,1366474
7290012116360,false,פוליויקס נוזל לניקוי רצפות גרניט פורצלן סנו 2 ליטר,החברה הדרומית לשיווק בעמ,IL,'פוליויקס גרניט פורצלן2ל,ליטרים,2.00,ליטר,false,,24.90,12.4500,true,1,1366481
7290012116537,false,"מקסימה אבקת כביסה בניחוח מאסק סנו 2.5 ק""ג",החברה הדרומית לשיווק בעמ,IL,אבקת כב.מקסימה מאסק 2.5ק,קילוגרמים,2.50,"ק""ג",false,,22.90,9.1600,true,1,1366484
7290012116551,false,אנטי קאלק נוזל לניקוי כללי סנו 2 ליטר,החברה הדרומית לשיווק בעמ,IL,"סנו אנטי קאלק רב""ש 2ליטר",ליטרים,2.00,ליטר,false,,27.90,13.9500,true,1,1366485
7290012116612,false,אורביטול מברשת שיניים סופט 4 יח`,החברה הדרומית לשיווק בעמ,CN,4 מברשות שיניים אורביטול,יח',4.00,יח',false,,14.90,3.7250,true,1,1366491
7290012116674,false,"דאודורנט גל קול 75 מ""ל קרמה מן",החברה הדרומית לשיווק בעמ,IL,"קרמה דאו.ג'ל קול 70 מ""ל",מיליליטרים,70.00,"100 מ""ל",false,,14.90,0.2129,true,1,1366497
7290012116681,false,דאודורנט ג'ל אנטיפרספירנט אקטיב בלוק Calm,החב הדרומית לשיווק,IL,"קרמה דאו.ג'ל קאלם 70מ""ל",מיליליטרים,70.00,"100 מ""ל",false,,14.90,0.2129,true,1,1366498
7290012116698,false,דאודורנט ג'ל אנטיפרספירנט אקטיב בלוק Ultimate,החברה הדרומית לשיווק בעמ,IL,קרמה דאו.ג'ל אולטימט 70מ,מיליליטרים,70.00,"100 מ""ל",false,,14.90,0.2129,true,1,1366499
7290012116704,false,דאודורנט ג'ל אנטיפרספירנט אקטיב בלוק Power,קוסמופארם,IL,"קרמה דאו.ג'ל פאוור 70מ""ל",מיליליטרים,70.00,"100 מ""ל",false,,14.90,0.2129,true,1,1366500
7290012117275,false,"קליר שקית מילוי לניקוי חלונות סנו 750 מ""ל",החברה הדרומית לשיווק בעמ,IL,סנוקליר שקית מילוי 750מל,מיליליטרים,750.00,"100 מ""ל",false,,8.90,0.0119,true,1,1366516
7290012117398,false,קרמה מן גל לאחר גילוח לעור עדין 150 מל,החברה הדרומית,IL,קרמה ג'ל אחר גילוח עד150,מיליליטרים,150.00,"100 מ""ל",false,,39.90,0.2660,true,1,1366520
7290012117411,false,"שמפו וג'ל רחצה רויבוס 700 מ""ל ""קרמה""",החברה הדרומית לשיווק בעמ,IL,קרמה ג'ל רח.גבר במבוק700,מיליליטרים,700.00,"100 מ""ל",false,,18.90,0.0270,true,1,1366522
7290012117428,false,"ג'ל רחצה ושמפו מעיינות מנטה קרמה מן 700 מ""ל",החברה הדרומית לשיווק בעמ,IL,קרמה ג'ל רח.ושמפו גבר700,מיליליטרים,700.00,"100 מ""ל",false,,18.90,0.0270,true,1,1366523
7290012117435,false,"קרמה - שמפו וג'ל רחצה 2 ב-1 אלוורה 700 מ""ל",החברה הדרומית לשיווק בעמ,IL,קרמה ג'ל רחצה אלוורה700מ,מיליליטרים,700.00,"100 מ""ל",false,,18.90,0.0270,true,1,1366524
7290012117534,false,מרכך כביסה מרוכז תכלת קול סנו מקסימה 1 ליטר,החברה הדרומית לשיווק בעמ,IL,מרכ.מקסימה ס.מרוכז קול1ל,ליטרים,1.00,ליטר,false,,19.90,19.9000,true,1,1366530
7290012117558,false,מקסימה מרכך כביסה מרוכז ורוד בניחוח מאסק סנו 1 ליטר,החברה הדרומית לשיווק בעמ,IL,מרכ.מקסימה ס.מרוכז מסק1ל,ליטרים,1.00,ליטר,false,,19.90,19.9000,true,1,1366532
7290012117565,false,כפפות סנו סושי לטקס S אריזת 100יח',החב. הדרומית לשיווק,IL,100יח S כפפות לטקס מידה,יח',100.00,יח',false,,32.90,0.3290,true,1,1366533
7290012117626,false,שטיפת פה דנטלית לילדים בטעם ענבים בוב ספוג,קוסמופארם בע'\'\מ,IL,אורביטול קיד מי פה 250מל,מיליליטרים,250.00,"100 מ""ל",false,,11.90,0.0476,true,1,1366538
7290012117916,false,אינסטלטור נוזל לפתיחת סתימות סנו 1 ליטר,החברה הדרומית לשיווק בעמ,IL,'סנו אינסטלטור נוזלי 1 ל,ליטרים,1.00,ליטר,false,,29.90,29.9000,true,1,1366553
7290012159275,false,מיונז אמיתי 430 גרם LINA,יורוסטנדרט בעמ,,מיונז אמיתי לינה 430,גרמים,430.00,100 גרם,false,,7.90,0.0184,true,1,1381952
7290012159480,false,יין לבן חצי יבש במעבע גוטה דה מרוויה,יורוסטנדרט בעמ,,יין לבן חצי יבש מבעב,מיליליטרים,700.00,"100 מ""ל",false,,24.90,0.0356,true,1,1381961
7290012192098,false,חלאבין לאבילין רול און 72 שעות אדום,חלאבין Halvin,,רול און דאודורנט,מיליליטרים,50.00,"100 מ""ל",false,,24.90,0.4980,true,1,1374597
7290012193125,false,ממתיק על בסיס סוכרלוז - טבליות,"קיפל טבליות וממתיקים בע""מ",IL,מר' סוכרלוז 150טבליות,גרמים,10.80,100 גרם,false,,24.90,2.3056,true,1,1401129
7290012193163,false,סבון נוזלי פמלי לקשרי פריחת הדובדבן 1 ל,אף.סי תבליני בגליל ב,IL,פמלי אל סבון ליטר פרחי בר,ליטרים,1.00,ליטר,false,,9.90,9.9000,true,1,1401130
7290012208065,false,ממרח לימון כבוש 190 גרם,"איטיליאן פוד, אס.פי.",,ממרח לימון כבוש 180ג,גרמים,180.00,100 גרם,false,,19.90,0.1106,true,1,1418257
7290012212055,false,קוקטייל זיתים ישראלי 560,שימורי מוטולה בעמ,,קוקטייל זיתים,גרמים,560.00,100 גרם,false,,11.90,0.0213,true,1,1714274
7290012226120,false,קבנוס זוגלובק (45x3 גרם),נקניק נהריה כשר זוגל,,קבנוס 135 גרם,גרמים,135.00,100 גרם,false,,9.90,0.0733,true,1,1369327
7290012226922,false,קבנוס בטעם שום זוגלובק (45x3 גרם),נקניק נהריה כשר זוגל,,קבנוס בטעם שום 135 ג,גרמים,135.00,100 גרם,false,,9.90,0.0733,true,1,1369329
7290012227172,false,חרמן הודו בדבש וברביקיו זוג במארז 600 ג' זוגלובק,נקניק נהריה כשר זוגל,,זוג נקניקים כפרית +ח,גרמים,600.00,100 גרם,false,,29.90,0.0498,true,1,1369336
7290012227325,false,סלמי דק דק מעושן איטלקי 120 ג' זוגלובק,זוגלובק שיווק בעמ,,סלמי מעושן דק דק 120,גרמים,120.00,100 גרם,false,,11.90,0.0992,true,1,1891729
7290012227912,false,קבנוס מעודן זוגלובק 135 גרם,נקניק זוגלובק נהריה,,קבנוס מעודן 135 גרם,גרמים,135.00,100 גרם,false,,9.90,0.0733,true,1,1749951
7290012227974,false,פסטרמה הודו בדבש טהור דק דק דק,זוגלובק שיווק בעמ,,פסטרמה בדבש 120,גרמים,120.00,100 גרם,false,,11.90,0.0992,true,1,1891735
7290012227981,false,פסטרמה דק דק ברביקיו 120 ג' זוגלובק,זוגלובק שיווק בעמ,,פסטרמה ברביקיו 120 ג,גרמים,120.00,100 גרם,false,,11.90,0.0992,true,1,1891775
7290012227998,false,פסטרמה דק דק חזה בקר 120 ג' זוגלובק,זוגלובק שיווק בעמ,,חזה בקר פרוס דק 120,גרמים,120.00,100 גרם,false,,11.90,0.0992,true,1,1891776
7290012228261,false,נקנקיות קנקרס הודו ועוף ריינהולד'ס זוגלובק 300 ג',זוגלובק שיווק בעמ,,נקניקיות הודו פרמיום,גרמים,300.00,100 גרם,false,,19.90,0.0663,true,1,2344235
7290012309311,false,ערמונים קלופים שלמים 100 גר`,דין שיווק וקליה 2021 בעמ,,ערמונים 100 גרם,גרמים,100.00,100 גרם,false,,6.90,0.0690,true,1,1374424
7290012309939,false,חלווה מסולסלת בקופסא ששון הקולה 500 גרם,דין שיווק וקליה 2021 בעמ,,חלבה מסולסלת 500 גרם,גרמים,500.00,100 גרם,false,,14.90,0.0298,true,1,1374429
7290012313141,false,מלפפונים פרוסות במלח קבוצת יבנה 330 גרם,קבוצת יבנה מוצרי מזון אגודה שי,,מלפפון פרוסות במלח,גרמים,560.00,100 גרם,false,,6.50,0.0116,true,1,1407182
7290012350443,false,ת.גרגרים נ.שומן-OIL,,,ת.גרגרים נ.שומן-OIL,מיליליטרים,200.00,"100 מ""ל",false,,21.90,0.1095,true,1,1392277
7290012352010,false,קרם לחות מזינה עם שמן ארגן מרוקאי לשיער יבש מאוד ופגום,החברה הדרומית לשיווק בעמ,,קרם לחות לשיער +שמן,מיליליטרים,400.00,"100 מ""ל",false,,19.90,0.0497,true,1,1366582
7290012352027,false,קרם לחות מזינה עם שמן אגוז ברזילאי לשיער צבוע ופגום,נטורל פורמולה Natural Formula,IL,ק.לחות+שמן אגוז ברזיל400,מיליליטרים,400.00,"100 מ""ל",false,,19.90,0.0497,true,1,1366583
7290012367700,false,קרם גוף אינטנסיב רליף Intensive relief לעור יבש ומגורה,"פישר תעשיות פרמבצטיות בע""מ",IL,אפקטיב קר קרם גוף שיבולת,מיליליטרים,700.00,"100 מ""ל",false,,32.90,0.0470,true,1,1399626
7290012367717,false,קרם ידיים וציפורניים Intensive relief לעור יבש ומגורה,פישר תעשיות פרמבצטיות בעמ,IL,אפקטיב קר קרם ידיים שיבול,מיליליטרים,150.00,"100 מ""ל",false,,11.90,0.0793,true,1,1399627
7290012367908,false,שמן טיפולי לתינוק בתוספת אלוורה Kamil Blue Sensitive,פישר תעשיות פרמצבטיות בעמ,IL,"ד""ר פישר קמיל בלו סנסיטיב",מיליליטרים,200.00,"100 מ""ל",false,,17.90,0.0895,true,1,1399632
7290012404993,false,נקטר דיאט חמוציות ספרינג קולקשן 1.25 ליטר,יפאורה - שותפות מוגבלת לשיווק,,ספרינג נקטר דיאט חמו,ליטרים,1.25,ליטר,false,,11.90,9.5200,true,1,1371101
7290012413636,false,תה ירוק צ'אי מסאלה ויסוצקי 25 יחידות,תה ויסוצקי (ישראל) בעמ,IL,תה ירוק צ'אי מסאלה,גרמים,37.50,100 גרם,false,,22.90,0.6107,true,1,1386848
7290012413643,false,תה ירוק קמומיל 25 שקיקים ויסוצקי,תה ויסוצקי (ישראל) בעמ,IL,תה ירוק קמומיל,גרמים,37.50,100 גרם,false,,22.90,0.6107,true,1,1386849
7290012454172,false,סוכריות ללא תוספת סוכר בטעם תות מיה 80 גרם,מיה תעשיות מזון מ.ת.מ. בעמ,IL,סוכריות יוגורט תות ללא סו,גרמים,80.00,100 גרם,false,,6.90,0.0863,true,1,1381264
7290012454202,false,סוכריות ללא תוספת סוכר בטעם ריבת חלב מיה 80 גרם,מיה תעשיות מזון מ.ת.מ. בעמ,IL,סוכריות ריבת חלב ללא סוכר,גרמים,80.00,100 גרם,false,,6.90,0.0863,true,1,1381267
7290012454257,false,שזיף מיובש ללא גלעין מיה 200 גרם,מיה תעשיות מזון מ.ת.מ. בעמ,IL,שזיף מיובש ללא גלעין 200ג,גרמים,200.00,100 גרם,false,,9.90,0.0495,true,1,1381269
7290012454592,false,סוכריות דבש לימון ללא סוכר מיה 80 גרם,מיה תעשיות מזון מ.ת.מ. בעמ,IL,סוכריות דבש לימון ללא סוכ,גרמים,80.00,100 גרם,false,,6.90,0.0863,true,1,1381274
7290012470264,false,דוקרן גבינות ודגים,מיה טריידינג,CN,דוקרני גבינות ופירות,יחידה,1.00,יחידה,false,,9.90,9.9000,true,1,1352748
7290012470479,false,אסלונית כיסוי מגן לאסלה,קונסיגנציה- ש. י גיספאן 1993,CN,"אסלונית 10 יח""",יח',10.00,יח',false,,9.90,0.9900,true,1,1352753
7290012483608,false,"אורז בסגנון בסמטי מובחר 5ק""ג DAWAT",ג.וילי-פוד אינטרנשיונל בעמ,IN,אורז בסמטי מובחר 5ק'ג DAA,קילוגרמים,5.00,"ק""ג",false,,52.90,10.5800,true,1,1836468
7290012522581,false,טבעול שניצל תירס ללא גלוטן טבעול 664 גרם,קבוצת אוסם סחר-שות.מוגבלת,IL,טבעול שניצל תירס ללא גלוט,גרמים,664.00,100 גרם,false,,29.90,0.0450,true,1,1349771
7290012561313,false,בצל קצוץ ומטוגן דורות 400 גרם,עיצובים 2020 (3.8),,דורות בצל מטוגן 400,גרמים,400.00,100 גרם,false,,19.90,0.0497,true,1,2233861
7290012561337,false,כורכום טרי כתוש קפוא דורות 70 גר,מוצרי שום ותיבול דורות,,כורכום טרי כתוש,גרמים,70.00,100 גרם,false,,9.90,0.1414,true,1,2175221
7290012561405,false,בצל קצוץ ומטוגן דורות (180 גרם),קבוצת אוסם סחר שותפות מוגבלת,IL,בצל קצוץ ומטוגן 180 גרם,גרמים,180.00,100 גרם,false,,9.90,0.0550,true,1,1349782
7290012576614,false,יין Premieur לבן חצי יבש אמרלד ריזלינג קולומברד,יקבי ברקן שיווק והפצה בע,,יין פרימייר לבן 750,מיליליטרים,750.00,"100 מ""ל",false,,26.90,0.0359,true,1,1370712
7290012642678,false,אננס בכוסות פלס. רביעיות 113 גר,FOODS HUIZIANG JIANGSU,,לפתן אננס בכוסות פלס,גרמים,452.00,100 גרם,false,,10.90,0.0241,true,1,1387186
7290012642685,false,אפרסק פירות בכוסות פלסטיק 4*113ג' תומר,תומר,,לפתן אפרסק פירות בכו,גרמים,452.00,100 גרם,false,,10.90,0.0241,true,1,1387187
7290012642692,false,קוקטייל פירות בכוסות פלס. רביעיות 113 גר,תומר יבוא ושיווק מוצרי מזון (1,,לפתן קוקטייל פירות ב,גרמים,452.00,100 גרם,false,,10.90,0.0241,true,1,1387188
7290012642807,false,פלפלים ירוקים כבושים בחומץ תומר 540 גרם,תומר,,פלפלים ירוקים חריפים,גרמים,530.00,100 גרם,false,,9.90,0.0187,true,1,1387189
7290012642838,false,רצועות פלפל אדום בחומץ תומר 520 גרם,תומר,,פלפל רצועות אדום בחו,גרמים,520.00,100 גרם,false,,9.90,0.0190,true,1,1387191
7290012642845,false,פלפל אדום כבוש בחומץ תומר 520 ג',תומר,,פלפל אדום בחומץ,גרמים,520.00,100 גרם,false,,9.90,0.0190,true,1,1387192
7290012642869,false,פלפלונים אדום בחומץ חריף 540 מ`ל תומר,תומר ייבוא ושיווק מוצרי מזון [,,פלפלונים אדום בחומץ,גרמים,530.00,100 גרם,false,,9.90,0.0187,true,1,1387194
7290012642876,false,פלפלונים מעורב צבעוני בחומץ חריף6X,יושלם,,פלפלונים מעורב בחומץ,מיליליטרים,530.00,"100 מ""ל",false,,9.90,0.0187,true,1,1387195
7290012642906,false,פלפלים ירוקים מוחמצים שלמים בחריפות עדינה,תומר,,פלפלונים ירוק בחומץ,גרמים,450.00,100 גרם,false,,9.90,0.0220,true,1,1387197
7290012645051,false,יוגורט עיזים בגביע 350 גר`חלב הארץ,שטראוס גרופ בעמ/מצונן,,יוגורט עיזים 350 גרם,גרמים,350.00,100 גרם,false,,10.90,0.0311,true,1,2248885
7290012645068,false,גבינה מותכת מחלב עיזים 16% שומן ישראלה 180 ג',שטראוס גרופ בעמ/מצונן,,גבינה מותכת ישראלה מ,גרמים,180.00,100 גרם,false,,19.90,0.1106,true,1,2300522
7290012645075,false,יוגורט כבשים יווני גביע 350 גרם חלב הארץ,שטראוס גרופ בעמ/מצונן,,יוגורט כבשים יווני ב,גרמים,350.00,100 גרם,false,,10.90,0.0311,true,1,2300523
7290012645112,false,יוגורט עיזים 2.8% בדלי חלב הארץ 750 גרם,שטראוס גרופ בעמ/מצונן,,יוגורט עיזים 750 גרם,גרמים,750.00,100 גרם,false,,19.90,0.0265,true,1,1858917
7290012645129,false,יוגורט כבשים 5% בדלי חלב הארץ 750 גרם,שטראוס גרופ בעמ/מצונן,,יוגורט כבשים 750 גרם,גרמים,750.00,100 גרם,false,,19.90,0.0265,true,1,1858918
7290012645280,false,יוגורט כבשים בסגנון יוני 5% חלב הארץ 150 גרם,שטראוס גרופ בעמ/מצונן,,יוגורט בסגנון יווני,גרמים,150.00,100 גרם,false,,5.90,0.0393,true,1,1858922
7290012645297,false,יוגורט עיזים ביו 2.8% טעם טבעי חלב הארץ 150 גרם,שטראוס גרופ בעמ/מצונן,,יוגורט עיזים 150 גרם,גרמים,150.00,100 גרם,false,,5.90,0.0393,true,1,1414491
7290012645389,false,יוגורט עיזים טבעי 1 ליטר בבקבוק חלב האר,שטראוס גרופ בעמ/מצונן,,יוגורט עיזים טבעי 1,ליטרים,1.00,ליטר,false,,19.90,19.9000,true,1,1858925
7290012697241,false,"סוכרזית מהטבע סטיוויה נוזלי 220מ""ל",אף.סי תבליני בגליל ב,IL,סוכרזית מצמח הסטיוויה נוז,מיליליטרים,220.00,"100 מ""ל",false,,26.90,0.1223,true,1,1390226
7290012697388,false,סוכרזית מצמח הסטיוויה כפית לכפית 100 גר,"שטראוס גרופ בע""מ",IL,סוכרזית מצמח הסטיוויה כפי,גרמים,100.00,100 גרם,false,,29.90,0.2990,true,1,1390228
7290012803055,false,סוכרלוז מרמולייט- 100שקיות אישיות,"קיפל טבליות וממתיקים בע""מ",IL,מר' סוכרלוז 100שקיות,יח',100.00,יח',false,,24.90,0.2490,true,1,1401139
7290012803215,false,טוסו וופל בלגי ללתס בטעם שוקולד 200 גר`,בטר אנד דיפרנט,IL,טוסו ופל בלגי בטעם שוקולד,גרמים,200.00,100 גרם,false,,9.90,0.0495,true,1,1401143
7290012803222,false,טוסו ופל בסגנון בלגי בטעם לימון ללא תוספת סוכר 200 גרם,בטר אנד דיפרנט,IL,טוסו ופל בלגי בטעם לימון,גרמים,200.00,100 גרם,false,,9.90,0.0495,true,1,1401144
7290012803314,false,ממתיק על בסיס סוכרלוז - טבליות,"קיפל טבליות וממתיקים בע""",IL,מר' סוכרלוז 300טבליות,יח',300.00,יח',false,,39.90,0.1330,true,1,1401145
7290012803352,false,רייד תרסיס קוטל יתושים/זבובים 300 מל,אס.סי.ג'ונסון מידרכט,NL,RAIDקוטל זבובים ויתושים 3,מיליליטרים,300.00,"100 מ""ל",false,,15.90,0.0530,true,1,1401147
7290012803451,false,טוסו שוקולד מריר 62% מוצקי קקאו ללא תוספת סוכר 100 גרם,"דנשר (1963) בע,מ",TR,טוסו שוקולד מריר מעולה 10,גרמים,100.00,100 גרם,false,,7.90,0.0790,true,1,1401149
7290012803765,false,טוסו שוקולד מריר ללא תוספת סוכר 100 גרם,אלטינמארקה גידה סאן,TR,טוסו שוקולד מריר 100גרם,גרמים,100.00,100 גרם,false,,7.90,0.0790,true,1,1401159
7290012803772,false,טוסו שוקולד חלב ללא תוספת סוכר 100 גרם,אלטינמארקה גידה סאן,TR,טוסו שוקולד חלב 100גרם,גרמים,100.00,100 גרם,false,,7.90,0.0790,true,1,1401160
7290012803789,false,טוסו שוקולד מריר עם אגוזים ללא תוספת סוכר 100 גרם,האי נאם סי או אל.טי.,TR,טוסו שוקולד מריר עם אגוזי,גרמים,100.00,100 גרם,false,,7.90,0.0790,true,1,1401161
7290012803796,false,טוסו שוקולד חלב עם אגוזים ללא תוספת סוכר 100 גר',אלטינמארקה גידה סאן,TR,טוסו שוקולד חלב עם אגוזים,גרמים,100.00,100 גרם,false,,7.90,0.0790,true,1,1401162
7290012823343,false,משחת שיניים אורביטול קידס סטעם סוכריות ג'לי 70 גרם,החברה הדרומית,,משחת שיניים אורביטול,גרמים,70.00,100 גרם,false,,8.90,0.1271,true,1,2252582
7290012823374,false,אנטי קאלק מטליות לחות לניקוי כללי סנו 50 יחידות,מיוצר עי קונדיטוריית,IL,'אנטי קאלק מטליות 50 יח,יח',50.00,יח',false,,14.90,0.2980,true,1,1366594
7290012823398,false,מטליות חד פעמיות לניקוי הרצפה בניחוח מרכך כביסה 10יח' סנו,החברה הדרומית לשיווק בעמ,,ריצפז פרש מטליות ענק,יח',10.00,יח',false,,14.90,1.4900,true,1,1769619
7290012823404,false,מטהר אוויר פרש אוטומטיק יסמין וסנדלווד,החברה הדרומית לשיווק בעמ,,מטהר אוויר פרש אוטומ,מיליליטרים,250.00,"100 מ""ל",false,,12.90,0.0516,true,1,1366596
7290012823541,false,ריצפז פרש מטליות לחות לרצפה בניחוח לבנדר 10 יחידות,החברה הדרומית לשיווק בעמ,IL,10 מטל.לחות לריצפה ריצפז,יח',10.00,יח',false,,14.90,1.4900,true,1,1366600
7290012823558,false,"מטליות לחות לרצפה 40*70 ס""מ סנו סושי 10 יחידות",החברה הדרומית לשיווק בעמ,IL,10מטליות לחות לרצפה סושי,יח',10.00,יח',false,,14.90,1.4900,true,1,1366601
7290012823565,false,פוליויקס מטליות ענק לחות לפרקט סנו 10 יחידות,החב. הדרומית לשיווק,IL,10 מטליות לחות פוליויקס,יח',10.00,יח',false,,13.90,1.3900,true,1,1366602
7290012823589,false,ריצפז פרש בניחוח לימון מרענן,החברה הדרומית לשיווק בעמ,IL,סנו ריצפז פרש לימון 2 לי,ליטרים,2.00,ליטר,false,,17.90,8.9500,true,1,1366604
7290012823602,false,נייר טואלט סופט סילק לבן 32 גלילים סנו,החברה הדרומית לשיווק בעמ,IL,נייר טואלט סופט לבן 32גל,מטרים,589.00,מטר,false,,35.90,0.0610,true,1,1366605
7290012823794,false,כיף אלסבון 2ליטר יסמין לבנדר,קוסמופארם,IL,אל סבון כיף יסמין 2 ליטר,ליטרים,2.00,ליטר,false,,22.90,11.4500,true,1,1366619
7290012823916,false,גל כביסה סנו מקסימ מרוכז קריסטל נואר 5 ל,החברה הדרומית לשיווק בעמ,IL,מקסימה ג'ל כביסה 5ל,ליטרים,5.00,ליטר,false,,44.90,8.9800,true,1,1366627
7290012823923,false,"מרכך כביסה מרוכז פרפיום גולדן מקסימה 750 מ""ל",החברה הדרומית לשיווק בעמ,IL,מ.מקסימה פרפיום גולדן750,מיליליטרים,750.00,"100 מ""ל",false,,19.90,0.0265,true,1,1366628
7290012823947,false,"סנו - מרכך כביסה מרוכז פרפיום קריסטל נואר 750 מ""ל",החברה הדרומית לשיווק בעמ,IL,מ.מקסימה פרפיום קריסט750,מיליליטרים,750.00,"100 מ""ל",false,,19.90,0.0265,true,1,1366630
7290012838026,false,עוגיות מלוחות עבודת יד 350גר,הלל בן הלל שיווק ומסחר בעמ,,עוגיות מלוחות,גרמים,350.00,100 גרם,false,,15.90,0.0454,true,1,1412460
7290012850035,false,מחית בוליווד תפוח ואפרסק 190 גרם,שקד תבל בע`מ,SK,BELOVED מחית תפוח ואפרסק,גרמים,190.00,100 גרם,false,,5.90,0.0311,true,1,1350633
7290012850073,false,מחית בוליווד סלט פירות 190 גרם,שקד תבל בע`מ,SK,BELOVED מחית סלט פירות 19,גרמים,190.00,100 גרם,false,,5.90,0.0311,true,1,1350637
7290012871054,false,שלווה חיטה מלאה דבש 200 גרם דגן,מפעלי דגן,,חטיף שלווה מתוקה 220,גרמים,200.00,100 גרם,false,,5.90,0.0295,true,1,1430417
7290012871061,false,חטיף תירס פופ מתוק ד,מפעלי דגן,,חטיף תירס תפוח 150ג.,גרמים,150.00,100 גרם,false,,5.90,0.0393,true,1,1430418
7290012878817,false,קרם חמצן 6% שוורץ,שוורץ Schwartz,IL,"תח' חמ % 6 60 סמ""ק שוו","100 סמ""ק",60.00,"100 סמ""ק",false,,3.00,0.0500,true,1,1374932
7290012878831,false,תחליב חמצן 9%,שוורץ Schwartz,IL,"תח' חמ'9% 60 סמ""ק שוור","100 סמ""ק",60.00,"100 סמ""ק",false,,3.00,0.0500,true,1,1374933
7290012884986,false,צ`יפס לתנור עד 4% שומן תפוגן (1.5 קג),קבוצת אוסם סחר שותפות מוגבלת,IL,תפוגן צ'יפס לתנור 4% שומן,קילוגרמים,1.50,"ק""ג",false,,24.90,16.6000,true,1,1349786
7290012888380,false,סיר מיקרו 1.5 ליטר פ,,,סיר מיקרו 1.5 ליטר פ,יחידה,0.00,יחידה,false,,14.90,0.0000,true,1,2329728
7290012901355,false,דודלס ארוחת אטריות עם גבינה 206 גרם,האי נאם סי או אל.טי.,,דודלס ארוחת אטריות ע,גרמים,206.00,100 גרם,false,,9.90,0.0481,true,1,2302259
7290012901959,false,ארוחת אטריות עם גבינה מסולסלים 156 גרם,מור-ים מרקטינג בעמ,,דודלס ארוחת אטריות ע,גרמים,156.00,100 גרם,false,,9.90,0.0635,true,1,2302260
7290012911156,false,"רוטב טריאקי שומשום 300 מ""ל ""אסיה""",קיי.אר.אס.ספייסי פוד,TH,"רוטב טריאקי שומשום 300 מ""",מיליליטרים,300.00,"100 מ""ל",false,,13.90,0.0463,true,1,1391110
7290012911170,false,מיסו כהה-מחית פולי סויה,טחנת האבן קואופ בעמ,,"מיסו כהה 500 ג""ר -כש",גרמים,500.00,100 גרם,false,,10.90,0.0218,true,1,1391111
7290012911187,false,מיסו בהיר-מחית פולי סויה,טחנת האבן קואופ בעמ,,"מיסו בהיר 500 ג""ר -כ",גרמים,500.00,100 גרם,false,,10.90,0.0218,true,1,1391112
7290012911224,false,יין אורז סאקה,ningbo yimin,CN,"סאקה 750 מ""ל -כשר",מיליליטרים,750.00,"100 מ""ל",false,,21.90,0.0292,true,1,1391113
7290012911262,false,"מירין משובח 500 מ""ל",טחנת האבן קואופ בעמ,CN,"מירין משובח 500 מ""ל - כשר",מיליליטרים,500.00,"100 מ""ל",false,,16.90,0.0338,true,1,1391115
7290012911293,false,דפי אורז 22 סמ טעמי אסיה (300 גרם)-ללא,טחנת האבן קואופ בעמ,VN,"דפי אורז 22 ס""מ (כשר) 300",גרמים,300.00,100 גרם,false,,12.90,0.0430,true,1,1391116
7290012911415,false,ממרח קארי ירוק טעמי אסיה (400 גרם),קיי אר אס ספייסי פוד,TH,ממרח קארי ירוק 400 גרם- כ,גרמים,400.00,100 גרם,false,,16.90,0.0422,true,1,1391121
7290012911422,false,ממרח קארי אדום טעמי אסיה (400 גרם),טחנת האבן קואופ בעמ,TH,ממרח קארי אדום 400 גרם -כ,גרמים,400.00,100 גרם,false,,16.90,0.0422,true,1,1391122
7290012911439,false,"קארי ממרח צהוב 400 גרם ""אסיה""",טחנת האבן קואופ בעמ,TH,ממרח קארי צהוב 400 גרם -כ,גרמים,400.00,100 גרם,false,,16.90,0.0422,true,1,1391123
7290012911477,false,קרם קוקוס טעמי אסיה (400 מל),אסיאטיק אגרו אינדסטר,TH,"קרם קוקוס מבצע 400 מ""ל",גרמים,400.00,100 גרם,false,,8.90,0.0223,true,1,1391124
7290012911583,false,רצועות דלעת כבושה קנפיו 100גר,טחנת האבן קואופ בעמ,CN,רצועות דלעת כבושה - קנפיו,גרמים,100.00,100 גרם,false,,10.90,0.1090,true,1,1391126
7290012911644,false,רוטב סריראצ'ה- רוטב צ'ילי חריף,טחנת האבן קואופ בעמ,,רוטב סריראג'ה צילי ח,מיליליטרים,435.00,"100 מ""ל",false,,19.90,0.0457,true,1,1391128
7290012911675,false,פטריות שטאקה טעמי אסיה (85 גרם),טחנת האבן קואופ בעמ,CN,"פטריות שטאקה 85 ג""ר - כשר",גרמים,85.00,100 גרם,false,,13.90,0.1635,true,1,1391130
7290012911729,false,"ג'ינג'ר ורוד לסושי 250 גרם ""אסיה""",טחנת האבן קואופ בעמ,CN,ג'ינג'ר לסושי ( ורוד ) כש,גרמים,250.00,100 גרם,false,,7.90,0.0316,true,1,1391131
7290012911804,false,שמן שומשום טעמי אסיה (150 מל),גואנגדונג גוד טייסט,SG,"שמן שומשום 150 מ""ל - כשר",מיליליטרים,150.00,"100 מ""ל",false,,11.90,0.0793,true,1,1391133
7290012911866,false,"דפי אורז מרוב עים 22 ס""מ 300 גרם",טחנת האבן קואופ בעמ,VN,"דפי אורז מרובעים- 22 ס""מ,",גרמים,300.00,100 גרם,false,,12.90,0.0430,true,1,1391135
7290012911934,false,שבבי אורז 227 גרם כש,טחנת האבן קואופ בעמ,TH,שבבי אורז 227ג' -כשר,גרמים,227.00,100 גרם,false,,5.90,0.0260,true,1,1391136
7290012911941,false,רוטב צ'ילי מתוק ללא תוספת סוכר,טחנת האבן קואופ בעמ,TH,"רוטב צ'ילי מתוק 700 מ""ל",גרמים,700.00,100 גרם,false,,13.90,0.0199,true,1,1391137
7290012911965,false,ג'ינג'ר לסושי ללא צבע כשר 250ג',טחנת האבן קואופ בעמ,CN,"ג'ינג'ר לסושי , ללא צבע -",גרמים,250.00,100 גרם,false,,7.90,0.0316,true,1,1391138
7290012921025,false,"בקבוק בירה מלכה בהירה 330 מ""ל",הכרם - משקאות חריפים בעמ,,בירה מלכה בהירה.,מיליליטרים,330.00,"100 מ""ל",false,,12.90,0.0391,true,1,1380946
7290012921032,false,"בקבוק בירה מלכה אדמונית 330 מ""ל",הכרם - משקאות חריפים בעמ,,בירה מלכה אדמונית.,מיליליטרים,330.00,"100 מ""ל",false,,12.90,0.0391,true,1,1380947
7290012921056,false,"בקבוק בירה מלכה חיטה 330 מ""ל",הכרם - משקאות חריפים בעמ,,בירה מלכה חיטה.,מיליליטרים,330.00,"100 מ""ל",false,,12.90,0.0391,true,1,1380949
7290012921063,false,בירה מלכה הינדי בבקבוק,הכרם משקאות חריפים בעמ,,בירה מלכה הינדי.,מיליליטרים,330.00,"100 מ""ל",false,,12.90,0.0391,true,1,1380950
7290012929724,false,מחית לתינוק פירות 13,,,מחית לתינוק פירות 13,גרמים,130.00,100 גרם,false,,3.90,0.0300,true,1,1380497
7290012929762,false,מחית לתינוק בננות 13,,,מחית לתינוק בננות 13,גרמים,130.00,100 גרם,false,,3.90,0.0300,true,1,1380499
7290012929779,false,פסטה מקמח מלא ספירלה 500גרם טעמן,מוצרי יסוד - טעמן,,פסטה ספירלה מקמח מלא,גרמים,500.00,100 גרם,false,,4.90,0.0098,true,1,1380500
7290012929786,false,פסטה מקמח מלא צינורות 500 גרם טעמן,מוצרי יסוד - טעמן,,פסטה צינורות מקמח מל,גרמים,500.00,100 גרם,false,,4.90,0.0098,true,1,1380501
7290012929793,false,פסטה ספדטי מקמח מלא טעמן 500 גר',מוצרי יסוד - טעמן,,ספגטי מקמח מלא 500 ג,גרמים,500.00,100 גרם,false,,4.90,0.0098,true,1,1380502
7290012938580,false,"משחת שיניים סנסודיין להלבנה עדינה 75 מ""ל",גלקסוסמית'\קליין קונסיומ,GB,סנסודיין הלבנה עדינה 75 מ,מיליליטרים,75.00,"100 מ""ל",false,,19.90,0.2653,true,1,1393940
7290012938597,false,משחת שיניים רפיד רליף סנסודיין (75 מל),"סמיתקליין ביצ'ם בע""מ",SK,סנסודיין רפיד רליף 75 מ'',מיליליטרים,75.00,"100 מ""ל",false,,23.90,0.3187,true,1,1393941
7290012938740,false,משחת שיניים סנסודיין פרש מינט מנטה 75 מל,גלקסו סמית קליין,GB,"סנסודיין פרש מינט 75 מ""ל",מיליליטרים,75.00,"100 מ""ל",false,,19.90,0.2653,true,1,1393944
7290012938924,false,אקוהפרש מי פה ללא אלכוהול 500 מל,מולינו ניקולי s.p.a,GB,"א.פרש מיי פה 500 מ""ל",מיליליטרים,500.00,"100 מ""ל",false,,19.90,0.0398,true,1,1393945
7290012962578,false,צימרוני אוזניים עץ בקופסא 300 יחידות אינטרסאן,הדקלאים אגודת שיתופי,,צימרוני אוזנים עץ בק,יח',300.00,יח',false,,6.90,0.0230,true,1,1368898
7290012996672,false,סבון אסלה + בושם ל24 שעות ביום הפי,יעקב יעקבי ובניו בעמ,IT,סבון אסלה בושם ירוק - זוג,יחידה,1.00,יחידה,false,,9.90,9.9000,true,1,1372419
7290012996702,false,הפי ג'ל דוחה עש ומבשם לארון הבגדים,יעקב יעקבי ובניו בעמ,IT,הפי שקיות ריחניות לבגדים,יח',2.00,יח',false,,9.90,4.9500,true,1,1372422
7290013038432,false,מים אקווה נובה בקבוק יחיד,אקווה נובה Aqua Nova,,מים אקווה נובה 2 ליט,ליטרים,2.00,ליטר,false,,3.20,1.6000,true,1,1370718
7290013083661,false,"מטרנה אקסטרה קר שלב 1 חסכון 700 גרם תמ""ל",קבוצת אוסם סחר-שות.מוגבלת,IL,תרכובת מזון לתינוקות על ב,גרמים,700.00,100 גרם,false,,59.90,0.0856,true,1,1349787
7290013083678,false,"מטרנה אקסטרה קר שלב 2 חסכון 700 גרם תמ""ל",קבוצת אוסם סחר-שות.מוגבלת,IL,תרכובת מזון המשך לתינוקו,גרמים,700.00,100 גרם,false,,59.90,0.0856,true,1,1349788
7290013083685,false,תחליף חלב מטרנה אקסטרה קר שלב 3 חסכון 700 גרם,קבוצת אוסם סחר-שות.מוגבלת,IL,תרכובת מזון המשך לפעוטות,גרמים,700.00,100 גרם,false,,59.90,0.0856,true,1,1349789
7290013117212,false,בורקס פילו במילוי גבינה 600 גר`מעדנות,תנובה מרכז שיתופי לשיווק תוצרת,IL,בורקס פילו במילוי גבינה מ,גרמים,600.00,100 גרם,false,,19.90,0.0332,true,1,1388109
7290013117229,false,"בורקס פילו במילוי תפו""א מעדנות 600 גר",תנובה מרכז שיתופי לשיווק תוצרת,IL,"בורקס פילו במילוי תפו""א מ",גרמים,600.00,100 גרם,false,,19.90,0.0332,true,1,1388110
7290013117236,false,בורקס פילו פיצה מעדנות 600 גרם,תנובה מרכז שיתופי לשיווק תוצרת,IL,בורקס פילו פיצה 600 גר,גרמים,600.00,100 גרם,false,,19.90,0.0332,true,1,1388111
7290013117243,false,בורקס פילו בולגרית מעדנות 600 גרם,תנובה מרכז שיתופי לשיווק תוצרת,IL,בורקס פילו בולגרית 600 גר,גרמים,600.00,100 גרם,false,,19.90,0.0332,true,1,1388112
7290013117410,false,בצק פריך מרודד למאפים מתוקים 900 ג' מעדנות,תנובה מרכז שיתופי לשיווק תוצרת,IL,בצק פריך מתוק 900 גר מעדנ,גרמים,900.00,100 גרם,false,,22.90,0.0254,true,1,1388115
7290013117427,false,בצק פריך מרודד למאפים מלוחים מעדנות 2*450 גרם,תנובה מרכז שיתופי לשיווק תוצרת,IL,בצק פריך מלוח 900 גר מעדנ,גרמים,900.00,100 גרם,false,,22.90,0.0254,true,1,1388116
7290013117526,false,בצק שמרים מרודד למאפים מתוקים מעדנות 900 גרם,תנובה מרכז שיתופי לשיווק תוצרת,IL,בצק שמרים למאפים מתוקים 9,גרמים,900.00,100 גרם,false,,22.90,0.0254,true,1,1388120
7290013121011,false,חלת שבת 500 גרם ללא גלוטן,אביב קונדיטוריה מעול,IL,חלת שבת 500,גרמים,500.00,100 גרם,false,,21.90,0.0438,true,1,1398145
7290013121035,false,לחם פשתן ללא גלוטן 500 גר קפוא,אביב קונדיטוריה מעול,IL,לחם פשתן 500,גרמים,500.00,100 גרם,false,,19.90,0.0398,true,1,1398147
7290013121042,false,לחם איטלקי ללא גלוטן 500 גר קפוא,אביב קונדיטוריה מעול,IL,לחם איטלקי 500,גרמים,500.00,100 גרם,false,,19.90,0.0398,true,1,1398148
7290013121134,false,בייגל ללא גלוטן 430 גר קפוא,אביב קונדיטוריה מעול,IL,בייגל 430,גרמים,400.00,100 גרם,false,,19.90,0.0497,true,1,1398154
7290013121394,false,גרינלייט לחם צרפתי גרעיני 500ג,,,לחם צרפתי גרעיני סופ,גרמים,500.00,100 גרם,false,,19.90,0.0398,true,1,2276579
7290013121424,false,גרינלייט לחם צרפתי קלאסי 500ג,,,לחם צרפתי קלאסי 500,גרמים,500.00,100 גרם,false,,19.90,0.0398,true,1,2276580
7290013121684,false,כדורי שוקולד 400 גרם ללא גלוטן,אביב קונדיטוריה מעול,IL,כדורי שוקולד 400,גרמים,400.00,100 גרם,false,,29.90,0.0747,true,1,1398171
7290013121776,false,לחם כפרי ללא תוספת סוכר וללא גלוטן,אביב קונדיטוריה מעול,IL,לחם כפרי ללא סוכר 700 גרם,גרמים,700.00,100 גרם,false,,24.90,0.0356,true,1,1398179
7290013153586,false,"משקה פירות יער קפוא פריגת 340 מ""ל",היינץ צפון אמריקה מק,,מיץ פירות יער קפוא 2,גרמים,280.00,100 גרם,false,,9.90,0.0354,true,1,1736048
7290013153593,false,תפוזים מתקתק 100% פריגת 1 ליטר,*החברה המרכזית להפצת משקאותבעמ,,מיץ תפוזים מתקתק 100,ליטרים,1.00,ליטר,false,,11.90,11.9000,true,1,2317509
7290013156006,false,עוגיות כעכים לקפה מרוקאיות 200גר,הלל בן הלל שיווק ומסחר בעמ,,עוגיות מרוקאיות,גרמים,350.00,100 גרם,false,,16.90,0.0483,true,1,1412461
7290013156822,false,עוגיות רייף 350ג גאקובס,הלל בן הלל שיווק ומסחר בעמ,,עוגיות רייף,גרמים,350.00,100 גרם,false,,16.90,0.0483,true,1,2306646
7290013156914,false,עוגיות כעך טוניסאי 350גר,הלל בן הלל שיווק ומסחר בעמ,,עוגיות כעך טוניסאי ג,גרמים,350.00,100 גרם,false,,16.90,0.0483,true,1,2306648
7290013156921,false,עוגיות מרוקאיות ללא סוכר,הלל בן הלל שיווק ומסחר בעמ,,עצבעות מתוקות ללא תו,גרמים,350.00,100 גרם,false,,16.90,0.0483,true,1,2306649
7290013237941,false,דאודורנט רול און Teschio Black,חלאבין Halvin,,דאודורנט רולאון טסקי,מיליליטרים,80.00,"100 מ""ל",false,,14.90,0.1863,true,1,1374621
7290013268020,false,מקסימה מרכך כביסה מרוכז בניחוח אולטרא פרש סנו 1 ליטר,החברה הדרומית לשיווק בעמ,IL,מקסימה סופר מרוכז פרש 1ל,ליטרים,1.00,ליטר,false,,19.90,19.9000,true,1,1366633
7290013268037,false,מקסימה מרכך כביסה מרוכז בניחוח לבנדר פצ'ולי סנו 1 ליטר,החברה הדרומית לשיווק בעמ,IL,'מקסימה ס.מרוכז לבנדר 1ל,ליטרים,1.00,ליטר,false,,19.90,19.9000,true,1,1366634
7290013268204,false,סנובון מגבונים לניקוי וחיטוי מושב האסלה,טרופיקל דגיל- תעשיות,,מגבונים לחיטוי מושב,יח',20.00,יח',false,,9.90,0.4950,true,1,1950054
7290013268242,false,תרכיז ריחני לניקוי רצפות בריח מלון מפנק ריצפז פרש,החברה הדרומית לשיווק בעמ,,ריצפז פרש הום תרכיז,ליטרים,2.00,ליטר,false,,19.90,9.9500,true,1,2232738
7290013268372,false,פוליוויקס פרקט סנו בתוספת שמן ארגן (2 לי,החברה הדרומית לשיווק בעמ,,פוליויקס פרקט בתוספת,ליטרים,2.00,ליטר,false,,19.90,9.9500,true,1,2249976
7290013268433,false,קרמה מן שמפו ומרכך לכל סוגי השיער 700 מל,קוסמופארם,IL,שמפו קרמה מן לכל שיער700,מיליליטרים,700.00,"100 מ""ל",false,,18.90,0.0270,true,1,1366652
7290013268440,false,אורביטול צמד מברשות שיניים בובספוג+פיגור,החברה הדרומית לשיווק בעמ,,צמד מברשות שיניים בו,יח',2.00,יח',false,,14.90,7.4500,true,1,1421344
7290013268563,false,"קרמה - דאודורנט ספריי לגבר ללא אלומיניום כחול קול 200 מ""ל",החברה הדרומית לשיווק בעמ,IL,דאו.קרמה מן ספריי קול200,מיליליטרים,200.00,"100 מ""ל",false,,11.90,0.0595,true,1,1366659
7290013268570,false,דאודורנט ספריי אנטיפרספירנט אקטיב בלוק Calm,אמיליה קוסמטיקס,IL,"דאו.קרמה מן קלאם 200 מ""ל",מיליליטרים,200.00,"100 מ""ל",false,,11.90,0.0595,true,1,1366660
7290013268594,false,דאודורנט ספריי לגבר Body Power הגנה אפקטיבית,אמיליה קוסמטיקס,IL,"דאו.קרמה מן פאוור 200מ""ל",מיליליטרים,200.00,"100 מ""ל",false,,11.90,0.0595,true,1,1366662
7290013268839,false,פוליויקס פרקט-תרכיז ריחני לניקוי רצפות עץ,החברה הדרומית לשיווק בעמ,,פוליויקס פרקט 2 ליטר,ליטרים,2.00,ליטר,false,,19.90,9.9500,true,1,1985041
7290013268884,false,"נוזל רצפות מאסק 2 ליטר ""ריצפז פרש""",החברה הדרומית לשיווק בעמ,IL,סנו ריצפז פרש מאסק 2ליטר,ליטרים,2.00,ליטר,false,,17.90,8.9500,true,1,1366683
7290013268891,false,אוקסיג'ן ג'ל ללא אקונומיקה עם חמצן פעיל סנו 3 ליטר,החברה הדרומית לשיווק בעמ,IL,אוקסיג'ן ג'ל 3ליטר,ליטרים,3.00,ליטר,false,,29.90,9.9667,true,1,1366684
7290013268907,false,ג'ל כביסה ביו בטמפרטורות נמוכות,החברה הדרומית לשיווק בעמ,IL,מקסימה ג'ל לכביסה 3ל,ליטרים,3.00,ליטר,false,,29.90,9.9667,true,1,1366685
7290013268914,false,סנו מקסימה ג'ל כביסה סמארט 3 ל',החברה הדרומית לשיווק בעמ,,ג'ל כביסה SMART מקסי,ליטרים,3.00,ליטר,false,,34.90,11.6333,true,1,1810583
7290013268938,false,סנובון סבון לאסלה בניחוח מאסק סנו 3*65 גרם,החברה הדרומית לשיווק בעמ,PL,55 ג X 'סנובון מאסק 3 יח,יח',3.00,יח',false,,9.90,3.3000,true,1,1366687
7290013268983,false,מרכך כביסה סופר מרוכז בבישום עוצמתי סנו מקסימה 1 ל',החברה הדרומית לשיווק בעמ,,מרכך כביסה מרוכז מקס,ליטרים,1.00,ליטר,false,,19.90,19.9000,true,1,2304069
7290013268990,false,מרכך כביסה מרוכז לבן ביו סנו מקסימה 1 ליטר,החברה הדרומית לשיווק בעמ,IL,מקסימה מרכך מרוכז ביו1ל,ליטרים,1.00,ליטר,false,,19.90,19.9000,true,1,1366688
7290013269003,false,מרכך כביסה סופר מרוכז בייבי לתינוקות ולעור רגיש,החברה הדרומית לשיווק בעמ,IL,מקסימה מרכך בייבי 1 ליטר,ליטרים,1.00,ליטר,false,,19.90,19.9000,true,1,1366689
7290013269096,false,מטליות לחות לטיפול במוצרי עור,טרופיקל דגיל קוסמטיק,IL,מטליות למוצרי עור 20יח,יח',1.00,יח',false,,18.90,18.9000,true,1,1366693
7290013269157,false,"מרכך מבשם למייבש כביסה לבנדר סנו מקסימה 750 מ""ל",החב הדרומית לשיווק,,מרסס למייבש כביסה סנ,מיליליטרים,750.00,"100 מ""ל",false,,17.90,0.0239,true,1,1366696
7290013269287,false,סנו - מקסימה ג'ל כביסה מרוכז מאסק 3 ליטר,החברה הדרומית לשיווק בעמ,IL,מקסימה ג'ל כביסה מאסק3ל,ליטרים,3.00,ליטר,false,,29.90,9.9667,true,1,1366704
7290013269300,false,סושי ניילון נצמד פלוס סנו (150 מטר),החברה הדרומית לשיווק בעמ,CN,ניילון נצמד פלוס 150 מטר,מטרים,150.00,מטר,false,,29.90,0.1993,true,1,1366705
7290013269348,false,K3 תחנת פיתיון קוטל תיקנים (ג'וקים) בבית ובחצר,החברה הדרומית לשיווק בעמ,,סנו -K3 תחנות פיתיון,גרמים,10.00,100 גרם,false,,49.90,4.9900,true,1,2214188
7290013269638,false,ספוג הפלא אקסטרה Extra- מארז 6 יח',החברה הדרומית לשיווק בעמ,US,ספוג הפלא אקסטרה 6 יחידו,יח',6.00,יח',false,,11.90,1.9833,true,1,1366713
7290013269652,false,פוליויקס נוזל לניקוי רצפות גרניט פורצלן סנו 2 ליטר,החברה הדרומית לשיווק בעמ,IL,פוליויקס ג.פורצלן מאסק2ל,ליטרים,2.00,ליטר,false,,24.90,12.4500,true,1,1366715
7290013269669,false,ריצפז בניחוח פנטזיה לניקוי הרצפה,החברה הדרומית לשיווק בעמ,IL,'ריצפז בניחוח פנטזיה 3 ל,ליטרים,3.00,ליטר,false,,15.90,5.3000,true,1,1366716
7290013269706,false,"סנובון ג'ל לאסלה אוקיאנוס נתלה 55מ""ל",החברה הדרומית לשיווק בעמ,PL,סנובון ג'ל אוקיינוס55מל,מיליליטרים,55.00,"100 מ""ל",false,,14.90,0.2709,true,1,1366718
7290013269751,false,מטליות לחותריצפז פרש לניקוי ריצפה בניחות מלון בוטיק 10 יח' סנו,החברה הדרומית לשיווק בעמ,,ריצפז פרש מטליות ענק,יח',10.00,יח',false,,14.90,1.4900,true,1,2050157
7290013269850,false,נייר אפיה אקולוגי סנו סושי 50 יחידות,החברה הדרומית לשיווק בעמ,IL,'נייר אפיה אקולוגי 50 יח,יח',50.00,יח',false,,14.90,0.2980,true,1,1366723
7290013276124,false,"בקבוק בירה נגב אמבר אייל 330 מ""ל",הכרם - משקאות חריפים בעמ,,בירה אמבר אלון 330 מ,ליטרים,330.00,100 ליטר,false,,14.90,0.0452,true,1,1499684
7290013276131,false,"בקבוק בירה נגב פורטר אלון 330 מ""ל",הכרם משקאות חריפים בעמ,,בירה פורטר אלון 330,ליטרים,330.00,100 ליטר,false,,14.90,0.0452,true,1,1499710
7290013302656,false,פילה סרדין בשמן זית ופלפל חריף טעים 125 ג',טעמן שווק מזון בעמ,,פילה סרדין בשמן זית,גרמים,125.00,100 גרם,false,,7.90,0.0632,true,1,1380521
7290013310057,false,כוסות נייר לשתיה חמה,הוסטס Hostess,,כוסות נייר 50 יח',יח',50.00,יח',false,,10.90,0.2180,true,1,1368906
7290013310385,false,כפפות ניטריל M כחולות ללא אבקה 80 יח' EASY TOUCH,אינטרסן (1996) בעמ,,כפפות כחולות M ללא א,יח',80.00,יח',false,,24.90,0.3112,true,1,1368920
7290013310576,false,"כוסות נייר 240-8BOZמ""ל שתיה חם/קר הוסטס 50 יח'",ACSP,,כוסות נייר 50 יח',יח',50.00,יח',false,,11.90,0.2380,true,1,1368924
7290013358356,false,פירורי לחם מוזהבים מאסטר שף (320גרם),ש. שסטוביץ בע`מ,IL,מנה פירורי לחם מוזהבים 35,גרמים,320.00,100 גרם,false,,6.90,0.0216,true,1,1386344
7290013358363,false,מאסטר שף פרורי לחם פנקו עבים בסגנון יפני 300 גר,קריניציה ויטמינה אס,IL,מנה פירורי לחם פנקו מוזהב,גרמים,300.00,100 גרם,false,,9.90,0.0330,true,1,1386345
7290013358417,false,מאסטר שף אסייאתי רוטב טריאקי 300 מל כשלפ,קריניציה ויטמינה אס,,"רוטב טריאקי 300 מ""ל",מיליליטרים,300.00,"100 מ""ל",false,,10.90,0.0363,true,1,1420987
7290013358431,false,קרוטונים לסלט מאסטר שף בטעם עגבניות ובזיליקום 200 גרם,עינת תעשיות מזון אגו,IL,מנה קרוטונים לסלט עגבניות,גרמים,200.00,100 גרם,false,,9.90,0.0495,true,1,1386349
7290013358448,false,"קרוטונים לסלט אקסטרה ארוכים בתיבול שום, בצל ופטרוזיליה",עינת תעשיות מזון אגו,IL,מנה קרוטונים לסלט אקסטרא,גרמים,200.00,100 גרם,false,,9.90,0.0495,true,1,1386350
7290013358462,false,"מיני קרוטונים למרק בתיבול שום, בצל ופטרוזיליה","עינת תעשיות מזון, אגשח ב",IL,מנה מיני קרוטונים למרק שו,גרמים,350.00,100 גרם,false,,17.90,0.0511,true,1,1386352
7290013358486,false,מאסטר שף פירורים מוזהבים ללא צורך בביצה 300 ג,"מיוצר ע""י מנה י.א בע",IL,מנה פירורי לחם מוזהבים לל,גרמים,300.00,100 גרם,false,,9.90,0.0330,true,1,1386353
7290013358493,false,מאסטר שף אסייאתי קרם קוקוס פחית 400 מל,תאי קוקונט פבליק קומפני,,קרם קוקוס אסיאתי 400,מיליליטרים,400.00,"100 מ""ל",false,,7.90,0.0198,true,1,1420996
7290013358509,false,מנה מיקסלט תערובת עשירה מאסטר שף 200גר,בטר אנד דיפרנט,IL,מנה מיקסלט 200 גרם,גרמים,200.00,100 גרם,false,,14.90,0.0745,true,1,1386354
7290013358516,false,"מיקסלט חמוציות, גרעינים, קטניות ואגוזים",ש. שסטוביץ בע`מ,IL,מנה מיקסלט עם חמוציות 200,גרמים,200.00,100 גרם,false,,14.90,0.0745,true,1,1386355
7290013358523,false,מאסטר שף שבבי בצל מטוגן 150 גרם,קריניציה ויטמינה אס,,שבבי בצל מטוגן 150 ג,גרמים,150.00,100 גרם,false,,9.90,0.0660,true,1,1778503
7290013358578,false,מנה אסייאתי אטריות אורז רחבות 400 ג מ.שף,ליינג טונג רייספלוור,,איטריות אורז רחבות מ,גרמים,400.00,100 גרם,false,,8.90,0.0223,true,1,1420990
7290013358585,false,מנה אסייאתי נודלס ביצים להקפצה 400 מ.שף,הנסיך- מפעל לייצור ט,,נודלס ביצים מנה 400,גרמים,400.00,100 גרם,false,,8.90,0.0223,true,1,1420991
7290013358806,false,מנה מאגדת פריכיות אורז עם מלח 264 גרם,ש. שסטוביץ בע`מ,IL,מנה מאגדת פריכיות אורז עם,גרמים,264.00,100 גרם,false,,12.90,0.0489,true,1,1386358
7290013358837,false,מנה מאגדת פריכיות אורז ללא מלח 264 גרם,ש. שסטוביץ בע`מ,,מארז פריכיות מאורז ח,גרמים,264.00,100 גרם,false,,12.90,0.0489,true,1,1889860
7290013361103,false,4 יח' טונה במים ויטה,פרי הגליל,IL,מארז טונה 160X4במים פג,גרמים,640.00,100 גרם,false,,19.90,0.0311,true,1,1394857
7290013361172,false,4 יח' טונה בשמן קנול,,,4 יח' טונה בשמן קנול,גרמים,640.00,100 גרם,false,,19.90,0.0311,true,1,1853089
7290013361981,false,צ'יפס קפוא חתוך פרי הגליל,ויטה -פרי גליל (החדשה) בעמ,IL,צ'יפס קטרינג 2פג,קילוגרמים,2.00,"ק""ג",false,,24.90,12.4500,true,1,1394872
7290013361998,false,"סטייק צ'יפס פרי הגליל 2 ק""ג",ויטה- פרי גליל (החדשה) בעמ,IL,סטייק צ'יפס 2קג פג רבנות,קילוגרמים,2.00,"ק""ג",false,,24.90,12.4500,true,1,1394873
7290013366047,false,כרובית פיורטי (כרובית+ברוקולי),כרמלים שדות חדשים,,כרובית פיורטי,גרמים,500.00,100 גרם,false,,14.90,0.0298,true,1,2230706
7290013366221,false,נבטי חמנייה כרמל יבו,שחף שיווק,,נבטי חמניה,גרמים,150.00,100 גרם,false,,9.90,0.0660,true,1,1400345
7290013366252,false,קטניות מונבטות יחידה,כרמלים שדות חדשים,,נבטי קטניות,גרמים,270.00,100 גרם,false,,9.90,0.0367,true,1,1400348
7290013366634,false,כרמל יבולים חסה סלנו,ביכורי השדה הצפון בעמ` 1964,,חסה סלנובה ראשים,גרמים,160.00,100 גרם,false,,12.90,0.0806,true,1,1400356
7290013366641,false,רוקולה כרמלים 160 גר,מרינה פטריות הגליל,,רוקולה,גרמים,160.00,100 גרם,false,,12.90,0.0806,true,1,1400357
7290013366658,false,חסה סלנובה עלים חתוך,מרינה פטריות הגליל,,חסה סלנובה עלים חתוך,גרמים,150.00,100 גרם,false,,12.90,0.0860,true,1,1400358
7290013381088,false,עמבה הודית אורגינלית 500,נאמן לאורך זמן בעמ,,עמבה הודית,גרמים,500.00,100 גרם,false,,9.90,0.0198,true,1,1376561
7290013381361,false,שטחון לציפוי ואחסנה צבעוני,אלפא Alfa,,משטח לציפוי ואחסנה,יחידה,0.00,יחידה,false,,7.90,0.0000,true,1,1376566
7290013389145,false,"ניוקי 500 ג' ""לה פסטה"" מיני 500 גר' 12X",תומר ייבוא ושיווק מוצרי מזון [,,מיני ניוקי 500 גרם.,גרמים,500.00,100 גרם,false,,7.90,0.0158,true,1,1387207
7290013389374,false,תומר קמח תירס דק 500 גר פולטנה,תומר ייבוא ושיווק מוצרי מזון [,,קמח תירס פולנטה 500,גרמים,500.00,100 גרם,false,,6.90,0.0138,true,1,1387212
7290013389381,false,"קמח תירס פולנטה מולינו 1 ק""ג",תומר ייבוא ושיווק מוצרי מזון [,,"קמח תירס פולנטה 1 ק""",קילוגרמים,1.00,"ק""ג",false,,9.90,9.9000,true,1,1387213
7290013389398,false,קמח תירס דק 1 קג פולטנה תומר,תומר ייבוא ושיווק מוצרי מזון [,,"קמח תירס דק 1 ק""ג",גרמים,1000.00,100 גרם,false,,9.90,0.0099,true,1,1387214
7290013389893,false,סרדין פילה מרוקאי בשמן תומר 125 ג',,,פילה סרדין בשמן 125,גרמים,125.00,100 גרם,false,,7.90,0.0632,true,1,1387223
7290013412409,false,טופ פד סופגנית מקסי,שקד תבל בעמ,,נועם סופגנית 15-FREE,יח',15.00,יח',false,,9.90,0.6600,true,1,1429668
7290013430083,false,"בירה אלכסנדר בלונד בקבוק 330 מ""ל",מנדלז סי.אר. פרודקשן,,בירה אלכסנדר,מיליליטרים,330.00,"100 מ""ל",false,,13.20,0.0400,true,1,2299925
7290013430090,false,בירה אלכסנדר אמברה AMBREE בירה ישראלית,מנדלז סי.אר. פרודקשן,,בירה אלכסנדר,מיליליטרים,330.00,"100 מ""ל",false,,12.90,0.0391,true,1,2299926
7290013430250,false,אלכסנדר חיטה ישראלית בקבוק בודד 330 מל,אלכסנדר- בירה ישראלית מע,,בירה אלכסנדר,מיליליטרים,330.00,"100 מ""ל",false,,12.90,0.0391,true,1,2299928
7290013430304,false,בירה אלכסנדר גרין GREEN בירה ישראלית,מנדלז סי.אר. פרודקשן,,בירה אלכסנדר,מיליליטרים,330.00,"100 מ""ל",false,,12.90,0.0391,true,1,2299929
7290013430403,false,"בירה אלכסנדר בלייזר 330 מ""ל",אגודת הכורמים,,בירה אלכסנדר,מיליליטרים,330.00,"100 מ""ל",false,,12.90,0.0391,true,1,2299930
7290013440648,false,מאגדת שלגוני אבטיח נסטלה 5 יחידות,נגה גלידות שותפות מוגבלת,IL,אבטיח 5 יח׳,גרמים,540.00,100 גרם,false,,25.90,0.0480,true,1,1376657
7290013451927,false,פריכיות כוסמת ללא מלח 175 גרם,י.איטליאנו אחזקות בעמ,,פריכיות כוסמת ללא מל,גרמים,175.00,100 גרם,false,,9.90,0.0566,true,1,2281799
7290013453068,false,עוגיות כוסמין ופירות יער ללא ת.ס 240 גר,האי נאם סי או אל.טי.,,עוגיות כוסמין פירות,גרמים,230.00,100 גרם,false,,24.90,0.1083,true,1,2221267
7290013453075,false,"דני וגלית עוגיות שיבולת שועל, טחינה וסילאן",דני וגלית בעמ,,עוגיות שיבולת טחינה,גרמים,270.00,100 גרם,false,,24.90,0.0922,true,1,2221268
7290013453112,false,ריבועי כוסמין ללא ת.סוכר 250 גר,,,עוגיות כוסמין ללא תו,גרמים,230.00,100 גרם,false,,24.90,0.1083,true,1,2221271
7290013453136,false,עוגיות כוסמין שטרודל תפוחים ללא תוספת סוכר טבעוני,דני וגלית,,עוגיות כוסמין שטרודל,גרמים,230.00,100 גרם,false,,24.90,0.1083,true,1,2221272
7290013453150,false,דני וגלית עוגיות קוקוס ואגוזי לוז,האי נאם סי או אל.טי.,,עוגיות קוקוס ואגוזי,גרמים,230.00,100 גרם,false,,24.90,0.1083,true,1,2221273
7290013453624,false,דני וגלית עוגיות שוקולדצ'יפס מקמח שקדים וקמח אורז מלא 230 גרם,י.איטליאנו אחזקות בעמ,,עוגיות שוקולד ציפס ק,גרמים,230.00,100 גרם,false,,25.90,0.1126,true,1,2221242
7290013453631,false,דני וגלית עוגיות חמאת בוטנים שוקולדצ'יפס מפצפוצי אורז מלא 230 גרם,האי נאם סי או אל.טי.,,עוגיות כדורי ח. בוטנ,גרמים,230.00,100 גרם,false,,25.90,0.1126,true,1,2221243
7290013453679,false,עוגיות אוכמניות ותפוז מקמח שקדים 230 גרם,,,עוגיות אוכמניות גריד,גרמים,230.00,100 גרם,false,,25.90,0.1126,true,1,2373892
7290013472892,false,בולגריה קוביות במי מלח - מרכיבי חלב ושומן צמחי,ג.וילי-פוד אינטרנשיונל **גבינו,GR,הבולגריה בקוביות 200גרם (,גרמים,200.00,100 גרם,false,,9.90,0.0495,true,1,1352985
7290013472908,false,הבולגריה בקוביות ויליפוד 400 גרם,ג.וילי-פוד אינטרנשיונל **גבינו,GR,הבולגריה בקוביות 400גרם (,גרמים,400.00,100 גרם,false,,18.90,0.0472,true,1,1352986
7290013521101,false,פסטה כוסמין אורגנית תרד 350 גרם,השדה מוצרים אורגניים,,פסטה פוטציני כוסמין,גרמים,350.00,100 גרם,false,,19.90,0.0569,true,1,1446071
7290013531117,false,רוטב פסטה לילדים יכין (240 גר`),"זנלכל בע""\מ",IL,רוטב פסטה לילדים 260 ג יכ,גרמים,240.00,100 גרם,false,,5.50,0.0229,true,1,1369413
7290013531346,false,סירופ דיאט בטעם לימונענע יכין 1 ליטר,זנלכול יכין,,סירופ דיאט למונענע 1,ליטרים,1.00,ליטר,false,,16.90,16.9000,true,1,1369414
7290013531612,false,רוטב לפסטה נפוליטנה יכין 240 גרם,זנלכול יכין,,רוטב פסטה נפוליטנה 2,גרמים,240.00,100 גרם,false,,5.50,0.0229,true,1,2277312
7290013531629,false,רוטב לפסטה פומודורו 240 גרם יכין,היינץ צפון אמריקה מק,,רוטב פסטה פומדורו 24,גרמים,240.00,100 גרם,false,,5.50,0.0229,true,1,2277317
7290013558824,false,תבלין רוקולה /בזיליקום 100 גר,תאי,,בזילקום /רוגולה (היד,גרמים,100.00,100 גרם,false,,6.90,0.0690,true,1,2269171
7290013585233,false,"ספרייט זירו פחית סליק 330 מ""ל",החברה המרכזית להפצת משקאות בעמ,IL,ספרייט ZERO סליק 330 מל,מיליליטרים,330.00,"100 מ""ל",false,,4.50,0.0136,true,1,1382205
7290013585257,false,ספרייט זירו בבקבוק אישי,החברה המרכזית להפצת משקאות בעמ,IL,ספרייט 500 מל פקד ZERO,מיליליטרים,500.00,"100 מ""ל",false,,6.90,0.0138,true,1,1382207
7290013585387,false,בקבוק זירו קוקה-קולה (1 ליטר),החברה המרכזית להפצת משקאות בעמ,,קולה זירו 1 ליטר,ליטרים,1.00,ליטר,false,,6.90,6.9000,true,1,1832884
7290013585394,false,בקבוק קוקה-קולה (1 ליטר),החברה המרכזית להפצת משקאות בעמ,,קוקה קולה 1 ליטר,ליטרים,1.00,ליטר,false,,6.90,6.9000,true,1,1832885
7290013585967,false,מארז ספרייט זירו Fridge Pack פחית 6*33,החברה המרכזית להפצת משקאות בעמ,,מארז שישיית פחיות ספ,ליטרים,1.98,ליטר,false,,23.90,12.0707,true,1,2183692
7290013608260,false,מיץ רימונים 100%מיץ סחוט טרי מצונן 1ליט,שטראוס גרופ בעמ/מצונן,IL,מיץ רימונים 100%מיץ סחוט,ליטרים,1.00,ליטר,false,,22.90,22.9000,true,1,1389498
7290013608482,false,נקטר מנגו פרימור 1 ליטר,דיפלומט,,נקטר מנגו 1 ליטר,ליטרים,1.00,ליטר,false,,7.90,7.9000,true,1,2221341
7290013608550,false,נקטר תפוזים פרימור 1 ליטר,סטאר סנקס,,נקטר תפוזים 1 ליטר,ליטרים,1.00,ליטר,false,,7.90,7.9000,true,1,2221345
7290013608635,false,משקה לימונים עם נענע פרימור 1 ליטר,סטאר סנקס,,משקה לימונים עם נענע,ליטרים,1.00,ליטר,false,,7.90,7.9000,true,1,2221347
7290013608673,false,נקטר תפוחי עץ פרימור 1 ליטר,סטאר סנקס,,נקטר תפוחי עץ 1 ליטר,ליטרים,1.00,ליטר,false,,7.90,7.9000,true,1,2221349
7290013608864,false,פרימור משקה פירות הדר 1 ליטר בתוספת ויטמין C,שטראוס גרופ בעמ/מצונן,,משקה פירות הדר בתוספ,ליטרים,1.00,ליטר,false,,15.90,15.9000,true,1,2263220
7290013625229,false,פילה מקרל בשמן צמחי ופלפל חריף טעים 125 ג',טעמן שווק מזון בעמ,,פילה מקרל בשמן צמחי,גרמים,125.00,100 גרם,false,,7.90,0.0632,true,1,1380537
7290013645364,false,עוגיות מזרחיות ללא גלוטן GFREE 200 גר`,גורי מוצרי צריכה (1991) בעמ,,עוגיות מזרחיות GFREE,גרמים,200.00,100 גרם,false,,18.90,0.0945,true,1,1433694
7290013652003,false,קרם גוף נטורל קר 450,"ד""ר פישר Dr fischer",IL,נטורל קר קרם גוף רגיל/יבש,מיליליטרים,450.00,"100 מ""ל",false,,16.90,0.0376,true,1,1399659
7290013652010,false,קרם גוף נטורל קר 450,"ד""ר פישר Dr fischer",IL,נטורל קר קרם גוף רגיל/יבש,מיליליטרים,450.00,"100 מ""ל",false,,16.90,0.0376,true,1,1399660
7290013652027,false,קרם גוף לעור רגיל נט,פישר תעשיות פרמבצטיות בעמ,IL,נטורל קר קרם גוף רגיל - ס,מיליליטרים,450.00,"100 מ""ל",false,,16.90,0.0376,true,1,1399661
7290013652157,false,"ד""ר פישר - נטורל קר מגבונים להסרת איפור לעור רגיל יבש 30 יח' * 3","פישר תעשיות פרמצביטות בע""מ",IL,נטורל קר שלישיית מגבונים,יח',90.00,יח',false,,24.90,0.2767,true,1,1399672
7290013652164,false,"ד""ר פישר - נטורל קר מגבונים להסרת איפור לעור רגיש 30 יח' * 3",פישר תעשיות פרמצבטיות בעמ,IL,נטורל קר שלישיית מגבונים,יח',90.00,יח',false,,24.90,0.2767,true,1,1399673
7290013652171,false,"ד""ר פישר - נטורל קר מגבונים להסרת איפור לעור שמן מעורב 30 יח' * 3","פישר תעשיות פרמצביטות בע""מ",IL,נטורל קר שלישיית מגבונים,יח',90.00,יח',false,,24.90,0.2767,true,1,1399674
7290013652768,false,"מסכת החייאה לשיער יבש, צבוע ופגום Natural care","פישר תעשיות פרמבצטיות בע""מ",IL,נטורל קר מסכה לשיער יבש/צ,מיליליטרים,450.00,"100 מ""ל",false,,24.90,0.0553,true,1,1399678
7290013652782,false,נטורל קר קרם לחות לשיער מתולתל- יסמין ופרחי מגנוליה,"פישר תעשיות פרמבצטיות בע""מ",IL,נטורל קר קרם לחות לשיער מ,מיליליטרים,400.00,"100 מ""ל",false,,24.90,0.0622,true,1,1399680
7290013652799,false,נטורל קר קרם לחות לשיער רגיל/יבש- ורדים וחלב רימונים,פישר תעשיות פרמבצטיות בעמ,IL,נטורל קר קרם לחות לשיער ר,מיליליטרים,400.00,"100 מ""ל",false,,24.90,0.0622,true,1,1399681
7290013652812,false,"נטורל קר קרם ידיים רגיל/יבש 150 מ""ל",פישר מעבדות פרמצבטיות בע,IL,נטורל קר קרם ידיים רגיל/י,מיליליטרים,150.00,"100 מ""ל",false,,11.90,0.0793,true,1,1399683
7290013652829,false,ד.פ.נטורל קר קרם ידיים יבש במיוחד,פישר מעבדות פרמצבטיות בע,IL,נטורל קר קרם ידיים יבש/יב,מיליליטרים,150.00,"100 מ""ל",false,,11.90,0.0793,true,1,1399684
7290013652843,false,נטורל קר שמפו לשיער רגיל- ורדים וחלב רימונים,"פישר תעשיות פרמבצטיות בע""מ",IL,נטורל קר שמפו לשיער רגיל,מיליליטרים,700.00,"100 מ""ל",false,,15.90,0.0227,true,1,1399686
7290013652874,false,נטורל קר מרכך לשיער רגיל- ורדים וחלב רימונים,"פישר תעשיות פרמבצטיות בע""מ",IL,נטורל קר מרכך לשיער רגיל,מיליליטרים,700.00,"100 מ""ל",false,,15.90,0.0227,true,1,1399689
7290013652881,false,מרכך נטורל קר לשיער יבש ופגום חינה ושמן ארגאן,"פישר תעשיות פרמבצטיות בע""מ",IL,נטורל קר מרכך לשיער יבש/פ,מיליליטרים,700.00,"100 מ""ל",false,,15.90,0.0227,true,1,1399690
7290013652904,false,נטורל קר שמפו+מרכך לשיער רגיל ורדים וחלב רימונים,פישר תעשיות פרמבצטיות בעמ,IL,נטורל קר שמפו מרכך רגיל -,מיליליטרים,700.00,"100 מ""ל",false,,15.90,0.0227,true,1,1399692
7290013652935,false,נטורל קר שמפו לשיער רגיל- יסמין ופרחי מגנוליה,פישר תעשיות פרמבצטיות בעמ,IL,נטורל קר שמפו לשיער רגיל,מיליליטרים,700.00,"100 מ""ל",false,,15.90,0.0227,true,1,1399695
7290013652942,false,מרכך נטורל קר לשיער רגיל יסמין ופרחי מגנוליה,פישר תעשיות פרמבצטיות בעמ,IL,נטורל קר מרכך לשיער רגיל,מיליליטרים,700.00,"100 מ""ל",false,,15.90,0.0227,true,1,1399696
7290013652966,false,מרכך נטורל קר לשיער צבוע ליצ'י ותה ירוק,"ד""ר פישר Dr fischer",IL,נטורל קר מרכך לשיער צבוע,מיליליטרים,700.00,"100 מ""ל",false,,15.90,0.0227,true,1,1399698
7290013652980,false,ד.פ.נטורל קר קרם גוף רגיל/יבש-דובדבן,פישר תעשיות פרמבצטיות בעמ,IL,נטורל קר קרם גוף רגיל/יבש,מיליליטרים,450.00,"100 מ""ל",false,,16.90,0.0376,true,1,1399700
7290013652997,false,"ד""ר פישר - נטורל קר קרם גוף יבש במיוחד 450 מ""ל",פישר תעשיות פרמבצטיות בעמ,IL,נטורל קר קרם גוף יבש במיו,מיליליטרים,450.00,"100 מ""ל",false,,16.90,0.0376,true,1,1399701
7290013677006,false,חומוס גדול באריזת וואקום Selected,מיה תעשיות מזון מ.ת.מ בעמ,,חומוס גדול סלקטד בוו,גרמים,500.00,100 גרם,false,,9.90,0.0198,true,1,1498672
7290013677013,false,גריסים בוואקום מיה 500 גר',מיה תעשיות מזון מ.ת.מ בעמ,,גריסים סלקטד וואקום,גרמים,500.00,100 גרם,false,,8.90,0.0178,true,1,1498712
7290013677020,false,שעועית לבנה בוואקום מיה 500 גר',מיה תעשיות מזון מ.ת.מ בעמ,,שעועית לבנה סלקטד וו,גרמים,500.00,100 גרם,false,,8.90,0.0178,true,1,1498713
7290013677037,false,עדשים ירוקות באריזת וואקום Selected,מיה תעשיות מזון מ.ת.מ בעמ,,עדשים ירוקות סלקטד ו,גרמים,500.00,100 גרם,false,,9.90,0.0198,true,1,1498759
7290013677051,false,פופקורן גרגרים בוואקום מיה 500 גר',מיה תעשיות מזון מ.ת.מ בעמ,,פופקורן סלקטד בוואקו,גרמים,500.00,100 גרם,false,,9.90,0.0198,true,1,1498761
7290013677068,false,כוסמת בוואקום מיה 500 גר',מיה תעשיות מזון מ.ת.מ בעמ,,כוסמת סלקטד וואקום,גרמים,500.00,100 גרם,false,,8.90,0.0178,true,1,1498769
7290013677075,false,חיטה בוואקום מיה 500 גר',מיה תעשיות מזון מ.ת.מ. ב,,חיטה סלקטד וואקום,גרמים,500.00,100 גרם,false,,8.90,0.0178,true,1,1498770
7290013677082,false,שעועית אדומה בוואקום מיה 500 גר',מיה תעשיות מזון מ.ת.מ בעמ,,שעועית אדומה סלקטד ו,גרמים,500.00,100 גרם,false,,9.90,0.0198,true,1,1498762
7290013677099,false,גריסי פנינה בוואקום מיה 500 גר',מיה תעשיות מזון מ.ת.מ בעמ,,גריסים פנינה סלקטד ו,גרמים,500.00,100 גרם,false,,8.90,0.0178,true,1,1498714
7290013677112,false,בורגול באריזת וואקום Selected,מיה תעשיות מזון מ.ת.מ בעמ,,בורגול סלקטד וואקום,גרמים,500.00,100 גרם,false,,8.90,0.0178,true,1,1498771
7290013677129,false,שעועית מעורבת בוואקום מיה 500 גר',מיה תעשיות מזון מ.ת.מ בעמ,,שעועית מעורבת סלקטד,יחידה,0.00,יחידה,false,,9.90,0.0000,true,1,1498764
7290013677136,false,חומוס לבן ענק בוואקום יבש 500 גר',מיה תעשיות מזון מ.ת.מ. ב,,חומוס לבן ענק סלקטד,גרמים,500.00,100 גרם,false,,10.90,0.0218,true,1,1498715
7290013677259,false,תבלין זעתר 50 גרם שקית,מיה תעשיות מזון מ.ת.מ בעמ,IL,זעתר 50גרם שקית,גרמים,50.00,100 גרם,false,,4.90,0.0980,true,1,1381282
7290013677266,false,תבלין לפיצה בשקית מיה 80 גרם,מיה תעשיות מזון מ.ת.מ בעמ,IL,תבלין לפיצה 80גרם שקית,גרמים,80.00,100 גרם,false,,4.90,0.0613,true,1,1381283
7290013677334,false,תבלין על האש בשקית מיה 50 גרם,מיה תעשיות מזון מ.ת.מ בעמ,IL,תבלין על האש 50גרם שקית,גרמים,50.00,100 גרם,false,,4.90,0.0980,true,1,1381290
7290013677563,false,קינואה אדומה יבשה מיה 500 גר',מיה תעשיות מזון מ.ת.מ. בעמ,,קינואה אדומה 500 גר,גרמים,500.00,100 גרם,false,,14.90,0.0298,true,1,1886411
7290013677648,false,שמן זית למאור מיה 1 ליטר,מיה תעשיות מזון מ.ת.מ. בעמ,ES,שמן זית למאור 1ליטר בד''ץ,ליטרים,1.00,ליטר,false,,18.90,18.9000,true,1,1381299
7290013677655,false,סודה לשתיה בצנצנת מיה 600 גרם,מיה תעשיות מזון מ.ת.מ בעמ,IL,סודה לשתיה 600גרם,גרמים,600.00,100 גרם,false,,19.90,0.0332,true,1,1381300
7290013677686,false,תבלין פפריקה מרוקאית 80 גרם בשקית,מיה תעשיות מזון מ.ת.מ בעמ,IL,פפריקה מרוקאית בשמן 80גרם,גרמים,80.00,100 גרם,false,,4.90,0.0613,true,1,1381303
7290013677693,false,תבלין פלפל שחור גרוס שקית 50 גרם,מיה תעשיות מזון מ.ת.מ בעמ,IL,פלפל שחור גרוס 50גרם שקית,גרמים,50.00,100 גרם,false,,6.90,0.1380,true,1,1381304
7290013677747,false,"שוקו של מיה 500גרם בשקית בד""ץ",מיה תעשיות מזון מ.ת.מ. בעמ,IL,שוקו של מיה 500גרם בשקית,גרמים,500.00,100 גרם,false,,9.90,0.0198,true,1,1381308
7290013713001,false,"בירה JEM'S אמבר אייל בקבוק 330 מ""ל",גמס מפעלי בירה,,בירה ג'מס,ליטרים,0.33,100 ליטר,false,,12.90,39.0909,true,1,2352205
7290013713018,false,"בירה JEM'S דארק לאגר בקבוק 330 מ""ל",,,בירה ג'מס,ליטרים,0.33,100 ליטר,false,,12.90,39.0909,true,1,2352210
7290013713025,false,"בירה ג'מס פילס בקבוק 330 מ""ל",אגודת הכורמים,,בירה ג'מס בקבוקי פיל,ליטרים,0.33,100 ליטר,false,,12.90,39.0909,true,1,2174510
7290013713032,false,"בירה ג'מס חיטה בקבוק 330 מ""ל",אגודת הכורמים -כרמל מזרחי,,בירה ג'מס בקבוקי חיט,ליטרים,0.33,100 ליטר,false,,12.90,39.0909,true,1,2174511
7290013713049,false,בירה ג`מס בקבוק 8.80% אלכוהול ( 330 מל),אגודת הכורמים -כרמל מזרחי,,בירה ג'מס בקבוק,ליטרים,0.33,100 ליטר,false,,12.90,39.0909,true,1,2174512
7290013713094,false,"בירה ג'יימס בלייזר בראון 330 מ""ל",יקבי כרמל,,בירה ג'מס בקבוקי חיט,ליטרים,0.33,100 ליטר,false,,12.90,39.0909,true,1,2352130
7290013724939,false,משוקלדים חמוציות מריר 140 גר' קופסא,דין שיווק וקליה 2021 בעמ,,חמוציות בשוקולד מריר,גרמים,140.00,100 גרם,false,,9.90,0.0707,true,1,1397987
7290013724946,false,שקדים בשוקולד מריר בקופסא 140 גרם,דין שיווק וקליה 2021 בעמ,,שקדים בשוקולד מריר 1,גרמים,140.00,100 גרם,false,,9.90,0.0707,true,1,1397988
7290013724960,false,שקדים בציפוי שוקולד בקופסא שקדיה 140 גרם,דין שיווק וקליה 2021 בעמ,,שקדים בשוקולד חלב 14,גרמים,140.00,100 גרם,false,,9.90,0.0707,true,1,1397990
7290013724977,false,צימוקים בשוקולד מריר בקופסא 140 גרם,דין שיווק וקליה 2021 בעמ,,צימוקים בשוקולד מריר,גרמים,140.00,100 גרם,false,,9.90,0.0707,true,1,1397991
7290013724991,false,אגוזי לוז בציפוי שוקולד בקופסא שקדיה 140 גרם,דין שיווק וקליה 2021 בעמ,,אגוזי לוז בשוקולד חל,גרמים,140.00,100 גרם,false,,9.90,0.0707,true,1,1397993
7290013725639,false,רוטב צילי חריף סו שף,"דין שיווק וקליה בע""מ",,רוטב צילי חריף 700 ג,גרמים,700.00,100 גרם,false,,7.90,0.0113,true,1,1374433
7290013725820,false,אגוזי לוז בשוקולד מריר בקופסא 140 גרם,דין שיווק וקליה 2021 בעמ,,אגוזי לוז בשוקולד מר,גרמים,140.00,100 גרם,false,,9.90,0.0707,true,1,1397994
7290013725837,false,שומשום בציפוי שוקולד בקופסא שקדיה 140 גרם,דין שיווק וקליה 2021 בעמ,,שומשום בשוקולד חלב 1,גרמים,140.00,100 גרם,false,,9.90,0.0707,true,1,1397995
7290013787163,false,רוטב רוזה 200 גרם ריקו - בית יוסף,קריניסה ויטמין אס אי,,רוטב רוזה 200 גרם,גרמים,200.00,100 גרם,false,,12.90,0.0645,true,1,2252294
7290013787170,false,רוטב שמנת פטריות 200 גרם ריקו - בית יוסף,קריניסה ויטמין אס אי,,רוטב שמנת פטריות 200,גרמים,200.00,100 גרם,false,,12.90,0.0645,true,1,2252295
7290013787392,false,רביולי גבינות קלאסי 330 גרם ריקו בית יוסף,דודו איטליאן פרודקטס בע\,,רביולי גבינות קלאסי,גרמים,330.00,100 גרם,false,,24.90,0.0755,true,1,2252298
7290013800169,false,מרק flower לבן- אר',,,מרק flower לבן- אר',יחידה,0.00,יחידה,false,,17.90,0.0000,true,1,2306818
7290013800213,false,"צלחת ""7 קרם 10יחידות",,,צלחת flower 7 קרם- א,יחידה,0.00,יחידה,false,,13.90,0.0000,true,1,2306820
7290013847386,false,סטארקיסט נתחי טונה בהירה במים ושמן קנולה בטעם טבעי 140 גרם,"סטארקיסט פודור בע""מ",,טונה ס.ק לייט 4 % שו,גרמים,140.00,100 גרם,false,,7.90,0.0564,true,1,1900955
7290013847393,false,סטארקיסט לייט נתחי טונה בהירה במים ושמן קנולה עם עשבי תיבול 140 גרם,סטארקיסט דיפלומט היינץ,,טונה ס.ק לייט 4 % שו,גרמים,140.00,100 גרם,false,,7.90,0.0564,true,1,1900956
7290013847409,false,סטארקיסט לייט נתחי טונה בהירה במים ושמן קנולה עם לימון ופלפל חריף 140 גרם,סטארקיסט דיפלומט היינץ,,טונה ס.ק לייט 4 % שו,גרמים,140.00,100 גרם,false,,7.90,0.0564,true,1,1900957
7290013847553,false,נתחי טונה בהירה במים דל נתרן - מארז רביעיה,דיפלומט מפיצים (1968) בעמ**,,טונה סטארקיסט רביעיה,גרמים,640.00,100 גרם,false,,24.90,0.0389,true,1,2112725
7290013847645,false,סטארקיסט טונה בשמן זית 80 גר' שלישיות,סטארקיסט Starkist,,טונה סטארקיסט שלישיי,גרמים,240.00,100 גרם,false,,19.90,0.0829,true,1,2080727
7290013847812,false,נתחי טונה בהירה בשמן זית כתית מעולה Yellowfin,סטארקיסט דיפלומט היינץ,,טונה ילופין בשמן זית,גרמים,140.00,100 גרם,false,,8.90,0.0636,true,1,1948682
7290013848017,false,תרסיס ניקוי והברקת נירוסטה,החברה הדרומית לשיווק בעמ,,סנו נירוסטה מרסס 500,מיליליטרים,500.00,"100 מ""ל",false,,19.90,0.0398,true,1,1985047
7290013848345,false,מארז מטליות לחיטוי וניקוי יסודי אנטיבקטריאלי 99.9%,החברה הדרומית לשיווק בעמ,,מארז שלישיה מגבונים,יח',150.00,יח',false,,19.90,0.1327,true,1,2136012
7290013848383,false,קרמה מן גל רחצה אקטיב בלוק 700 מל לגבר,החברה הדרומית לשיווק בעמ,IL,קמה מן ג'ל רחצה אקטיב700,מיליליטרים,700.00,"100 מ""ל",false,,18.90,0.0270,true,1,1366742
7290013848420,false,דאודורנט גל קרמה מן אנטיפרספירנט 70 מל,גוד פוד פרודקטס S.p,IL,70 דאו.קרמה מן ג'ל אקטיב,מיליליטרים,70.00,"100 מ""ל",false,,14.90,0.2129,true,1,1366743
7290013848437,false,"קרמה - דאודורנט ספריי לגבר אקטיב בלוק 200 מ""ל",החברה הדרומית לשיווק בעמ,IL,דאו.קרמה מן אקטיב 200מל,מיליליטרים,200.00,"100 מ""ל",false,,11.90,0.0595,true,1,1366744
7290013848611,false,רדיד אלומיניום סנו סושי (61 מטר),החברה הדרומית לשיווק בעמ,IL,רדיד אלומיניום עבה 61מטר,מטרים,61.00,מטר,false,,39.90,0.6541,true,1,1366754
7290013848758,false,מקסימה גל כביסה מרוכז בייבי 3ליטר סנסטיב,החברה הדרומית לשיווק בעמ,IL,ג'ל לכביסה בייבי 3 ליטר,ליטרים,3.00,ליטר,false,,34.90,11.6333,true,1,1366764
7290013848796,false,אל סבון מוצק שקד - מארז רביעיה,קוסמופארם,IL,100 *4 סבון מוצק כיף שקד,גרמים,400.00,100 גרם,false,,9.90,0.0248,true,1,1366768
7290013848802,false,אל סבון מוצק לבנדר - מארז רביעיה,קוסמופארם,IL,סבון מוצק כיף לבנד4*100ג,גרמים,400.00,100 גרם,false,,9.90,0.0248,true,1,1366769
7290013848833,false,כיף סבון מוצק אצות ים 100 ג' *4 יח',החברה הדרומית לשיווק בעמ,IL,סבון מוצק כיף רגיל4*100ג,גרמים,400.00,100 גרם,false,,9.90,0.0248,true,1,1366772
7290013861054,false,צימוקים בשוקולד חלב בקופסא 140 גרם,דין שיווק וקליה 2021 בעמ,,צימוקים בשוקולד חלב,גרמים,140.00,100 גרם,false,,9.90,0.0707,true,1,1397997
7290013861061,false,בוטנים בשוקולד חלב בקופסא 160 גרם,דין שיווק וקליה 2021 בעמ,,בוטנים בשוקולד חלב 1,גרמים,160.00,100 גרם,false,,9.90,0.0619,true,1,1397998
7290013861740,false,ניוקי תפוחי אדמה סו שף 500 ג',דין שיווק וקליה 2021 בעמ,,ניוקי 500 גרם,גרמים,500.00,100 גרם,false,,8.90,0.0178,true,1,1374441
7290013883148,false,סופג ריחות במקרר ווליט 40 גרם,יעקב יעקבי ובניו בעמ,IT,הפי סופג ריחות במקרר,יחידה,0.00,יחידה,false,,9.90,0.0000,true,1,1372433
7290013883407,false,"דזיטול מרסס לחיטוי כללי יעקבי 750 מ""ל",יעקב יעקבי ובניו בע`מ,ES,דזיטול מרסס לחיטוי,מיליליטרים,750.00,"100 מ""ל",false,,14.90,0.0199,true,1,1372443
7290013903051,false,רסק תפוחי עץ וקינמון אורגני 452 גרם,,,מחית תפוחי עץ אורגני,גרמים,452.00,100 גרם,false,,14.90,0.0330,true,1,2256983
7290013903594,false,רסק תפוחים טבעי 670 גרם ליב,ל.י.ב. (לחיות יותר בטבע) בעמ,,רסק תפוחים טבעי 670,גרמים,670.00,100 גרם,false,,11.90,0.0178,true,1,1768908
7290013906052,false,נקניקיות פרגיות טירת צבי 300 גרם,תנובה מרכז שיתופי לשיווק תוצרת,,נקניקיות פרגיות 300,גרמים,300.00,100 גרם,false,,11.90,0.0397,true,1,1388149
7290013906212,false,"נקנקיות וינר טירת 1 ק""ג טירת צבי",תנובה מרכז שיתופי לשיווק תוצרת,IL,טירת צבי נקניקיות וינר 1,קילוגרמים,1.00,"ק""ג",false,,32.90,32.9000,true,1,1388151
7290013906236,false,סלמי גלבוע טירת צבי 400 גרם,תנובה מרכז שיתופי לשיווק תוצרת,IL,סלמי גלבוע 400 ג',גרמים,400.00,100 גרם,false,,24.90,0.0622,true,1,1388152
7290013906441,false,קבנוס טירת צבי 120 גרם,תנובה מרכז שיתופי לשיווק תוצרת,IL,קבנוס טירת צבי 120 גר',גרמים,120.00,100 גרם,false,,12.90,0.1075,true,1,1388153
7290013906458,false,קבנוס בטעם פיקנטי טירת צבי 120 גרם,תנובה מרכז שיתופי לשיווק תוצרת,IL,קבנוס פיקנטי טירת צבי 120,גרמים,120.00,100 גרם,false,,12.90,0.1075,true,1,1388154
7290013906489,false,חטיפי מיני קבנוס טירת צבי 120 גרם,תנובה מרכז שיתופי לשיווק תוצרת,IL,חטיפי קבנוס טירת צבי 120,גרמים,120.00,100 גרם,false,,12.90,0.1075,true,1,1388155
7290013906519,false,פרושוטו בקר טירת צבי 100 גרם,תנובה מרכז שיתופי לשיווק תוצרת,IL,פרושוטו בקר טירת צבי 100,גרמים,100.00,100 גרם,false,,23.90,0.2390,true,1,1388157
7290013906694,false,נקניקיות שקית קילו וחצי טירת צבי,תנובה מרכז שיתופי לשיווק תוצרת,,"נקניקיות עוף 1.5 ק""ג",קילוגרמים,1.50,"ק""ג",false,,29.90,19.9333,true,1,2349031
7290013927637,false,חלוה ללא תוספת סוכר במגש 400 גר' אחוה,אחדות ביחר לטחינה חל,,חלוה ללא תוספת סוכר,גרמים,400.00,100 גרם,false,,12.90,0.0323,true,1,2234570
7290013927996,false,עוגת שמרים קרנץ בטעם שוקולד אחוה 400 גרם,אחדות ביחר לטחינה חל,,עוגת שמרים קרנץ בטעם,גרמים,400.00,100 גרם,false,,10.90,0.0273,true,1,2253560
7290013994042,false,זרעי פשתן אורגניים הרדוף 300 גרם,אול אורגני,,זרעי פשתן הרדוף 300,גרמים,300.00,100 גרם,false,,6.90,0.0230,true,1,1353381
7290013994219,false,עדשים חומות אורגניות הרדוף 500 גרם,הרדוף,,עדשים חומות,גרמים,500.00,100 גרם,false,,11.90,0.0238,true,1,1353388
7290013994295,false,קינואה אדומה אורגנית 500 גר,אול אורגני,,קינואה אדומה אורגנית,גרמים,500.00,100 גרם,false,,24.90,0.0498,true,1,1498449
7290013994318,false,קינואה מעורבת - טריקולור אורגנית 500 גרם הרדוף,אול אורגני,,קינואה מעורבת (טריקו,גרמים,500.00,גרם,false,,19.90,0.0398,true,1,1498429
7290013994554,false,אורז בסמטי לבן 500 אורגני גרם - הרדוף,אול אורגני,,אורז בסמטי לבן אורגנ,גרמים,500.00,100 גרם,false,,12.90,0.0258,true,1,1498228
7290013994578,false,סובין שיבולת שועל אורגני 300 גר הרדוף,אול אורגני,,סובין שיבולת שועל 30,גרמים,300.00,100 גרם,false,,9.90,0.0330,true,1,1353390
7290013994585,false,גרעיני דלעת קלופים אורגניים 300 גרם הרדוף,אול אורגני,,גרעיני דלעת קלופים א,גרמים,300.00,100 גרם,false,,24.90,0.0830,true,1,1498408
7290013994653,false,קינואה רויאל אורגני 500 גרם - הרדוף,אול אורגני,,קינואה רויאל אורגנית,גרמים,500.00,100 גרם,false,,17.90,0.0358,true,1,1498431
7290013994677,false,עדשים שחורות אורגניות הרדוף 500 גרם,אול אורגני,,עדשים שחורות אורגניו,גרמים,500.00,100 גרם,false,,19.90,0.0398,true,1,1353391
7290013994929,false,קוסקוס מלא אורגני 350 גרם,קרה מונוס,,קוסקוס מלא אורגני,גרמים,350.00,100 גרם,false,,9.90,0.0283,true,1,2234744
7290013994943,false,קוסקוס אורגני אורגני,הרדוף,,קוסקוס אורגני אורגני,גרמים,350.00,100 גרם,false,,9.90,0.0283,true,1,2234746
7290014002128,false,תה ירוק לימונית ומנטה 25 שקיקים ויסוצקי,תה ויסוצקי (ישראל)בעמ,IL,תה ירוק לימונית מנטה,גרמים,37.50,100 גרם,false,,22.90,0.6107,true,1,1386856
7290014002197,false,חליטת קמומיל ולימונית הגן הקסום ויסוצקי 25 יחידות,תה ויסוצקי (ישראל) בעמ,IL,חליטת קמומיל ולימונית,גרמים,62.50,100 גרם,false,,16.90,0.2704,true,1,1386860
7290014002203,false,חליטת לימונית ולואיזה הגן הקסום ויסוצקי 25 יחידות,תה ויסוצקי (ישראל) בעמ,IL,חליטת לימונית ולואיזה,גרמים,62.50,100 גרם,false,,16.90,0.2704,true,1,1386861
7290014002944,false,גן קסום חליטת פירות וצמחים חמדת שקד 25 שקיקים,תה ויסוצקי (ישראל) בעמ,IL,חליטת חמדת השקד,גרמים,62.50,100 גרם,false,,16.90,0.2704,true,1,1386870
7290014002982,false,תה ירוק לימונית ולואיזה ויסוצקי 25 יחידות תוספת סטיביה,תה ויסוצקי (ישראל) בעמ,IL,תה ירוק סטיביה,גרמים,37.50,100 גרם,false,,22.90,0.6107,true,1,1386872
7290014015173,false,שיני שום קלופות -איק,,,שיני שום קלופות -איק,גרמים,180.00,100 גרם,false,,12.90,0.0717,true,1,2304056
7290014046047,false,פסטרמת מעודנת ברביקיו 2יח*300גר,מעדני יחיעם ( 1993 ) בע`מ,IL,צמד פסטרמות 600גר',גרמים,600.00,100 גרם,false,,24.90,0.0415,true,1,1390832
7290014046474,false,"נקניקיות עוף 1.5 ק""ג יחיעם",מעדני יחיעם ( 1993 ) בע`מ,,נקניקיות עוף,קילוגרמים,1.50,"ק""ג",false,,25.90,17.2667,true,1,1507285
7290014059078,false,"אקווה פרש מי פה אקסטרים 500 מ""ל",גלקסו סמית קליין,GB,א.פרש מי פה אקסטרים 500 מ,מיליליטרים,500.00,"100 מ""ל",false,,19.90,0.0398,true,1,1393967
7290014059085,false,"משחת שיניים סנסודיין 75 מ""ל פרימיום לשיקום והגנה","סמית קליין ביצ'ם בע""",GB,סנסודיין משחה לשיקום והגנ,מיליליטרים,75.00,"100 מ""ל",false,,23.90,0.3187,true,1,1393968
7290014059436,false,"משחת שיניים סנסודיין 75 מ""ל פרימיום לשיקום והגנה מלבינה 75 מ""ל","סמית קליין ביצ'ם בע""",GB,75 סנסודיין שיקום והגנה מ,מיליליטרים,75.00,"100 מ""ל",false,,23.90,0.3187,true,1,1393976
7290014066359,false,לנדוור-קפסולות אספרסו בלנסד(06) - 10יח'12X יח,"קפה לנדוור בע""\מ",,קפסולות קפה לנדוור 1,גרמים,80.00,100 גרם,false,,15.90,0.1988,true,1,2119803
7290014066366,false,לנדוור-קפסולות אספרסו ריסטרטו(08) - 10יח'12X יח,ש.שסטוביץ בעמ,,קפסולות קפה לנדוור 1,גרמים,80.00,100 גרם,false,,15.90,0.1988,true,1,2119804
7290014066373,false,לנדוור-קפסולות אספרסו קלאסיק(09) - 10יח'12X יח,ש.שסטוביץ בעמ,,קפסולות קפה לנדוור 1,גרמים,80.00,100 גרם,false,,15.90,0.1988,true,1,2119805
7290014066380,false,לנדוור-קפסולות אספרסו סופרימו(10) - 10יח'12X יח,ש.שסטוביץ בעמ,,קפסולות קפה לנדוור 1,גרמים,80.00,100 גרם,false,,15.90,0.1988,true,1,2119806
7290014066441,false,לנדוור-קפסולות אספרסו נטול קפאין(07) - 10יח'12X יח,ש.שסטוביץ בעמ,,קפסולות קפה לנדוור 1,גרמים,80.00,100 גרם,false,,15.90,0.1988,true,1,2248987
7290014066526,false,לנדוור-קפסולות אספרסו תערובת הבית(11) - 10יח'12X יח,ש.שסטוביץ בעמ,,קפסולות קפה לנדוור 1,גרמים,80.00,100 גרם,false,,15.90,0.1988,true,1,2248992
7290014066533,false,לנדוור-קפסולות אספרסו קלייה כפולה(12) - 10יח'12X יח,ש.שסטוביץ בעמ,,קפסולות קפה לנדוור 1,גרמים,80.00,100 גרם,false,,15.90,0.1988,true,1,2248993
7290014079076,false,נבטי אלפלפא מרינה,"מרינה פטריות הגליל בע""מ",,נבטים אלפלפא,יח',1.00,יח',false,,5.90,5.9000,true,1,1376034
7290014083165,false,ניוקי ויליפוד 500 גרם,ג. וילי-פוד אינטרנשיונל בע`מ,IT,ניוקי 500גרם ( 12יח'),גרמים,500.00,100 גרם,false,,8.90,0.0178,true,1,1352988
7290014083479,false,גבינה פרוסה גאודה 27% שומן EURO CHEESE ויליפוד 150 גרם,ג.וילי פוד אינטרנשיונל בעמ,LT,גבינת גאודה פרוסות 150גרם,גרמים,150.00,100 גרם,false,,9.90,0.0660,true,1,1854421
7290014083806,false,עוגיות בטעם חמאה 350 גרם בפח,ג. וילי-פוד אינטרנשיונל בע`מ,PT,עוגיות בטעם חמאה 350גרם (,גרמים,350.00,100 גרם,false,,11.90,0.0340,true,1,1353007
7290014094505,false,אורז בסמתי טהור אהרוני 1 ק''ג,דין שיווק וקליה 2021 בעמ,,"אורז בסמטי 1 ק""ג",קילוגרמים,1.00,"ק""ג",false,,12.90,12.9000,true,1,1374458
7290014094529,false,"רוטב סויה 300 מ""ל אהרוני",דין שיווק וקליה 2021 בעמ,,"רוטב סויה 300 מ""ל",מיליליטרים,300.00,"100 מ""ל",false,,10.90,0.0363,true,1,1374460
7290014095861,false,שיבולת שועל דקה בשקית שקדיה 500 גרם,דין שיווק וקליה 2021 בעמ,,שיבולת שועל דקה 500,גרמים,500.00,100 גרם,false,,4.90,0.0098,true,1,1374484
7290014095946,false,משוקלדים פקאן בשוקולד מריר 140 גרם,דין שיווק וקליה 2021 בעמ,,פקאן בשוקולד מריר 14,גרמים,140.00,100 גרם,false,,9.90,0.0707,true,1,1398001
7290014095953,false,פקאן בציפוי שוקולד בקופסא שקדיה 140 גרם,דין שיווק וקליה 2021 בעמ,,פקאן בשוקולד חלב 140,גרמים,140.00,100 גרם,false,,9.90,0.0707,true,1,1398002
7290014095960,false,שיבולת שועל עבה בשקית שקדיה 500 גרם,דין שיווק וקליה 2021 בעמ,,שיבולת שועל עבה 500,גרמים,500.00,100 גרם,false,,4.90,0.0098,true,1,1412542
7290014126343,false,בישוקטים בונומי וניל קקאו קקאו 200 גרם,דנשר,,ביסקוטים בונומי קקאו,גרמים,200.00,100 גרם,false,,4.90,0.0245,true,1,1701755
7290014126428,false,מרמולייט סטיביה ממתיק 150 טבליות,מיוצר עי קונדיטוריית,CN,מר' סטיביה 150טבליות,יח',150.00,יח',false,,26.90,0.1793,true,1,1401182
7290014204010,false,"מרכך לשיער צבוע 750 מ""ל פנינה רוזנבלום",פנינה רוזנבלום בעמ,IL,מרכך לשיער צבוע 750,מיליליטרים,750.00,"100 מ""ל",false,,12.90,0.0172,true,1,1395509
7290014204027,false,"שמפו לשיער חפיפה יומיומית 750 מ""ל פנינה רוזנבלום","פנינה רוזנבלום בע""מ",IL,"שמפו יומי 750 מ""ל",מיליליטרים,750.00,"100 מ""ל",false,,12.90,0.0172,true,1,1395510
7290014204713,false,"תרסיס גוף מס' 2 250 מ""ל פנינה רוזנבלום",פנינה רוזנבלום בעמ,,"תרסיס גוף 250 מ""ל",מיליליטרים,250.00,"100 מ""ל",false,,29.90,0.1196,true,1,1395528
7290014217003,false,פפריקה מעושנת בקופ' 90 גר' טעם וריח,"תבליני טעם וריח בע""מ",IL,מיכל פפריקה מעושנת 90 גר',גרמים,90.00,100 גרם,false,,7.90,0.0878,true,1,1398394
7290014217010,false,דגים T130 -BUL בקופ' 90 גר' טעם וריח,"תבליני טעם וריח בע""מ",IL,T-BUL לדגים מיכל 90 גר',גרמים,90.00,100 גרם,false,,12.90,0.1433,true,1,1398395
7290014217027,false,עוף T130 -BUL בקופ' 120 גר' טעם וריח,"תבליני טעם וריח בע""מ",IL,T-BUL לעוף מיכל 120 גר',גרמים,120.00,100 גרם,false,,12.90,0.1075,true,1,1398396
7290014217065,false,אורגנו עלים בקופ' 30 גר' טעם וריח,"תבליני טעם וריח בע""מ",IL,מיכל אורגנו 30 גר',גרמים,30.00,100 גרם,false,,5.90,0.1967,true,1,1398400
7290014217119,false,תערובת לצ'יפס בקופ' 100 גר' טעם וריח,"תבליני טעם וריח בע""מ",IL,מיכל תע' לצ'יפס 100 גר',גרמים,100.00,100 גרם,false,,7.90,0.0790,true,1,1398401
7290014217157,false,"מיכל טוסקנה תיבול 120 גר ""טעם וריח""","תבליני טעם וריח בע""מ",IL,מיכל טוסקנה תיבול 120גר',גרמים,120.00,100 גרם,false,,7.90,0.0658,true,1,1398404
7290014217164,false,תבלין פטרוזיליה מיכל גדול 20 ג',"תבליני טעם וריח בע""מ",IL,מיכל פטרוזיליה 20 גר',גרמים,20.00,100 גרם,false,,5.90,0.2950,true,1,1398405
7290014217171,false,תערובת תיבול תיבול גריל דג מיכל 100ג',"תבליני טעם וריח בע""מ",IL,מיכל גריל דג תיבול 100גר',גרמים,100.00,100 גרם,false,,7.90,0.0790,true,1,1398406
7290014217201,false,"תערובת תיבול סומק 45 גרם ""טעם וריח""","תבליני טעם וריח בע""מ",,תערובת תיבול סומק,גרמים,45.00,100 גרם,false,,4.90,0.1089,true,1,1418978
7290014217225,false,גריל עוף בקופ' 120 גר' טעם וריח,"תבליני טעם וריח בע""מ",IL,מיכל גריל עוף 120 גר',גרמים,120.00,100 גרם,false,,7.90,0.0658,true,1,1398407
7290014217263,false,תיבול לפרגית בקופ' 100 גר' טעם וריח,"תבליני טעם וריח בע""מ",,תיבול לפרגיות,גרמים,100.00,100 גרם,false,,7.90,0.0790,true,1,1437927
7290014217348,false,"מיכל צ'ילי כתוש 70 גר' ""טעם וריח""","תבליני טעם וריח בע""מ",IL,מיכל צ'ילי כתוש 70 גר',גרמים,70.00,100 גרם,false,,7.90,0.1129,true,1,1398410
7290014217355,false,קרי אבקה בקופ' 100 גר' טעם וריח,"תבליני טעם וריח בע""מ",IL,מיכל קרי אבקה 100 גר',גרמים,100.00,100 גרם,false,,7.90,0.0790,true,1,1398411
7290014217362,false,תיבול לקציצות בקופ' 100 גר' טעם וריח,"תבליני טעם וריח בע""מ",IL,מיכל תיבול לקציצות 100גר',גרמים,100.00,100 גרם,false,,7.90,0.0790,true,1,1398412
7290014217393,false,אבקת צ'ילי חריף 30 גרם מיכל קטן,"תבליני טעם וריח בע""מ",,אבקת צילי חריף 30 גר,גרמים,30.00,100 גרם,false,,4.90,0.1633,true,1,2312294
7290014217478,false,תערובת עשבי תיבול איטלקי ים תיכוני 30ג',"תבליני טעם וריח בע""מ",,תערובת עשבי תיבול אי,גרמים,30.00,100 גרם,false,,5.90,0.1967,true,1,1444118
7290014217485,false,תיבול קייג'ון בקופ' 100 גר' טעם וריח,"תבליני טעם וריח בע""מ",,קייגון תיבול מיכל,גרמים,100.00,100 גרם,false,,7.90,0.0790,true,1,2041113
7290014217492,false,תיבול פילדלפיה בקופ' 100 גר' טעם וריח,"תבליני טעם וריח בע""מ",,פילדלפיה תיבול מיכל,גרמים,100.00,100 גרם,false,,7.90,0.0790,true,1,2041114
7290014217911,false,תבלין פלפל אדום מתוק בשקית 150 גר,"תבליני טעם וריח בע""\מ",,פלפל מתוק שלם 150 גר,גרמים,150.00,100 גרם,false,,12.90,0.0860,true,1,2278864
7290014218338,false,"בורקס אישי יפו תפו""א מעדנות 600 גרם",מיוצר עי קונדיטוריית,,"בורקס יפו תפו""א מעדנ",גרמים,600.00,100 גרם,false,,12.90,0.0215,true,1,1490521
7290014241787,false,גרעינים שחור ללא מלח 200 גר,,,גרעינים שחורים 200 ג,גרמים,200.00,100 גרם,false,,4.90,0.0245,true,1,1413502
7290014256637,false,"יין מבעבע מוסקטו באזז יקבי כרמל 750 מ""ל",אגודת הכורמים -כרמל מזרחי,,יין מוסקטו,מיליליטרים,750.00,"100 מ""ל",false,,24.90,0.0332,true,1,1352409
7290014258716,false,תרכובת מזון צמחי על בסיס חלבון סויה מגיל לידה,קבוצת אוסם סחר שותפות מוגבלת,IL,תרכובת מזון לתינוקות על ב,גרמים,700.00,100 גרם,false,,54.90,0.0784,true,1,1349836
7290014258730,false,תרכובת מזון צמחי לתינוקות מגיל 12 חודשים ואילך,קבוצת אוסם סחר שותפות מוגבלת,IL,תרכובת מזון המשך לפעוטות,גרמים,700.00,100 גרם,false,,69.90,0.0999,true,1,1349838
7290014305045,false,בירה יונק הדבש בסגנון בלגי כהה,הדובים,,בירה הדובים-יונק הדב,מיליליטרים,330.00,"100 מ""ל",false,,14.90,0.0452,true,1,1835050
7290014308626,false,פלפל שחור גרוס דק 100 גרם,תבליני פרג,,פלפל שחור גרוס דק דק,גרמים,100.00,100 גרם,false,,13.90,0.1390,true,1,2363256
7290014308978,false,מקלות קינמון שלם 80 גרם,תבליני הדור השלישי,,מקלות קינמון,גרמים,80.00,100 גרם,false,,13.90,0.1738,true,1,2363249
7290014309012,false,אגוז מוסקט טחון 40 גרם,תבליני הדור השלישי,,אגוז מוסקט טחון,גרמים,40.00,100 גרם,false,,13.90,0.3475,true,1,2363226
7290014309036,false,ציפורן טחונה 40 גרם,תבליני פרג,,ציפורן טחונה,גרמים,40.00,100 גרם,false,,13.90,0.3475,true,1,2363270
7290014309128,false,תבלין קצח פרג 120 גר,תבליני הדור השלישי,,קצח 120 גרם,גרמים,120.00,100 גרם,false,,13.90,0.1158,true,1,2363277
7290014309180,false,סומך טחון פרג,תבליני פרג,,סומק,גרמים,100.00,100 גרם,false,,13.90,0.1390,true,1,2363250
7290014318311,false,מארז שלישיית עגבניות חתוכות דק במיץ עגבניות Rosso,,,עגבניות פולפה (מעגבנ,גרמים,1200.00,100 גרם,false,,14.90,0.0124,true,1,1497275
7290014318441,false,מחית עגבניות חלקה 680 ג',,,מחית עגבניות חלקה,גרמים,680.00,100 גרם,false,,9.90,0.0146,true,1,1706517
7290014318458,false,מחית עגבניות חתוכות דק Rustica,איטליקה Italica,,עגבניות חתוכות דק,גרמים,680.00,100 גרם,false,,12.90,0.0190,true,1,1706518
7290014318526,false,צלפים גדולים עם רגל 540 כשר ג',,,צלפים גדולים עם רגל,גרמים,540.00,100 גרם,false,,24.90,0.0461,true,1,1877225
7290014318663,false,"חומץ תפוחים אורגני 750 מ""ל",,,"חומץ תפוחים אורגני """,מיליליטרים,750.00,"1000מ""ל",false,,18.90,0.0252,true,1,2076686
7290014318861,false,"קרם קוקוס אורגני 17.5% שומן 250 מ""ל",,,קרם קוקוס אורגנני 18,מיליליטרים,250.00,"100 מ""ל",false,,9.90,0.0396,true,1,2233305
7290014321014,false,שמן קוקוס אורגני 1 ליטר,אקוגרין,,שמן קוקוס 1 ליטר אור,מיליליטרים,1000.00,"100 מ""ל",false,,59.90,0.0599,true,1,1413392
7290014325036,false,סוכריות ג'לי עטופות שמחות מיה 600 גרם,מיה תעשיות מזון מ.ת.מ. בעמ,IL,סוכריות ג'לי שמחות 600גרם,גרמים,600.00,100 גרם,false,,22.90,0.0382,true,1,1381312
7290014325050,false,קורנפלור 500 גר` מיה ג.,מיה תעשיות מזון מ.ת.מ. בעמ,IL,קורנפלור 500גרם,גרמים,500.00,100 גרם,false,,4.90,0.0098,true,1,1381314
7290014397163,false,"מטהר אוויר פרש הום פריחת השקד, ורד אנגלי וכותנה",החברה הדרומית לשיווק בעמ,,מטהר אוויר פרש אוטומ,מיליליטרים,250.00,"100 מ""ל",false,,12.90,0.0516,true,1,1870915
7290014397170,false,"פרש מיכל מילוי אוטומטיק סופט בלאנס 250 מ""ל סנו",החברה הדרומית לשיווק בעמ,,מטהר אוויר פרש אוטומ,מיליליטרים,250.00,"100 מ""ל",false,,12.90,0.0516,true,1,1866940
7290014397200,false,שלשיית מברשות שיניים אורביטול פרמיום,החב הדרומית לשיווק,CN,3 מברשות שיניים אורביטול,יח',3.00,יח',false,,14.90,4.9667,true,1,1366797
7290014397279,false,שקיות מזון גדולות XL סנו סושי 300 יחידות,החברה הדרומית לשיווק בעמ,IL,סנו סושי 300 שקיות מזון,יח',300.00,יח',false,,11.90,0.0397,true,1,1366802
7290014397453,false,סנו אוקסיגן גל מסיר כתמים כביסה לבנה 3 ל,החברה הדרומית לשיווק בעמ,IL,מסיר כתמים לכביסה לבנה3ל,ליטרים,3.00,ליטר,false,,29.90,9.9667,true,1,1366806
7290014397491,false,"מבשם אויר סנו פרש הום בניחוח וניל קוקוס 350 מ""ל",סנו פרש Fresh,IL,סנופרש וניל קוקוס 350מל,מיליליטרים,350.00,"100 מ""ל",false,,10.90,0.0311,true,1,1366807
7290014397514,false,"מבשם אויר סנו פרש הום בניחוח כותנה מלטפת 350 מ""ל",החברה הדרומית לשיווק בעמ,IL,סנופרש הום כותנה 350מל,מיליליטרים,350.00,"100 מ""ל",false,,10.90,0.0311,true,1,1366809
7290014397521,false,"מבשם אויר סנו פרש הום בניחוח לבנדר 350 מ""ל",סנו פרש Fresh,IL,סנופרש הום לבנדר,מיליליטרים,350.00,"100 מ""ל",false,,10.90,0.0311,true,1,1366810
7290014397705,false,פוליויקס פרקט טבעי וסינטטי סנו (2 ליטר),החברה הדרומית לשיווק בעמ,IL,פוליויקס פרקט 2 ליטר,ליטרים,2.00,ליטר,false,,19.90,9.9500,true,1,1366823
7290014397712,false,סנובון גל לאסלה בניחוח פריחה ורודה,החברה הדרומית לשיווק בעמ,PL,סנובון ג'ל בניחוח פריחה,מיליליטרים,65.00,"100 מ""ל",false,,14.90,0.2292,true,1,1366824
7290014397767,false,סנו ריצפז פרש הום 2 ליטר בניחוח כותנה-מרכז,החברה הדרומית לשיווק בעמ,IL,ריצפז פרש הום כותנה 2 לי,ליטרים,2.00,ליטר,false,,19.90,9.9500,true,1,1366828
7290014397835,false,סנו - מט דוחה יתושים נוזלי מכשיר + מילוי 45 לילות,החברה הדרומית לשיווק בעמ,IT,סנומט סמרט 45לילות יחיד,יחידה,0.00,יחידה,false,,44.90,0.0000,true,1,1366832
7290014417847,false,ניוואה רביעיית סבון מוצק חלב 360גר,ביירסדורף,DE,סבון מוצק מילק,גרמים,360.00,100 גרם,false,,12.90,0.0358,true,1,1380827
7290014426061,false,משחת שיניים הלו קיטי בטעם ענבים לגיל 2-6,גורי ע.ע.ע. בע`מ,IL,משחת שיניים הלו קיטי,מיליליטרים,50.00,"100 מ""ל",false,,11.90,0.2380,true,1,1393985
7290014435360,false,חומוס עם רוטב חריף שמיר 400 גרם,"סלטי שמיר 2006 בע""מ",,חומוס עם רוטב חריף,גרמים,400.00,100 גרם,false,,10.90,0.0273,true,1,2229685
7290014435704,false,סלמון מעושן פרוס 100ג(שמיר),שבעת הימים - שמיר,,סלמון מעושן פרוס 100,גרמים,100.00,100 גרם,false,,21.90,0.2190,true,1,2112307
7290014435810,false,נתחי הרינג כבוש עם בצל במרינת חמוץ מתוק שמיר 220 גרם,"סלטי שמיר 2006 בע""מ",,הרינג כבוש עם בצל במ,גרמים,220.00,100 גרם,false,,18.90,0.0859,true,1,2114607
7290014435827,false,פילה מקרל מעושן בשמן ויטהול 180 גר,"סלטי שמיר 2006 בע""מ",,פילה מקרל מעושן בשמן,גרמים,190.00,100 גרם,false,,24.90,0.1311,true,1,2114608
7290014435834,false,מקרל מעושן פרוס בשמן שמיר 180 גרם,"סלטי שמיר 2006 בע""מ",,מקרל מעושן פרוס בשמן,גרמים,190.00,100 גרם,false,,24.90,0.1311,true,1,2114609
7290014435841,false,פילה הרינג עם בצל בשמן מטיאס הולנדי שמיר 200 גרם,סלטי שמיר 2006 בעמ,,פילה מטיאס הולנדי בש,גרמים,200.00,100 גרם,false,,18.90,0.0945,true,1,2114610
7290014435872,false,סלט הרינג עם מיונז שמיר 200 גרם,"סלטי שמיר 2006 בע""מ",,סלט הרינג עם מיונז,גרמים,200.00,100 גרם,false,,18.90,0.0945,true,1,2114611
7290014435896,false,סלט סלמון עם מיונז שמיר 180 גרם,שבעת הימים - שמיר,,סלט סלומון עם מיונז,גרמים,200.00,100 גרם,false,,21.90,0.1095,true,1,2114613
7290014454132,false,לאב ליין וויט דאודורנט ספריי,חלאבין,,דאודורנט ספריי love,יחידה,0.00,יחידה,false,,19.90,0.0000,true,1,1374641
7290014455245,false,גבינה גרנה פדנו משולש גד 200 גר',מחלבות גד שיווק 1992 בעמ,,גבינה גרנה פדנו משול,גרמים,200.00,100 גרם,false,,23.90,0.1195,true,1,1422843
7290014455252,false,גבינת גרנה פדנו מגורדת 29% גד (100 גרם),מחלבות גד שיווק 1992 בעמ,,גבינה גרנה פדנו מגור,גרמים,100.00,100 גרם,false,,10.90,0.1090,true,1,1422844
7290014455320,false,גבינה כדורי מוצרלה פרסקה גד 100ג',מחלבות גד שיווק 1992 בעמ,,כדור מוצרלה פרסקה 10,גרמים,100.00,100 גרם,false,,9.90,0.0990,true,1,1374812
7290014455467,false,ירח מתוק מעדן חלב 2% ושיבולת שועל גד 150ג',מחלבות גד שיווק 1992 בעמ,,מעדן שיבולת שועל וחל,גרמים,150.00,100 גרם,false,,5.50,0.0367,true,1,1422846
7290014455610,false,"יוגורט עיזים תות 125 גרם ""גד""",מחלבות גד שיווק 1992 בעמ,,יוגורט עיזים עם תות,גרמים,125.00,100 גרם,false,,5.90,0.0472,true,1,1474422
7290014455627,false,יוגורט עיזים עם דובדבן אמרנה 125גר,מחלבות גד שיווק 1992 בעמ,,יוגורט עיזים דובדבן,גרמים,125.00,100 גרם,false,,5.90,0.0472,true,1,1474423
7290014471412,false,"מוזלי בוטנים אגוזים ושקדים 1 ק""ג - 412 ירוק שקדיה",דין שיווק וקליה 2021 בעמ,,מיזלי בוטנים אגוזים,גרמים,1000.00,100 גרם,false,,19.90,0.0199,true,1,1374485
7290014471429,false,"מוזלי עם פירות 1 ק""ג - 429 סגול שקדיה",דין שיווק וקליה 2021 בעמ,,"מיזלי פירות 1 ק""ג.",גרמים,1000.00,100 גרם,false,,19.90,0.0199,true,1,1374486
7290014471436,false,"מוזלי צימוקים תפוח קינמון וגרעיני חמניה 1 ק""ג כחול שקדיה",דין שיווק וקליה 2021 בעמ,,מיזלי צימוקים תפוח ק,גרמים,1000.00,100 גרם,false,,19.90,0.0199,true,1,1374487
7290014471443,false,"גרנולה צימוקים אגוזים ושקדים1 ק""ג חדש - 443 כתום שקדיה (כתום)",דין שיווק וקליה 2021 בעמ,,"גרנולה אגוזים 1ק""ג",גרמים,1000.00,100 גרם,false,,19.90,0.0199,true,1,1374488
7290014472426,false,קונפיטורה דובדבן חמוץ 450 ג' שקדיה,דין שיווק וקליה 2021 בעמ,,קונפיטורה 450 גרם דו,גרמים,450.00,100 גרם,false,,12.90,0.0287,true,1,1785300
7290014472433,false,קונפיטורה תות שדה 70% פרי 450 גרם,דין שיווק וקליה 2021 בעמ,,קונפיטורה 450 גרם תו,גרמים,450.00,100 גרם,false,,12.90,0.0287,true,1,1785301
7290014472440,false,קונפיטורה תפוז 70% פרי 450 גרם,דין שיווק וקליה 2021 בעמ,,קונפיטורה 450 גרם תפ,גרמים,450.00,100 גרם,false,,12.90,0.0287,true,1,1785302
7290014472990,false,ממרח 100% שקדים שקדיה (300 גרם),דין שיווק וקליה 2021 בעמ,,ממרח שקדים 300 גרם,גרמים,300.00,100 גרם,false,,34.90,0.1163,true,1,1490258
7290014499270,false,כוס יהלום 50 יחידות,,,כוס יהלום 50 יחידות,יחידה,0.00,יחידה,false,,15.90,0.0000,true,1,1790768
7290014503137,false,יין אדום יבש יובלים יקב דלתון (750 מל),הכרם - משקאות חריפים בעמ,,יין דלתון יובלים אדו,מיליליטרים,750.00,"100 מ""ל",false,,39.90,0.0532,true,1,1380953
7290014503144,false,יין לבן יובלים יקב דלתון (750 מל),הכרם - משקאות חריפים בעמ,,יין דלתון יובלים לבן,מיליליטרים,750.00,"100 מ""ל",false,,39.90,0.0532,true,1,1380954
7290014525177,false,חטיף סלים פרוט Slim fruit בטעם יוגורט ופירות יער,סלים דליס Slim Delis,ES,מרבה סלים פרוט בטעם יוגור,גרמים,120.00,100 גרם,false,,10.90,0.0908,true,1,1386374
7290014525290,false,חטיפי סלים דליס קריספי תות מרבה 125 גרם,סלים דליס Slim Delis,,חטיף קריספי עם מילוי,גרמים,125.00,100 גרם,false,,10.90,0.0872,true,1,1439470
7290014525306,false,חטיפי סלים דליס קריספי אוכמניות מרבה 125 גרם,סלים דליס Slim Delis,,חטיף קריספי עם מילוי,גרמים,125.00,100 גרם,false,,10.90,0.0872,true,1,1439471
7290014525313,false,חטיפי סלים דליס קריספי שוקולד מרבה 125 גרם,סלים דליס Slim Delis,,חטיף קריספי עם מילוי,גרמים,125.00,100 גרם,false,,10.90,0.0872,true,1,1439472
7290014525665,false,מרבה על חלל עוגיות קקאו וסוכריות שוק חלב 140 יח',ש.שסטוביץ בעמ,,עוגיות על חלל קקאו ע,גרמים,140.00,100 גרם,false,,9.90,0.0707,true,1,2297812
7290014525672,false,מרבה על חלל עוגיות קקאו וסוכריות שוקולד חלב 140 גרם,ש.שסטוביץ בעמ,,עוגיות על חלל עם סוכ,גרמים,140.00,100 גרם,false,,9.90,0.0707,true,1,2297813
7290014547353,false,סנסודין זוג מברשות שיניים דואלקר ירוק+יר,גורי ע.ע.ע בעמ,,זוג מברשות שיניים סנ,יחידה,0.00,יחידה,false,,19.90,0.0000,true,1,1895464
7290014562394,false,תה גרגירים להכנת משקה שומר בטר אנד דיפרנט 200 גרם,סילקו אם איי ספולקה,,תה שומר 200 גרם,גרמים,200.00,100 גרם,false,,19.90,0.0995,true,1,1395655
7290014651920,false,פיצוחי הטיב קבוקים שומשום 200ג,פיצוחי הטיב,,קבוקים שומשום 200 גר,גרמים,200.00,100 גרם,false,,4.90,0.0245,true,1,1864301
7290014692299,false,גבינת ברי EURO CHEESE ויליפוד 125 גרם,ג.וילי-פוד אינטרנשיונל **גבינו,DK,גבינת ברי 125גרם CASTELLO,גרמים,125.00,100 גרם,false,,19.90,0.1592,true,1,1353010
7290014692305,false,גבינת קממבר EURO CHEESE ויליפוד 125 גרם,ג.וילי-פוד אינטרנשיונל **גבינו,DK,גבינת קממבר 125גרם CASTEL,גרמים,125.00,100 גרם,false,,19.90,0.1592,true,1,1353011
7290014692749,false,"שמן זית כתית מעולה ויליפוד 750 מ""ל",ג. וילי-פוד אינטרנשיונל בע`מ,,שמן זית כתית מעולה 7,מיליליטרים,750.00,"100 מ""ל",false,,29.90,0.0399,true,1,2315762
7290014692817,false,גבינת מוצרלה מגורדתEURO CHEESE ויליפוד 200 גרם,ג.וילי-פוד אינטרנשיונל **גבינו,LT,גבינת מוצרלה מגורדת 200גר,גרמים,200.00,100 גרם,false,,15.00,0.0750,true,1,1353018
7290014725348,false,ממתיק דל קלוריות קלאסי סוכרזית) (100,שטראוס גרופ בע`מ,IL,סוכרזית קלאסי 100 שקיות,גרמים,130.00,100 גרם,false,,12.90,0.0992,true,1,1390230
7290014748613,false,מקלוני דגים בציפוי צ'יפס דג טוב 600 גרם,קבוצת אוסם סחר שותפות מוגבלת,,דג טוב - מקלוני דגים,גרמים,600.00,100 גרם,false,,24.90,0.0415,true,1,2046670
7290014748651,false,דג טוב פילה אמנון מצופה נתח שלם 360 גרם,קבוצת אוסם סחר שותפות מוגבלת,,דג טוב - פילה אמנון,גרמים,360.00,100 גרם,false,,29.90,0.0831,true,1,2046664
7290014748675,false,"קציצות דגים 600 גרם ""דג טוב""",קבוצת אסם סחר שות. מוגבלת,,דג טוב - קציצות דגים,גרמים,600.00,100 גרם,false,,24.90,0.0415,true,1,2046672
7290014749245,false,ספיישל רצועות שניצל שומשום עוף טוב 600 גרם,קבוצת אוסם סחר שותפות מוגבלת,,רצועות שניצל בציפוי,גרמים,600.00,100 גרם,false,,34.90,0.0582,true,1,2233238
7290014749764,false,עוף טוב שניצל עוף ביתי עדין כזה 700 גרם,קבוצת אוסם סחר שותפות מוגבלת,,שניצל עוף ביתי עדין,גרמים,700.00,100 גרם,false,,42.90,0.0613,true,1,2248838
7290014758100,false,מאגדת יוגורט ביו 3% שומן 8 יח' *150ג' תנובה,מיוצר עי קונדיטוריית,,מאגדת 8 יוגורט ביו ת,גרמים,1200.00,100 גרם,false,,15.90,0.0133,true,1,1387703
7290014758117,false,מאגדת יוגורט ביו 1.5% שומן 8 יח' *150 ג' תנובה,מיוצר עי קונדיטוריית,,מאגדת 8 יוגורט ביו ת,גרמים,1200.00,100 גרם,false,,15.90,0.0133,true,1,1387704
7290014758162,false,חלב עיזים מלא 3.6% שומן תנובה (1 ליטר),תנובה מרכז שיתופי לש,,חלב עיזים קרטון 1 לי,ליטרים,1.00,ליטר,false,,14.90,14.9000,true,1,1387705
7290014758681,false,גבינת קוטג`1% בגביע תנובה (250 גרם),מיוצר עי קונדיטוריית,,קוטג 1% תנובה 250 גר,גרמים,250.00,100 גרם,false,,5.40,0.0216,true,1,1387725
7290014759084,false,גבינת שמנת נפוליאון 16% מופחת שומן תנובה 225 גרם,תנובה מרכז שיתופי לש,,גבינת נפולאון טבעי מ,גרמים,225.00,100 גרם,false,,12.90,0.0573,true,1,1387739
7290014759534,false,גבינה בולגרית למריחה טבעי 5% 200 ג' פיראוס,"תנובה, מחלבת תל יוסף",,בולגרית למריחה 5% טב,גרמים,200.00,100 גרם,false,,12.90,0.0645,true,1,1387754
7290014759985,false,פרמזן פלח גבע 23% 200 גר`קולקשיין תנובה,תנובה - חלב,,גבינה גבע פרמזן 200,גרמים,200.00,100 גרם,false,,24.90,0.1245,true,1,1387764
7290014759992,false,פלח רוקפור גליל 26% 140 גר`קולקשיין תנו,"תנובה, מחלבת תל יוסף",,גבינה גליל רוקפור גו,גרמים,140.00,100 גרם,false,,18.90,0.1350,true,1,1387765
7290014760134,false,"מעדן סויה בטעם וניל תנובה 125 מ""ל",תנובה Alternative,,מעדן סויה בטעם וניל,מיליליטרים,125.00,"100 מ""ל",false,,3.90,0.0312,true,1,1875417
7290014760141,false,משקה שקדים טרי תנובה (1 ליטר),"תנובה בע""מ ***",DE,רייס דרים משקה שקדים 1 לי,ליטרים,1.00,ליטר,false,,11.90,11.9000,true,1,1387768
7290014760448,false,גבינה צהובה גלבוע 400 גרם 22% שומן תנובה,מחלבת בית יצחק,,גבינה גלבוע 400 גרם,גרמים,400.00,100 גרם,false,,22.90,0.0572,true,1,1387779
7290014760912,false,גבינה צהובה 28% מהדרין גוש חלב (400 גרם),תנובה מרכז שיתופי לש,,גבינה צהובה גוש חלב,גרמים,400.00,100 גרם,false,,24.90,0.0622,true,1,1387802
7290014761056,false,מעדן שוקולד חלב יולו תנובה 123 גרם,מיוצר עי קונדיטוריית,,מעדן YOLO שוקולד חלב,גרמים,123.00,100 גרם,false,,4.20,0.0341,true,1,1387804
7290014761063,false,מעדן שוקולד מריר יולו תנובה 123 גרם,מיוצר עי קונדיטוריית,,מעדן YOLO שוקולד מרי,גרמים,123.00,100 גרם,false,,4.20,0.0341,true,1,1387805
7290014761070,false,מעדן שוקולד לבן יולו תנובה 123 גרם,מיוצר עי קונדיטוריית,,מעדן YOLO שוקולד לבן,גרמים,123.00,100 גרם,false,,4.20,0.0341,true,1,1387806
7290014761193,false,יוגורט עם פירות יער 1.5% שומן 125 ג' פרילי,תנובה מרכז שיתופי לש,,פרילי פירות יער.,גרמים,125.00,100 גרם,false,,3.20,0.0256,true,1,1387808
7290014761414,false,יולו מעדן שכבות שוקולד חלב ולבן 123 גר,מיוצר עי קונדיטוריית,,מעדן YOLO שכבות שוקו,גרמים,123.00,100 גרם,false,,4.20,0.0341,true,1,1387814
7290014761612,false,מעדן שכבות שוקולד מריר ולבן יולו 122 גרם,מיוצר עי קונדיטוריית,,מעדן YOLO שכבות שוקו,גרמים,122.00,100 גרם,false,,4.20,0.0344,true,1,1387819
7290014762756,false,גבינת שמנת נפוליאון 16% עם בצל תנובה 225 גרם,תנובה - חלב,,גבינת נפולאון 16% בט,גרמים,225.00,100 גרם,false,,12.90,0.0573,true,1,1425508
7290014762800,false,מעדן סויה שוקולד גביע 125 גרם אלטרנטיב,תנובה מרכז שיתופי לש,,גביע מעדן סויה בטעם,מיליליטרים,125.00,"100 מ""ל",false,,3.90,0.0312,true,1,1482981
7290014762831,false,גבינת שמנת נפוליאון 16% עם פלפל חלפיניו תנובה 225 גרם,תנובה מרכז שיתופי לש,,גבינת נפוליאון 24% ע,גרמים,225.00,100 גרם,false,,12.90,0.0573,true,1,1441751
7290014762909,false,פתיתי מוצרלה השף הלבן 10% תוספת מתנה,"תנובה, מחלבת תל יוסף",,פתיתי גבינת מוצרלה.,גרמים,200.00,100 גרם,false,,15.90,0.0795,true,1,1438190
7290014763098,false,קרם גבינת שמנת 5% עם פלפל שום ובצל 200 ג' תנובה,תנובה - חלב,,קרם גבינת שמנת 5% טו,גרמים,200.00,100 גרם,false,,10.90,0.0545,true,1,1438191
7290014763272,false,יוגורט סויה BIO לשתיה תות ובננה אלטרנטיב,תות תעשיות מזון (201,,משקה סויה ביו תות וב,גרמים,250.00,100 גרם,false,,5.90,0.0236,true,1,1452926
7290014785007,false,גרגרי טפיוקה קטנים 400 גר`טעמי אסיה,טחנת האבן קואופ בעמ,,גרגרי טפיוקה קטנים,גרמים,400.00,100 גרם,false,,7.90,0.0198,true,1,1391140
7290014785014,false,גרגרי טפיוקה גדולים.,טעמי אסיה Taste of Asia,,גרגרי טפיוקה גדולים.,גרמים,400.00,100 גרם,false,,7.90,0.0198,true,1,1391141
7290014785052,false,"רוטב פטריות צמחוני 500 מ""ל",טעמי אסיה Taste of Asia,TH,"רוטב פטריות צמחוני 500 מ""",מיליליטרים,500.00,"100 מ""ל",false,,12.90,0.0258,true,1,1391144
7290014785076,false,"קרם קוקוס ללא תוספות חומר משמר 400 מ""ל",טחנת האבן קואופ בעמ,TH,קרם קוקוס ללא חומר משמר,גרמים,400.00,100 גרם,false,,7.90,0.0198,true,1,1391146
7290014785113,false,רוטב טריאקי טעמי אסיה (500 מל),טחנת האבן קואופ בעמ,TH,רוטב טריאקי (גדול) 500 -,מיליליטרים,500.00,"100 מ""ל",false,,12.90,0.0258,true,1,1391148
7290014785168,false,שיראטקי ג'ל קונג'אק בצורת אטריות,ננטונג דינגבורג סיוי,CN,אטריות שירטאקה 200 גר' דק,גרמים,200.00,100 גרם,false,,8.90,0.0445,true,1,1391153
7290014785175,false,שיראטקי אטריות קונג'אק עבות,ננטונג דינגבורג סיוי,CN,אטריות שירטאקה 200 גרם עב,גרמים,200.00,100 גרם,false,,8.90,0.0445,true,1,1391154
7290014785441,false,אטריות ביצים מקצועי 450 גרם,,,אטריות ביצים 450 גרם,גרמים,450.00,100 גרם,false,,8.90,0.0198,true,1,1799676
7290014785564,false,אטריות אודון מוכנות 200 גר`,קינגדאן פרימה פודס ק,,אטריות אודון מוכנות,גרמים,200.00,100 גרם,false,,4.90,0.0245,true,1,2197118
7290014785571,false,"אטריות מוכנות מתאים להקפצה, מרקים ומנות קרות",טחנת האבן קואופ בעמ,,אטריות מוכנות להקפצה,גרמים,200.00,100 גרם,false,,4.90,0.0245,true,1,2197119
7290014785588,false,אטריות ראמן מוכנות 180 גר`,קינגדאן פרימה פודס ק,,אטריות ראמן מוכנות 1,גרמים,180.00,100 גרם,false,,4.90,0.0272,true,1,2197120
7290014785984,false,רוטב סויה ללא גלוטן,טעמי אסיה Taste of Asia,,רוטב סויה 150 מל ללא,מיליליטרים,150.00,"100 מ""ל",false,,8.90,0.0593,true,1,1962721
7290014785991,false,רוטב סויה ללא גולטן 500 מל טעמי אסיה,טחנת האבן קואופ בעמ,,רוטב סויה 500 מל ללא,מיליליטרים,500.00,"100 מ""ל",false,,10.90,0.0218,true,1,1962722
7290014803206,false,"חומץ יין אדום 5% 500מ""ל",COMTEMP,,חומץ יין אדום 5% 500,מיליליטרים,500.00,"100 מ""ל",false,,12.90,0.0258,true,1,1472615
7290014803213,false,"חומץ יין לבן 5% 500מ""ל נאמן",נאמן לאורך זמן בעמ,,חומץ יין לבן 5% 500,מיליליטרים,500.00,"100 מ""ל",false,,12.90,0.0258,true,1,1472616
7290014855434,false,מגבונים בייביסיטר פרפורמנס מבושם רביעיה,בייביסיטר Babysitter,,מגבונים בייביסיטר פר,יח',288.00,יח',false,,15.90,0.0552,true,1,1419410
7290014855458,false,מגבוני בייביסיטר פרפורמנס ללא בישום מארז 72X4יח',בייביסיטר Babysitter,,מגבונים בייביסיטר פר,יח',288.00,יח',false,,15.90,0.0552,true,1,1419411
7290014855809,false,מטליות לחות לניקוי כללי,פרפקט Perfect,,מטליות לחות לניקוי כ,יח',50.00,יח',false,,9.90,0.1980,true,1,1443711
7290014855854,false,מגבונים בייבי בייסיק חמישייה,בייבי בייסיק,,בייבי בייסיק מגבונים,יח',360.00,יח',false,,19.90,0.0553,true,1,1862483
7290014890152,false,גבינת שמנת זיתים 225 גרם יעקובס,גבינות משק יעקבס,,גבינת שמנת זיתים 225,גרמים,225.00,100 גרם,false,,9.90,0.0440,true,1,1878036
7290014890237,false,גבינת קממברט יעקבס 125 גרם,גבינות משק יעקבס,,גבינת קממברט בייבי ב,גרמים,125.00,100 גרם,false,,14.90,0.1192,true,1,2230993
7290014901247,false,"שמפו קרטין לאחר החלקה ועיצוב בחום סטייל 750 מ""ל",א.ל. ארמן ייצור תמרו,,שמפו קרטין סטייל לאח,מיליליטרים,750.00,"100 מ""ל",false,,24.90,0.0332,true,1,1393992
7290014901254,false,"מרכך קרטין לאחר החלקה ועיצוב בחום סטייל 750 מ""ל",א.ל ארמן ייצור תמרוק,,מרכך קרטין סטייל לאח,מיליליטרים,750.00,"100 מ""ל",false,,24.90,0.0332,true,1,1393993
7290014901261,false,"מסכה קרטין לאחר החלקה ועיצוב בחום סטייל 500 מ""ל",א.ל ארמן ייצור תמרוק,,מסכת קרטין סטייל לאח,מיליליטרים,500.00,"100 מ""ל",false,,34.90,0.0698,true,1,1393994
7290014901308,false,משחת שיניים לשיניים רגישות Complete protection,"סמית קליין ביצ'ם בע""",GB,"סנסודיין הגנה מלאה 75 מ""ל",מיליליטרים,75.00,"100 מ""ל",false,,23.90,0.3187,true,1,1393996
7290014901315,false,סנסודיין משחה הגנה מלאה אקסטרה פרש 75 מל,"סמית קליין ביצ'ם בע""",GB,סנסודיין הגנה מלאה פרש 75,מיליליטרים,75.00,"100 מ""ל",false,,23.90,0.3187,true,1,1393997
7290014901896,false,"מי פה סנסודיין מנטה מרענן 500 מ""ל",גלקסוסמיתקליין,,מיי פה סנסודיין 500,מיליליטרים,500.00,"100 מ""ל",false,,29.90,0.0598,true,1,1798438
7290014905313,false,דזיטול מחטא ומשמיד חיידקים לניקוי רצפות ומשטחים 1.2 ליטר,יעקב יעקבי ובניו בעמ,ES,דזיטול לחיטוי רצפות ומשטח,ליטרים,1.00,ליטר,false,,14.90,14.9000,true,1,1891965
7290014905344,false,"הפי תרסיס קצף לניקוי שטיחים יעקביי 623 מ""ל",יעקב יעקבי ובניו בעמ,US,הפי קצף לשטיחים,מיליליטרים,800.00,"100 מ""ל",false,,17.90,0.0224,true,1,1372462
7290014905498,false,הפי מטליות דו צדדיות בגליל 20 מטליות,"יעקב יעקבי ובניו בע""מ",TR,הפי גם וגם--גליל צהוב דו,יחידה,0.00,יחידה,false,,9.90,0.0000,true,1,1372467
7290014905719,false,מנטרל ריחות בניחוח לימון למדיח כלים,"יעקב יעקבי ובניו בע""מ",IT,הפי לימונית גדולה למדיח,יחידה,0.00,יחידה,false,,9.90,0.0000,true,1,1372471
7290014931008,false,פטרוזיליה עם השורש יחידה,ביכורי השדה צפון 1994 ג.ד. בעמ,,פטרוזליה,יחידה,0.00,יחידה,false,,7.90,0.0000,true,1,1410827
7290014931015,false,כוסברה עם השורש יחידה,ל. פלמינגו ישראל בעמ,,כוסברה,יחידה,0.00,יחידה,false,,7.90,0.0000,true,1,1410828
7290014931053,false,בזיליקום עם השורש יחידה,גדי מרדכי-מושב שלוש,,בזילקום,יחידה,0.00,יחידה,false,,7.90,0.0000,true,1,1410829
7290014931077,false,עירית עם השורש יחידה,תעשיות תמרוקים שיק 1,,עירית,יחידה,0.00,יחידה,false,,7.90,0.0000,true,1,1410831
7290014931084,false,אורגנו עם השורש יחידה,ביכורי השדה צפון 1994 ג.ד. בעמ,,אורגנו טרגון,יחידה,0.00,יחידה,false,,7.90,0.0000,true,1,1410832
7290014931091,false,קורנית -טימין עם השורש י,גדי מרדכי-מושב שלוש,,קורנית טימין,יחידה,0.00,יחידה,false,,7.90,0.0000,true,1,1410833
7290014931107,false,נענע עם השורש יחידה,גדי מרדכי-מושב שלוש,,מנטה,יחידה,0.00,יחידה,false,,7.90,0.0000,true,1,1410834
7290014931176,false,עלי חסה רומית מהדרין,רימון,,עלי חסה רומית מהדרין,יחידה,0.00,יחידה,false,,7.90,0.0000,true,1,1410835
7290014931190,false,פאק - צוי יחידה,גדי מרדכי-מושב שלוש,,פאקצ'וי,יחידה,0.00,יחידה,false,,9.90,0.0000,true,1,1410836
7290014931206,false,גרגירי נחלים הידרופו,מהשורש לאורך חיים,,גרגיר נחלים,יחידה,0.00,יחידה,false,,7.90,0.0000,true,1,1410837
7290014945753,false,"שייני מבשם נוזלי פרחי אביב 400 מ""ל",,,מבשם נוזלי בניחוח פר,מיליליטרים,400.00,"100 מ""ל",false,,9.90,0.0248,true,1,1424970
7290014945760,false,"שייני מבשם נוזלי וניל קוקוס 400 מ""ל",,,מבשם נוזלי בניחוח ונ,מיליליטרים,400.00,"100 מ""ל",false,,9.90,0.0248,true,1,1424971
7290014945890,false,מברשת שטיחים,*** מ.א.ייצור ויבוא מטליות,,מברשת שטיחים,יחידה,0.00,יחידה,false,,14.90,0.0000,true,1,2256150
7290014947047,false,פריכיות כוסמת עם מלח 175 גרם,י.איטליאנו אחזקות בעמ,,פריכיות כוסמת עם מלח,גרמים,175.00,100 גרם,false,,9.90,0.0566,true,1,2281800
7290014962521,false,"טפטפים משחת שיניים לילדים מגיל 2-6 50 מ""ל",גורי ע.ע.ע. בע`מ,IL,2-6משחת שיניים טפטפים לגי,מיליליטרים,50.00,"100 מ""ל",false,,9.90,0.1980,true,1,1394016
7290014973213,false,הרמס סלמון מעושן מדג,"הרמס דגים בע""מ",,הרמס סלמון מעושן מדג,גרמים,200.00,100 גרם,false,,44.90,0.2245,true,1,2254541
7290014973329,false,פילה הרינג אדום צנצנת 200 גרם,ירין חזון שיווק ומזון,,הרמס פילה הרינג אדום,גרמים,200.00,100 גרם,false,,16.90,0.0845,true,1,2254508
7290014973411,false,פילה דג סלמון טרי מעושן 100 גר`,ירין חזון שיווק ומזון,,הרמס סלמון מעושן מדג,גרמים,100.00,100 גרם,false,,22.90,0.2290,true,1,2254542
7290014973671,false,איקרה לבנה הרמס 250,ירין חזון שיווק ומזון,,הרמס איקרה לבן,גרמים,250.00,100 גרם,false,,19.90,0.0796,true,1,2298673
7290014974562,false,גביעי גלידה רגיל טילון עלמה גילרו 24 יח',"א.ג גילרו בע""\מ",,גביע גלידה,גרמים,120.00,100 גרם,false,,6.90,0.0575,true,1,1726924
7290014974593,false,גביעי גלידה 12 מגולגל ללא גלוטן גילרו*,ח.כהן סוכנות מזון ומשקאות בע,,גביע גלידה ללא גלוטן,יח',24.00,יח',false,,15.90,0.6625,true,1,1725955
7290015005548,false,"צ'יפס זיג זג 2 ק""ג פרי הגליל",ויטה -פרי גליל (החדשה) בעמ,IL,צ'יפס זיג זג 2קג פג,קילוגרמים,2.00,"ק""ג",false,,24.90,12.4500,true,1,1394968
7290015005555,false,"צ'יפס אמריקאי 2 ק""ג פרי הגליל",ויטה- פרי גליל (החדשה) בעמ,IL,צ'יפס אמריקאי 2קג פג רבנו,קילוגרמים,2.00,"ק""ג",false,,24.90,12.4500,true,1,1394969
7290015009218,false,"ניוקי עם ערמונים 300 גרם ""דניאל""",סיאמה אלימנטארי סרל,,ניוקי עם ערמונים 300,גרמים,300.00,100 גרם,false,,8.90,0.0297,true,1,2233770
7290015009294,false,גבינת פרמיזאנו רזאנו170ג,ביג גראנה,,פרמיז'אנו ראז'אנו,גרמים,170.00,100 גרם,false,,29.90,0.1759,true,1,2233771
7290015009317,false,נאצ'וס תירס טבעי 200 גרם,אוקי סנייקס,,נאצ'וס תירס טבעי 200,גרמים,200.00,100 גרם,false,,11.90,0.0595,true,1,2233849
7290015009324,false,נאצו'ס תירס ברביקיו 200 גרם,אוקיי סנקס,,נאצ'וס ברבקיו 200 גר,גרמים,200.00,100 גרם,false,,11.90,0.0595,true,1,2233850
7290015009331,false,נאצו'ס תירס חריף 200 גרם,מנדלז סי.אר. פרודקשן,,נאצ'וס חריף 200 גרם,גרמים,200.00,100 גרם,false,,11.90,0.0595,true,1,2233851
7290015009379,false,"מיץ לימון משומר 946 מ""ל",,,מיץ לימון משומר,מיליליטרים,946.00,"100 מ""ל",false,,17.90,0.0189,true,1,2233748
7290015025942,false,"קרם ידיים קלאסי עם שמן שקדים פנג'ל 80 מ""ל",מיוצר עי קונדיטוריית,IL,חדש -פנג'ל ק.ידיים קלאסיק,מיליליטרים,80.00,"100 מ""ל",false,,6.90,0.0863,true,1,1401217
7290015025959,false,מגבונים לחים בניחוח עדין מכיל תמציות קשמיר ומשי,עלבד משואות יצחק,,רביעיית מגבוני פרשוו,יח',256.00,יח',false,,15.90,0.0621,true,1,2202519
7290015037204,false,כרוב לבן קצוץ 400 גרם אוצר הארץ,"בכורי השדה צפון1994 ג.ד. בע""מ",,כרוב לבן 400 ארץ האר,יחידה,0.00,יחידה,false,,11.90,0.0000,true,1,1399444
7290015037211,false,כרוב אדום קצוץ 400 גרם אוצר הארץ,"בכורי השדה צפון1994 ג.ד. בע""מ",,כרוב אדום 400 גרם או,יחידה,0.00,יחידה,false,,11.90,0.0000,true,1,1399445
7290015037228,false,סלט קולסלו 400 גר אוצר הארץ,יעל ירק עלים לשיווק בעמ,,סלט קולסלו 400 אוצר,יחידה,0.00,יחידה,false,,11.90,0.0000,true,1,1399446
7290015037235,false,חסה אייסברג קצוצה 300 גרם חסלט,יעל ירק עלים לשיווק בעמ,,חסה אייסברג קצוצה 30,יחידה,0.00,יחידה,false,,12.90,0.0000,true,1,1399447
7290015037242,false,לקט ים תיכוני 350 גרם אוצר הארץ,יעל ירק עלים לשיווק בעמ,,לקט ים תיכוני 350 או,יחידה,0.00,יחידה,false,,12.90,0.0000,true,1,1399448
7290015037266,false,שבבי גזר אוצר הארץ 400 גר,חסלט,,שביבי גזר 400 גרם או,יחידה,0.00,יחידה,false,,11.90,0.0000,true,1,1399449
7290015037273,false,פטרוזיליה אוצר הארץ - מהדרין,יעל ירק עלים לשיווק בעמ,,פטרוזליה אוצר הארץ,יחידה,0.00,יחידה,false,,6.40,0.0000,true,1,1399450
7290015037280,false,כוסברה אוצר הארץ - מהדרין,יעל ירק עלים לשיווק בעמ,,כוסברה אוצר הארץ,יחידה,0.00,יחידה,false,,6.40,0.0000,true,1,1399451
7290015037297,false,שמיר אוצר הארץ - מהדרין,יעל ירק עלים לשיווק בעמ,,שמיר אוצר הארץ,יחידה,0.00,יחידה,false,,6.40,0.0000,true,1,1399452
7290015037396,false,נענע אוצר הארץ - מהדרין,"בכורי השדה צפון1994 ג.ד. בע""מ",,נענע אוצר הארץ,יחידה,0.00,יחידה,false,,6.40,0.0000,true,1,1399457
7290015037402,false,‏בצל ירוק שקית - אוצר הארץ,"בכורי השדה צפון1994 ג.ד. בע""מ",,בצל ירוק אוצר הארץ,יחידה,0.00,יחידה,false,,7.40,0.0000,true,1,1399458
7290015037419,false,סלרי אמריקאי אוצר הארץ,"בכורי השדה צפון1994 ג.ד. בע""מ",,סלרי אוצר הארץ,יחידה,0.00,יחידה,false,,7.40,0.0000,true,1,1399459
7290015037433,false,חסה ערבית אוצר הארץ יחיד,"בכורי השדה צפון1994 ג.ד. בע""מ",,חסה ערבית אוצר הארץ,יחידה,0.00,יחידה,false,,7.40,0.0000,true,1,1399461
7290015037440,false,"כרוב לבן שלם 1 ק""ג -א. הארץ",יעל ירק עלים לשיווק בעמ,,כרוב לבן שלם אוצר הא,קילוגרמים,1.00,"ק""ג",true,,14.70,14.7000,true,1,1399462
7290015037457,false,"כרוב אדום שלם 1 ק""ג -א. הארץ",יעל ירק עלים לשיווק בעמ,,כרוב אדום שלם אוצר ה,קילוגרמים,1.00,"ק""ג",true,,14.70,14.7000,true,1,1399463
7290015037693,false,לבבות חסה חלסלאט אוצר הארץ,"בכורי השדה צפון1994 ג.ד. בע""מ",,לבבות חסה,יחידה,0.00,יחידה,false,,12.90,0.0000,true,1,2327058
7290015039055,false,"רוטב צ'ילי חריף תאילנדי וילי פוד 700 מ""ל",ג.וילי פוד אינטרנשיונל בעמ,,רוטב צילי חריף,מיליליטרים,700.00,"100 מ""ל",false,,9.90,0.0141,true,1,1895507
7290015039246,false,נתחי טונה בשמן צמחי רביעיה * 160 ג' וילי פוד,ג.וילי פוד אינטרנשיונל בעמ,TH,רביעית נתחי טונה בהירה בש,גרמים,640.00,100 גרם,false,,19.90,0.0311,true,1,1353028
7290015039253,false,עלי גפן במי מלח ויליפוד 620 גרם,ג. וילי-פוד אינטרנשיונל בע`מ,TR,עלי גפן במי מלח 620גרם,גרמים,620.00,100 גרם,false,,9.90,0.0160,true,1,1353029
7290015039338,false,נתחי טונה במי מלח רביעיה * 160 ג' וילי פוד,ג.וילי-פוד אינטרנשיונל בעמ,,רביעית טונה במי מלח,גרמים,640.00,100 גרם,false,,19.90,0.0311,true,1,1353031
7290015039482,false,גבינת אדם פלח 230גרם 24%שומן - הולנד,ג.וילי-פוד אינטרנשיונל **גבינו,AT,גבינת אדם 235גרם SAY CHEE,גרמים,230.00,100 גרם,false,,19.90,0.0865,true,1,1824363
7290015039499,false,ויליפוד עוגיות חמאה איטלקיות מובחרות 1ק,ג.וילי-פוד אינטרנשיונל בעמ,IT,עוגיות איטלקיות מובחרות 1,גרמים,1000.00,100 גרם,false,,12.90,0.0129,true,1,1353037
7290015057110,false,מקלות חמוצים בטעם תות 20גרם טעמן,אלבן מזון תעשיות ומס,,מקלות חמוצים,גרמים,20.00,100 גרם,false,,1.90,0.0950,true,1,2345072
7290015057127,false,מקלות חמוצים בטעם קולה 20 גרם טעמן,אלבן מזון תעשיות ומס,,מקלות חמוצים,גרמים,20.00,100 גרם,false,,1.90,0.0950,true,1,2345073
7290015057134,false,מקלות חמוצים בטעם פטל 20 גרם טעמן,אלבן מזון תעשיות ומס,,מקלות חמוצים,גרמים,20.00,100 גרם,false,,1.90,0.0950,true,1,2345074
7290015129121,false,אטריות גל קונג`אק נודלס ללא גלוטן סקיני,הוויזאי וואנגייה פוד,CN,סקיני פסטה נודלס 270 ג',גרמים,270.00,100 גרם,false,,12.90,0.0478,true,1,1398192
7290015129145,false,אטריות קונג'אק בתוספת טפיוקה בצורת ספגטי,הוויזאי וואנגייה פוד,CN,סקיני פסטה ספגטי 270 ג',גרמים,270.00,100 גרם,false,,12.90,0.0478,true,1,1398194
7290015129220,false,איטריות גל קונג`אק בצורת קוסקוס סקיני פס,אף.סי תבליני בגליל ב,,סקיני פסטה קוסקוס לל,גרמים,270.00,100 גרם,false,,12.90,0.0478,true,1,1398200
7290015129251,false,איטריות גל קונג`אק בצורת פסטה פטוצ`יני ס,אף.סי תבליני בגליל ב,,סקיני פסטה פטוציני,גרמים,200.00,100 גרם,false,,12.90,0.0645,true,1,1398202
7290015129428,false,מאגדת סקיני אגוזי לו,מנדלז סי.אר. פרודקשן,,מארז חטיף אגוזי לוז,גרמים,105.00,100 גרם,false,,26.90,0.2562,true,1,2306347
7290015139519,false,אגו מיקס קוביות וופל 55 גר',כרמית תעשיות ממתקים בעמ,,קוביות וופל 55 גר' M,גרמים,55.00,100 גרם,false,,3.90,0.0709,true,1,1426450
7290015139533,false,חופשי ופל לימון ללא ציפוי ללא גלוטן כרמית 200 גרם,כרמית תעשיות ממתקים בעמ,,וופל לימון ללא ציפוי,גרמים,200.00,100 גרם,false,,9.90,0.0495,true,1,1426452
7290015139571,false,חופשי ופל בארים בציפוי שוקולד 25 גר,"כרמית תעשיות ממתקים בע""\",,וופל בארים בציפוי שו,גרמים,125.00,100 גרם,false,,9.90,0.0792,true,1,1426456
7290015150088,false,מחית עגבניות קלה גרנד איטליה 700 גרם,תה ויסוצקי (ישראל) בעמ,,מחית עגבניות 700 גרם,גרמים,700.00,100 גרם,false,,9.90,0.0141,true,1,1475705
7290015150118,false,שלישיית עגבניות חתוכות דק גרנד איטליה 400 גרם,תה ויסוצקי (ישראל) בעמ,,עגבניות חתוכות דק 3*,גרמים,1200.00,100 גרם,false,,14.90,0.0124,true,1,1421562
7290015150200,false,עגבניות חתוכות דק גרנד איטליה ויסוצקי,תה ויסוצקי (ישראל)בעמ,,עגבניות חתוכות דק 40,גרמים,400.00,100 גרם,false,,4.90,0.0123,true,1,1891718
7290015150361,false,תה ירוק נענע בתוספת סטיביה ויסוצקי (25),תה ויסוצקי (ישראל) בעמ,,תה ירוק נענע סטיביה,גרמים,37.50,100 גרם,false,,22.90,0.6107,true,1,1386895
7290015150903,false,תה ירוק גן קסום קינמון ודבש 25 שק*1.5 גר,תה ויסוצקי (ישראל) בעמ,,תה ירוק קינמון ודבש,גרמים,37.50,100 גרם,false,,22.90,0.6107,true,1,1474769
7290015155007,false,פרמיו דנטל לארג' לכלב,פרמיו Premio,,פרמיו דנטל לארג 270ג,גרמים,270.00,100 גרם,false,,14.90,0.0552,true,1,2372645
7290015155014,false,חטיף דנטלי לכלב בינוני,פרמיו Premio,,פרמיו דנטל מידיום 60,גרמים,180.00,100 גרם,false,,14.90,0.0828,true,1,1353403
7290015155021,false,פרמיו חטיף דנטלי לכלבים מגזע קטן110ג,שחורי אריה ואנסטסיה,,פרמיו דנטל מיני 110ג,גרמים,110.00,100 גרם,false,,9.90,0.0900,true,1,1353404
7290015155427,false,מעדן פרמיו עוף וכבד 15ג,פרמיו Premio,,פרמיו עוף וכבד 15ג',גרמים,15.00,100 גרם,false,,6.90,0.4600,true,1,2372652
7290015155823,false,מחית תפוחי עץ חטיפטף ללא תוספת סוכר,גורי מוצרי צריכה (1991) בעמ,,חטיפטף פרינוק תפוח 1,גרמים,120.00,100 גרם,false,,5.90,0.0492,true,1,1883984
7290015155830,false,מחית תפוחי עץ ובננה חטיפטף ללא תוספת סוכר,גורי מוצרי צריכה (1991) בעמ,,חטיפטף פרינוק תפוח ב,גרמים,120.00,100 גרם,false,,5.90,0.0492,true,1,1883985
7290015155847,false,מחית סלט פירות חטיפטף ללא תוספת סוכר,גורי מוצרי צריכה (1991) בעמ,,חטיפטף פרינוק מחית ס,גרמים,120.00,100 גרם,false,,5.90,0.0492,true,1,1883986
7290015156110,false,הוריזן סטיק בקר וכבד לחתולים,הורייזן Horizon,,הוריזן סטיק בקר וכבד,גרמים,50.00,100 גרם,false,,16.90,0.3380,true,1,2372659
7290015156769,false,מחית פרינוק פאוץ' תפוח ואוכמניות 120 גרם,גורי מוצרי צריכה (1991) בעמ,,חטיפטף פרינוק תפוח ו,גרמים,120.00,100 גרם,false,,5.90,0.0492,true,1,2024730
7290015156776,false,מחית פירות טרופיים חטיפטף ללא תוספת סוכר,גורי מוצרי צריכה (1991) בעמ,,חטיפטף פרינוק פירות,גרמים,120.00,100 גרם,false,,5.90,0.0492,true,1,1938520
7290015156790,false,מחית לפתן פירות חטיפטף ללא תוספת סוכר,גורי מוצרי צריכה (1991) בעמ,,חטיפטף פרינוק לפתן פ,גרמים,120.00,100 גרם,false,,5.90,0.0492,true,1,1938521
7290015156813,false,מחית פרינוק פאוץ' פירות מעורבים 120 גרם,גורי מוצרי צריכה (1991) בעמ,,חטיפטף פרינוק פירות,גרמים,120.00,100 גרם,false,,5.90,0.0492,true,1,1938522
7290015161169,false,גרנולה כוסמין קלאסית 300 גרם,שקד תבור,,גרנולה כוסמין קלאסית,גרמים,300.00,100 גרם,false,,26.90,0.0897,true,1,2277649
7290015161176,false,"שמן קוקוס אורגני לא מזוכך 330 מ""ל",נוטרה זן NutraZen,,שמן קוקוס אורגני NUT,מיליליטרים,330.00,"100 מ""ל",false,,18.90,0.0573,true,1,2277650
7290015161336,false,"רוטב סויה תמרי אורגני ללא גלוטן 250 מ""ל",י.איטליאנו אחזקות בעמ,,רוטב סויה תמרי אורגנ,גרמים,250.00,100 גרם,false,,19.90,0.0796,true,1,2277654
7290015161534,false,קוואקר שיבולת שועל עבה ללא גלוטן - 400 גרם,הלינסקי מילס אל.טי.די,,קוואקר עבה ללא גלוטן,גרמים,400.00,100 גרם,false,,17.90,0.0447,true,1,2277657
7290015161541,false,קוואקר שיבולת שועל אינסטנט ללא גלוטן - 400 גרם,י.איטליאנו אחזקות בעמ,,קוואקר דק ללא גלוטן,גרמים,400.00,100 גרם,false,,17.90,0.0447,true,1,2277658
7290015161558,false,קמח שיבולת שועל מלאה אורגני ללא גלוטן,י.איטליאנו אחזקות בעמ,,קמח שיבולת שועל מלאה,גרמים,500.00,100 גרם,false,,24.90,0.0498,true,1,2277659
7290015161589,false,פת פריכה אורגנית ללא גלוטן ירקות גינה 100 גרם,אקסטרודו בצ'\יצה,,פת פריכה אורגנית ללא,גרמים,100.00,100 גרם,false,,12.90,0.1290,true,1,2277662
7290015161855,false,פת פריכה אורגנית עם קינואה וחרובים ללא גלוטן,אקסטרודו בצ'\יצה,,פת פריכה אורגנית ללא,גרמים,100.00,100 גרם,false,,12.90,0.1290,true,1,2277666
7290015161978,false,פסטPRO עדשים אדומות חומוס ופשתן GF אורגנית 250 ג,י.איטליאנו אחזקות בעמ,,פסטPRO עדשים אדומות,גרמים,250.00,100 גרם,false,,16.90,0.0676,true,1,2277673
7290015161985,false,"פסטה פרוטאין קמח חומוס וכורכום לל""ג 250 גר",י.איטליאנו אחזקות בעמ,,פסטPRO קמח חומוס וכו,גרמים,250.00,100 גרם,false,,16.90,0.0676,true,1,2277674
7290015161992,false,"פסטPRO קסרצ'ה פתיתים אורגניים, ללא גלוטן",י.איטליאנו אחזקות בעמ,,פסטPRO עדשים אדומות,גרמים,250.00,100 גרם,false,,16.90,0.0676,true,1,2277675
7290015172028,false,דים סאם גיוזה בטטה 300 גרם,דים סאם מטבח מרכזי כ,,גיוזה בטטה,גרמים,330.00,100 גרם,false,,26.90,0.0815,true,1,2337542
7290015172097,false,דים סאם גיוזה בקר 300 גרם,דים סאם מטבח מרכזי כ,,גיוזה בקר,גרמים,330.00,100 גרם,false,,26.90,0.0815,true,1,2337544
7290015172172,false,אגרול ירקות אסייתי,דים סאם,,מארז אגרול ירקות,גרמים,330.00,100 גרם,false,,26.90,0.0815,true,1,2337546
7290015172202,false,דים סאם -גויזה אדממה,דים סאם,,גיוזה ירקות אדממה,גרמים,330.00,100 גרם,false,,26.90,0.0815,true,1,2337547
7290015172219,false,גיוזה עוף פטריות ופקאן,דים סאם,,גיוזה עוף פקאן,גרמים,330.00,100 גרם,false,,26.90,0.0815,true,1,2337548
7290015172264,false,"מארז 8 לחמניות באן כפפה ""דים דאם""",דים סאם,,באן כפפה,יח',8.00,יח',false,,26.90,3.3625,true,1,2338630
7290015178174,false,ממרח אוליביה - פסטו בטעם פרמז'ן 180 גרם,יוניליוור גרמניה Gm,,פסטו בטעם פרמג'ן-אול,גרמים,180.00,100 גרם,false,,9.90,0.0550,true,1,2277603
7290015178235,false,מאזטים זיתים מושחרים בסלסת עגבניות מיובש,תנובה ב.ע.ד,,מאזטים - זיתים מושח,גרמים,180.00,100 גרם,false,,9.90,0.0550,true,1,2308590
7290015178273,false,רוטב מרינדה לעוף בגריל אוליביה 270 גר,תה ויסוצקי (ישראל)בעמ,,מרינדה לעוף בגריל,גרמים,350.00,100 גרם,false,,12.90,0.0369,true,1,2365601
7290015223829,false,"דאודורנט לנעליים 60 מ""ל",,,דיאודורנט לנעל,"100 סמ""ק",60.00,"100 סמ""ק",false,,9.90,0.1650,true,1,1940810
7290015223836,false,"תרסיס לכף הרגל 60 מ""ל-מרכז",,,תרסיס לכף הרגל,"100 סמ""ק",60.00,"100 סמ""ק",false,,9.90,0.1650,true,1,1940805
7290015282000,false,איקרא אדומה SEVEN SEAS 200 גרם,שבעת הימים - שמיר,,איקרה אדומה,גרמים,200.00,100 גרם,false,,12.90,0.0645,true,1,2114615
7290015282024,false,איקרא לבנה SEVEN SEAS 200 גרם,"סלטי שמיר 2006 בע""מ",,איקרה לבנה,גרמים,200.00,100 גרם,false,,12.90,0.0645,true,1,2114617
7290015282390,false,סלט תורכי 200 גרם שמיר,"סלטי שמיר 2006 בע""מ",,סלט תורכי 200 גרם,גרמים,200.00,100 גרם,false,,11.90,0.0595,true,1,2229699
7290015282581,false,חומוס אבו גוש עם חריף שמיר 200 גרם,"סלטי שמיר 2006 בע""מ",,חומוס עם חריף 200 גר,גרמים,200.00,100 גרם,false,,9.90,0.0495,true,1,2229701
7290015282598,false,חומוס מסעדות גורמה שמיר 200 גרם,"סלטי שמיר 2006 בע""מ",,חומוס מסעדות 200 גרם,גרמים,200.00,100 גרם,false,,9.90,0.0495,true,1,2229702
7290015282604,false,טחינה מיוחדת גורמה שמיר 200 גרם,"סלטי שמיר 2006 בע""מ",,טחינה מיוחדת 200 גרם,גרמים,200.00,100 גרם,false,,9.90,0.0495,true,1,2229703
7290015282628,false,חציל בטעם כבד גורמה שמיר 200 גרם,"סלטי שמיר 2006 בע""מ",,חציל בטעם כבד 200 גר,גרמים,200.00,100 גרם,false,,11.90,0.0595,true,1,2229705
7290015282635,false,חומוס מסבחה גורמה שמיר 200 גרם,"סלטי שמיר 2006 בע""מ",,חומוס מסבחה 200 גרם,גרמים,200.00,100 גרם,false,,9.90,0.0495,true,1,2229706
7290015282680,false,קישוא בטעם כבד גורמה שמיר 200 גרם,"סלטי שמיר 2006 בע""מ",,קישוא בטעם כבד 200 ג,גרמים,200.00,100 גרם,false,,11.90,0.0595,true,1,2229710
7290015282697,false,כרוב אדום שמיר גורמה 200גר,"סלטי שמיר 2006 בע""מ",,כרוב אדום 200 גרם,גרמים,200.00,100 גרם,false,,11.90,0.0595,true,1,2229711
7290015282727,false,גזר מרוקאי ברוטב פיקנטי אסלי שמיר 200 ג',"סלטי שמיר 2006 בע""מ",,גזר מרוקאי פיקנטי 20,גרמים,200.00,100 גרם,false,,11.90,0.0595,true,1,2229713
7290015282734,false,מטבוחה ביתית גורמה שמיר 200 גרם,"סלטי שמיר 2006 בע""מ",,מטבוחה ביתית 200 גרם,גרמים,200.00,100 גרם,false,,11.90,0.0595,true,1,2229714
7290015282741,false,חציל תאילנדי אסלי שמיר 200 ג',"סלטי שמיר 2006 בע""מ",,חציל תאילנדי 200 גרם,גרמים,200.00,100 גרם,false,,11.90,0.0595,true,1,2229715
7290015293259,false,"מוס רחצה לתינוק שיבולת שועל ד""ר פישר 450 מ""ל",פישר תעשיות פרמבצטיות בעמ,,מוס רחצה קמיל בלו 45,מיליליטרים,450.00,"100 מ""ל",false,,29.90,0.0664,true,1,1480671
7290015293624,false,קמיל בלו NATURE אל סבון ושמפו לתינוק 400,פישר תעשיות פרמבצטיות בעמ,,"אל סבון 400 מ""ל קמיל",מיליליטרים,400.00,"100 מ""ל",false,,34.90,0.0872,true,1,1830018
7290015293631,false,מסיכה לשיער מתולתל יסמין ופרחי מגנוליה,"פישר תעשיות פרמבצטיות בע""מ",IL,נטורל קר מסכה לשיער מתולת,מיליליטרים,450.00,"100 מ""ל",false,,24.90,0.0553,true,1,1399727
7290015320481,false,שוקולד מריר 60% קקאו שגוטן 100 גרם,יעד ממתקים בעמ,,שוקולד מריר 60% 100,גרמים,100.00,100 גרם,false,,3.90,0.0390,true,1,2247173
7290015321853,false,תבלין תיבול לבייגלה,תבליני פרג,,תיבול על הבייגל,גרמים,120.00,100 גרם,false,,13.90,0.1158,true,1,2363286
7290015324007,false,פלפל שחור גרוס 80 גר' טעם וריח,"תבליני טעם וריח בע""מ",IL,שק.80 גר' פל.שחור גרוס,גרמים,80.00,100 גרם,false,,8.90,0.1113,true,1,1398413
7290015324014,false,"פלפל שחור טחון בשקית 80 גרם ""טעם וריח""","תבליני טעם וריח בע""מ",IL,שק.80 גר' פל.שחור טחון,גרמים,80.00,100 גרם,false,,8.90,0.1113,true,1,1398414
7290015324038,false,פפריקה מתוקה בשמן 100 גרם טעם וריח,"תבליני טעם וריח בע""מ",IL,שק.80 גר' פפריקה בשמן,גרמים,80.00,100 גרם,false,,4.90,0.0613,true,1,1398415
7290015324045,false,תבלין פפריקה חריפה 80 גר' שק',"תבליני טעם וריח בע""מ",IL,שק.80 גר' פפריקה חריפה,גרמים,80.00,100 גרם,false,,4.90,0.0613,true,1,1398416
7290015324052,false,פפריקה מתוקה 80 גר' טעם וריח,"תבליני טעם וריח בע""מ",IL,שק.80 גר' פפריקה מתוקה,גרמים,80.00,100 גרם,false,,4.90,0.0613,true,1,1398417
7290015324069,false,גריל עוף 80 גר' טעם וריח,"תבליני טעם וריח בע""מ",IL,שק.80 גר' גריל עוף,גרמים,80.00,100 גרם,false,,4.90,0.0613,true,1,1398418
7290015324076,false,זעתר מעורב 80 גר' טעם וריח,"תבליני טעם וריח בע""מ",IL,שק.80 גר' זעתר מעורב,גרמים,80.00,100 גרם,false,,4.90,0.0613,true,1,1398419
7290015324083,false,מלח לימון 80 גר' טעם וריח,"תבליני טעם וריח בע""מ",IL,שק.80 גר' מלח לימון,גרמים,80.00,100 גרם,false,,4.90,0.0613,true,1,1398420
7290015324090,false,כמון טחון 80 גר' טעם וריח,"תבליני טעם וריח בע""מ",IL,שק.80 גר' כמון טחון,גרמים,80.00,100 גרם,false,,4.90,0.0613,true,1,1398421
7290015324106,false,כורכום טחון 80 גר' טעם וריח,"תבליני טעם וריח בע""מ",IL,שק.80 גר' כורכום טחון,גרמים,80.00,100 גרם,false,,4.90,0.0613,true,1,1398422
7290015324113,false,טעם וריח בהרט שקית 8,"תבליני טעם וריח בע""מ",IL,שק.80 גר' בהרט,גרמים,80.00,100 גרם,false,,4.90,0.0613,true,1,1398423
7290015324120,false,שום גבישי 80 גר' טעם וריח,"תבליני טעם וריח בע""מ",IL,שק.80 גר' שום גבישי,גרמים,80.00,100 גרם,false,,6.90,0.0863,true,1,1398424
7290015324151,false,חוואיג' למרק 80 גר' טעם וריח,"תבליני טעם וריח בע""מ",IL,שק.80 גר' חוואיג' למרק,גרמים,80.00,100 גרם,false,,4.90,0.0613,true,1,1398425
7290015324168,false,שק 80 גרם על האש ללא מונוסטדיום,"תבליני טעם וריח בע""מ",IL,שק.80 גר' על האש תיבול,גרמים,80.00,100 גרם,false,,4.90,0.0613,true,1,1398426
7290015324175,false,תיבול לשווארמה 80 גר' טעם וריח,"תבליני טעם וריח בע""מ",IL,שק.80 גר' שוארמה תיבול,גרמים,80.00,100 גרם,false,,4.90,0.0613,true,1,1398427
7290015324519,false,תערובת לפיצה שקית 80 גרם,"תבליני טעם וריח בע""מ",,תבלין תערובת לפיצה,גרמים,80.00,100 גרם,false,,4.90,0.0613,true,1,2232076
7290015324526,false,תערובת תיבול לפרגיות 80 גרם,"תבליני טעם וריח בע""מ",,תבלין תיבול לפרגיות,גרמים,80.00,100 גרם,false,,4.90,0.0613,true,1,2232077
7290015324533,false,רוזמרין מיכל גדול 55 גרם,"תבליני טעם וריח בע""מ",,תבלין רוזמרין,גרמים,55.00,100 גרם,false,,5.90,0.1073,true,1,2232088
7290015324540,false,טימין מיכל גדול 30 גרם,"תבליני טעם וריח בע""מ",,תבלין טימין,גרמים,30.00,100 גרם,false,,5.90,0.1967,true,1,2232089
7290015324557,false,בהרט לבישול מיכל גדול 80 גרם,"תבליני טעם וריח בע""מ",,תבלין בהרט לבישול,גרמים,80.00,100 גרם,false,,7.90,0.0988,true,1,2232090
7290015324564,false,בכוסברה טחונה מיכל גדול 70 גרם,"תבליני טעם וריח בע""מ",,מיכל כוסברה טחונה,גרמים,70.00,100 גרם,false,,7.90,0.1129,true,1,2232078
7290015324663,false,צ'ילי גרוס חריף אש 70 גרם,"תבליני טעם וריח בע""מ",,מיכל צילי גרוס חריף,גרמים,70.00,100 גרם,false,,7.90,0.1129,true,1,2275545
7290015339643,false,שוקולד מריר 100 גרם טעמן.,טעמן שיווק מזון בעמ,,שוקולד מריר בדץ,יחידה,0.00,יחידה,false,,6.90,0.0000,true,1,2357625
7290015339933,false,טעמן ריבת חלב 340 גרם,טעמן שיווק מזון בעמ,,ריבת חלב 340 גר,גרמים,350.00,100 גרם,false,,14.90,0.0426,true,1,2345075
7290015347259,false,פירורי לחם מוזהבים מיה 400 גרם,מיה תעשיות מזון מ.ת.מ בעמ,IL,פירורי לחם מוזהבים 400גרם,גרמים,400.00,100 גרם,false,,5.90,0.0148,true,1,1381330
7290015347273,false,נטיפי שוקולד לאפייה שוקולדמריר 250גר,מיה תעשיות מזון מ.ת.מ. בעמ,,שוקולד צ'יפס,גרמים,300.00,100 גרם,false,,9.90,0.0330,true,1,1492206
7290015347280,false,"מעדן תות 280 גרם בד""ץ",,,מעדן תות 280 גרם בדץ,גרמים,280.00,100 גרם,false,,12.90,0.0461,true,1,2281734
7290015347310,false,"מעדן משמש 280 גרם בד""ץ",מיה תעשיות מזון מ.ת.מ בעמ,,מעדן משמש 280 גרם בד,גרמים,280.00,100 גרם,false,,12.90,0.0461,true,1,2281726
7290015347457,false,קינואה שחורה יבשה מיה 400 גר',מיה תעשיות מזון מ.ת.מ. בעמ,,קינואה שחורה 400 גר,גרמים,400.00,100 גרם,false,,14.90,0.0373,true,1,1884650
7290015347488,false,"סוכר דמררה חום שקית מיה 1 ק""ג",מיה תעשיות מזון מ.ת.מ. בעמ,,סוכר דמררה שקית,קילוגרמים,1.00,"ק""ג",false,,9.90,9.9000,true,1,1498793
7290015347525,false,צ'יפס בטטה עם שום ורוזמרין מיה 100 גרם,מיה תעשיות מזון מ.ת.מ. בעמ,,ציפס בטטה,גרמים,80.00,100 גרם,false,,7.90,0.0988,true,1,1768316
7290015347532,false,צ'יפס בטטה עם שמן זית ועשבי תיבול מיה 100 גרם,מיה תעשיות מזון מ.ת.מ. בעמ,,ציפס בטטה,גרמים,80.00,100 גרם,false,,7.90,0.0988,true,1,1768317
7290015347556,false,גבישי שום בצנצנת מיה 300 גרם,מיה תעשיות מזון מ.ת.מ בעמ,,אבקת שום,גרמים,300.00,100 גרם,false,,19.90,0.0663,true,1,2257231
7290015348072,false,"למברוסקו אמיליאנו אדום 750 מ""ל",טמפו משקאות בעמ,,יין אמיליאנו למברוסק,מיליליטרים,750.00,"100 מ""ל",false,,25.00,0.0333,true,1,1370719
7290015348089,false,"למברוסקו אדום ביאנקו 750 מ""ל ""אמיליאנו""",טמפו משקאות בעמ,,יין לבן למברוסקו ביא,מיליליטרים,750.00,"100 מ""ל",false,,25.00,0.0333,true,1,1429918
7290015348096,false,"למברוסקו רוזה 750 מ""ל ""אמיליאנו""",טמפו משקאות בעמ,,יין אמיליאנו למברוסק,מיליליטרים,750.00,"100 מ""ל",false,,25.00,0.0333,true,1,1370720
7290015350150,false,יין אדום חצי יבש של סגל (750 מל),"כרמי צבי - אחים סגל בע""\",,סגל אדום חצי יבש,מיליליטרים,750.00,"100 מ""ל",false,,24.90,0.0332,true,1,2250145
7290015354899,false,350 גרם חרדל דיז'ון מעודן,דיפלומט מפיצים (1968) בעמ**,,חרדל דיזון מעודן 350,גרמים,350.00,100 גרם,false,,10.90,0.0311,true,1,1978314
7290015354905,false,חרדל דיזון בתוספת חזרת 370 גרם,ריין דיז'ון reine dijon,,חרדל דיזון עם חזרת 3,גרמים,370.00,100 גרם,false,,10.90,0.0295,true,1,1978315
7290015366250,false,"סטייל - ספריי קרטין לשיער 120 מ""ל",א.ל. ארמן,,ספריי קרטין סטייל לה,מיליליטרים,120.00,"100 מ""ל",false,,34.90,0.2908,true,1,1394023
7290015366342,false,ספירה - מילוי נוזלי להרחקת יתושים 2 יח',זובלה,IT,רפיל נוזל להרחקת יתושים ל,יחידה,0.00,יחידה,false,,29.90,0.0000,true,1,1394025
7290015366366,false,ספירה - מכשיר חשמלי ו2 יחידות מילוי נוזלי להרחקת יתושים 90 לילות,גורי ע.ע.ע. בעמ,IT,מכשיר 8 שעות +רפיל נוזל,יחידה,0.00,יחידה,false,,44.90,0.0000,true,1,1394027
7290015366380,false,ספירה אנתוש ספריי דוחה יתושים 70 מל,גורי ע.ע.ע. בעמ,,דוחה יתושים ספירה,מיליליטרים,70.00,"100 מ""ל",false,,11.90,0.1700,true,1,2184863
7290015366663,false,"משחת שיניים מנטה עדין אקווה פרש 100 מ""ל",גלקסוסמיתקליין,,משחת שיניים אקווה פר,גרמים,100.00,100 גרם,false,,7.90,0.0790,true,1,1428674
7290015366670,false,משחת שיניים בטעם מנטה אקוהפרש (100 מל),גלקסוסמיתקליין,,משחת שיניים אקוה פרש,גרמים,100.00,100 גרם,false,,7.90,0.0790,true,1,1428675
7290015366717,false,"מסיכה לשיער ארגן קוקוס סטייל 500 מ""ל",א.ל ארמן יצור תמרוקים,,מסיכה ארגן קוקוס 500,מיליליטרים,500.00,"100 מ""ל",false,,29.90,0.0598,true,1,1428882
7290015366731,false,סטייל שמן ארגן קוקוס 120 מל,א.ל ארמן,,שמן ארגן מרוקאי קוקו,מיליליטרים,120.00,"100 מ""ל",false,,44.90,0.3742,true,1,1428884
7290015366748,false,"שמן לשיער ארגן קוקוס סטייל 120 מ""ל",א.ל ארמן,,שמן ארגן מרוקאי סטיי,מיליליטרים,120.00,"100 מ""ל",false,,39.90,0.3325,true,1,1428885
7290015437431,false,רכז רימונים 100% טבעי 420 גר,תומר יבוא ושיווק מוצרי מזון (1,,רכז רימונים 420 גרם,גרמים,420.00,100 גרם,false,,19.90,0.0474,true,1,1387243
7290015437578,false,מוזלי קראנצ'י צימוק תפוח מיובש גרעיני חמנ' 600ג',תומר יבוא ושיווק מוצרי מזון (1,,מיזלי קראנצי+צימוק ת,גרמים,600.00,100 גרם,false,,14.90,0.0248,true,1,1387246
7290015437585,false,מוזלי קראנצי בתוספת צימוק ושוקולד 600 גרם,תומר ייבוא ושיווק מוצרי מזון [,,מיזלי קראנצי+צימוק ו,גרמים,600.00,100 גרם,false,,14.90,0.0248,true,1,1387247
7290015470094,false,טבלאות שוקולד טוסו מר`שוקולד תפוז 100ג,דנשר (1963) בעמ,,טוסו שוקולד מריר תפו,גרמים,100.00,100 גרם,false,,7.90,0.0790,true,1,1474019
7290015470384,false,פנגל קרם ידיים אינטנסיב מועשר בשמן שקדים,אינטרקוסמא,IL,חדש-פנג'ל פלוס קרם ידיים,מיליליטרים,100.00,"100 מ""ל",false,,9.90,0.0990,true,1,1417487
7290015470391,false,קרם ידיים מועשר בשמן זית לעור רגיל עד יבש,"דנשר (1963) בע,מ",IL,חדש-פנג'ל פלוס קרם ידיים,מיליליטרים,100.00,"100 מ""ל",false,,9.90,0.0990,true,1,1417488
7290015596398,false,"אלכוג'ל 100 מ""ל קיווי לימון",פישר תעשיות פרמבצטיות בעמ,IL,"אלכוג'ל 100 מ""ל קיווי-לימ",מיליליטרים,100.00,"10 מ""ל",false,,9.90,0.0990,true,1,1399734
7290015596817,false,"ד""ר פישר - אפקטיב קר קרם גוף מועשר בשמן קוקוס 450 מ""ל",פישר תעשיות פרמבצטיות בעמ,,קרם גוף מועשר בשמן ק,מיליליטרים,450.00,"100 מ""ל",false,,21.90,0.0487,true,1,2256442
7290015599023,false,VEGA צהובה טבעונית בטעם קלאסי 200 גרם,וגה מוצרים טבעוניים VEGA,,צהובה טבעונית בטעם ק,גרמים,200.00,100 גרם,false,,23.90,0.1195,true,1,2116216
7290015599504,false,VEGA ממרח בטעם חמאה אורגני 225 גרם,גוד פוד פרודקטס S.p,,ממרח בטעם חמאה אורגנ,גרמים,225.00,100 גרם,false,,17.90,0.0796,true,1,2007320
7290015641470,false,תבניות אלומיניום 3 י,,,תבניות אלומיניום 3 י,יח',3.00,יח',false,,9.90,3.3000,true,1,2364819
7290015641487,false,תבניות אלומיניום 4 י,,,תבניות אלומיניום 4 י,יח',4.00,יח',false,,9.90,2.4750,true,1,2365045
7290015641494,false,תבניות אלומיניום 4 י,,,תבניות אלומיניום 4 י,יח',4.00,יח',false,,9.90,2.4750,true,1,2364828
7290015641500,false,תבניות אלומיניום 10,,,תבניות אלומיניום 10,יח',10.00,יח',false,,9.90,0.9900,true,1,2364829
7290015641517,false,תבניות אלומיניום 7 י,,,תבניות אלומיניום 7 י,יח',7.00,יח',false,,9.90,1.4143,true,1,2364830
7290015641524,false,תבניות אלומיניום 4 י,,,תבניות אלומיניום 4 י,יח',4.00,יח',false,,9.90,2.4750,true,1,2365062
7290015652384,false,"קמח תירס ללא גלוטן עבה ששון הקולה 1 ק""ג",מולינו פיילה גלאסה,,"קמח תירס 1 ק""ג ללא ג",קילוגרמים,1.00,"ק""ג",false,,9.90,9.9000,true,1,1490269
7290015652520,false,"תערובת השף עשבי תיבול ושום לתיבול דגים, עופות, מאפים ועוד","דין שיווק וקליה בע""מ",,תבלין תערובת השף 70,גרמים,70.00,100 גרם,false,,9.90,0.1414,true,1,1785288
7290015652537,false,"תערובת תיבול פלפל, לימון פרסי ושום לבשר ותבשילים","דין שיווק וקליה בע""מ",,תבלין פלפל לימון פרס,גרמים,130.00,100 גרם,false,,9.90,0.0762,true,1,1785289
7290015673198,false,המבורגר טקסס עם פטריות טבע דלי 400 גרם,ל.י.ב. (לחיות יותר בטבע) בעמ,,בורגר טקסס 400 גרם.,גרמים,400.00,100 גרם,false,,24.90,0.0622,true,1,1434836
7290015673594,false,קריספי טופו ברוטב בטנים אמריקאי טבע דלי 350 גרם,טבע דלי,,קריספי טופו ברוטב בו,גרמים,350.00,100 גרם,false,,24.90,0.0711,true,1,2338347
7290015695800,false,נבטי ברוקולי אורגני יח,הנבטים של אודי,,נבטי ברוקולי,יחידה,0.00,יחידה,false,,8.90,0.0000,true,1,1420207
7290015695817,false,נבטי קייל אורגני יח,הנבטים של אודי,,נבטי קייל,יחידה,0.00,יחידה,false,,9.90,0.0000,true,1,1420213
7290015695824,false,נבטי חרדל אורגני יח,הנבטים של אודי,,נבטי חרדל,יחידה,0.00,יחידה,false,,9.90,0.0000,true,1,1420214
7290015695831,false,נבטי צנונית אורגני יח,הנבטים של אודי,,נבטי צנונית,יחידה,0.00,יחידה,false,,9.90,0.0000,true,1,1420215
7290015695848,false,נבטי אלפלפא אורגני יח,אודי,,נבטי אלפלפא,יחידה,0.00,יחידה,false,,9.90,0.0000,true,1,1420216
7290015695855,false,נבטי חמניה אורגני יח,הנבטים של אודי,,נבטי חמניה,יחידה,0.00,יחידה,false,,9.90,0.0000,true,1,1420212
7290015695879,false,עשב חיטה אורגני יח,אודי,,עשב חיטה,יחידה,0.00,יחידה,false,,9.90,0.0000,true,1,1420217
7290015695886,false,מיקס נבטים אורגני יח,הנבטים של אודי,,מיקס נבטים,יחידה,0.00,יחידה,false,,9.90,0.0000,true,1,1420218
7290015695893,false,מיקס נבטוטים אורגני יח,אודי,,מיקס נבטוטים,יחידה,0.00,יחידה,false,,9.90,0.0000,true,1,1420219
7290015695916,false,מיקס נבטים ענק אורגני יח,הנבטים של אודי,,מיקס נבטים ענק,יחידה,0.00,יחידה,false,,15.90,0.0000,true,1,1420220
7290015695923,false,נבטים סיניים אורגני יח,מושב אחיטוב,,נבטים סיניים,יחידה,0.00,יחידה,false,,7.90,0.0000,true,1,1486913
7290015695947,false,נבטי אפונה אורגני יח,הנבטים של אודי,,נבטי אפונה,יחידה,0.00,יחידה,false,,9.90,0.0000,true,1,1702448
7290015699730,false,סבון דה מארסיי יעקבי 1.5 ליטר *חדש-,"יעקב יעקבי ובניו בע""מ",,הפי רצפות מבושם 1.5,ליטרים,1.50,ליטר,false,,14.90,9.9333,true,1,1498280
7290015733120,false,מטרנה גולד שלב 1 תרכובת מזון על בסיס חלבי,קבוצת אוסם סחר שותפות מוגבלת,,מטרנה גולד שלב 1 700,גרמים,700.00,100 גרם,false,,74.90,0.1070,true,1,1944791
7290015733205,false,תרכובת מזון לתינוקות חלבי שלב 1 אקסטרה קר מהדרין,קבוצת אוסם סחר שותפות מוגבלת,,מטרנה אקסטרה קר מהדר,גרמים,700.00,100 גרם,false,,59.90,0.0856,true,1,1964806
7290015733229,false,תרכובת מזון לתינוקות חלבי שלב 2 אקסטרה קר מהדרין,קבוצת אוסם סחר שותפות מוגבלת,,מטרנה אקסטרה קר מהדר,גרמים,700.00,100 גרם,false,,59.90,0.0856,true,1,1964807
7290015733243,false,מטרנה אקסטרה קייר מהדרין שלב 3 700 גרם,קבוצת אוסם סחר שותפות מוגבלת,,מטרנה אקסטרה קר מהדר,גרמים,700.00,100 גרם,false,,59.90,0.0856,true,1,1964808
7290015733427,false,מטרנה דייסת גם וגם וניל פרו12*300ג 2019,קבוצת אוסם סחר שותפות מוגבלת,,דייסת גם וגם וניל פי,גרמים,300.00,100 גרם,false,,22.90,0.0763,true,1,2229333
7290015733441,false,מטרנה דייסת גם וגם דגנים פרו 300 גר`,קבוצת אוסם סחר שותפות מוגבלת,,דייסת גם וגם דגנים 3,גרמים,300.00,100 גרם,false,,22.90,0.0763,true,1,2229334
7290015733465,false,דייסת מטרנה גם וגם קרנפלור פרו 300 גרם,קבוצת אוסם סחר שותפות מוגבלת,,דייסת גם וגם קורנפלו,גרמים,300.00,100 גרם,false,,22.90,0.0763,true,1,2229335
7290015733939,false,"תרכובת מזון A.R על בסיס חלבי בתוספת עמילן תפו""א ותירס",קבוצת אוסם סחר שותפות מוגבלת,,"A.R מטרנה בד""ץ 700 ג",גרמים,700.00,100 גרם,false,,79.90,0.1141,true,1,2281230
7290015733977,false,תרכובת מזון קומפורט על בסיס חלבי דל לקטוז,קבוצת אוסם סחר שותפות מוגבלת,,מטרנה אקסטרה קר קומפ,גרמים,700.00,100 גרם,false,,59.90,0.0856,true,1,2292022
7290015790000,false,גרגירי רימונים בקופס,רון שיווק,,גרגרי רימון,גרמים,250.00,100 גרם,false,,14.90,0.0596,true,1,1413530
7290015790017,false,פלחי פומלה מוכנים לא,רון שיווק,,פומלה מקולפת,גרמים,250.00,100 גרם,false,,14.90,0.0596,true,1,2054945
7290015804417,false,עגבניות מרוסקות מתובלות עם שום,ויטה- פרי גליל (החדשה) בעמ,,עגבניות מרוסקות עם ש,גרמים,250.00,100 גרם,false,,3.50,0.0140,true,1,1419890
7290015804424,false,עגבניות מרוסקות בטעם בזיל ועשבי תיבול 260 ג' טל,ויטה פרי גליל (החדשה) בע`מ,,עגבניות מרוסקות בטעם,גרמים,250.00,100 גרם,false,,3.50,0.0140,true,1,1419891
7290015848978,false,"ד""ר פישר - אולטרסול קרם פנים 75 מ""ל 30SPF",פישר מעבדות פרמצבטיות בע,,אולטרסול קרם פנים 75,מיליליטרים,75.00,"100 מ""ל",false,,29.90,0.3987,true,1,1433911
7290015856492,false,חטיפי קרקר עם מלח 180 גר',,,קרקר חטיפית מלוח,גרמים,180.00,100 גרם,false,,4.90,0.0272,true,1,2153945
7290015856607,false,קרקר תירוש מלוח מתוק חצי מצופה בטעם שוקולד,אפיפית נצרת תעשיות ב,,קרקר תירוש חצי מצופה,גרמים,175.00,100 גרם,false,,7.90,0.0451,true,1,2242683
7290015856706,false,סנקסו חטיף אפונה אפויה טבעי 50 גרם,תות תעשיות מזון (201,,סנקסו חטיף אפונה,גרמים,50.00,100 גרם,false,,5.90,0.1180,true,1,2307746
7290015856720,false,סנקסו חטיף אפונה אפוי עם זעתר 50 גרם,תות תעשיות מזון (201,,סנקסו חטיף אפונה,גרמים,50.00,100 גרם,false,,5.90,0.1180,true,1,2307748
7290015856751,false,פירורי עוגיות אמריקאיות 250 גר',אפיפית,,פירורי עוגיות אמריקא,גרמים,250.00,100 גרם,false,,5.90,0.0236,true,1,2273353
7290015856942,false,קרם קרקר עם זעתר אפיפית,אפיפית,,קרם קרקר 250 גרם הדר,גרמים,250.00,100 גרם,false,,5.90,0.0236,true,1,2336052
7290015856980,false,תה בסקוויט שוקו ללא תוספת סוכר הדר,אפיפית נצרת תעשיות בסקויט,,ביסקוויט תה שוקו ללא,גרמים,150.00,100 גרם,false,,5.90,0.0393,true,1,2350245
7290015858106,false,"ממרח פסטו ביתי 180 גרם ""עללחם""",שטראוס גרופ בעמ/מצונן,,ממרח פסטו ביתי 180 ג,גרמים,180.00,100 גרם,false,,14.90,0.0828,true,1,2176589
7290015858113,false,"ממרח עגבניות מיובשות 180 גרם ""טריטרי""",שטראוס גרופ בעמ/מצונן,,ממרח עגבניות מיובשות,גרמים,180.00,100 גרם,false,,14.90,0.0828,true,1,2176603
7290015858212,false,ממרח לימון כבוש 180 גרם עללחם,שטראוס גרופ בעמ/מצונן,,ממרח לימון כבוש 180,גרמים,180.00,100 גרם,false,,14.90,0.0828,true,1,2176605
7290015858243,false,ממרח צימיצורי עללחם 180 גרם,שטראוס גרופ בעמ/מצונן,,ממרח צימיצורי 180 גר,גרמים,180.00,100 גרם,false,,14.90,0.0828,true,1,2176607
7290015858328,false,עללחם ממרח איולי פסטו 295 גרם,"מדשא תעשיות מזון בע""\מ",,איולי פסטו עללחם,גרמים,295.00,גרם,false,,13.90,0.0471,true,1,2374560
7290015858427,false,שלישיית ממרחים שמאפשרת לגוון עללחם 240 גרם,שטראוס גרופ בעמ/מצונן,,מארז שלישיית ממרחי ע,גרמים,240.00,100 גרם,false,,22.90,0.0954,true,1,2358972
7290015858434,false,שום כתוש עללחם 250 גרם,שטראוס גרופ בעמ/מצונן,,שום כתוש 250 גרם עלל,גרמים,250.00,100 גרם,false,,12.90,0.0516,true,1,2222045
7290015858441,false,עללחם ממרח איולי פלפלים 295 גרם,"מדשא תעשיות מזון בע""\מ",,איולי פלפלים עללחם,גרמים,295.00,גרם,false,,13.90,0.0471,true,1,2374561
7290015858687,false,עללחם ממרח איולי שום 295 גרם,"מדשא תעשיות מזון בע""\מ",,איולי שום עללחם,גרמים,295.00,גרם,false,,13.90,0.0471,true,1,2374567
7290015858694,false,עללחם ממרח איולי שום לימון 295 גרם,"מדשא תעשיות מזון בע""\מ",,איולי שום לימון עללח,גרמים,295.00,גרם,false,,13.90,0.0471,true,1,2374562
7290015859004,false,עירית משק בכור,קונסיגנציה-משק בכור מחוברים לא,,עירית,יחידה,0.00,יחידה,false,,5.90,0.0000,true,1,1412572
7290015859028,false,תרד ניו זילנדי משק בכור,קונסיגנציה-משק בכור מחוברים לא,,תרד ניו זילנדי,יחידה,0.00,יחידה,false,,9.90,0.0000,true,1,1412574
7290015859042,false,בכור לבבות קיסר,חקלאי,,לבבות קיסר,00000000000000000000,0.00,00000000000000000000,false,,9.90,0.0000,true,1,1412576
7290015859059,false,עלי חסה רומית משק בכור,קונסיגנציה-משק בכור מחוברים לא,,עלי רומית,יחידה,0.00,יחידה,false,,8.90,0.0000,true,1,1412577
7290015859066,false,אורגנו משק בכור,קונסיגנציה-משק בכור מחוברים לא,,אורגנו,יחידה,0.00,יחידה,false,,5.90,0.0000,true,1,1412578
7290015859073,false,רוזמרין משק בכור,קונסיגנציה-משק בכור מחוברים לא,,רוזמרין,יחידה,0.00,יחידה,false,,4.90,0.0000,true,1,1412579
7290015859080,false,קורנית משק בכור,קונסיגנציה-משק בכור מחוברים לא,,קורנית,00000000000000000000,0.00,00000000000000000000,false,,4.90,0.0000,true,1,1412580
7290015859103,false,מרווה משק בכור,קונסיגנציה-משק בכור מחוברים לא,,מרווה,יחידה,0.00,יחידה,false,,4.90,0.0000,true,1,1412582
7290015859110,false,סורל/ חמציץ משק בכור**,קונסיגנציה-משק בכור מחוברים לא,,חמציץ,יחידה,0.00,יחידה,false,,8.90,0.0000,true,1,1412583
7290015859127,false,רוקולה,,,רוקולה,יחידה,0.00,יחידה,false,,9.90,0.0000,true,1,1412584
7290015859202,false,בזיליקום משק בכור,קונסיגנציה-משק בכור מחוברים לא,,בזיליקום,יחידה,0.00,יחידה,false,,5.90,0.0000,true,1,1412591
7290015859219,false,בכור בזיליקום סלסלה,,,בזיליקום,יחידה,0.00,יחידה,false,,9.90,0.0000,true,1,1412592
7290015859233,false,בכור קייל ירוק,,,קייל ירוק,יחידה,0.00,יחידה,false,,9.90,0.0000,true,1,1412594
7290015859240,false,קייל שחור סלסלה- משק בכור,קונסיגנציה-משק בכור מחוברים לא,,קייל שחור,יחידה,0.00,יחידה,false,,9.90,0.0000,true,1,1412595
7290015859288,false,עלי בייבי סלסלה משק בכר,קונסיגנציה-משק בכור מחוברים לא,,עלי בייבי,יחידה,0.00,יחידה,false,,8.90,0.0000,true,1,1412599
7290015859301,false,חסה מסולסלת משי משק בכור,קונסיגנציה-משק בכור מחוברים לא,,חסה מסולסלת צבעונית,יחידה,0.00,יחידה,false,,9.90,0.0000,true,1,1412600
7290015859325,false,חסה סינית פקצ`וי משק בכור,קונסיגנציה-משק בכור מחוברים לא,,פקצוי,יחידה,0.00,יחידה,false,,11.90,0.0000,true,1,1422759
7290015865739,false,ענבי ציון קונפיטורה לייט אוכמניות 400 גר,אבאל יזמות בעמ,,קונפיטורת אוכמניות ע,גרמים,400.00,100 גרם,false,,19.90,0.0497,true,1,2344253
7290015865746,false,ענבי ציון קונפיטורה לייט פירות יער 400 ג,אבאל יזמות בעמ,,קונפיטורת פירות יער,גרמים,400.00,100 גרם,false,,19.90,0.0497,true,1,2344254
7290015899390,false,תרסיס לניקוי והברקת נירוסטה ומתכות אחרות,סאסאטק SASATECK,,תרסיס לניקוי והברקת,מיליליטרים,500.00,"100 מ""ל",false,,9.90,0.0198,true,1,1686320
7290015899505,false,חיטוי פירות וירקות מסיר שאריות של חומרי הדברה,פרפקט Perfect,,חיטוי פירות וירקות 1,ליטרים,1.00,ליטר,false,,9.90,9.9000,true,1,1837243
7290015899512,false,אקונומיקה בניחוח לימון,סאסאטק SASATECK,,אקונומיקה מבושמת לימ,ליטרים,4.00,ליטר,false,,14.90,3.7250,true,1,1413507
7290015899529,false,אקונומיקה בניחוח פרחים,סאסאטק SASATECK,,אקונומיקה מבושמת פרח,ליטרים,4.00,ליטר,false,,14.90,3.7250,true,1,1413508
7290015899628,false,נוזל רב תכליתי מנקה ומבריק,סאסאטק SASATECK,,נוזל רב תכליתי 1 ליט,ליטרים,1.00,ליטר,false,,9.90,9.9000,true,1,1413509
7290015899970,false,אקונומיקה סמיכה בניחוח לימון,סאסאטק SASATECK,,אקונומיקה סמיכה בניח,ליטרים,4.00,ליטר,false,,14.90,3.7250,true,1,1418904
7290015899994,false,מסיר אבן 1 ליטר פרפק,סאסאטק SASATECK,,מסיר אבן 1 ליטר פרפק,ליטרים,1.00,ליטר,false,,9.90,9.9000,true,1,1419700
7290015968010,false,כפפות ניטריל S שחורות סייף טאץ 100 יחידות,סייף טאץ' Safe Touch,,כפפות ניטריל שחורות,יח',100.00,יח',false,,17.90,0.1790,true,1,2196463
7290015968072,false,נובי כוס מסדרת המעצבים עם ידית+קשית,אינטרסן (1996) בעמ,,כוס מסדרת המעצבים,יחידה,0.00,יחידה,false,,47.90,0.0000,true,1,2255805
7290015968973,false,כפפות ניטריל M שחורות סייף טאץ 100 יחידות,סייף טאץ' Safe Touch,,כפפות ניטריל שחורות,יח',100.00,יח',false,,17.90,0.1790,true,1,2196464
7290015968980,false,כפפות ניטריל L שחורות סייף טאץ 100 יחידות,סייף טאץ' Safe Touch,,כפפות ניטריל שחורות,יח',100.00,יח',false,,17.90,0.1790,true,1,2196465
7290015968997,false,כפפות ניטריל XL שחורות סייף טאץ 100 יחידות,אינטרסן 1996 בעמ,,כפפות ניטריל שחורות,יח',100.00,יח',false,,17.90,0.1790,true,1,2196466
7290015996983,false,סוכרלוז סוכרזית 0 קלוריות 100 שקיות,"שטראוס גרופ בע""מ",,סוכרזית סוכרלוז 100,גרמים,130.00,100 גרם,false,,26.90,0.2069,true,1,1948729
7290016006292,false,נקטר מנגו בננה מלון קרטונית 1 ל' ספרינג,יפאורה שותפות מובגלת לשיווק,,ספרינג קרטונית מנגו,ליטרים,1.00,ליטר,false,,6.60,6.6000,true,1,1439134
7290016006339,false,מים מינרלים מי עדן (1x4 ליטר),יפאורה שותפות מוגבלת לשיווק,,רביעייה מי עדן 1 ליט,ליטרים,4.00,ליטר,false,,9.90,2.4750,true,1,1862373
7290016006346,false,שוופס סודה 0.5 ליטר מארז שישייה,יפאורה שותפות מובגלת לשיווק,,שוופס סודה שישייה מו,ליטרים,3.00,ליטר,false,,14.90,4.9667,true,1,1862374
7290016077759,false,רוטב ברביקיו קלאסי היינץ 480 גרם,דיפלומט מפיצים (1968) בעמ**,,רוטב ברבקיו 480 גרם,גרמים,480.00,100 גרם,false,,12.90,0.0269,true,1,1853129
7290016080551,false,מתבל עגבניות אורגני 580 גרם היינץ,ה.י. היינץ,,היינץ מתבל עגבניות א,גרמים,580.00,100 גרם,false,,14.90,0.0257,true,1,1712769
7290016083323,false,עוגיות בדלי בטעמים ש,מאפיית ישראל חיפה,,עוגיות בדלי בטעמים ש,גרמים,500.00,100 גרם,false,,15.90,0.0318,true,1,2328015
7290016083347,false,רולדה תמרים שקד 500 גרם,מאפיית ישראל חיפה,,עוגיות בדלי בטעמים ש,גרמים,500.00,100 גרם,false,,15.90,0.0318,true,1,2328017
7290016083378,false,עוגיות במילוי בטעם שוקולד שקד 500 גרם,מאפיית ישראל חיפה,,עוגיות בדלי בטעמים ש,גרמים,500.00,100 גרם,false,,15.90,0.0318,true,1,2328018
7290016083583,false,שקד - עוגיות כעכים מרוקאיות 500 גרם,,,עוגיות בדלי בטעמים ש,גרמים,500.00,100 גרם,false,,15.90,0.0318,true,1,2282758
7290016083590,false,שקד - עוגיות כעכים קקאו 500 גרם,,,עוגיות בדלי בטעמים ש,גרמים,500.00,100 גרם,false,,15.90,0.0318,true,1,2299375
7290016094008,false,אולטרסול קרם פנים 50 75 מל,פישר תעשיות פרמבצטיות בעמ,,אולטרסול קרם פנים 75,מיליליטרים,75.00,"100 מ""ל",false,,49.90,0.6653,true,1,1434084
7290016094695,false,אלכוג'ל לשמירה על הייגיינת הידיים 70% אלכוהול,"פישר תעשיות פרמבצטיות בע""מ",,אלכוג'ל טבעי 500 מל,מיליליטרים,500.00,"100 מ""ל",false,,19.90,0.0398,true,1,2224246
7290016106657,false,נתחי טונה בהירה בשמן צמחי - מארז רביעייה,דיאמוד פוד פרודקט סי,,רביעיית טונה בשמן בד,גרמים,560.00,100 גרם,false,,19.90,0.0355,true,1,2364517
7290016106664,false,נתחי טונה בהירה במי מלח - מארז רביעייה,דיאמוד פוד פרודקט סי,,רביעיית טונה במים בד,גרמים,560.00,100 גרם,false,,19.90,0.0355,true,1,2364522
7290016106671,false,נתחי טונה בהירה בשמן צמחי,טעמן שווק מזון בעמ,,טונה בודד בשמן טעמן,גרמים,140.00,100 גרם,false,,5.90,0.0421,true,1,2377949
7290016106688,false,נתחי טונה במי מלח טעמן 140 ג',טעמן שווק מזון בעמ,,טונה בודד במים טעמן,גרמים,140.00,100 גרם,false,,5.90,0.0421,true,1,2377950
7290016117196,false,כריות יפניות דו צדדיות,פרפקט Perfect,,כרית יפנית דו צדדית,יח',4.00,יח',false,,9.90,2.4750,true,1,1444852
7290016117202,false,כריות קרצוף שלישייה,פרפקט Perfect,,כריות קרצוף שלישייה,יח',3.00,יח',false,,9.90,3.3000,true,1,1444868
7290016117226,false,כרית יפנית שישיה פרפ,פרפקט Perfect,,כרית יפנית שישיה פרפ,יח',6.00,יח',false,,9.90,1.6500,true,1,1444854
7290016117233,false,כריות קרצוף 6 יחידות,פרפקט Perfect,,כריות קרצוף 6 יחידות,יח',6.00,יח',false,,7.90,1.3167,true,1,1444869
7290016135541,false,פסטה ביצים 3 צבעים פוזילי 400 גר אוריינט,גורי מוצרי צריכה 1991 בע`מ,,פסטה ביצים 3 צבעים פ,גרמים,400.00,100 גרם,false,,9.90,0.0248,true,1,1476246
7290016136111,false,"תערובת קמח רב תכליתי ג'י פרי 500 גרם לל""ג",גורי מוצרי צריכה (1991) בעמ,,תערובת קמח רב תכליתי,גרמים,500.00,100 גרם,false,,16.90,0.0338,true,1,1433728
7290016136692,false,משחת שיניים הגנה משולשת מנטה מרענן- שלישייה,גלקסוסמיתקליין,,משחת שיניים שלישיה מ,מיליליטרים,300.00,"100 מ""ל",false,,19.90,0.0663,true,1,1473577
7290016136708,false,משחת שיניים הגנה משולשת מנטה עדין- שלישייה,גלקסוסמיתקליין,,א.פרש שלישיה עדין,מיליליטרים,300.00,"100 מ""ל",false,,19.90,0.0663,true,1,1473578
7290016136722,false,פתיתים פנה ללא גלוטן 340 גרם גי פרי,גורי מוצרי צריכה (1991) בעמ,,פתיתים פנה ללא גלוטן,גרמים,340.00,100 גרם,false,,7.90,0.0232,true,1,1518248
7290016136739,false,GFREE פתיתי פוזילי על בסיס קמח תירס וקמח,גורי מוצרי צריכה (1991) בעמ,,פתיתים פוזילי ללא גל,גרמים,340.00,100 גרם,false,,7.90,0.0232,true,1,1518241
7290016144000,false,"קמח חיטה מלאה נפלאות 80% 1 ק""ג",תה ויסוצקי (ישראל)בעמ,,קמח חיטה מלא 80% נפל,קילוגרמים,1.00,"ק""ג",false,,9.90,9.9000,true,1,1419116
7290016144017,false,"קמח מלא נפלאות 100% ללא ניפוי 1 ק""ג",תה ויסוצקי (ישראל)בעמ,,קמח חיטה מלא 100% נפ,קילוגרמים,1.00,"ק""ג",false,,9.90,9.9000,true,1,1419117
7290016144024,false,"קמח כוסמין מלא נפלאות 100% 1 ק""ג",תה ויסוצקי (ישראל)בעמ,,קמח כוסמין מלא 100%,קילוגרמים,1.00,"ק""ג",false,,14.90,14.9000,true,1,1487458
7290016144031,false,"נפלאות קמח חיטה לבן מנופה 1 ק""ג",תה ויסוצקי (ישראל)בעמ,,קמח לבן מנופה נפלאות,קילוגרמים,1.00,"ק""ג",false,,6.90,6.9000,true,1,1487459
7290016144048,false,"קמח כוסמין לבן 1 ק""ג נפלאות",תה ויסוצקי (ישראל)בעמ,,קמח כוסמין לבן נפלאו,קילוגרמים,1.00,"ק""ג",false,,14.90,14.9000,true,1,1695008
7290016144055,false,קמח כוסמין 80% קמח נפלאות 1 קג,תה ויסוצקי (ישראל)בעמ,,קמח כוסמין מלא 80% נ,קילוגרמים,1.00,"ק""ג",false,,14.90,14.9000,true,1,1839975
7290016144062,false,"קמח שיפון מלא נפלאות, 1 ק""ג",תה ויסוצקי (ישראל)בעמ,,קמח שיפון מלא,קילוגרמים,1.00,"ק""ג",false,,8.90,8.9000,true,1,2378035
7290016144079,false,"קמח חיטה כפרי 1 ק""ג נפלאות",תה ויסוצקי (ישראל)בעמ,,קמח חיטה כפרי,קילוגרמים,1.00,"ק""ג",false,,8.90,8.9000,true,1,2378036
7290016144086,false,נפלאות קמח חלה מנופה 1 ק”ג,תה ויסוצקי (ישראל)בעמ,,קמח חלה,קילוגרמים,1.00,"ק""ג",false,,6.90,6.9000,true,1,2378037
7290016144093,false,נפלאות קמח לחם לבן מנופה 1 ק”ג,תה ויסוצקי (ישראל)בעמ,,קמח לחם,קילוגרמים,1.00,"ק""ג",false,,6.90,6.9000,true,1,2378038
7290016144116,false,"קמח תופח נפלאות, 1 ק""ג",תה ויסוצקי (ישראל)בעמ,,קמח תופח,קילוגרמים,1.00,"ק""ג",false,,8.90,8.9000,true,1,2378039
7290016150384,false,סלק אדום מבושל באריזת וואקום,,,סלק אדום מבושל באריז,גרמים,500.00,100 גרם,false,,5.90,0.0118,true,1,1506773
7290016188585,false,GIACOBAZZI למברוסקו רוזה חצי יבש יקבי כרמל,אגודת הכורמים,,יין למברוסקו רוזה חצ,מיליליטרים,750.00,"100 מ""ל",false,,23.90,0.0319,true,1,2065391
7290016217759,false,חציל מרוקאי 200גרם גורמה,"סלטי שמיר 2006 בע""מ",,חציל מרוקאי 200 גרם,גרמים,200.00,100 גרם,false,,11.90,0.0595,true,1,2229727
7290016246018,false,חטיף מיקס פינוקיות חלבה בארכה 20ג*9,קבוצת אוסם סחר שותפות מוגבלת,,בארכה מיקס פינוקיות,גרמים,200.00,100 גרם,false,,11.90,0.0595,true,1,1428491
7290016246025,false,בארכה מיקס פינוקיות חלווה ללא סוכר 10*20ג,קבוצת אוסם סחר שותפות מוגבלת,,בארכה מיקס פינוקיות,גרמים,200.00,100 גרם,false,,11.90,0.0595,true,1,1428492
7290016246308,false,בארכה בקטנה חטיף חלבה וניל קוקוס 18 גרם 7 יחידות,קבוצת אוסם סחר שותפות מוגבלת,,מאגדת בארכה חטיף חלב,גרמים,126.00,100 גרם,false,,9.90,0.0786,true,1,1817461
7290016246445,false,בארכה טחינה גולמית מעודנת שומשום מלא 310 גם,קבוצת אוסם סחר שותפות מוגבלת,,טחינה גולמית מעודנת,גרמים,310.00,100 גרם,false,,11.90,0.0384,true,1,2042531
7290016246711,false,טחינה גולמית מעודנת הריסה בארכה 310 גרם,קבוצת אוסם סחר שותפות מוגבלת,,טחינה גולמית מעודנת,גרמים,310.00,100 גרם,false,,11.90,0.0384,true,1,2221909
7290016246773,false,בארכה טחינה מתובלת גולמית מעודנת משומשום מלא זעתר 310 גרם,קבוצת אוסם סחר שותפות מוגבלת,,טחינה גולמית מעודנת,גרמים,310.00,100 גרם,false,,11.90,0.0384,true,1,2275987
7290016255003,false,מסיר שומנים להסרת לכלוך קשה,סאסאטק SASATECK,,"מסיר שומנים 750 מ""ל",מיליליטרים,750.00,"100 מ""ל",false,,9.90,0.0132,true,1,1424949
7290016255010,false,מסיר אבנית ולכלוך קשה,סאסאטק SASATECK,,מרסס מסיר אבנית 750,מיליליטרים,750.00,"100 מ""ל",false,,14.90,0.0199,true,1,1424958
7290016255027,false,ספריי קצף רב שימושי בתוספת אקונומיקה,סאסאטק SASATECK,,מרסס לניקוי כללי בתו,מיליליטרים,750.00,"100 מ""ל",false,,14.90,0.0199,true,1,1424959
7290016255034,false,ג'ל לניקוי אסלות בניחוח אורנים,סאסאטק SASATECK,,ג'ל לניקוי אסלות בני,מיליליטרים,750.00,"100 מ""ל",false,,7.90,0.0105,true,1,1418909
7290016255041,false,ג'ל לניקוי אסלות בניחוח לימון,סאסאטק SASATECK,,ג'ל לניקוי אסלות בני,מיליליטרים,750.00,"100 מ""ל",false,,7.90,0.0105,true,1,1418910
7290016255058,false,ג'ל לניקוי אסלות בניחוח לבנדר,סאסאטק SASATECK,,ג'ל לניקוי אסלות בני,מיליליטרים,750.00,"100 מ""ל",false,,7.90,0.0105,true,1,1418911
7290016255157,false,דלי מטליות לחות לרצפה בבישום מרענן,פרפקט Perfect,,דלי מטליות לחות לניק,יח',50.00,יח',false,,29.90,0.5980,true,1,1874856
7290016255386,false,נוזל לניקוי אסלות 1,סאסאטק SASATECK,,נוזל לניקוי אסלות 1,ליטרים,1.00,ליטר,false,,9.90,9.9000,true,1,1425361
7290016255393,false,מטליות נשלפות לניקוי וחיטוי כללי בבישום עדין 400 יח',פרפקט Perfect,,מטליות נשלפות לניקוי,יח',400.00,יח',false,,29.90,0.0747,true,1,1428495
7290016255492,false,נוזל מבושם לשטיפת פר,פרפקט Perfect,,נוזל מבושם לשטיפת פר,ליטרים,2.00,ליטר,false,,19.90,9.9500,true,1,1435232
7290016255508,false,נוזל לניקוי כלים בניחוח לימון,פרפקט Perfect,,נוזל לניקוי כלים 750,מיליליטרים,750.00,"100 מ""ל",false,,9.90,0.0132,true,1,1461050
7290016255515,false,נוזל לניקוי כלים בניחוח תפוח,פרפקט Perfect,,נוזל לניקוי כלים 750,מיליליטרים,750.00,"100 מ""ל",false,,9.90,0.0132,true,1,1461030
7290016255638,false,נוזל מנקה רצפות בניחוח לבנדר,פרפקט Perfect,,נוזל לניקוי רצפות בנ,ליטרים,2.00,ליטר,false,,19.90,9.9500,true,1,1435233
7290016255645,false,נוזל מנקה רצפות בניחוח מאסק,פרפקט Perfect,,נוזל לניקוי רצפות בנ,ליטרים,2.00,ליטר,false,,19.90,9.9500,true,1,1435234
7290016255652,false,נוזל מנקה רצפות בניחוח אורנים,פרפקט Perfect,,נוזל לניקוי רצפות בנ,ליטרים,2.00,ליטר,false,,19.90,9.9500,true,1,1435235
7290016255928,false,ג'ל מרוכז לכביסה לבנה וצבעונית,סאסאטק SASATECK,,ג'ל כביסה לבנה וצבעו,ליטרים,3.00,ליטר,false,,24.90,8.3000,true,1,1447039
7290016270570,false,מלפפון בייבי,חקלאי,,מלפפון בייבי,00000000000000000000,0.00,00000000000000000000,false,,7.90,0.0000,true,1,1789199
7290016270877,false,פלפלונים צבעוני,ביכורי השדה הצפון בעמ` 1964,,פלפלונים צבעוני,00000000000000000000,0.00,00000000000000000000,false,,7.90,0.0000,true,1,1822355
7290016270907,false,ברוקולי ארוז במגשית,,,ברוקולי ארוז -גן היר,יחידה,0.00,יחידה,false,,9.90,0.0000,true,1,2331544
7290016276534,false,"שמן קוקוס לא מזוכך 500 מ""ל",קונסיגנציה-דין שיווק וקליה 202,,שמן קוקוס לא מזוכך 5,מיליליטרים,500.00,"100 מ""ל",false,,24.90,0.0498,true,1,2306261
7290016284003,false,חסה הידרופונית רומית,מעיינות הזורע,,חסה הידרו רומית,יחידה,0.00,יחידה,false,,9.90,0.0000,true,1,1485035
7290016284058,false,חסה סלנובה יח הזורע,מעיינות הזורע,,חסה הידרו סלנובה,יחידה,0.00,יחידה,false,,9.90,0.0000,true,1,2347143
7290016284065,false,חסה הידרו לאליק,,,חסה הידרו לאליק,יחידה,0.00,יחידה,false,,9.90,0.0000,true,1,2347144
7290016302059,false,מארז לחמניות פרנה ביס 10 יח',קונסיגנציה ג`נרל מילס ישראל בע,,מארז פרנה ביס 10 יח',יח',10.00,יח',false,,9.90,0.9900,true,1,2279059
7290016319118,false,מגע הדבש שעווה מתקלפת לפנים 100 גרם,המאפיה של הרמן,,שעווה מגע הדבש מתקלפ,גרמים,100.00,100 גרם,false,,29.90,0.2990,true,1,2284311
7290016319187,false,טוסו עוגיות סנדוויץ שוקו במילוי קרם שוקולד *זוג* 300 גרם,בטר אנד דיפרנט,,עוגיות סנדויץ טוסו ש,גרמים,300.00,100 גרם,false,,16.90,0.0563,true,1,2266744
7290016319194,false,טוסו מארז זוג עוגיות סנדוויץ ללא סוכר שוקו וניל 300 ג',דנשר (1963) בעמ,,עוגיות סנדויץ טוסו ש,גרמים,300.00,100 גרם,false,,16.90,0.0563,true,1,2266745
7290016319200,false,טוסו עוגיות סנדוויץ' אוראו במילוי קרם וניל *זוג* 300 גרם,"דנשר (1963) בע,מ",,עוגיות סנדויץ טוסו א,גרמים,300.00,100 גרם,false,,16.90,0.0563,true,1,2266746
7290016319309,false,סבון נוזלי מאסק קלאסי+משאבה פמלי 1 ל,הנסיך- מפעל לייצור ט,,אל סבון פמילי 1 ליטר,ליטרים,1.00,ליטר,false,,9.90,9.9000,true,1,1979698
7290016321319,false,סבון נוזלי בניחוח אשכליות אדומה 1 ל' פמלי,דנשר (1963) בעמ,,אל סבון פמילי 1 ליטר,ליטרים,1.00,ליטר,false,,9.90,9.9000,true,1,2330666
7290016321326,false,סבון נוזלי בניחוח מנדרינה ולואיזה + משאבה 1 ל' פמלי,דנשר (1963) בעמ,,אל סבון פמילי 1 ליטר,ליטרים,1.00,ליטר,false,,9.90,9.9000,true,1,2330667
7290016321555,false,מגע המשי רצועות שעווה לביקיני קמומיל 12+2,דנשר (1963) בעמ,,רצועות שעווה מגע המש,יחידה,0.00,יחידה,false,,19.90,0.0000,true,1,2256173
7290016321661,false,פרש וואנס SENSITIVE מגבונים ללא בישום רביעייה 72 יחידות,עלבד משואות יצחק,,רביעיית מגבוני פרשוו,יח',256.00,יח',false,,15.90,0.0621,true,1,2202520
7290016321678,false,מגבונים לחים בניחוח מרענן עם תמציות קמומיל ואלוורה,עלבד משואות יצחק,,רביעיית מגבוני פרשוו,יח',256.00,יח',false,,15.90,0.0621,true,1,2202521
7290016321883,false,פרשוואנס נייר טואלט מתכלה לילדים -מארז שלישייה,עלבד משואות יצחק בעמ,,מארז שלישייה נייר טו,יח',40.00,יח',false,,14.90,0.3725,true,1,2228289
7290016321890,false,פרשוואנס נייר טואלט מתכלה למבוגרים -מארז שלישייה,עלבד משואות יצחק בעמ,,מארז שלישייה נייר טו,יח',40.00,יח',false,,14.90,0.3725,true,1,2228290
7290016329308,false,"ד""ר פישר - סרקל קרם רוזמרין לשיער מתולתל 325 מ""ל","פישר תעשיות פרמבצטיות בע""מ",,סרקל קרם רוזמרין לשי,מיליליטרים,325.00,"100 מ""ל",false,,27.90,0.0858,true,1,2227714
7290016329315,false,סרקל ספריי מתיר קשרים לילדים לשיער מתולתל,"פישר תעשיות פרמבצטיות בע""מ",,סרקל ספריי מתיר קשרי,מיליליטרים,300.00,"100 מ""ל",false,,29.90,0.0997,true,1,1501697
7290016329674,false,קמיל בלו קרם פנים לתינוק לעור יבש במיוחד,"פישר תעשיות פרמצביטות בע""מ",,קרם פנים קמיל בלו לת,מיליליטרים,75.00,"100 מ""ל",false,,19.90,0.2653,true,1,1829990
7290016329865,false,ד.פישר אפקטיב קר קרם ידיים אינטנסיב,"ד""ר פישר Dr fischer",,קרם ידיים אפקטיב קר,מיליליטרים,50.00,"100 מ""ל",false,,14.90,0.2980,true,1,1473678
7290016329971,false,ד.פישר אפקטיב קר קרם ידיים אינטנסיב רליף,פישר תעשיות פרמבצטיות בעמ,,קרם ידיים אפקטיב קר,מיליליטרים,50.00,"100 מ""ל",false,,14.90,0.2980,true,1,1473679
7290016372342,false,עגבניות חתוך קוביות גראנד איטליה מארז 400X3ג',תה ויסוצקי (ישראל) בעמ,,עגבניות חתוכות 3*400,גרמים,1200.00,100 גרם,false,,14.90,0.0124,true,1,1872853
7290016372373,false,רסק עגבניות ללא תוספת סוכר ומלח - מארז זוג,תה ויסוצקי (ישראל) בעמ,,זוג רסק עגבניות 2*14,גרמים,280.00,100 גרם,false,,7.90,0.0282,true,1,1872855
7290016372458,false,חליטת לימונית ולואיזה הגן הקסום ויסוצקי 50 יחידות,תה ויסוצקי (ישראל) בעמ,,תה הגן הקסום לימונית,גרמים,75.00,100 גרם,false,,29.90,0.3987,true,1,1779123
7290016372496,false,חליטת פירות וצמחים בטעם ג'ינג'ר ודבש -אפקט הג'ינג'ר,תה ויסוצקי (ישראל) בעמ,,חליטת ג'ינג'ר ודבש ס,גרמים,45.00,100 גרם,false,,17.90,0.3978,true,1,1812377
7290016373707,false,מקלות חמוצים בטעם אפרסק 20גרם טעמן,אלבן מזון תעשיות ומס,,מקלות חמוצים,גרמים,20.00,100 גרם,false,,1.90,0.0950,true,1,2351531
7290016408119,false,טרליני כעכים בטעם קלאסי 225 גר' - בדץ,כרמית תעשיות ממתקים בעמ,,כעכים טרליני בטעם קל,גרמים,225.00,100 גרם,false,,6.90,0.0307,true,1,1486704
7290016408133,false,טרליני כעכים בטעם בצל וזיתים 225 גר' - בדץ,כרמית תעשיות ממתקים בעמ,,כעכים טרליני בטעם בצ,גרמים,225.00,100 גרם,false,,6.90,0.0307,true,1,1486706
7290016408294,false,"מרשמלו ורוד לבן וסטהיים 150 ג', 26 בקרטון",כרמית תעשיות ממתקים בעמ,,מרשמלו ורוד לבן,גרמים,150.00,100 גרם,false,,4.90,0.0327,true,1,1913012
7290016408393,false,חטיף קרקר עם שומשום פניני 130 ג',כרמית תעשיות ממתקים בעמ,,חטיף קרקר עם שומשום,גרמים,130.00,100 גרם,false,,6.90,0.0531,true,1,1486711
7290016408416,false,חטיף קרקר עם צ'ילי פיקנטי 130 גר,כרמית תעשיות ממתקים בעמ,,חטיף קרקר עם צ'ילי פ,גרמים,130.00,100 גרם,false,,6.90,0.0531,true,1,1486713
7290016408423,false,חטיף קרקר עם זיתים שחורים ושום 130 גר,כרמית תעשיות ממתקים בעמ,,חטיף קרקר עם זיתים ש,גרמים,130.00,100 גרם,false,,6.90,0.0531,true,1,1486714
7290016408430,false,קרקר עם תערובת תבלינים כרמית 130 גרם,כרמית תעשיות ממתקים בעמ,,חטיף קרקר עם תערובת,גרמים,130.00,100 גרם,false,,6.90,0.0531,true,1,1486715
7290016408447,false,קרקר עגבניות ובזיליקום כרמית 130 גרם,כרמית תעשיות ממתקים בעמ,,חטיף קרקר עם עגבניות,גרמים,130.00,100 גרם,false,,6.90,0.0531,true,1,1486716
7290016408744,false,מרשמלו טוויסטר כרמית 150 גרם,"כרמית תעשיות ממתקים בע""\",,מרשמלו טוויסטר,גרמים,150.00,100 גרם,false,,4.90,0.0327,true,1,1913013
7290016429992,false,"ד""ר פישר - אלכוג'ל במארז סיליקון עם דמות 30 מ""ל",פישר מעבדות פרמצבטיות בע,,"אלכו-גיל 30 מ""ל דמות",מיליליטרים,30.00,"100 מ""ל",false,,14.90,0.4967,true,1,1830035
7290016437614,false,חיתולי האגיס פרידום דריי pants מידה 3 44 יחידות,קימברלי קלארק ישראל שיווק בעמ,,חיתולי האגיס פרידום,יח',44.00,יח',false,,44.90,1.0205,true,1,1716596
7290016440218,false,עמבה פרי מעדני עופר,בידאני נתן,,עמבה מקורית עם פיר,גרמים,500.00,100 גרם,false,,12.90,0.0258,true,1,1501111
7290016440607,false,עמבה בקבוק לחיץ 300גר,בידאני נתן,,עמבה לחיץ,גרמים,300.00,100 גרם,false,,12.90,0.0430,true,1,2311512
7290016440652,false,תערובת פרוסות ירקות חמוצים מעדני עופר 500 גרם,קפוא זן תעשיות מזון בעמ,,תערובת ירקות חמוצים,גרמים,500.00,100 גרם,false,,19.90,0.0398,true,1,2311504
7290016440881,false,ירקות חמוצים בטעם ביתי מעדני עופר 500 גרם,קפוא זן תעשיות מזון בעמ,,תערובת ירקות חמוצים,גרמים,500.00,100 גרם,false,,19.90,0.0398,true,1,2311505
7290016440911,false,מלפפונים ביתיים כבושים 500גר מעדני עופר,קפוא זן תעשיות מזון בעמ,,מלפפון ביתיים כבושים,גרמים,750.00,100 גרם,false,,19.90,0.0265,true,1,2311506
7290016440928,false,מעדני עופר - ירקות כבושים חמוץ מתוק (סיני),קפוא זן תעשיות מזון בעמ,,ירקות כבושים חמוץ מת,גרמים,750.00,100 גרם,false,,19.90,0.0265,true,1,2311507
7290016475067,false,מארז 4 לאפות במלאכת יד,פיתות מכבים י.מ. בעמ,,4 יח' לאפות במארז עב,יח',4.00,יח',false,,10.90,2.7250,true,1,2188998
7290016492118,false,פפריקה מתוקה מעושנת,תבליני הדור השלישי,,פפריקה מעושנת,גרמים,120.00,100 גרם,false,,13.90,0.1158,true,1,2363264
7290016492125,false,פרג תבלין פילדפיה 120 גר',תבליני הדור השלישי,,פילדלפיה 120 גרם,גרמים,120.00,100 גרם,false,,13.90,0.1158,true,1,2363258
7290016492132,false,תבלין טוסקנה פרג 160 גר',תבליני הדור השלישי,,טוסקנה 160 גרם,גרמים,160.00,100 גרם,false,,13.90,0.0869,true,1,2363239
7290016492507,false,אורז עם ירקות,תבליני פרג,,אורז עם ירקות,גרמים,300.00,100 גרם,false,,14.90,0.0497,true,1,2363217
7290016492514,false,בורגול עם עדשים,תבליני פרג,,בורגול עם עדשים,גרמים,300.00,100 גרם,false,,14.90,0.0497,true,1,2363218
7290016492521,false,קינואה עם עדשים,תבליני פרג,,קינואה עם עדשים,גרמים,300.00,100 גרם,false,,14.90,0.0497,true,1,2363219
7290016492538,false,קינואה עם ירקות,תבליני פרג,,קינואה עם ירקות,גרמים,300.00,100 גרם,false,,14.90,0.0497,true,1,2363220
7290016492620,false,"סומסומיה - ממרח טחינה, דבש ואגוזים",תבליני פרג,,סומסומיה-ממרח,גרמים,250.00,100 גרם,false,,14.90,0.0596,true,1,2363404
7290016509304,false,סוד סבון לאסלה 4 כדוריותבניחוח לבנדר 50 ג',גורי שיווק בעמ,,סוד סבון לאסלה לבנדר,גרמים,50.00,100 גרם,false,,5.50,0.1100,true,1,1727954
7290016509342,false,סוד מארז טריו כדוריות לאסלה כחול אקטיבי אקונומיקה,גורי שיווק בעמ,,כדוריות שלישייה אסלה,יח',3.00,יח',false,,19.90,6.6333,true,1,1853171
7290016509786,false,פרסיל גל לכביסה לבנה וצבעונית-ירוק 2.5 ל,גורי שיווק בעמ,,פרסיל גל 2.5 ליטר יר,ליטרים,2.50,ליטר,false,,29.90,11.9600,true,1,1999576
7290016509809,false,ג'ל מרוכז לכביסה קולור 2.5 ל' פרסיל,גורי שיווק בעמ,,פרסיל גל 2.5 ליטר קו,ליטרים,2.50,ליטר,false,,29.90,11.9600,true,1,1999577
7290016509816,false,ג'ל לכביסה צבעונית אריזת XL,גורי שיווק בעמ,,פרסיל גל 4 ליטר קולו,ליטרים,4.00,ליטר,false,,44.90,11.2250,true,1,1999585
7290016509823,false,ג'ל לכביסה לבנה וצבעונית בניחוח רענן,גורי שיווק בעמ,,פרסיל גל 2.5 ליטר בל,ליטרים,2.50,ליטר,false,,29.90,11.9600,true,1,1999578
7290016509847,false,פרסיל ג'ל לכביסה כהה בלאק 2.5 ליטר,גורי שיווק בעמ,,פרסיל גל 2.5 ליטר בל,ליטרים,2.50,ליטר,false,,29.90,11.9600,true,1,2032255
7290016510331,false,"הוואי אל סבון לילדים בנות 700 מ""ל",טרופיקל דגיל,,אל סבון ילדים הוואי,מיליליטרים,700.00,"100 מ""ל",false,,9.90,0.0141,true,1,2253622
7290016510348,false,"הוואי אל סבון לילדים בנים 700 מ""ל",טרופיקל דגיל,,אל סבון ילדים הוואי,מיליליטרים,700.00,"100 מ""ל",false,,9.90,0.0141,true,1,2253623
7290016567007,false,מחית אסאי ריבאר קפוא,בלהאיסה,,מחית אסאי,גרמים,100.00,100 גרם,false,,10.90,0.1090,true,1,2277679
7290016574272,false,ממרח אריסה 180 גרם מ,מוטי שף,,ממרח אריסה 180 גרם מ,גרמים,180.00,100 גרם,false,,19.90,0.1106,true,1,2252538
7290016584004,false,חטיפוני גזר 130 גרם,קונס`-מרינה פטריות הגליל בעמ*ש,,חטיפוני גזר 130 גרם,גרמים,130.00,100 גרם,false,,5.90,0.0454,true,1,1707429
7290016584011,false,חטיפוני גזר 350 גרם גיזרונים,קונס`-מרינה פטריות הגליל בעמ*ש,,חטיפוני גזר 350 גרם,גרמים,350.00,100 גרם,false,,9.90,0.0283,true,1,1707430
7290016601206,false,פותח סתימות פרפקט 1,,,פותח סתימות פרפקט 1,ליטרים,1.00,ליטר,false,,14.90,14.9000,true,1,1843040
7290016601596,false,מבשם לבית בניחוח ורד אנגלי,פרפקט Perfect,,מבשם לבית ורד אנגלי,מיליליטרים,350.00,"100 מ""ל",false,,14.90,0.0426,true,1,1505955
7290016601602,false,מבשם לבית פריחת הנרקיס,פרפקט Perfect,,מבשם לבית פריחת הנרק,מיליליטרים,350.00,"100 מ""ל",false,,14.90,0.0426,true,1,1505956
7290016601619,false,מבשם לבית מאסק מרענן,,,מבשם לבית מאסק מרענן,מיליליטרים,350.00,"100 מ""ל",false,,14.90,0.0426,true,1,1505957
7290016601626,false,מבשם לבית בניחוח לבנדר טוסקנה,פרפקט Perfect,,מבשם לבית לבנדר טוסק,מיליליטרים,350.00,"100 מ""ל",false,,14.90,0.0426,true,1,1505958
7290016601701,false,סבון נוזלי בניחוח ים Blue Lagoon- מארז שלישייה,פרפקט Perfect,,שלישיית אל סבון בני,מיליליטרים,1500.00,"100 מ""ל",false,,14.90,0.0099,true,1,1504773
7290016601718,false,סבון נוזלי בניחוח ורדים Pink Roses- מארז שלישייה,פרפקט Perfect,,שלישיית אל סבון בני,מיליליטרים,1500.00,"100 מ""ל",false,,14.90,0.0099,true,1,1504774
7290016601725,false,סבון נוזלי בניחוח טרופי Fresh Yellow- מארז שלישייה,פרפקט Perfect,,שלישיית אל סבון בני,מיליליטרים,1500.00,"100 מ""ל",false,,14.90,0.0099,true,1,1504775
7290016601800,false,תרסיס לניקוי רהיטים,סאסאטק SASATECK,,תרסיס לניקוי רהיטים,מיליליטרים,300.00,"100 מ""ל",false,,9.90,0.0330,true,1,1683966
7290016601817,false,מרסס לניקוי שטיחים פ,פרפקט Perfect,,מרסס לניקוי שטיחים פ,מיליליטרים,600.00,"100 מ""ל",false,,19.90,0.0332,true,1,1519432
7290016621013,false,"ד""ר פישר - קרם גוף קמיל בלו 500 מ""ל",פישר תעשיות פרמבצטיות בעמ,,קרם גוף קמיל בלו לתי,מיליליטרים,500.00,"100 מ""ל",false,,29.90,0.0598,true,1,1492545
7290016621440,false,תח.גוף בספריי לע.יבש דבש אפקטיב קר 300 מ,,,קרם גוף ספריי אפקטיב,מיליליטרים,300.00,"100 מ""ל",false,,39.90,0.1330,true,1,1487431
7290016667479,false,פריכיות כוסמת מארז גדול 130 ג',נאמן לאורך זמן בעמ,,פרכיות כוסמת 130 גרם,גרמים,130.00,100 גרם,false,,8.90,0.0685,true,1,2043094
7290016667486,false,פריכיות כוסמת דל נתרן 130 ג',נאמן לאורך זמן בעמ,,פריכיות כוסמת דל נתר,גרמים,130.00,100 גרם,false,,8.90,0.0685,true,1,2043095
7290016682182,false,פריניב שייק תמר בננה מופחת סוכר 1 ליטר,הנסיך- מפעל לייצור ט,,שייק תמר בננה מופחת,ליטרים,1.00,ליטר,false,,14.90,14.9000,true,1,1758740
7290016682199,false,פריניב שייק תות בננה מופחת סוכר 1 ליטר,הנסיך- מפעל לייצור ט,,שייק תות בננה מופחת,ליטרים,1.00,ליטר,false,,14.90,14.9000,true,1,1758741
7290016682243,false,פריניב מיץ אשכולית אדומה סחוט 1 ליטר,תנובה - פריניב,,מיץ אשכולית אדומה סח,ליטרים,1.00,ליטר,false,,11.90,11.9000,true,1,2053308
7290016689563,false,יין מוסקטו כחול ביאנ,יקב סאנטרו,,יין מוסקטו כחול,מיליליטרים,750.00,"100 מ""ל",false,,29.90,0.0399,true,1,1918546
7290016717044,false,"יין מוסקטו סלקטד באז כרמל 750 מ""ל",אגודת הכורמים -כרמל מזרחי,,יין מנגו,מיליליטרים,750.00,"100 מ""ל",false,,24.90,0.0332,true,1,2182486
7290016717051,false,משקה Buzz מוגז בטעם רימון מבוסס יין אדום מתוק,אגודת הכורמים -כרמל מזרחי,,יין רימון באזז,מיליליטרים,750.00,"100 מ""ל",false,,24.90,0.0332,true,1,2242296
7290016717099,false,"יין כרמל סלקטד אדום חצי יבש, 750 מ""ל",אגודת הכורמים בעמ,,יין סלקטד אדום,מיליליטרים,750.00,"100 מ""ל",false,,24.90,0.0332,true,1,1501055
7290016717235,false,יין קונקורד אדום ממותק קינג דיוויד - בקבוק אישי,יקבי כרמל Carmel Winery,,קונקורד קינג דויד,מיליליטרים,187.00,"100 מ""ל",false,,5.90,0.0316,true,1,2242270
7290016717631,false,יין מוסקטו בעל חוזק אלכוהול נמוך פרייבט קולקשן,אגודת הכורמים הקואופרטיב,,יין מוסקטו,מיליליטרים,750.00,"100 מ""ל",false,,38.90,0.0519,true,1,2064861
7290016717754,false,יין היובל ישן נושן יקבי כרמל (750 מל),אגודת הכורמים -כרמל מזרחי,,יין ישן נושן,מיליליטרים,750.00,"100 מ""ל",false,,18.90,0.0252,true,1,2007921
7290016717976,false,יין ספארקלינג בטעם אפרסק 750 מל BUZZ,אגודת הכורמים בעמ,,יין ספארקלינג,מיליליטרים,750.00,"100 מ""ל",false,,24.90,0.0332,true,1,2251072
7290016818352,false,טורטליני ארבע גבינות גד 400 גרם,מחלבות גד בעמ`,,טורטליני ארבע גבינות,גרמים,400.00,100 גרם,false,,21.90,0.0547,true,1,2352436
7290016823004,false,בזיליקום יח freshlid,"מרינה פטריות הגליל בע""מ",,בזילקום,יחידה,0.00,יחידה,false,,4.90,0.0000,true,1,1716045
7290016865943,false,אטריות ביצים פטוציני אוריינט 400 גרם,גורי מוצרי צריכה 1991 בעמ,,פסטה ביצים פטוצ'ילי,גרמים,400.00,100 גרם,false,,9.90,0.0248,true,1,1795812
7290016866476,false,"אדם בודי ספרי אקסט 2 150 מ""ל",רנקסן סונגר סאן ביי,,דאודורנט אדם בודי ספ,מיליליטרים,150.00,"100 מ""ל",false,,12.90,0.0860,true,1,1853576
7290016866643,false,פרודונטקס מ.שיניים אקסטרה פרש 75 מל,פרודונטקס Parodontax,,משחת שיניים פרודונטק,מיליליטרים,75.00,"100 מ""ל",false,,29.90,0.3987,true,1,1956699
7290016866650,false,"פרודונטקס - משחת שיניים אוריג'ינל 75 מ""ל",פרודונטקס Parodontax,,משחת שיניים פרודונטק,מיליליטרים,75.00,"100 מ""ל",false,,29.90,0.3987,true,1,1956700
7290016866667,false,"משחת שיניים פרודונטקס ללא פלואוריד 75 מ""ל",פרודונטקס Parodontax,,משחת שיניים פרודונטק,מיליליטרים,75.00,"100 מ""ל",false,,29.90,0.3987,true,1,1956701
7290016866674,false,"פרודונטקס - משחת שיניים מלבינה 75 מ""ל",פרודונטקס Parodontax,,משחת שיניים פרודונטק,מיליליטרים,75.00,"100 מ""ל",false,,29.90,0.3987,true,1,1956702
7290016866704,false,סטייל שמפו קרטין E 750 מל לשיקום שיער יב,גורי ע.ע.ע בעמ,,שמפו קרטין סטייל E 7,מיליליטרים,750.00,"100 מ""ל",false,,24.90,0.0332,true,1,1853569
7290016866711,false,"סטייל מרכך לשיער קרטין פלוס לאחר החלקה, 750 מ""ל",גורי ע.ע.ע בעמ,,מרכך קרטין סטייל E 7,מיליליטרים,750.00,"100 מ""ל",false,,24.90,0.0332,true,1,1853578
7290016866728,false,סטייל מסכה קרטין E 500 מל לשיקום שיער יב,גורי ע.ע.ע בעמ,,מסכת קרטין סטייל E 5,מיליליטרים,500.00,"100 מ""ל",false,,29.90,0.0598,true,1,1853579
7290016866735,false,סטייל קרם לחות קרטין E 400 מל לשיקום שיע,א.ל. ארמן,,קרם לחות סטייל קרטין,מיליליטרים,500.00,"100 מ""ל",false,,29.90,0.0598,true,1,1853580
7290016882414,false,קונפיטורה שזיף 70% פרי 450 גרם,דין שיווק וקליה 2021 בעמ,,קונפיטורה 450 גרם שז,גרמים,450.00,100 גרם,false,,12.90,0.0287,true,1,1785308
7290016912463,false,קמיל בלו משחת החתלה לתינוק 100 מל דר פ,פישר תעשיות פרמצבטיות בעמ,,משחה החתלה 100 גרם ק,גרמים,100.00,100 גרם,false,,29.90,0.2990,true,1,1830036
7290016912500,false,"ד""ר פישר - אפקטיב קר תרחיץ פנים לעור רגיש 180 מ""ל","פישר תעשיות פרמצביטות בע""מ",,תרחיץ פנים אפקטיב קר,מיליליטרים,180.00,"100 מ""ל",false,,17.90,0.0994,true,1,1829995
7290016912609,false,"סרקל מסיכת הזנה לשיער ילדים 200 מ""ל",פישר תעשיות פרמבצטיות בעמ,,סרקל מסכה לילדים 200,מיליליטרים,200.00,"100 מ""ל",false,,24.90,0.1245,true,1,1830020
7290017023809,false,"רביעיית ספרינג 250 מ""ל אגס סברס תפוח",יפאורה שותפות מוגבלת לשיווק,,ספרינג תות בננה 250,ליטרים,1000.00,ליטר,false,,11.90,0.0119,true,1,2353964
7290017023816,false,"ספרינג  פירות טרופיים 250 מ""ל רביעייה",יפאורה שותפות מוגבלת לשיווק,,ספרינג תות בננה 250,ליטרים,1000.00,ליטר,false,,11.90,0.0119,true,1,2353965
7290017023854,false,מי סודה בקבוקים אישיים - מארז 4 יח',יפאורה שותפות מוגבלת לשיווק,,רביעיית סודה שוופס 2,ליטרים,1.00,ליטר,false,,10.90,10.9000,true,1,2112332
7290017023861,false,סודה בטעם לימון בקבוקים אישיים - מארז 4 יח',יפאורה שותפות מוגבלת לשיווק,,רביעיית סודה לימון ש,ליטרים,1.00,ליטר,false,,10.90,10.9000,true,1,2112333
7290017023878,false,סודה בטעם נענע ליים בקבוקים אישיים - מארז 4 יח',יפאורה שותפות מוגבלת לשיווק,,רביעיית סודה נענע לי,ליטרים,1.00,ליטר,false,,10.90,10.9000,true,1,2112334
7290017031156,false,דפים על בסיס קמח תירס ואורז ללא גלוטן 250 גר',גורי מוצרי צריכה 1991 בעמ,,דפי לזניה על בסיס קמ,גרמים,250.00,100 גרם,false,,10.90,0.0436,true,1,2276435
7290017031170,false,פתיתים על בסיס קמח עדשים אדומות בצורת פוזילי ללא גלוטן 250 גר',גורי מוצרי צריכה בעמ,,פוזוילי עדשים,גרמים,200.00,100 גרם,false,,9.90,0.0495,true,1,2268865
7290017031255,false,חטיף דגנים ואורז עם פירות יבשים בוטנים ושקדים ללא גלוטן 140 ג',אמקו,,"חטיף ע""ב דגנים אורז",גרמים,140.00,100 גרם,false,,14.90,0.1064,true,1,1956733
7290017031323,false,"אטריות ביצים פפרדלה 400 מ""ל",גורי מוצרי צריכה 1991 בעמ,,איטריות ביצים פפרדלה,גרמים,400.00,100 גרם,false,,9.90,0.0248,true,1,1886826
7290017031477,false,"סנסודיין משחת שיניים רפיד רליף להלבנה 75 מ""ל","סמיתקליין ביצ'ם בע""מ",,משחת שיניים סנסודיין,מיליליטרים,75.00,"100 מ""ל",false,,23.90,0.3187,true,1,2146247
7290017031705,false,משחת שיניים סנסודיין הגנה מלאה רגיל,גלקסוס סמית קליין,,משחת שיניים סנסודיין,מיליליטרים,75.00,"100 מ""ל",false,,19.90,0.2653,true,1,2062431
7290017031811,false,פרודונטקס מברשת שיניים אקסטרא סופט א.זוג,גלקסוסמיתקליין,,זוג מברשות שיניים פר,יחידה,0.00,יחידה,false,,24.90,0.0000,true,1,2220951
7290017031859,false,"פרודונטקס - משחת שיניים אולטרא קלין 75 מ""ל","מאסטרפוד אוסטריה בע""מ",,משחת שיניים פרודונטק,מיליליטרים,75.00,"100 מ""ל",false,,29.90,0.3987,true,1,2062432
7290017040288,false,קורונפלקס קלאסי ללא גלוטן 500 גר`,דין שיווק וקליה 2021 בעמ,,קורנפלקס פתיתי תירס,גרמים,500.00,100 גרם,false,,10.90,0.0218,true,1,2349780
7290017040295,false,קורונפלקס כדורוני תירס בטעם שוקולד 375 ג,דין שיווק וקליה 2021 בעמ,,קורנפלקס כדורוני תיר,גרמים,375.00,100 גרם,false,,10.90,0.0291,true,1,2349781
7290017040301,false,קורונפלקס טבעות דגנים עם דבש 375 גר`,דין שיווק וקליה 2021 בעמ,,קורנפלקס טבעות דגנים,גרמים,375.00,100 גרם,false,,10.90,0.0291,true,1,2349782
7290017058139,false,רביעיית מחית תפוח עץ ותות שדה תומר 113 גרם,תומר יבוא ושיווק מוצרי מזון (1,,"רסק תפו""ח עם תות שדה",גרמים,452.00,100 גרם,false,,9.90,0.0219,true,1,1859657
7290017058146,false,רסק תפוע רביעייה עם אפרסק תומר,תומר יבוא ושיווק מוצרי מזון (1,,"רסק תפו""ח עם אפרסק 4",גרמים,452.00,100 גרם,false,,9.90,0.0219,true,1,1859658
7290017058160,false,שימורי אנשובי עם צ'ילי חריף 45 ג' תומר,תומר,,אנשובי עם צילי חריף,גרמים,45.00,100 גרם,false,,4.90,0.1089,true,1,1792540
7290017058573,false,פרוסות פלפל חלפיניו בחומץ 340 גרם תומר,תומר יבוא ושיווק מוצרי מזון (1,,פרוסות פלפל חלפיניו,גרמים,340.00,100 גרם,false,,7.90,0.0232,true,1,2224988
7290017062105,false,ג'ל אלוורה להרגעה ורענון העור,פרפקט Perfect,,ג'ל אלוורה 200,מיליליטרים,200.00,"100 מ""ל",false,,14.90,0.0745,true,1,1726822
7290017062150,false,ספריי הגנה תחליבי לילדים SPF 30,פרפקט Perfect,,ספריי הגנה תחליב ליל,מיליליטרים,200.00,"100 מ""ל",false,,19.90,0.0995,true,1,1940216
7290017065007,false,פרוסות גבינה מוצרלה חצי קשה 22% שומן 200 ג' גד,מחלבות גד שיווק 1992 בעמ,,מוצרלה פרוסה גד 200,גרמים,200.00,100 גרם,false,,16.90,0.0845,true,1,1708855
7290017065137,false,ריקוטה למריחה 5% טבעית 200 גר`מחלבות גד,מחלבות גד שיווק 1992 בעמ,,גבינת ריקוטה 5% טבעי,גרמים,200.00,100 גרם,false,,8.90,0.0445,true,1,1882639
7290017065144,false,ריקוטה למריחה בתוספת בזיליקום 5% גד 200 גם,מחלבות גד שיווק 1992 בעמ,,גבינת ריקוטה 5% עם ב,גרמים,200.00,100 גרם,false,,8.90,0.0445,true,1,1882640
7290017065168,false,גבינה כחולה denish blue cheese 100 גרם,מחלבות גד שיווק 1992 בעמ,,גבינה כחולה גד 100 ג,גרמים,100.00,100 גרם,false,,15.90,0.1590,true,1,1932460
7290017065175,false,גבינת מנצ`גו פרוסה 150 גר`מחלבות גד,מחלבות גד שיווק 1992 בעמ,,גבינת מנצ'גו פרוסה 3,גרמים,150.00,100 גרם,false,,21.50,0.1433,true,1,1932465
7290017065212,false,גבינת קרם מסקרפונה מחלבות גד 250 גר,מחלבות גד שיווק 1992 בעמ,,קרם מסקרפונה להקצפה,גרמים,250.00,100 גרם,false,,16.90,0.0676,true,1,1932979
7290017065236,false,גבינה בולגרית מעודנת 24% גד (250 גרם),מחלבות גד שיווק 1992 בעמ,,בולגרית מעודנת 24% 2,גרמים,250.00,100 גרם,false,,21.90,0.0876,true,1,1932467
7290017065311,false,פרוסות גבינה מוצרלה מעושנת 200 ג',מחלבות גד שיווק 1992 בעמ,,פרוסות מוצרלה מעושנת,גרמים,200.00,100 גרם,false,,18.90,0.0945,true,1,1932980
7290017065380,false,גבינת גרנה פדנו שבבים גד 100 גרם,מחלבות גד שיווק 1992 בעמ,,גבינה גרנה פדנו שבבי,גרמים,100.00,100 גרם,false,,13.90,0.1390,true,1,2147988
7290017065434,false,גבינה גאודה פרוסה הולנדית 200 גר',מחלבות גד שיווק 1992 בעמ,,גבינה גאודה הולנדית,גרמים,200.00,100 גרם,false,,19.90,0.0995,true,1,2234529
7290017065441,false,גבינה גאודה עיזים פרוסה הולנדית 200 גר',מחלבות גד שיווק 1992 בעמ,,גבינת גאודה עיזים 20,גרמים,200.00,100 גרם,false,,29.90,0.1495,true,1,2234530
7290017065526,false,קוואטרו פורמאג'י 4 גבינות מגוררות 26%,מחלבות גד שיווק 1992 בעמ,,גבינות קוואטרו פורמא,גרמים,300.00,100 גרם,false,,25.90,0.0863,true,1,2234531
7290017065649,false,קרם פטיסייר 250 גרם גד,מחלבות גד שיווק 1992 בעמ,,קרם פטיסייר 250 גרם,גרמים,250.00,100 גרם,false,,19.90,0.0796,true,1,2251282
7290017065731,false,גבינת שמנת 30% ניו יורק +כמהין 200 גרם רבנות,מחלבות גד שיווק 1992 בעמ,,גבינת שמנת ניו יורק,גרמים,200.00,100 גרם,false,,12.90,0.0645,true,1,2300460
7290017065762,false,גבינת מאנורי 30% שומן 100 גר`מחלבות גד,מחלבות גד שיווק 1992 בעמ,,מאנורי גד,גרמים,100.00,100 גרם,false,,10.90,0.1090,true,1,2348820
7290017065786,false,גבינה אנגלית קשה צ`דר 210 גר`גד,מחלבות גד שיווק 1992 בעמ,,צדר,גרמים,200.00,100 גרם,false,,18.90,0.0945,true,1,2348821
7290017065861,false,קאצ`יו אה פפה רוטב פיקורינו ופלפל שחור 2,מחלבות גד שיווק 1992 בעמ,,קאצ'יו אה פפה,גרמים,200.00,100 גרם,false,,14.90,0.0745,true,1,2353774
7290017065878,false,רוטב לפסטה מק אנד צ'יז גד 200 גרם,מחלבות גד שיווק 1992 בעמ,,מק אנד ציז,גרמים,200.00,100 גרם,false,,14.90,0.0745,true,1,2353775
7290017065960,false,רוטב פורצ'יני מחלבות גד 200 גרם,מחלבות גד שיווק 1992 בעמ,,רוטב פורצ'יני,גרמים,200.00,100 גרם,false,,14.90,0.0745,true,1,2378236
7290017068121,false,שקדים מולבנים פרוסים מיה 250 גרם,מיה,,שקדים פרוסים 250 גרם,גרמים,250.00,100 גרם,false,,18.90,0.0756,true,1,1992366
7290017068404,false,"ריבת מיקס פירות 370 גרם בד""ץ",,,ריבת מיקס פירות בדץ,גרמים,370.00,100 גרם,false,,12.90,0.0349,true,1,2279966
7290017068848,false,סוכריות קישוט לעוגה צבעוני 200 גר`` צנצ,מיה תעשיות מזון מ.ת.מ. בעמ,,סוכריות קישוט לעוגה,גרמים,200.00,100 גרם,false,,7.90,0.0395,true,1,2281736
7290017068886,false,סוכריות ג`לי דובונים בציפוי שמן 350גר,מיה תעשיות מזון מ.ת.מ. בעמ,,סוכריות ג'לי דובונים,גרמים,350.00,100 גרם,false,,14.90,0.0426,true,1,2281737
7290017068893,false,סוכריות ג`לי דגיגים בציפוי סוכר 350גר,מיה תעשיות מזון מ.ת.מ. בעמ,,סוכריות ג'לי דגיגים,גרמים,350.00,100 גרם,false,,14.90,0.0426,true,1,2281738
7290017068909,false,סוכריות ג`לי לבבות בציפוי שמן 350גר,מיה תעשיות מזון מ.ת.מ. בעמ,,סוכריות ג'לי לבבות,גרמים,350.00,100 גרם,false,,14.90,0.0426,true,1,2281739
7290017068916,false,סוכריות ג`לי טבעות בציפוי סוכר 350גר,מיה תעשיות מזון מ.ת.מ. בעמ,,סוכריות ג'לי טבעות,גרמים,350.00,100 גרם,false,,14.90,0.0426,true,1,2281740
7290017068930,false,סוכריות ג`לי בינס חמוצמוץ 375גר,מיה תעשיות מזון מ.ת.מ. בעמ,,סוכריות ג'לי בינס חמ,גרמים,375.00,100 גרם,false,,14.90,0.0397,true,1,2281742
7290017068947,false,"אורז יסמין סלקטד 1 ק""ג",,,אורז יסמין סלקטד 1 ק,קילוגרמים,1.00,"ק""ג",false,,18.90,18.9000,true,1,2279984
7290017068954,false,"אורז בסמטי סלקטד מיה 1 ק""ג",מיה תעשיות מזון בעמ,,אורז בסמטי סלקטד 1,קילוגרמים,1.00,"ק""ג",false,,18.90,18.9000,true,1,2279985
7290017079189,false,אננס חתיכות דקות במיץ אננס 825 גר',טעמן שווק מזון בעמ,,חתיכות אננס דק במיץ,גרמים,825.00,100 גרם,false,,10.90,0.0132,true,1,2357613
7290017079783,false,מחיות פאוץ' תפוח עץ פריטוב 120 גרם,פרוטה פודיוין איי.אס,,מחית פאו'ץ תפוח עץ,גרמים,120.00,100 גרם,false,,3.90,0.0325,true,1,2257907
7290017088006,false,מטליות לניקוי וחיטוי אמבטיה ושירותים בניחוח לבנדר,פרפקט Perfect,,מטליות לניקוי וחיטוי,יח',50.00,יח',false,,9.90,0.1980,true,1,1826959
7290017088051,false,בייביסיטר - חיתולי סטנדרט מידה 3 - 52 יח',די.פי.אל תעשיות מוצרים ח,,חיתולים בייביסיטר מי,יח',50.00,יח',false,,34.90,0.6980,true,1,1932964
7290017088068,false,בייביסיטר - חיתולי סטנדרט מידה 4 - 42 יח',די.פי.אל תעשיות מוצרים ח,,חיתולים בייביסיטר מי,יח',42.00,יח',false,,34.90,0.8310,true,1,1932952
7290017088075,false,בייביסיטר - חיתולי סטנדרט מידה 4+ - 40 יח',די.פי.אל תעשיות מוצרים ח,,חיתולים בייביסיטר מי,יח',40.00,יח',false,,34.90,0.8725,true,1,1932953
7290017088082,false,בייביסיטר - חיתולי סטנדרט מידה 5 - 36 יח',די.פי.אל תעשיות מוצרים ח,,חיתולים בייביסיטר מי,יח',36.00,יח',false,,34.90,0.9694,true,1,1932954
7290017088099,false,בייביסיטר - חיתולי סטנדרט מידה 6 - 30 יח',די.פי.אל תעשיות מוצרים ח,,חיתולים בייביסיטר מי,יח',34.00,יח',false,,34.90,1.0265,true,1,1932955
7290017088396,false,קוויק מגבון מסיר כתמים 20 יח בקופ' 12 קופ' בקר,שקד תבל בעמ,,קוויק מגבון מסיר כתמ,"100 י""ח",20.00,"100 י""ח",false,,12.90,0.6450,true,1,2253445
7290017088464,false,תחבושות סופגנית מקסי לונג טופ פד 20 יח',שקד תבל בעמ,,טופ-פד סופגנית מקסי,יח',20.00,יח',false,,14.90,0.7450,true,1,2267769
7290017088495,false,תחבושות טופ פד אקסטרה 20 יח',שקד תבל בעמ,,טופ-פד אקסטרה,יח',20.00,יח',false,,9.90,0.4950,true,1,2267770
7290017088501,false,תחבושות טופ פד אקסטרה לונג 20 יח',שקד תבל בעמ,,טופ-פד אקסטרה לונג,יח',20.00,יח',false,,9.90,0.4950,true,1,2267771
7290017088693,false,קוויק מטליות לחות לניקוי וחיטוי רצפות ניחוח לוונדר 10 יחידות,שקד תבל בעמ,,קוויק מטליות לחות לנ,יח',10.00,יח',false,,9.90,0.9900,true,1,2246387
7290017088778,false,"ג'ל לניקוי ידיים אלקו קייר 66% אלכוהול 100 מ""ל",שקד תבל בעמ,,אלכוג'ל ידיים בשפופר,מיליליטרים,100.00,"100 מ""ל",false,,4.90,0.0490,true,1,2249875
7290017088815,false,בריז תחבושות לבריחת שתן נורמל 12 יח,שקד תבל בעמ,,BREEZE תחבושות נורמל,יח',12.00,יח',false,,16.90,1.4083,true,1,2306291
7290017088822,false,BREEZE תחבושות לבריחת שתן אקסטרה (10 יח'),שקד תבל בעמ,,BREEZE תחבושות אקסטר,יח',10.00,יח',false,,16.90,1.6900,true,1,2306292
7290017088839,false,BREEZE תחבושות לבריחת שתן אקסטרה פלוס (8 יח'),שקד תבל בעמ,,BREEZE תחבושות אקסטר,יח',8.00,יח',false,,16.90,2.1125,true,1,2306293
7290017088846,false,BREEZE תחבושות לבריחת שתן מקסי (8 יח'),שקד תבל בעמ,,BREEZE תחבושות מקסי,יח',8.00,יח',false,,16.90,2.1125,true,1,2306294
7290017088969,false,חיתולי בייביסיטר ניו בורן מידה 1 42 יח',די.פי.אל תעשיות מוצרים ח,,חיתולים בייביסיטר NB,יח',42.00,יח',false,,25.90,0.6167,true,1,2328615
7290017088983,false,חיתולי בייביסיטר ניו בורן מידה 2 38 יחי',די.פי.אל תעשיות מוצרים ח,,חיתולים בייביסיטר NB,יח',38.00,יח',false,,25.90,0.6816,true,1,2328616
7290017094199,false,סלט קוביות חציל ברוטב שמיר 200 גרם,"סלטי שמיר 2006 בע""מ",,מעדן חצילים,גרמים,200.00,100 גרם,false,,9.90,0.0495,true,1,2329625
7290017105369,false,סירופ דיאט בטעם תה אפרסק יכין (1 ליטר),זנלכל בעמ,,סירופ דיאט אייס טי א,ליטרים,1.00,ליטר,false,,16.90,16.9000,true,1,2253054
7290017106069,false,"קוביות סלק יכין, 550 גרם",היינץ צפון אמריקה מק,,קוביות סלק 550 גרם,גרמים,550.00,100 גרם,false,,9.90,0.0180,true,1,2245315
7290017121048,false,"פלפל צ'ומה 250 גרם ""עללחם""",שטראוס גרופ בעמ/מצונן,,פלפל צ'ומה 250 גרם,גרמים,250.00,100 גרם,false,,12.90,0.0516,true,1,2176608
7290017129495,false,אגו מיקס כדורי תירס מצופים שוקולד חלב כרמית 55 גרם,כרמית תעשיות ממתקים בעמ,,אגו מיקס כדורי תירס,גרמים,55.00,100 גרם,false,,3.90,0.0709,true,1,1913020
7290017129501,false,אגו מיקס כדורי תירס מצופים שוקולד לבן כרמית 55 גרם,כרמית תעשיות ממתקים בעמ,,אגו מיקס כדורי תירס,גרמים,55.00,100 גרם,false,,3.90,0.0709,true,1,1913021
7290017129518,false,אגו מיקס כדורי תירס מצופים שוקולד חלב ולבן כרמית 55 גרם,כרמית תעשיות ממתקים בעמ,,אגו מיקס כדורי תירס,גרמים,55.00,100 גרם,false,,3.90,0.0709,true,1,1913022
7290017129532,false,סוכריות לקקן תות 90 גרם כרמית,כרמית תעשיות ממתקים בעמ,,לקקן תות 90 גרם,גרמים,90.00,100 גרם,false,,4.90,0.0544,true,1,2034558
7290017129549,false,לקקן גלידה 10 יח' 90 גר' כרמית!,כרמית תעשיות ממתקים בעמ,,לקקן גלידה 90 גרם,גרמים,90.00,100 גרם,false,,4.90,0.0544,true,1,2034559
7290017129624,false,כרמית לקקן ענבים תפוח 450 גרם,כרמית תעשיות ממתקים בעמ,,לקקן בטעם תפוח ענבים,גרמים,450.00,100 גרם,false,,18.90,0.0420,true,1,2034561
7290017129754,false,"שוקולד מריר מעולה 70% מוצקי קקאו 100 גר בד""ץ",כרמית תעשיות ממתקים בעמ,,שוקולד מריר מעולה אג,גרמים,100.00,100 גרם,false,,7.90,0.0790,true,1,1956660
7290017129778,false,שוקולד פרימיום 70% מריר בטעם קפה כרמית 100 גרם,"כרמית תעשיות ממתקים בע""\",,שוקולד מריר קפה אגו,גרמים,100.00,100 גרם,false,,7.90,0.0790,true,1,1956666
7290017129822,false,מטבעות שוקולד מריר 36 גרם כרמית,כרמית תעשיות ממתקים בעמ,,מטבעות שוקולד,גרמים,36.00,100 גרם,false,,3.90,0.1083,true,1,2037245
7290017129839,false,שוקולד פרימיום 70% מריר בטעם פטל כרמית 100 גרם,כרמית תעשיות ממתקים בעמ,,שוקולד מריר פטל אגו,גרמים,100.00,100 גרם,false,,7.90,0.0790,true,1,1956667
7290017129846,false,עוגיות מיני קוקיס בטעם קרמל בצנצנת כרמית 600 גרם,כרמית תעשיות ממתקים בעמ,,עוגיות מיני קוקיס בט,גרמים,600.00,100 גרם,false,,18.90,0.0315,true,1,1964743
7290017129877,false,מיקס 40 יחידות לקקנים שטוחים כרמית 180 גרם,כרמית תעשיות ממתקים בעמ,,מיקס לקקנים,גרמים,300.00,100 גרם,false,,12.90,0.0430,true,1,2037246
7290017129983,false,שוקולד צ'יפס לבן פרווה כרמית 250 גרם,"כרמית תעשיות ממתקים בע""\",,שוקולד ציפס 250 גרם,גרמים,250.00,100 גרם,false,,12.90,0.0516,true,1,2220781
7290017139272,false,שטיפה המפ אינטימית קלאסית פמינה (220 מל,גורי ע.ע.ע בעמ,,פמינה שמן תחליב רחצה,מיליליטרים,220.00,"100 מ""ל",false,,24.90,0.1132,true,1,2024732
7290017142012,false,שמן קוקוס אורגני כתית 500 מל עץ הזית,סוגת תעשיות בעמ,,שמן קוקוס אורגני 500,מיליליטרים,500.00,"100 מ""ל",false,,39.90,0.0798,true,1,1905893
7290017142029,false,שמן קוקוס אורגני כתית1 ליטר עץ הזית,אקספולנקה,,שמן קוקוס אורגני 1 ל,ליטרים,1.00,ליטר,false,,59.90,59.9000,true,1,1905894
7290017142128,false,"שמן זית כתית מעולה קלאסי עץ הזית 750 מ""ל",סוגת תעשיות בעמ,,"שמן זית 750 מ""ל קלאס",מיליליטרים,750.00,"100 מ""ל",false,,32.90,0.0439,true,1,2044203
7290017142159,false,"שלישיית נתחי טונה בהירה בשמן זית 80 גרם ""עץ הזית""",הנסיך- מפעל לייצור ט,,נתחי טונה בהירה בשמן,גרמים,240.00,100 גרם,false,,23.90,0.0996,true,1,1976822
7290017142166,false,"פילה טונה פרוס עם שמן זית 120 גרם ""עץ הזית""","יוניקורד ח.צ בע""מ",,פילה טונה בשמן זית 1,גרמים,120.00,100 גרם,false,,14.90,0.1242,true,1,2186575
7290017142180,false,פילה טונה בשמן זית בטעם לימון עם פלפל שחור 120 ג',"יוניקורד ח.צ בע""מ",,פילה טונה בשמן זית ב,גרמים,120.00,100 גרם,false,,14.90,0.1242,true,1,2186576
7290017142203,false,"פילה טונה פרוס עם שמן זית בטעם מעושן 120 גרם ""עץ הזית""","יוניקורד ח.צ בע""מ",,פילה טונה בשמן זית ב,גרמים,120.00,100 גרם,false,,14.90,0.1242,true,1,2186577
7290017142289,false,תרסיס שמן חמניות 200 מל ללא תוספת גז עץ,י.ב טכנולוגיות אריזה בעמ,,תרסיס שמן חמניות מזו,מיליליטרים,200.00,"100 מ""ל",false,,12.90,0.0645,true,1,2083980
7290017142340,false,שמן זרעי ענבים מזוכך 1 ליטר עץ הזית*,אף.ג'\יי.סנצ'\ז סוקחורס,,שמן זרעי ענבים מזוכך,מיליליטרים,1000.00,"100 מ""ל",false,,29.90,0.0299,true,1,2234063
7290017142371,false,"שמן שומשום לא מזוכך עץ הזית 250 מ""ל",סוגת תעשיות בעמ,,"שמן שומשום 250 מ""ל",מיליליטרים,250.00,"100 מ""ל",false,,29.90,0.1196,true,1,2234056
7290017142388,false,שמן חמניות פלוס 1 ליטר אומגה 3 עץ הזית,סוגת תעשיות בעמ,,שמן חמניות פלוס אומג,ליטרים,1.00,ליטר,false,,15.90,15.9000,true,1,2214571
7290017142395,false,"LUNCH TO GO פסטה עם טונה בשמן זית 160 גרם ""עץ הזית""",יוניקורד ח.צ בעמ,,פסטה עם טונה,גרמים,160.00,100 גרם,false,,12.90,0.0806,true,1,2234049
7290017142456,false,מארז נתחי טונה בהירה בשמן זית 2 * 160 ג' עץ הזית,יוניקורד ח.צ בעמ,,נתחי טונה בהירה בשמן,גרמים,320.00,100 גרם,false,,27.90,0.0872,true,1,2234057
7290017142487,false,"LUNCH TO GO בורגול עם חומוס טונה בשמן זית 160 גרם ""עץ הזית""",יוניקורד ח.צ בעמ,,בורגול וגרגרי חומוס,גרמים,160.00,100 גרם,false,,12.90,0.0806,true,1,2299409
7290017142500,false,תרסיס שמן זית כתית מעולה בטעם שום 150מל,קומטמפ קומפניה פורטו,,תרסיס שמן זית בטעם ש,מיליליטרים,150.00,"100 מ""ל",false,,16.90,0.1127,true,1,2365927
7290017197777,false,מגבוני טואלט לחים להיגיינה אישית- מארז שלישייה,פרפקט Perfect,,מגבונים לחים להי,יח',144.00,יח',false,,12.90,0.0896,true,1,2067301
7290017197784,false,מגבונים לחים לעור רגיש ללא בישום - מארז רביעיה,פרפקט Perfect,,רביעיית מגבונים סנסט,יח',288.00,יח',false,,14.90,0.0517,true,1,1950633
7290017266312,false,וופל מילוי קרם בטעם שוקולד 150 גרם,ח.כהן סוכנות מזון ומשקאות בע,,וופל שוקו,גרמים,150.00,100 גרם,false,,2.90,0.0193,true,1,2203886
7290017266909,false,וופלים מעולים במילוי קרם בטעם שוקולד SUNי 200 גרם,ח.כהן סוכנות מזון ומשקאות בע,,וופלים במילוי קרם בט,גרמים,200.00,100 גרם,false,,4.90,0.0245,true,1,2365917
7290017266916,false,וופלים מעולים במילוי קרם בטעם לימון SUNי 200 גרם,ח.כהן סוכנות מזון ומשקאות בע,,וופלים במילוי קרם בט,גרמים,200.00,100 גרם,false,,4.90,0.0245,true,1,2365918
7290017275338,false,טחינה גולמית 500 טורקיז אחווה*,אחדות ביתחרושת לטחינה חלבה,,טחינה גולמית 500 גרם,גרמים,500.00,100 גרם,false,,10.90,0.0218,true,1,2327336
7290017275345,false,"טחינה גולמית בבקבוק לחיץ , 350 גרם אחווה",אחדות ביתחרושת לטחינה חלבה,,טחינה בבקבוק לחיץ 35,גרמים,350.00,100 גרם,false,,8.90,0.0254,true,1,2338185
7290017275369,false,טורקיז- טחינה משומשום מלא 500 גרם,אחדות ביתחרושת לטחינה חלבה,,טחינה משומשום מלא 50,גרמים,500.00,100 גרם,false,,10.90,0.0218,true,1,2327341
7290017275741,false,חלוה עם אגוזי לוז במגש 400 גרם אחווה,אחדות ביתחרושת לטחינה חלבה,,חלווה עם אגוזי לוז 4,גרמים,400.00,100 גרם,false,,12.90,0.0323,true,1,2371867
7290017296142,false,גרנולה חלבה ושוקולד פנינה רוזנבלום 400 גרם,"פנינה רוזנבלום בע""מ",,גרנולה חלבה ושוקולד,גרמים,400.00,100 גרם,false,,22.90,0.0572,true,1,2250235
7290017296159,false,גרנולה תפוח וקינמון 400גר,"פנינה רוזנבלום בע""מ",,גרנולה תפוח וקינמון.,גרמים,400.00,100 גרם,false,,22.90,0.0572,true,1,2250236
7290017297149,false,גרגירי חומוס להכנת חומוס ביתי פרי הגליל 550 גרם,ויטה- פרי גליל (החדשה) בעמ,,גרגירי חומוס להכנת ח,גרמים,550.00,100 גרם,false,,6.90,0.0125,true,1,2273363
7290017297194,false,לקט לקט ירקות לתנור פרי הגליל 800 ג',ויטה -פרי גליל (החדשה) בעמ,,לקט ירקות לתנור 800,גרמים,800.00,100 גרם,false,,14.90,0.0186,true,1,2276912
7290017297200,false,לקט כפרי תוספת לעוף( 800 גר`)פרי הגליל,ויטה -פרי גליל (החדשה) בעמ,,לקט ירקות לצד העוף 8,גרמים,800.00,100 גרם,false,,14.90,0.0186,true,1,2276906
7290017297217,false,עדשים ירוקות מושרות מבושלות ומקפאות פרי הגליל 800 ג',ויטה- פרי גליל (החדשה) בעמ,,עדשים ירוקות,גרמים,800.00,100 גרם,false,,14.90,0.0186,true,1,2278869
7290017297224,false,"שעועית אדומה מושרית, מבושלת ומוקפאת",ויטה -פרי גליל (החדשה) בעמ,,שעועית אדומה פרי הגל,גרמים,800.00,100 גרם,false,,12.90,0.0161,true,1,2280497
7290017297323,false,רוטב עגבניות מרוכז 22% טל וטרי 100 גרם,ויטה- פרי גליל (החדשה) בעמ,,רוטב עגבניות מרוכז ט,גרמים,100.00,100 גרם,false,,1.50,0.0150,true,1,2318284
7290017297330,false,"טל רוטב עגבניות מרוכז, 240 גרם",ויטה פרי גליל (החדשה) בע`מ,,רוטב עגבניות מרוכז,גרמים,240.00,100 גרם,false,,3.50,0.0146,true,1,2343657
7290017297378,false,גרעיני תירס מתוק ללא תוספת סוכר ומלח,פרי הגליל,,תירס ללא סוכר ומלח,גרמים,550.00,100 גרם,false,,6.90,0.0125,true,1,2331672
7290017297620,false,רסק עגבניות A2 BX22 טל וטרי 570 גר',ויטה- פרי גליל (החדשה) בעמ,,רוטב עגבניות 22BX A2,גרמים,570.00,100 גרם,false,,5.90,0.0104,true,1,2329624
7290017297637,false,רכז עגבניות A2 BX28 טל וטרי 580 גר',ויטה-פרי גליל (החדשה) בעמ,,רוטב עגבניות 28BX,גרמים,580.00,100 גרם,false,,6.50,0.0112,true,1,2329633
7290017297644,false,ברוקולי קפוא גרין אנד פרש 800 גר',ויטה פרי גליל (החדשה) בע`מ,,ברוקולי green & fres,גרמים,800.00,100 גרם,false,,15.90,0.0199,true,1,2330788
7290017297682,false,כרובית מוקפאת גרין אנד פרש 800 גר',ויטה- פרי גליל (החדשה) בעמ,,כרובית green & fresh,גרמים,800.00,100 גרם,false,,14.90,0.0186,true,1,2330789
7290017325422,false,פריכיות דקות אורז מלא אורגני 100 גרם,פרח תעשיות מזון,,פריכות דקות מאורז מל,גרמים,100.00,100 גרם,false,,10.90,0.1090,true,1,2234756
7290017325613,false,משקה שיבולת שועל אורגני 1 ליטר הרדוף,סוי מג'יק,,משקה שובילת שועל אור,מיליליטרים,1000.00,"100 מ""ל",false,,11.90,0.0119,true,1,2355824
7290017325620,false,"משקה אורז בתוספת שקדים אורגני הרדוף לל""ג 1 ליטר",ליקואטס,,משקה אורז בתופסת שקד,מיליליטרים,1000.00,"100 מ""ל",false,,11.90,0.0119,true,1,2355825
7290017374390,false,סט שירותים טורינו,מ.א.ייצור ויבוא מטליות בעמ,,סט שירותים טורינו,יחידה,0.00,יחידה,false,,24.90,0.0000,true,1,2256151
7290017374727,false,מברשת אבק מיקרופייבר,,,מברשת אבק מיקרופייבר,יח',1.00,יח',false,,9.90,9.9000,true,1,2256152
7290017440286,false,"ד""ר פישר - קידס מרכך ויטמינים 750 מ""ל","פישר תעשיות פרמצביטות בע""מ",,"מרכך קידס 750 מ""ל",מיליליטרים,750.00,"100 מ""ל",false,,16.90,0.0225,true,1,2209608
7290017440309,false,"ד""ר פישר - קידס שמפו ויטמינים 750 מ""ל","פישר תעשיות פרמצביטות בע""מ",,"שמפו קידס 750 מ""ל",מיליליטרים,750.00,"100 מ""ל",false,,16.90,0.0225,true,1,2209609
7290017440323,false,"ד""ר פישר - קידס שמפו + מרכך ויטמינים 750 מ""ל",פישר תעשיות פרמצבטיות בעמ,,שמפו+מרכך קידס 750 מ,מיליליטרים,750.00,"100 מ""ל",false,,16.90,0.0225,true,1,2209610
7290017440798,false,ד.פישר סילבר מרכך לשיער כסוף 400 מל,פישר תעשיות פרמבצטיות בעמ,,מרכך לשיער כסוף 400,מיליליטרים,400.00,"100 מ""ל",false,,29.90,0.0747,true,1,2187821
7290017440965,false,אל סבון היגייני לניקוי יסודי ולהזנת העור clean & nourish,פישר תעשיות פרמבצטיות בעמ,,קמיל בלו אל סבון ניק,ליטרים,1.00,ליטר,false,,15.90,15.9000,true,1,2187122
7290017457574,false,כדוריות סבון נתלה לאסלה בניחוח פרחים - 3 יח',גורי שיווק בעמ,,סוד כדוריות אסלה,יח',3.00,יח',false,,19.90,6.6333,true,1,2180478
7290017457581,false,"סוד מרכך כביסה מרוכז קוקוס 900 מ""ל",גורי שיווק בעמ,,סוד מרכך כביסה 20%+ב,מיליליטרים,900.00,"100 מ""ל",false,,11.90,0.0132,true,1,2184235
7290017457598,false,"מרכך כביסה סוד מרוכז סאמר בלוסום 900 מ""ל",גורי שיווק בעמ,,סוד מרכך כביסה 20%+ב,מיליליטרים,900.00,"100 מ""ל",false,,11.90,0.0132,true,1,2184236
7290017457703,false,"מרכך כביסה סוד מרוכז ארומתרפי זהב 900 מ""ל",גורי שיווק בעמ,,סוד מרכך כביסה 20%+ב,מיליליטרים,900.00,"100 מ""ל",false,,11.90,0.0132,true,1,2184237
7290017457710,false,"סוד ארומתרפי סגול מרכך כביסה מרוכז20%+בישום 900 מ""ל",גורי שיווק בעמ,,סוד מרכך כביסה 20%+ב,מיליליטרים,900.00,"100 מ""ל",false,,11.90,0.0132,true,1,2184238
7290017457727,false,"סוד כחול מרכך כביסה מרוכז20%+בישום 900 מ""ל",גורי שיווק בעמ,,סוד מרכך כביסה 20%+ב,מיליליטרים,900.00,"100 מ""ל",false,,11.90,0.0132,true,1,2184239
7290017457734,false,"סוד ורוד מרכך כביסה מרוכז20%+בישום 900 מ""ל",גורי שיווק בעמ,,סוד מרכך כביסה 20%+ב,מיליליטרים,900.00,"100 מ""ל",false,,11.90,0.0132,true,1,2184240
7290017457918,false,סודSupreme מרכך מרוכז כחול Elegance 1.2,גורי שיווק בעמ,,סוד מרכך מרוכז SUPRE,ליטרים,1.20,ליטר,false,,19.90,16.5833,true,1,2257771
7290017457925,false,סוד מרכך כביסה מרוכז פרש קונטרול ורוד,גורי שיווק בעמ,,סוד מרכך כביסה 20%+ב,מיליליטרים,900.00,"100 מ""ל",false,,11.90,0.0132,true,1,2276304
7290017457932,false,סוד מרכך כביסה מרוכז פרש קונטרול כחול,גורי שיווק בעמ,,סוד מרכך כביסה 20%+ב,מיליליטרים,900.00,"100 מ""ל",false,,11.90,0.0132,true,1,2276305
7290017457949,false,"פרסיל א.כ לבגדי תינוקות ולבעלי עור רגיש 2.5 ק""ג",פרסיל Persil,,אבקת כביסה פרסיל שקי,קילוגרמים,2.50,"ק""ג",false,,28.90,11.5600,true,1,2276303
7290017477367,false,מטבעות שוקולד לבן לאפיה שקדיה 300 גרם,דין שיווק וקליה 2021 בעמ,,מטבעות שוקולד לבן לא,גרמים,300.00,100 גרם,false,,12.90,0.0430,true,1,1949913
7290017477374,false,מטבעות שוקולד חלב לאפיה שקדיה 300 גרם,דין שיווק וקליה 2021 בעמ,,מטבעות שוקולד חלב לא,גרמים,300.00,100 גרם,false,,12.90,0.0430,true,1,1949914
7290017477381,false,מטבעות שוקולד מריר 45% לאפיה שקדיה 300 גרם,דין שיווק וקליה 2021 בעמ,,מטבעות שוקולד מריר 4,גרמים,300.00,100 גרם,false,,12.90,0.0430,true,1,1949915
7290017513393,false,תה ירוק ספירולינה וצמחים ירוקים 25 שקי,תה ויסוצקי (ישראל) בעמ,,תה ירוק בתוספת ספירו,יחידה,0.00,יחידה,false,,22.90,0.0000,true,1,2227963
7290017513409,false,תה ירוק SUPER GREEN 87 גרםבטעם אוכמניות ואסאי,תה ויסוצקי (ישראל) בעמ,,תה ירוק עם צמחים סגו,יחידה,0.00,יחידה,false,,22.90,0.0000,true,1,2227964
7290017513485,false,מחית עגבניות רוסטיקה גרנד איטליה 680 גרם,תה ויסוצקי (ישראל) בעמ,,מחית עגבניות רוסטיקה,גרמים,680.00,100 גרם,false,,10.90,0.0160,true,1,2229328
7290017513775,false,פליפז בייגלה מצופה שוקולד חלב מקוויטיס 140 גרם,תה ויסוצקי (ישראל) בעמ,,בייגלה מצופה שוקולד,גרמים,140.00,100 גרם,false,,8.90,0.0636,true,1,2234673
7290017513782,false,פליפז בייגלה מצופה שוקולד מריר מקוויטיס 140 גרם,תה ויסוצקי (ישראל) בעמ,,בייגלה מצופה שוקולד,גרמים,140.00,100 גרם,false,,8.90,0.0636,true,1,2234674
7290017513850,false,תה ירוק נענע 25 שקיקים בתוספת ויטמינים Cּּ+D,תה ויסוצקי (ישראל) בעמ,,תה ירוק נענע בתוספת,גרמים,37.50,100 גרם,false,,22.90,0.6107,true,1,2273311
7290017516295,false,חטיף חלבון פרוטאין אגוז לוז שוקולד 50 גר,י.איטליאנו אחזקות בעמ,,חטיף פרוטאין אגוז לו,גרמים,50.00,100 גרם,false,,9.90,0.1980,true,1,2277684
7290017516318,false,חטיפ בריאות פרוטאין שוקולד 50 גר`פנגיאה,י.איטליאנו אחזקות בעמ,,חטיף פרוטאין שוקולד,גרמים,50.00,100 גרם,false,,9.90,0.1980,true,1,2277685
7290017516332,false,חטיפ בריאות פרוטאין חמאת בוטנים 50 גר`פ,י.איטליאנו אחזקות בעמ,,חטיף פרוטאין חמאת בו,גרמים,50.00,100 גרם,false,,9.90,0.1980,true,1,2277686
7290017516448,false,"שוקלד + פנגיאה שוקולד קוקוס תמרים,שקדים וחרוב 300 גרם",פנגיאה,,שוקלד + פנגיאה שוקול,גרמים,300.00,100 גרם,false,,29.90,0.0997,true,1,2277689
7290017516479,false,חטיפ בריאות וניל קפה 50 גר`פרוטאין פנגי,י.איטליאנו אחזקות בעמ,,חטיף פרוטאין וניל קפ,גרמים,50.00,100 גרם,false,,9.90,0.1980,true,1,2277690
7290017516486,false,פנגיאה פרוטאין טרופי 50 גרם,פנגיאה,,חטיף פרוטאין טרופי פ,גרמים,50.00,100 גרם,false,,9.90,0.1980,true,1,2277691
7290017516509,false,חטיפ בריאות קרמל מלוח 50 גר`פרוטאין פנג,י.איטליאנו אחזקות בעמ,,חטיף פרוטאין קרמל מל,גרמים,50.00,100 גרם,false,,9.90,0.1980,true,1,2279436
7290017589633,false,"רזרב גולד אדישיין קברנה סוביניון 750 מ""ל",טמפו משקאות בעמ,,יין רזרב קברנה גולד,מיליליטרים,750.00,"100 מ""ל",false,,59.90,0.0799,true,1,2117132
7290017599229,false,ממתיק סוכרלוז 200 טבליות סוכרזית,שטראוס גרופ בע`מ,,סוכרזית סוכרלוז 200,גרמים,365.00,100 גרם,false,,20.90,0.0573,true,1,2328722
7290017599236,false,סוכרזית סיטיוויה 200 טבליות,סנו מפעלי ברונוס.,,סוכרזית סטיוויה 200,גרמים,365.00,100 גרם,false,,24.90,0.0682,true,1,2328734
7290017599250,false,סוכרזית קלאסי 120 גר`שקיות,שטראוס גרופ בע`מ,,סוכרזית קלאסי 120 שק,גרמים,120.00,100 גרם,false,,15.50,0.1292,true,1,2358557
7290017599267,false,סוכרלוז 120 שקיות ממתיק שולחני,שטראוס גרופ בע`מ,,סוכרזית סוכרלוז 120,גרמים,120.00,100 גרם,false,,23.90,0.1992,true,1,2358551
7290017599274,false,סוכרזית סטיוויה 120שקיות 100גרם,"שטראוס גרופ בע""מ",,סוכרזית סטיוויה 120,גרמים,120.00,100 גרם,false,,35.90,0.2992,true,1,2358552
7290017617084,false,סטארקיסט מיקס טוגו טונה עם שעועית 185 גרם,דיפלומט מפיצים (1968) בעמ**,,טונה סטארקיסט מיקס ט,גרמים,185.00,100 גרם,false,,13.90,0.0751,true,1,2283571
7290017617091,false,סטארקיסט מיקס טוגו טונה עם פתיתים 185 גרם,דיפלומט מפיצים (1968) בעמ**,,טונה סטארקיסט מיקס ט,גרמים,185.00,100 גרם,false,,13.90,0.0751,true,1,2283572
7290017617107,false,סטארקיסט מיקס טוגו טונה עם 4 דגנים 185 גרם,דיפלומט מפיצים (1968) בעמ**,,טונה סטארקיסט מיקס ט,גרמים,185.00,100 גרם,false,,13.90,0.0751,true,1,2283573
7290017617138,false,רביעיית טונה סטארקיסט בשמן קנולה דל נתרן 160 גרם,דיפלומט מפיצים (1968) בעמ**,,טונה סטארקיסט רביעיה,גרמים,640.00,100 גרם,false,,24.90,0.0389,true,1,2273871
7290017617282,false,נתחי טונה בהירה בשמן צמחי - מארז 4 יח',סטארקיסט דיפלומט היינץ,,טונה יונה רביעיות 14,גרמים,560.00,100 גרם,false,,17.90,0.0320,true,1,2334229
7290017617411,false,סטארקיסט מיקס סלמון עם אורז מלא וירקות 160 גרם,דיפלומט מפיצים (1968) בעמ**,,סטארקיסט נתחי סלמון,גרמים,160.00,100 גרם,false,,14.90,0.0931,true,1,2351645
7290017617428,false,סטארקיסט מיקס סלמון עם פסטה ברוטב עגבניות 160 גרם,דיפלומט מפיצים (1968) בעמ**,,סטארקיסט נתחי סלמון,גרמים,160.00,100 גרם,false,,14.90,0.0931,true,1,2351646
7290017618111,false,עוגיות מלבן שקדים עם טריפל שוקולד 180 גר,קונדטוריות לחמי,,עוגיות מלבן שקדים עם,גרמים,180.00,100 גרם,false,,18.90,0.1050,true,1,2097308
7290017619293,false,מטהר גומא אפור זהב מ,,,מפיץ ריח אפור זהב,יחידה,0.00,יחידה,false,,22.90,0.0000,true,1,2242989
7290017619316,false,גומא אפור גבוה מוסקו מקלות,מוסקו,,מפיץ ריח אפור גבוה,יחידה,0.00,יחידה,false,,22.90,0.0000,true,1,2242991
7290017637426,false,שמפו למניעת קשקשים 500 מל מיקי בוגנים,סאסאטק אגשח בעמ - סאסא MB,,שמפו למניעת קשקשים M,מיליליטרים,500.00,"100 מ""ל",false,,23.90,0.0478,true,1,2349142
7290017637532,false,שמפו לשיער בלונד בהיר מיקי בוגנים 500 מל,סאסאטק אגשח בעמ - סאסא MB,,שמפו לשיער בלונד\בהי,מיליליטרים,500.00,"100 מ""ל",false,,34.90,0.0698,true,1,2349143
7290017637556,false,שמפו CLEANSING לקרקפת שומנית מיקי בוגנים,סאסאטק אגשח בעמ - סאסא MB,,שמפו לקרקפת שומנית M,מיליליטרים,500.00,"100 מ""ל",false,,23.90,0.0478,true,1,2349145
7290017637655,false,שמפו קרטין ללא מלח מיקי בוגנים 500 מל,סאסאטק אגשח בעמ - סאסא MB,,שמפו ללא מלחים MB KE,מיליליטרים,500.00,"100 מ""ל",false,,23.90,0.0478,true,1,2349149
7290017637662,false,שמפו שימר להדגשת גוונים בהיר מיקי בוגנים 500 מל,סאסטק מיקי בוגנים,,שמפו להדגשת גוונים ז,מיליליטרים,500.00,"100 מ""ל",false,,23.90,0.0478,true,1,2349150
7290017641744,false,"חטיפי קרח גדולים בטעמי פטל, לימון, ענבים ואננס",כרמית תעשיות ממתקים בעמ,,שלוקים איגלו סטיקס,מיליליטרים,800.00,"100 מ""ל",false,,5.90,0.0074,true,1,2253132
7290017675008,false,"טחינה גולמית 1 ק""ג שכם היונה",היונה,,טחינה היונה 900 גרם,גרמים,900.00,100 גרם,false,,19.90,0.0221,true,1,1964190
7290017677804,false,"רוטב סויה קיקומן ללא חומרים משמרים 444 מ""ל",דיפלומט מפיצים (1968) בעמ**,,רוטב סויה קיקומן 444,מיליליטרים,444.00,"100 מ""ל",false,,19.90,0.0448,true,1,2191057
7290017677811,false,"רוטב סויה קיקומן ללא חומרים משמרים 296 מ""ל",דיפלומט מפיצים (1968) בעמ**,,רוטב סויה קיקומן 296,מיליליטרים,296.00,"100 מ""ל",false,,17.90,0.0605,true,1,2191058
7290017682020,false,"מגב תחנות דלק 20 ס""מ",,,"מגב תחנות דלק 20 ס""מ",יחידה,0.00,יחידה,false,,14.90,0.0000,true,1,2256166
7290017682617,false,"מגב 40 ס""מ עם תפס להצמדה סחבה",מ.א.ייצור ויבוא מטליות בעמ,,"מגב עם תפסן 40 ס""מ+מ",יחידה,0.00,יחידה,false,,19.90,0.0000,true,1,2256144
7290017682945,false,מגב חד להב סיליקון silicone one,מ.א.ייצור ויבוא מטליות בעמ,,מגב חד להב סיליקון+מ,יחידה,0.00,יחידה,false,,34.90,0.0000,true,1,2256158
7290017712192,false,פרמיו שימורי מזון מלא עם נתחי פילה עוף ו,שחורי אריה ואנסטסיה,,פרמיו נתחי פילה עוף,גרמים,100.00,100 גרם,false,,3.90,0.0390,true,1,2372663
7290017712208,false,פרמיו נתחי פילה עוף וברווז 100 גר,שחורי אריה ואנסטסיה,,פרמיו פילה ברווז 100,גרמים,100.00,100 גרם,false,,3.90,0.0390,true,1,2372664
7290017712215,false,פרמיו שימורי מזון מלא עם עוף לחתלתול 100,שחורי אריה ואנסטסיה,,פרמיו מוס עוף לחתלתו,גרמים,100.00,100 גרם,false,,3.90,0.0390,true,1,2372665
7290017712239,false,פרמיו שימורי מזון מלא עם עוף לכלב במקרם,שחורי אריה ואנסטסיה,,פרמיו פטה עוף לכלב 1,גרמים,150.00,100 גרם,false,,3.90,0.0260,true,1,2372667
7290017712581,false,הורייזן עוף לחתול מעדן,הורייזן Horizon,,הורייזן עוף לחתול מע,גרמים,85.00,100 גרם,false,,3.90,0.0459,true,1,2372675
7290017712659,false,הוריזן עוף לגור כלבים ננסי 100 גר`,שחורי אריה ואנסטסיה,,הורייזן עוף לגור כלב,גרמים,100.00,100 גרם,false,,3.90,0.0390,true,1,2372678
7290017712703,false,הוריזן עוף לכלב בוגר 150 גר,הורייזן Horizon,,הורייזן עוף לכלב בוג,גרמים,150.00,100 גרם,false,,5.90,0.0393,true,1,2372683
7290017715964,false,מחית תפוח עץ דיאט עם אפרסק 4*113 ג' תומר,Cherry growers inc,,"רסק תפו""ח דיאט אפרסק",גרמים,452.00,100 גרם,false,,9.90,0.0219,true,1,2268713
7290017724003,false,עוגיות גריסיני קצח אקלר,הלל בן הלל שיווק ומסחר בעמ,,גרסיני,גרמים,250.00,100 גרם,false,,22.90,0.0916,true,1,2306616
7290017724027,false,עוגיות אלפחורס 300 גרם,הלל בן הלל שיווק ומסחר בעמ,,עוגיות אלפא חורס,גרמים,300.00,100 גרם,false,,22.90,0.0763,true,1,2306559
7290017724034,false,עוגיות סנדוויץ ריבה 250 גר`,הלל בן הלל שיווק ומסחר בעמ,,עוגיות סנדויץ ריבה,גרמים,250.00,100 גרם,false,,22.90,0.0916,true,1,2306560
7290017724041,false,עוגיות תותי פרוטי 200גרם,הלל בן הלל שיווק ומסחר בעמ,,עוגיות תותי פרוטי,גרמים,250.00,100 גרם,false,,22.90,0.0916,true,1,2306561
7290017724058,false,עוגיות מעדן תמר אגוז אקלר,הלל בן הלל שיווק ומסחר בעמ,,עוגיות מעדן תמר אגוז,גרמים,250.00,100 גרם,false,,22.90,0.0916,true,1,2306582
7290017724072,false,עוגיות רולדה שוקולד תמר 200 גר`,הלל בן הלל שיווק ומסחר בעמ,,רולדה שוקולד תמר,גרמים,200.00,100 גרם,false,,22.90,0.1145,true,1,2306617
7290017724089,false,עוגיות ואן גוך אקלר 200 גרם,הלל בן הלל שיווק ומסחר בעמ,,עוגיות ואן גוך,גרמים,200.00,100 גרם,false,,22.90,0.1145,true,1,1412456
7290017724096,false,עוגיות רולדה לוקום א,הלל בן הלל שיווק ומסחר בעמ,,רולדה לוקום,גרמים,200.00,100 גרם,false,,22.90,0.1145,true,1,2306618
7290017724102,false,עוגיות סיגרים תמרים אקלר,הלל בן הלל שיווק ומסחר בעמ,,עוגיות סיגרים תמרים,גרמים,200.00,100 גרם,false,,22.90,0.1145,true,1,2306584
7290017724119,false,עוגיות אוזנים אקלר 200 גרם,הלל בן הלל שיווק ומסחר בעמ,,עוגיות אוזניים,גרמים,250.00,100 גרם,false,,22.90,0.0916,true,1,2306619
7290017724126,false,עוגיות טחינה אקלר 250 גרם,הלל בן הלל שיווק ומסחר בעמ,,עוגיות טחינה,גרמים,250.00,100 גרם,false,,22.90,0.0916,true,1,2306585
7290017724140,false,עוגיות שושנים אקלר 200 גרם,הלל בן הלל שיווק ומסחר בעמ,,עוגיות שושנים,גרמים,200.00,100 גרם,false,,22.90,0.1145,true,1,2306586
7290017724157,false,"עוגיות מעדן תפו""ע ללא סוכר אקלר",הלל בן הלל שיווק ומסחר בעמ,,"עוגיות מעדן תפו""ע לל",גרמים,200.00,100 גרם,false,,22.90,0.1145,true,1,2306629
7290017724164,false,עוגיות אוזניים ללא סוכר אקלר,הלל בן הלל שיווק ומסחר בעמ,,עוגיות אוזניים ללא ת,גרמים,200.00,100 גרם,false,,22.90,0.1145,true,1,2306620
7290017724171,false,עוגיות סנדביץ ריבה ללא סוכר אקלר 200 גרם,הלל בן הלל שיווק ומסחר בעמ,,עוגיות סנדביץ ריבה ל,גרמים,250.00,100 גרם,false,,22.90,0.0916,true,1,2306621
7290017724201,false,עוגיות ואן גוך ללא סוכר אקלר,הלל בן הלל שיווק ומסחר בעמ,,עוגיות ואן גוך ללא ת,גרמים,250.00,100 גרם,false,,22.90,0.0916,true,1,2306630
7290017724218,false,עוגיות תמר אגוז ללא סוכר אקלר,הלל בן הלל שיווק ומסחר בעמ,,עוגיות מעדן תמר ללא,גרמים,200.00,100 גרם,false,,22.90,0.1145,true,1,2306631
7290017724232,false,עוגיות שומשומיות 200 גר`,הלל בן הלל שיווק ומסחר בעמ,,סומסומית,גרמים,200.00,100 גרם,false,,22.90,0.1145,true,1,2306622
7290017724263,false,עוגיות בטוהבן ללא סוכר אקלר,הלל בן הלל שיווק ומסחר בעמ,,עוגיות בטהובן ללא תו,גרמים,300.00,100 גרם,false,,22.90,0.0763,true,1,2306633
7290017724270,false,עוגיות אשכול בריאות ללא סוכר אקלר,הלל בן הלל שיווק ומסחר בעמ,,עוגיות אשכול בריאות,גרמים,200.00,100 גרם,false,,22.90,0.1145,true,1,2306638
7290017724294,false,עוגיות גרנולה צ`יפס חמוציות ללס 200 גר`,אקלר בעמ,,גרנולה ציפס חמוציות,גרמים,200.00,100 גרם,false,,22.90,0.1145,true,1,2306640
7290017724300,false,עוגיות גרנולה אקלר 200 גרם,הלל בן הלל שיווק ומסחר בעמ,,עוגיות גרנולה,גרמים,250.00,100 גרם,false,,22.90,0.0916,true,1,2306624
7290017812069,false,יין אמרלד ריזלינג שרדונה אקסלנס Excellence,אגודת הכורמים בעמ,,יין שרדונה אקסלנס רי,מיליליטרים,750.00,"100 מ""ל",false,,24.90,0.0332,true,1,2063545
7290017812342,false,יין ספארקלינג מוג ו אדום חצי יבש מוגז,"כד בני דרום בע""מ",,יין ספארקלינג מוג'ו,מיליליטרים,750.00,"100 מ""ל",false,,29.90,0.0399,true,1,2242278
7290017812373,false,יין שרדונה לבן יבש פרייבט קולקשן - בקבוק אישי,יקבי כרמל Carmel Winery,,שרדונה,מיליליטרים,375.00,"100 מ""ל",false,,17.90,0.0477,true,1,2242271
7290017812571,false,מיץ ענבים תירוש אדום 100% טבעי כרמל 1 ליטר,אגודת הכורמים -כרמל מזרחי,,מיץ ענבים תירוש אדום,ליטרים,1.00,ליטר,false,,19.90,19.9000,true,1,2242297
7290017812588,false,מיץ ענבים תירוש לבן 100% טבעי כרמל 1 ליטר,אגודת הכורמים -כרמל מזרחי,,מיץ ענבים תירוש לבן,ליטרים,1.00,ליטר,false,,19.90,19.9000,true,1,2242298
7290017812595,false,"יין ישן נושן לייט כרמל 3.5% אלכוהל 750 מ""ל",יקבי כרמל Carmel Winery,,יין ישן נושן לייט,מיליליטרים,750.00,"100 מ""ל",false,,18.90,0.0252,true,1,2242299
7290017812618,false,מיץ ענבים תירוש אדום רוזה כרמל 1 ליטר,אגודת הכורמים -כרמל מזרחי,,תירוש ענבים 1 ליטר,ליטרים,1.00,ליטר,false,,19.90,19.9000,true,1,2242300
7290017812656,false,"תירוש אדום מיץ ענבים מבעבע כרמל 750 מ""ל",ג'\קובז'\י איי.אי פיגלי,,תירוש מבעבע אדום,מיליליטרים,750.00,"100 מ""ל",false,,19.90,0.0265,true,1,2283894
7290017812663,false,"תירוש לבן מיץ ענבים מבעבע כרמל 750 מ""ל",ג'\קובז'\י איי.אי פיגלי,,תירוש מבעבע אדום,מיליליטרים,750.00,"100 מ""ל",false,,19.90,0.0265,true,1,2283895
7290017812830,false,יין רוזה פרייבט קולקשיין 750מל יקבי כרמל,"כד בני דרום בע""מ",,יין רוזה P.C,מיליליטרים,750.00,"100 מ""ל",false,,38.90,0.0519,true,1,2277934
7290017812847,false,"יין כרמל סלקטד פרנץ' גוורצטרמינר, 750 מ""ל","כד בני דרום בע""מ",,יין סלקטד פקנץ גוורצ,מיליליטרים,750.00,"100 מ""ל",false,,24.90,0.0332,true,1,2277935
7290017812861,false,יין לבש יבש ( 750 מל) וינו,אגודת הכורמים בעמ,,יין לבן וינו,מיליליטרים,750.00,"100 מ""ל",false,,18.90,0.0252,true,1,2276421
7290017812885,false,"יין P.C סוביניון בלאן גוורצטרמינר כרמל 750 מ""ל",אגודת הכורמים א.ת אל,,יין סובניון בלאן,מיליליטרים,750.00,"100 מ""ל",false,,38.90,0.0519,true,1,2297867
7290017812977,false,"יין קריניאנו סלקטדאננס באז כרמל 750 מ""ל",אגודת הכורמים -כרמל מזרחי,,יין מבעבע באז אננס,מיליליטרים,750.00,"100 מ""ל",false,,24.90,0.0332,true,1,2301924
7290017816005,false,בייגלה כוסמין שמיניות שומשום 300 גר`,גורי מוצרי צריכה (1991) בעמ,,בייגלה כוסמין שמיניו,יחידה,0.00,יחידה,false,,14.90,0.0000,true,1,2223588
7290017816012,false,קרם קרקר כוסמין מקור הכוסמין 250 גר,גורי מוצרי צריכה (1991) בעמ,,קרקר כוסמין,גרמים,250.00,100 גרם,false,,14.90,0.0596,true,1,2223589
7290017816111,false,פתי בר הכוסמין המקורי 220 גר`,גורי מוצרי צריכה (1991) בעמ,,פתיבר 220 גרם,גרמים,220.00,100 גרם,false,,9.90,0.0450,true,1,2276452
7290017816128,false,קרקר מקור הכוסמין 22,גורי מוצרי צריכה (1991) בעמ,,קרקר כוסמין 220 גרם,גרמים,220.00,100 גרם,false,,14.90,0.0677,true,1,2276453
7290017816135,false,פריכיות כוסמין מקור הכוסמין 90 גר,גורי מוצרי צריכה (1991) בעמ,,פריכיות כוסמין 900 ג,גרמים,900.00,100 גרם,false,,9.90,0.0110,true,1,2276454
7290017871363,false,פמילי יהלום- פמלי סבון ידיים מועשר בשמן מקדמיה לניקוי וטיפוח עור הידיים,המאפיה של הרמן,,אל סבון פמילי יהלום,מיליליטרים,500.00,"100 מ""ל",false,,9.90,0.0198,true,1,2250454
7290017871370,false,פמילי יהלום- סבון ידיים מועשר בשמן אבוקדו לניקוי וטיפוח עור הידיים,המאפיה של הרמן,,אל סבון פמילי יהלום,מיליליטרים,500.00,"100 מ""ל",false,,9.90,0.0198,true,1,2250455
7290017871431,false,טוסו חטיף תמרים אגוזי לוז וחמוציות ללא גלוטן וללא תוספת סוכר,תות ממתקי איכות,,חטיף תמרים ואגוזי לו,גרמים,140.00,100 גרם,false,,16.90,0.1207,true,1,2227901
7290017871462,false,טוסו חטיף פצפוצי אורז מצופה שוקולד מריר ללא תוספת סוכר,תות תעשיות מזון (2014) ב,,חטיף פיצפוצי אורז מצ,גרמים,140.00,100 גרם,false,,16.90,0.1207,true,1,2227904
7290017871554,false,טוסו חטיף תמרים ושברי קקאו ללא גלוטן וללא תוספת סוכר,תות תעשיות מזון (2014) ב,,חטיף תמרים ושברי קקא,גרמים,140.00,100 גרם,false,,16.90,0.1207,true,1,2227905
7290017871707,false,חטיף פיצפוצי אורז וקוקוס מצופה שוקולד מריר ללא תוספת סוכר,תות תעשיות מזון (2014) ב,,חטיף פיצפוצי אורז וק,גרמים,140.00,100 גרם,false,,16.90,0.1207,true,1,2227910
7290017871950,false,פרשוואנס נייר טואלט לח מתכלה בניחוח לוונדר מארז שלישייה,עלבד משואות יצחק,,מארז שלישייה נייר טו,יח',40.00,יח',false,,14.90,0.3725,true,1,2281287
7290017871967,false,טוסו אבקת ג'לי טעם אננס 30גרם,אשבל מזון פונקציונלי בע\,,ג'לי טוסו בטעם אננס,גרמים,25.00,100 גרם,false,,9.90,0.3960,true,1,2275523
7290017871974,false,טוסו אבקת ג'לי טעם תות 30גרם,אשבל מזון פונקציונלי בע\,,ג'לי טוסו בטעם תות ש,גרמים,25.00,100 גרם,false,,9.90,0.3960,true,1,2275524
7290017871981,false,טוסו אבקת ג'לי טעם משמש 30גרם,אשבל מזון פונקציונלי בע\,,ג'לי טוסו בטעם משמש,גרמים,25.00,100 גרם,false,,9.90,0.3960,true,1,2275525
7290017872001,false,"קרם החתלה פרשוואנס שמן זית ופרופוליס 100 סמ""ק","דנשר (1963) בע,מ",,משחת החתלה פרשוונאס,גרמים,100.00,100 גרם,false,,12.50,0.1250,true,1,2257767
7290017872162,false,טוסו - עוגיות אגוזי לוז ללא סוכר 200 גרם,"הגביע מוצרי וופלים בע""\מ",,טוסו עוגיות אגוזי לו,גרמים,200.00,100 גרם,false,,14.90,0.0745,true,1,2248664
7290017872186,false,טוסו - עוגיות פקאן ללא סוכר 200 גרם,"הגביע מוצרי וופלים בע""\מ",,טוסו עוגיות פקאן 200,גרמים,200.00,100 גרם,false,,14.90,0.0745,true,1,2248666
7290017872193,false,טוסו עוגיות שקדים וקינמון ללא סוכר 200 גרם,"הגביע מוצרי וופלים בע""\מ",,טוסו עוגיות שקדים וק,גרמים,200.00,100 גרם,false,,14.90,0.0745,true,1,2248667
7290017872230,false,פרש וונס מגבונים נטורל 100 יח דיספנסר,פרש וואנס Fresh Ones,,מגבונים פרשוואנס 100,יח',100.00,יח',false,,7.90,0.0790,true,1,2306694
7290017872278,false,טוסו חטיף קראנצ'י בטעם בוטנים וחלווה 105 גר',תות ממתקי איכות,,חטיף טוסו קראנצ'י בט,גרמים,140.00,100 גרם,false,,16.90,0.1207,true,1,2248690
7290017872667,false,"פמלי יהלום-סבון ידיים עם שמן קמומיל 500 מ""ל",המאפיה של הרמן,,אל סבון פמילי יהלום,מיליליטרים,500.00,"100 מ""ל",false,,9.90,0.0198,true,1,2259079
7290017872872,false,בייביביס חטיפי דגנים אפויים לתינוקות בטעם גזר וסלק,טאטא גלובל בוורג'ס,,חטיפי דגנים אפויים ב,גרמים,35.00,100 גרם,false,,12.90,0.3686,true,1,2344939
7290017872957,false,אדג' - מכשיר גילוח רב פעמי ידית + 3 סכינים לעור רגיש,"דנשר (1963) בע,מ",,מכשיר גילוח אדג' +3,יחידה,0.00,יחידה,false,,54.90,0.0000,true,1,2356270
7290017872971,false,אדג' - 4 סכיני גילוח לעור רגיש,דנשר (1963) בעמ,,סכיני גילוח אדג' לעו,יחידה,0.00,יחידה,false,,39.90,0.0000,true,1,2356272
7290017872988,false,אדג' - 4 סכיני גילוח לחות מוגברת,"דנשר (1963) בע,מ",,סכיני גילוח אדג' לחו,יחידה,0.00,יחידה,false,,39.90,0.0000,true,1,2356273
7290017888019,false,"משקה תפוח רימון סלק גינגיר פרות &ווג 350 מ""ל",יפאורה שותפות מוגבלת לשיווק,,משקה קל תפוח רימון ס,מיליליטרים,350.00,"100 מ""ל",false,,6.50,0.0186,true,1,2180550
7290017888026,false,"משקה אננס תפוח גזר פרות & ווג 350 מ""ל",יפאורה שותפות מוגבלת לשיווק,,משקה קל אננס תפוח גז,מיליליטרים,350.00,"100 מ""ל",false,,6.50,0.0186,true,1,2180551
7290017888033,false,"משקה בננה מלון נענע פרות &ווג 350 מ""ל",יפאורה שותפות מוגבלת לשיווק,,משקה קל בננה מלון נע,מיליליטרים,350.00,"100 מ""ל",false,,6.50,0.0186,true,1,2180552
7290017888101,false,"שוויפס מוגז עדין אפרסק מארז רביעייה* 330 מ""ל",יפאורה שותפות מוגבלת לשיווק,,רביעיית פחיות שוופס,ליטרים,1.32,ליטר,false,,11.90,9.0152,true,1,2176602
7290017888644,false,"משקה אננס בננה כורכום פרות & ווג 350 מ""ל",יפאורה שותפות מוגבלת לשיווק,,משקה אננס בננה כורכו,מיליליטרים,350.00,"100 מ""ל",false,,6.50,0.0186,true,1,2247845
7290017888729,false,שוופס סודה בקבוק 1 ל',יפאורה שותפות מוגבלת לשיווק,,סודה שוופס 1 ליטר,ליטרים,1.00,ליטר,false,,3.90,3.9000,true,1,2250589
7290017888972,false,בקבוק מי עדן פקק ספורט 1 ליטר,יפאורה שותפות מוגבלת לשיווק,,מי עדן 1 ליטר פקק ספ,ליטרים,1.00,ליטר,false,,4.90,4.9000,true,1,2256143
7290017907208,false,תערובת קמח רב תכליתי לנמנעים מגלוטן,י.איטליאנו אחזקות בעמ,,"קמח ""תמי"" רב תכליתי",גרמים,500.00,100 גרם,false,,18.90,0.0378,true,1,2282455
7290017907215,false,קמח תמי למאפי שמרים ללא גלוטן 500 גרם,י.איטליאנו אחזקות בעמ,,"קמח ""תמי"" למאפי שמרי",גרמים,500.00,100 גרם,false,,18.90,0.0378,true,1,2282461
7290017907222,false,תערובת קמח תופח לנמנעים מגלוטן,י.איטליאנו אחזקות בעמ,,"קמח ""תמי"" תופח",גרמים,500.00,100 גרם,false,,18.90,0.0378,true,1,2282462
7290017907246,false,סולת מאורז לנמנעים מגלוטן,י.איטליאנו אחזקות בעמ,,"סולת ""תמי""",גרמים,300.00,100 גרם,false,,15.90,0.0530,true,1,2282464
7290017907253,false,פתיתים מאורז לנמנעים מגלוטן,י.איטליאנו אחזקות בעמ,,"פתיתים ""תמי""",גרמים,300.00,100 גרם,false,,15.90,0.0530,true,1,2282465
7290017907260,false,תערובת להכנת כדורי פלאפל לנמנעים מגלוטן,י.איטליאנו אחזקות בעמ,,"תערובת ""תמי"" להכנת פ",גרמים,300.00,100 גרם,false,,15.90,0.0530,true,1,2282466
7290017917283,false,מגבונים מילוי קמיל בלו ללא בישום רביעייה,"פישר תעשיות פרמצביטות בע""מ",,רביעיית מגבונים קמיל,4 יח',256.00,4 יח',false,,19.90,0.0777,true,1,2231582
7290017917382,false,אל סבון היגייני לניקוי יסודי ולהרגע העור clean & calm,"פישר תעשיות פרמבצטיות בע""מ",,קמיל אל סבון 1 ליטר,ליטרים,1.00,ליטר,false,,15.90,15.9000,true,1,2206974
7290017917399,false,מגבונים לסיוע בטיפול ובמניעת תפרחת חיתולים קמיל בלו,"פישר תעשיות פרמצביטות בע""מ",,מגבון טיפולי קמיל בל,יח',100.00,יח',false,,11.90,0.1190,true,1,2232594
7290017917450,false,קמיל בלו סנסיטיב אל סבון ושמפו לתינוק קמומיל ואלוורה,"פישר תעשיות פרמבצטיות בע""מ",,קמיל בלו סנסטיב אל ס,ליטרים,1.00,ליטר,false,,24.90,24.9000,true,1,2209611
7290017917467,false,קמיל בלו סנסטי בשיבולת שועל אל סבון טיפולי לתינוק,"פישר תעשיות פרמבצטיות בע""מ",,קמיל בלו אל סבון שיב,ליטרים,1.00,ליטר,false,,24.90,24.9000,true,1,2209612
7290017917542,false,"ד""ר פישר שמפו בלונד ללא תוספת מלחים 400 מ""ל","פישר תעשיות פרמצביטות בע""מ",,שמפו לשיער בלונד ללא,מיליליטרים,400.00,"100 מ""ל",false,,39.90,0.0997,true,1,2233554
7290017917566,false,ד.פישר סילבר שמפו לשיער כסוף ללא מלח,פישר תעשיות פרמצבטיות בעמ,,שמפו לשיער כסוף,מיליליטרים,300.00,"100 מ""ל",false,,39.90,0.1330,true,1,2233556
7290017925554,false,"חמישיית בירה לאגר באדוויזר 5*330 מ""ל+כוס",הכרם משקאות חריפים בעמ,,בירה באדוויזר חמישה,ליטרים,1.65,ליטר,false,,26.90,16.3030,true,1,2304374
7290017928036,false,מאיר בייגל מקלות גריסיני שומשום 175 גרם,מאיר את בייגל,,בייגל מקלות גריסיני,גרמים,175.00,100 גרם,false,,9.90,0.0566,true,1,2231912
7290017928043,false,מקלות גריסיני קראנץ' מלח מאיר בייגל 175 גרם,מאיר את בייגל,,בייגל גריסיני קראנץ,גרמים,175.00,100 גרם,false,,9.90,0.0566,true,1,2231913
7290017928098,false,בייגלה שטוח מלח 330 גר` מאיר בייגל,מאיר את בייגל,,בייגל שטוחלה מלח 330,גרמים,300.00,100 גרם,false,,9.90,0.0330,true,1,2325563
7290017928128,false,בייגלה מקלות מלח מאיר בייגל 400 גרם.,"דנשר (1963) בע,מ",,בייגל ה מקלות 400 גר,גרמים,400.00,100 גרם,false,,9.90,0.0248,true,1,2373412
7290017928210,false,בייגלה גדול שומשום מאיר בייגל 250 גרם,מאיר את בייגל,,בייגלה גדול שומשום 2,גרמים,250.00,100 גרם,false,,9.90,0.0396,true,1,2231900
7290017928227,false,"בייגלה שטוח'לה פינוקים שומשום, קצח, שום ובצל",מאיר את בייגל,,בייגל שטוחלה פינוקים,גרמים,300.00,100 גרם,false,,9.90,0.0330,true,1,2231914
7290017928432,false,מקלות גריסיני קראנץ' פרג מאיר בייגל 175 גרם,מאיר את בייגל,,בייגל גריסיני קראנץ,גרמים,175.00,100 גרם,false,,9.90,0.0566,true,1,2231916
7290017928463,false,מאיר בייגל -סמאש-שבורים בטעם דבש חרדל ובצל 300 גרם,דנשר (1963) בעמ,,בייגל סמאש שבורים בט,גרמים,300.00,100 גרם,false,,9.90,0.0330,true,1,2327921
7290017928524,false,בייגלה שטוח ניגובים מלח 330 ג' מאיר בייגל,מאיר את בייגל,,בייגל שטוחלה ניגובים,גרמים,330.00,100 גרם,false,,9.90,0.0300,true,1,2325866
7290017928609,false,בייגלה טבעות שומשום מאיר בייגל 300 גרם,מאיר את בייגל,,בייגלה טבעות שומשום,גרמים,300.00,100 גרם,false,,9.90,0.0330,true,1,2231903
7290017928616,false,בייגלה שטוחלה שומשום 300 גר` מאיר בייגל,מאיר את בייגל,,בייגל שטוחלה שומשום,גרמים,300.00,100 גרם,false,,9.90,0.0330,true,1,2231917
7290017928630,false,מקלות גריסיני קראנץ' פינוקים מאיר בייגל 175 גרם,מאיר את בייגל,,בייגל גריסיני קראנץ,גרמים,175.00,100 גרם,false,,9.90,0.0566,true,1,2231918
7290017928661,false,מאיר בייגל -סמאש-שבורים בטעם צ'דר 300 גרם,"דנשר (1963) בע,מ",,בייגל סמאש שבורים בט,גרמים,300.00,100 גרם,false,,9.90,0.0330,true,1,2327922
7290017928685,false,בייגלה שמיניות מלוח מאיר בייגל 400 גרם.,מאיר את בייגל,,בייגלה שמיניות מלח 4,גרמים,400.00,100 גרם,false,,9.90,0.0248,true,1,2325558
7290017928722,false,בייגלה שטוח ניגובים שומשום 300 ג' מאיר בייגל,מאיר את בייגל,,בייגל שטוחלה ניגובים,גרמים,300.00,100 גרם,false,,9.90,0.0330,true,1,2325867
7290017928807,false,בייגלה אצבעות שומשום מאיר בייגל 300 גרם,מאיר את בייגל,,בייגלה אצבעות שומשום,גרמים,300.00,100 גרם,false,,9.90,0.0330,true,1,2231904
7290017928821,false,מאיר בייגל מקלות גריסיני קלאסי 200 גרם,מאיר את בייגל,,בייגל מקלות גריסיני,גרמים,200.00,100 גרם,false,,9.90,0.0495,true,1,2231921
7290017946399,false,"מרכך כביסה מרוכז ארומתרפי אדום 900 מ""ל סוד",גורי שיווק בעמ,,סוד מרכך כביסה מרוכז,מיליליטרים,900.00,"100 מ""ל",false,,11.90,0.0132,true,1,2333731
7290017946979,false,פרסיל ג'ל כביסה נטרול ריחות לא נעימים 2.4 ליטר,גורי שיווק בעמ,,פרסיל ג'ל פרמיום 2.4,ליטרים,2.40,ליטר,false,,29.90,12.4583,true,1,2281304
7290017993454,false,מחית וניל,,,מחית וניל,גרמים,60.00,100 גרם,false,,79.90,1.3317,true,1,2334080
7290018024003,false,חסה ערבית,,,חסה ערבית,יחידה,0.00,יחידה,false,,3.90,0.0000,true,1,2287958
7290018024027,false,סלק עלים יח',,,סלק עלים,יחידה,0.00,יחידה,false,,4.90,0.0000,true,1,2286953
7290018024034,false,סלרי עלים יח',,,סלרי עלים,יחידה,0.00,יחידה,false,,4.90,0.0000,true,1,2286954
7290018024041,false,סלרי ראש יח',,,סלרי ראש,יחידה,0.00,יחידה,false,,4.90,0.0000,true,1,2286955
7290018024096,false,שורש פטרוזיליה יח',,,שורש פטרוזיליה,יחידה,0.00,יחידה,false,,3.90,0.0000,true,1,2287959
7290018024256,false,לבבות קיסר,,,לבבות קיסר,יחידה,0.00,יחידה,false,,7.90,0.0000,true,1,2287089
7290018024508,false,בייבי מיקס 180 גרם,,,ביבי מיקס 180 גרם,גרמים,180.00,100 גרם,false,,7.90,0.0439,true,1,2287095
7290018043295,false,חטיף חלבון בטעם ונילה קראנצ 60 גרם,דיפלומט מפיצים (1968) בעמ**,,חטיף פרוטאין קראנץ',גרמים,60.00,100 גרם,false,,12.90,0.2150,true,1,2278924
7290018045084,false,BON&BON דגנים במילוי קרם בטעם בראוניז 480 גרם,ר.ב. מוצרי דגנים בעמ,,דגנים במילוי קרם בטע,גרמים,480.00,100 גרם,false,,23.90,0.0498,true,1,2334783
7290018045893,false,דגני בוקר בון בון במילוי קרם נוגט 480 גר,ר.ב. מוצרי דגנים בעמ,,דגנים במילוי קרם נוג,גרמים,480.00,100 גרם,false,,23.90,0.0498,true,1,2334773
7290018071205,false,כפפות ניטרו V כחולות אלסטיות S ללא אבקה 100 יחידות,אינטרסן (1996) בעמ,,כפפות ויניל ללא אבקה,יח',100.00,יח',false,,17.90,0.1790,true,1,2327251
7290018071212,false,כפפות ניטרו V כחולות אלסטיות M ללא אבקה 100 יחידות,אינטרסן (1996) בעמ,,כפפות ויניל ללא אבקה,יח',100.00,יח',false,,17.90,0.1790,true,1,2327252
7290018071229,false,כפפות ניטרו V כחולות אלסטיות L ללא אבקה 100 יחידות,אינטרסן (1996) בעמ,,כפפות ויניל ללא אבקה,יח',100.00,יח',false,,17.90,0.1790,true,1,2327253
7290018071236,false,כפפות ניטרו V כחולות אלסטיות XL ללא אבקה 100 יחידות,אינטרסן (1996) בעמ,,כפפות ויניל ללא אבקה,יח',100.00,יח',false,,17.90,0.1790,true,1,2327254
7290018091029,false,מקלות פילו תפוחי אדמה מעדנות 450 ג',תנובה ענף ב.ע.ד,,"מקלות פילו תפו""א מעד",גרמים,450.00,100 גרם,false,,16.90,0.0376,true,1,2246702
7290018091074,false,בצק עוגיות שוקולד צ'יפס 300 גרם מעדנות,תנובה מרכז שיתופי לשיווק תוצרת,,בצק עוגיות שוקולד צ',100 100,300.00,100 100,false,,19.90,0.0663,true,1,2363976
7290018091272,false,בצק עוגיות קקאו טריפל שוקולד צ'יפס 300 גרם מעדנות,תנובה מרכז שיתופי לשיווק תוצרת,,בצק עוגיות קקאו טריפ,גרמים,300.00,100 גרם,false,,19.90,0.0663,true,1,2363977
7290018091616,false,מקלות פילו גבינה מעדנות 450 גרם,מיוצר עי קונדיטוריית,,מקלות פילו גבינה מעד,גרמים,450.00,100 גרם,false,,16.90,0.0376,true,1,2246704
7290018091661,false,פיצה ירקות שוק מעדנות 380 גרם,תנובה מרכז שיתופי לשיווק תוצרת,,פיצה שוק,גרמים,330.00,100 גרם,false,,19.90,0.0603,true,1,2330265
7290018091876,false,מאפה פילו גבינה מעדנות 320 גרם,תנובה מרכז שיתופי לשיווק תוצרת,,מאפה פילו גבינה מעדנ,גרמים,320.00,100 גרם,false,,18.90,0.0591,true,1,2354016
7290018098486,false,פיצה מרגריטה מקמח כוסמין טבעוני 350 גרם פרווה,גורי מוצרי צריכה (1991) בעמ,,פיצה משפחתית מרגריטה,גרמים,350.00,100 גרם,false,,21.90,0.0626,true,1,2362332
7290018098578,false,המבורגר טבעונינ BEEF FREE,גורי מוצרי צריכה (1991) בעמ,,המבורגר 230 גרם BEEF,גרמים,230.00,100 גרם,false,,21.90,0.0952,true,1,2362325
7290018131756,false,מאגדת שלגון וניל מצופה תות נסטלה 440 גרם,נגה גלידות שותפות מוגבלת,,מאגדת שלגוניםוניל מצ,גרמים,470.00,100 גרם,false,,27.90,0.0594,true,1,2284387
7290018131831,false,נסטלה מאגדת שלגון מילקה וניל חדש8 4*66ג,נגה גלידות שותפות מוגבלת,,מאגדת שלגון מילקה,גרמים,284.00,100 גרם,false,,32.90,0.1158,true,1,2303707
7290018131954,false,מאגדת לה פרוטה תות שוקולד נסטלה 350 גרם,נגה גלידות שותפות מוגבלת,,מאגדת לה פרוטה שוקול,יחידה,0.00,יחידה,false,,29.90,0.0000,true,1,2284382
7290018132425,false,"מטרנה גולד בד""ץ שלב 3 700 גרם",קבוצת אוסם סחר שותפות מוגבלת,,מטרנה גולד שלב 3 700,גרמים,700.00,100 גרם,false,,74.90,0.1070,true,1,2364213
7290018156124,false,"אל סבון קמיל צבעוני ד""ר פישר שלישיה* 500 מ""ל","פישר תעשיות פרמבצטיות בע""מ",,שלישיית אל סבון צבעו,ליטרים,1.50,ליטר,false,,19.90,13.2667,true,1,2233557
7290018156483,false,סרקל שמפו קיץ מסייע בטיפול בנזקי הקיץ והכלור,פישר תעשיות פרמבצטיות בעמ,,"סרקל קיץ שמפו 750 מ""",מיליליטרים,750.00,"100 מ""ל",false,,24.90,0.0332,true,1,2256451
7290018156490,false,סרקל מרכך קיץ מסייע בטיפול בנזקי הקיץ והכלור,"ד""ר פישר Dr fischer",,"סרקל קיץ מרכך 750 מ""",מיליליטרים,750.00,"100 מ""ל",false,,24.90,0.0332,true,1,2256452
7290018165010,false,"יין רזרב GOLD EDITION גווצטרמינר ברקן 750 מ""ל",יקבי ברקן שיווק והפצה בע,,יין רזרב גולד גוורצט,מיליליטרים,750.00,"100 מ""ל",false,,59.90,0.0799,true,1,2232718
7290018165027,false,רזרב גולד אדישיין רוזה 750 מל-יקבי ברק,יקבי ברקן שיווק והפצה בע,,יין רזרב גולד רוזה,מיליליטרים,750.00,"100 מ""ל",false,,59.90,0.0799,true,1,2232719
7290018165447,false,רזרב גולד מרלו ( 750 מל) יקבי ברקן,יקבי ברקן שיווק והפצה בע,,יין רזרב גולד מרלו 7,מיליליטרים,750.00,"100 מ""ל",false,,59.90,0.0799,true,1,2277382
7290018192658,false,מארז זוג פטריות פורטובלה ושמפיניון מרינה,קונס`-מרינה פטריות הגליל בעמ*ש,,מארז פטריות צמד חמד,יחידה,0.00,יחידה,false,,14.90,0.0000,true,1,2273168
7290018195178,false,שוקולד מריר 62% קקאו 100 גרם טעמן,אס.קיי ראיס אינטרנשי,,שוקולד מריר 62% 100,גרמים,100.00,100 גרם,false,,5.90,0.0590,true,1,2357630
7290018195345,false,"שמן קנולה ""טעים"" 1 ליטר טעמן",טעים,,שמן קנולה טעמן,ליטרים,1.00,ליטר,false,,9.90,9.9000,true,1,2344815
7290018198209,false,צ'יפס בטטה קראנצ'י תפוגן 500 גרם,קבוצת אוסם סחר שותפות מוגבלת,,תפוגן צ'יפס בטטה קרא,גרמים,500.00,100 גרם,false,,17.90,0.0358,true,1,2277345
7290018228074,false,כוס תרמית 380 מ”ל מוסקו,,,כוס נשיאה תרמית 380,יחידה,0.00,יחידה,false,,39.90,0.0000,true,1,2283112
7290018228258,false,יעה+מברשת,,,יעה+מברשת,יחידה,0.00,יחידה,false,,9.90,0.0000,true,1,2299037
7290018228265,false,"מגב לרצפה 40 ס""מ",,,"מגב לרצפה 40 ס""מ",יחידה,0.00,יחידה,false,,9.90,0.0000,true,1,2299038
7290018228456,false,מטאטא אנטי שוק,,,מטאטא אנטי שוק,יחידה,0.00,יחידה,false,,16.90,0.0000,true,1,2299039
7290018228463,false,מקל למטאטא/מגב 1.3 מ,,,מקל למטאטא/מגב 1.3 מ,יחידה,0.00,יחידה,false,,4.90,0.0000,true,1,2299040
7290018228586,false,מפיץ ריח באמצעות מקל,,,מפיץ ריח מיוחד,יחידה,0.00,יחידה,false,,29.90,0.0000,true,1,2333257
7290018228654,false,מטאטא טי,,,מטאטא טי,יחידה,0.00,יחידה,false,,12.90,0.0000,true,1,2299041
7290018228869,false,יעה+מקל,,,יעה+מקל,יחידה,0.00,יחידה,false,,14.90,0.0000,true,1,2299043
7290018236635,false,עוף טוב צ'ונגו פופקורן מצופה 600 גרם,קבוצת אוסם סחר שותפות מוגבלת,,עוף טוב צונגו פופקור,גרמים,600.00,100 גרם,false,,34.90,0.0582,true,1,2279974
7290018237373,false,עוף טוב פסטרמה צרובה על הגריל נתח שלם 8*300 גרם,קבוצת אוסם סחר-שות.מוגבלת,,עוף טוב פסטרמה צרובה,גרמים,300.00,100 גרם,false,,27.90,0.0930,true,1,2312316
7290018237410,false,עוף טוב פסטרמה במעשנה נתח שלם 8*300 גרם,קבוצת אוסם סחר-שות.מוגבלת,,עוף טוב פסטרמה במעשנ,גרמים,300.00,100 גרם,false,,27.90,0.0930,true,1,2312318
7290018237922,false,שניצלונים ציפוי צ'יפס עוף טוב 700 גרם,קבוצת אוסם סחר שותפות מוגבלת,,שניצלונים ציפוי צ'יפ,גרמים,700.00,100 גרם,false,,19.90,0.0284,true,1,2347139
7290018237939,false,שניצלונים ציפוי שומשום עוף טוב 700 גרם,קבוצת אוסם סחר שותפות מוגבלת,,שניצלונים ציפוי שומש,גרמים,700.00,100 גרם,false,,19.90,0.0284,true,1,2347140
7290018237960,false,עוף טוב כתף בקר עסיסי 265 גרם,קבוצת אוסם סחר שותפות מוגבלת,,עוף טוב כתף בקר עסיס,גרמים,320.00,100 גרם,false,,24.90,0.0778,true,1,2357000
7290018249123,false,אינסטנט פודינג סוויטאנגו בטעם וניל,י.איטליאנו אחזקות בעמ,,פודינג וניל סוויטאנג,גרמים,50.00,100 גרם,false,,11.90,0.2380,true,1,2282572
7290018249222,false,סוויטנגו אבקת ממתיק 100 גרם,מתבל תעשיות מזון,,אבקת ממתיק סוויטאנגו,גרמים,100.00,100 גרם,false,,14.90,0.1490,true,1,2282573
7290018249444,false,אבקת ממתיק סוכר שוקו סוויטאנגו 400 גר,מתבל תעשיות מזון,,אבקת שוקו סוויטאנגו,גרמים,400.00,100 גרם,false,,38.90,0.0972,true,1,2347294
7290018249802,false,ממתיק סוויטאנגו צנצנת 280 גרם,י.איטליאנו אחזקות בעמ,,ממתיק סוויטאנגו צנצנ,גרמים,280.00,100 גרם,false,,26.90,0.0961,true,1,2282566
7290018249994,false,סוויטאנגו תחליף סוכר ממתיק 700 גר',מתבל תעשיות מזון,,ממתיק סוויטאנגו צנצנ,גרמים,700.00,100 גרם,false,,56.90,0.0813,true,1,2282574
7290018276150,false,שקית אישית פיור וואי HD,סיטי תוספי מזון,,שקית אישית פיור וואי,גרמים,33.00,100 גרם,false,,5.90,0.1788,true,1,2275935
7290018276167,false,שקית אישית פיור וואי HD,סיטי תוספי מזון,,שקית אישית פיור וואי,גרמים,33.00,100 גרם,false,,5.90,0.1788,true,1,2275936
7290018276174,false,שקית אישית פיור וואי HD,סיטי תוספי מזון,,שקית אישית פיור וואי,גרמים,33.00,100 גרם,false,,5.90,0.1788,true,1,2275937
7290018282830,false,ג'ל 70% אלכוהול מועשר באלוורה,ויש Vish,,ג'ל לניקוי ידיים 100,מיליליטרים,100.00,"100 מ""ל",false,,7.90,0.0790,true,1,2257676
7290018294192,false,"יין בלנד היינן אדום יבש 750 מ""ל p.c",אגודת הכורמים -כרמל מזרחי,,יין בלנד היינן,מיליליטרים,750.00,"100 מ""ל",false,,38.90,0.0519,true,1,2332955
7290018294208,false,"סלקטדאדום ישראלי יבש כרמל 750 מ""ל",אגודת הכורמים בעמ,,יין אדום יבש סלקטד,מיליליטרים,750.00,"100 מ""ל",false,,24.90,0.0332,true,1,2310767
7290018294352,false,"ארק יקבי כרמל 700 מ""",אגודת הכורמים -כרמל מזרחי,,ארק כרמל,מיליליטרים,700.00,"100 מ""ל",false,,59.90,0.0856,true,1,2333517
7290018294369,false,"תירוש מיץ ענבים טבעי 700 מ""ל",יקבי כרמל Carmel Winery,,"תירוש אדום 700 מ""ל",מיליליטרים,700.00,"100 מ""ל",false,,13.90,0.0199,true,1,2371039
7290018294383,false,קברנה סוביניון אזוריתפינו גריג`יו 750 מ,אגודת הכורמים,,אזורית פינו גריצלו,מיליליטרים,750.00,"100 מ""ל",false,,54.90,0.0732,true,1,2352463
7290018294901,false,"יין מונלייט אדום יבש 750 מ""ל כרמל",יקבי כרמל Carmel Winery,,יין מונלייט אדום יבש,מיליליטרים,750.00,"100 מ""ל",false,,34.90,0.0465,true,1,2362342
7290018294918,false,"יין מונלייט מוסקטו ורוד מבעבע 750 מ""ל",אגודת הכורמים -כרמל מזרחי,,יין מונלייט מוסקטו ו,מיליליטרים,750.00,"100 מ""ל",false,,34.90,0.0465,true,1,2362347
7290018333020,false,"שלוקים-משקה קל בטעם ענבים קש 40 יח' 200 מ""ל",כרמית,,משקה קל בטעם ענבים ק,מיליליטרים,8000.00,"100 מ""ל",false,,38.90,0.0049,true,1,2307812
7290018333082,false,אגו מיקס קורנפלקס שוקולד חלב ולבן כרמית 55 גרם,"כרמית תעשיות ממתקים בע""\",,אגו מיקס קורנפלקס,גרמים,55.00,100 גרם,false,,3.90,0.0709,true,1,2260109
7290018333686,false,גרנולה פרו 250 גרם עם פקאן וחמוציות,רפאלס,,גרנולה פרו עם פקאן ו,גרמים,250.00,100 גרם,false,,17.90,0.0716,true,1,2280167
7290018333945,false,חטיף אגוזים רפאלס שקד ווניל בדצ 150 גר *12יח,כרמית תעשיות ממתקים בעמ,,חטיף אגוזים רפאלס שק,גרמים,150.00,100 גרם,false,,14.90,0.0993,true,1,2308268
7290018333952,false,חטיף אגוזים רפאלס וחמוציות בדצ 150 גר *12יח,כרמית תעשיות ממתקים בעמ,,חטיף אגוזים רפאלס חמ,גרמים,150.00,100 גרם,false,,14.90,0.0993,true,1,2308269
7290018333969,false,חטיף גרנולה רפאלס שקדים וטחינה בדצ 150 גר *12יח,כרמית תעשיות ממתקים בעמ,,חטיף גרנולה רפאלס שק,גרמים,150.00,100 גרם,false,,14.90,0.0993,true,1,2308270
7290018333976,false,חטיף גרנולה רפאלס קשיו וקוקוס בדצ 150 גר *12יח,כרמית תעשיות ממתקים בעמ,,חטיף גרנולה רפאלס קש,גרמים,150.00,100 גרם,false,,14.90,0.0993,true,1,2308271
7290018343296,false,אלכוג`ל הגיינת הידיים 100 מלפישר,פישר תעשיות פרמבצטיות בעמ,,"אלכוג'ל 100 מ""ל",מיליליטרים,100.00,"100 מ""ל",false,,14.90,0.1490,true,1,2247473
7290018343357,false,"ד""ר פישר SMOOTH & REPAIR מרכך משקם לאחר החלקה או עיצוב בחום",פישר תעשיות פרמצבטיות בעמ,,מרכך משקם לאחר החלקה,מיליליטרים,400.00,"100 מ""ל",false,,39.90,0.0997,true,1,2279618
7290018343685,false,מגבונים לניקוי משטחים 20 יח,פישר תעשיות,,אלכוג'ל פרמה וויפס 7,10 יח',20.00,10 יח',false,,17.90,0.8950,true,1,2259952
7290018359457,false,קראנצ`י בננה חטיף טבעי יכין 19גר,זנלכל בעמ,,חטיף קראנצ'י בננה טב,גרמים,19.00,100 גרם,false,,9.90,0.5211,true,1,2327972
7290018359464,false,קראנצ`י חטיף בטעם תירס טבעי יכין 27 גר,זנלכול יכין,,חטיף קראנצ'י תירס טב,גרמים,27.00,100 גרם,false,,9.90,0.3667,true,1,2327973
7290018359495,false,תירס מהשדה בלי תוספת סוכר יכין 550 גרם,היינץ צפון אמריקה מק,,תירס השדה בלי תוספת,גרמים,550.00,100 גרם,false,,8.90,0.0162,true,1,2268158
7290018359716,false,רוטב עגבניות פיצה טוסקנה 240 גרם יכין,"זנלכל בע""\מ",,רוטב פיצה טוסקנה 240,גרמים,240.00,100 גרם,false,,5.50,0.0229,true,1,2293480
7290018359860,false,רסק עגבניות ליקופן טבעי 2*200גר יכין .,זנלכל בעמ,,רסק עגבניות ליקופן ט,גרמים,400.00,100 גרם,false,,12.90,0.0323,true,1,2337418
7290018359884,false,פולפה ליקופן טבעית 2*400גר יכין A1.,זנלכול יכין,,שימורי עגבניות פולפה,גרמים,800.00,100 גרם,false,,16.90,0.0211,true,1,2337413
7290018380253,false,שימורי מזון מלא לכלבים בוגרים עם עוף,באדי Buddy,,מזון לכלב עם עוף,גרמים,415.00,100 גרם,false,,3.90,0.0094,true,1,2274979
7290018380260,false,"מזון לכלב עם כבד ""באדי"" 400 גרם",Effeffe pet food,,מזון לכלב עם כבד,גרמים,400.00,100 גרם,false,,3.90,0.0097,true,1,2284014
7290018380277,false,שימורים מזון מלא לכלבים בוגרים עם בשר אייל,Effeffe pet food,,מזון לכלב עם בשר ציד,גרמים,415.00,100 גרם,false,,3.90,0.0094,true,1,2274980
7290018380314,false,שימורי מזון מלא לחתולים עם דגים,Effeffe pet food,,מזון לחתול עם דגים,גרמים,415.00,100 גרם,false,,3.90,0.0094,true,1,2274984
7290018380321,false,שימורי מזון מלא לחתולים עם בשר אייל,Effeffe pet food,,מזון לחתול עם בשר צי,גרמים,415.00,100 גרם,false,,3.90,0.0094,true,1,2274985
7290018380611,false,צלפים עם חומץ 370 גרם,תומר יבוא ושיווק מוצרי מזון (1,,צלפים עם חומץ 370 ג,גרמים,370.00,100 גרם,false,,8.90,0.0241,true,1,2354158
7290018380628,false,צלפים שלמים עם גבעול בחומץ תומר 370 גרם,תומר יבוא ושיווק מוצרי מזון (1,,צלפים שלמים עם גבעול,גרמים,370.00,100 גרם,false,,8.90,0.0241,true,1,2354159
7290018394021,false,ח.תקוע פטריות מלך היער,חוות פטריות תקוע,,פטריות מלך היער,גרמים,200.00,100 גרם,false,,12.90,0.0645,true,1,2304734
7290018394038,false,פטריות שיטאקה מיובשות חוות תקוע 25 גרם,ביכורי השדה צפון 1994 ג.ד. בעמ,,פטריות שיטאקי מיובשו,גרמים,25.00,100 גרם,false,,7.90,0.3160,true,1,2277754
7290018394076,false,שום פנינה שחור 60 גר,חוות פטריות תקוע בעמ*קונסיגנצי,,שום שחור,גרמים,60.00,100 גרם,false,,9.90,0.1650,true,1,2331908
7290018394083,false,שופ פנינה חוות תקוע 200 גרם,FOODS YOKID QINGADO,,שום פנינה,גרמים,200.00,100 גרם,false,,9.90,0.0495,true,1,2331909
7290018394144,false,בצלצלי איזי שאלוט חוות תקוע,גורמה,,בצלצלי איזי שאלוט,גרמים,350.00,100 גרם,false,,12.90,0.0369,true,1,2352726
7290018400234,false,גרגירי חומוס 800 גרם סנפרוסט,תנובה בשר,,חומוס לחומוס גרגירי,גרמים,800.00,100 גרם,false,,19.90,0.0249,true,1,2286934
7290018400456,false,סמודיז עם פיטאיה סנפרוסט 300 גר,תנובה ענף ב.ע.ד,,סמוטיז עם פיטאיה,גרמים,300.00,100 גרם,false,,12.90,0.0430,true,1,2354381
7290018400647,false,סנפרוסט סמודיז בננה תמר 300 גרם SMOOTHI,תנובה ענף ב.ע.ד,,בננה תמר מוקפא,גרמים,300.00,100 גרם,false,,12.90,0.0430,true,1,2299803
7290018400661,false,לקט פאייה בסגנון ספרדי סנפרוסט 800 גרם,"סנפרוסט בע""\מ",,לקט פאייה בסגנון ספר,גרמים,800.00,100 גרם,false,,21.90,0.0274,true,1,2313706
7290018440070,false,תרכיז עגבניות בשפורפרת 28BX בלה איטליה 200 ג',תה ויסוצקי (ישראל) בעמ,,תרכיז עגבניות בשפורפ,גרמים,200.00,100 גרם,false,,7.90,0.0395,true,1,2278056
7290018440193,false,פליפז בייגלה בציפוי קרם בטעם חמאת בוטנים מקוויטיס 140 גרם,תה ויסוצקי (ישראל) בעמ,,בייגלה מצופה קרם בטע,גרמים,140.00,100 גרם,false,,8.90,0.0636,true,1,2280887
7290018440209,false,פליפז בייגלה בציפוי פאדג' לבן מקוויטיס 140 גרם,תה ויסוצקי (ישראל) בעמ,,בייגלה בציפוי פאדג',גרמים,140.00,100 גרם,false,,8.90,0.0636,true,1,2280888
7290018440223,false,תה צ'אי מסאלה 25 שקיקים ויסוצקי,תה ויסוצקי (ישראל) בעמ,,צאי מסאלה,גרמים,50.00,100 גרם,false,,19.90,0.3980,true,1,2328169
7290018440230,false,תה צ'אי ורדים 25 שקיקים ויסוצקי,תה ויסוצקי (ישראל) בעמ,,צאי מסאלה,גרמים,50.00,100 גרם,false,,19.90,0.3980,true,1,2328170
7290018440247,false,תה צ'אי שקדים0 25 שקיקים ויסוצקי,תה ויסוצקי (ישראל) בעמ,,צאי מסאלה,גרמים,50.00,100 גרם,false,,19.90,0.3980,true,1,2328171
7290018440254,false,תה צ'אי קרמל מלוח 25 שקיקים ויסוצקי,תה ויסוצקי (ישראל) בעמ,,צאי מסאלה,גרמים,50.00,100 גרם,false,,19.90,0.3980,true,1,2328172
7290018440384,false,תה ירוק מאטה לימון נענע ויסוצקי 25 יחידות,תה ויסוצקי (ישראל) בעמ,,תה ירוק מאטה לימון נ,גרמים,37.50,100 גרם,false,,22.90,0.6107,true,1,2327124
7290018440391,false,תה ירוק מאטה נענע גוארנה ויסוצקי 25 יחידות,תה ויסוצקי (ישראל) בעמ,,תה ירוק מאטה נענע גו,גרמים,37.50,100 גרם,false,,22.90,0.6107,true,1,2327125
7290018440407,false,מאטה תה ירוק מאטה בטעם קקאו ואגוזי לוז,תה ויסוצקי (ישראל) בעמ,,תה ירוק מאטה קקאו לו,גרמים,37.50,100 גרם,false,,22.90,0.6107,true,1,2327126
7290018440438,false,Calvo טונה בשמן זית פתיחה קלה 3 * 65 גרם,תה ויסוצקי (ישראל) בעמ,,טונה EASY FLIP בשמן,יחידה,0.00,יחידה,false,,22.90,0.0000,true,1,2365985
7290018440445,false,טונה קאלוו בשמן זית 160 גר,"קאלוו קונסרבס ס.ל.יו. ,",,טונה בשמן זית 160 גר,יחידה,0.00,יחידה,false,,13.90,0.0000,true,1,2365986
7290018440476,false,פליפז בייגלה מצופה בקרם עוגת גבינה ותותים מקוויטיס 140 גרם,תה ויסוצקי (ישראל) בעמ,,בייגלה מצופה ברקם עו,גרמים,140.00,100 גרם,false,,8.90,0.0636,true,1,2315262
7290018440513,false,סלט קליפורנייה קאלוו עם טונה 150 גר,"קאלוו קונסרבס ס.ל.יו. ,",,סלט קליפורניה עם טונ,יחידה,0.00,יחידה,false,,11.90,0.0000,true,1,2365989
7290018440520,false,סלט טונה קאלוו מקסיקני 150 גר,"קאלוו קונסרבס ס.ל.יו. ,",,סלט טונה מקסיקני- 15,יחידה,0.00,יחידה,false,,11.90,0.0000,true,1,2365990
7290018440896,false,הגן הקסום חליטה ג'ינגר כורכום ויסוצקי 25 יח,תה ויסוצקי (ישראל) בעמ,,חליטת ג'ינג'ר וכרכום,גרמים,50.00,100 גרם,false,,17.90,0.3580,true,1,2334088
7290018441626,false,גלידת פיינטים מנטה עוגיות 430 ג' בן וג'ירי,מוצרי איכות אמריקאיים בעמ,,גלידת פיינט מנטה עו,מיליליטרים,500.00,"100 מ""ל",false,,24.90,0.0498,true,1,2329406
7290018441916,false,תות שדה קפוא מהדרין 300 גרם,מוצרי איכות אמריקאיי,,תות שדה קפוא,גרמים,300.00,100 גרם,false,,10.90,0.0363,true,1,2307325
7290018468425,false,נקניק טבעוני בטעם פיקנטי 100 גרם טירת צבי,תנובה מרכז שיתופי לשיווק תוצרת,,נקניק טבעוני בטעם פי,גרמים,100.00,100 גרם,false,,19.90,0.1990,true,1,2371473
7290018468432,false,נקניק טבעוני בטעם מעושן 100 גרם טירת צבי,תנובה מרכז שיתופי לשיווק תוצרת,,נקניק טבעוני בטעם מע,גרמים,100.00,100 גרם,false,,19.90,0.1990,true,1,2371474
7290018471197,false,פרוט אנד ווג` תפוח בננה מלון נענע 1 ליטר,יפאורה שותפות מוגבלת לשיווק,,משקה קל תפוח בננה מל,ליטרים,1.00,100 ליטר,false,,12.90,12.9000,true,1,2293785
7290018471210,false,ספרינג נקטר אגס סברס תפוח 1ליטר קרטוני,יפאורה שותפות מוגבלת לשיווק,,ספרינג אגס סברס תפוח,ליטרים,1.00,ליטר,false,,6.60,6.6000,true,1,2293786
7290018471395,false,משקה פרוט& ווג' תפוח רימון ג'ינג'ר 1 ליטר,יפאורה שותפות מוגבלת לשיווק,,משקה קל תפוח רימון ס,ליטרים,1.00,100 ליטר,false,,12.90,12.9000,true,1,2293787
7290018471401,false,משקה פרוט& ווג' אננס בננה כורכום 1 ליטר,יפאורה שותפות מוגבלת לשיווק,,משקה קל תפוח אננס בנ,ליטרים,1.00,100 ליטר,false,,12.90,12.9000,true,1,2293788
7290018471449,false,קרטונית ספרינג שייק בננה תמר תפוז 1 ליטר,יפאורה - שותפות מוגבלת לשיווק,,ספרינג שייק 1 ליטר ב,ליטרים,1.00,ליטר,false,,12.60,12.6000,true,1,2311205
7290018471456,false,ספרינג שייק אננס מנגו פסיפלורה קרטונית 1 ליטר,יפאורה שותפות מוגבלת לשיווק,,ספרינג שייק 1 ליטר א,ליטרים,1.00,ליטר,false,,12.60,12.6000,true,1,2311206
7290018471463,false,תפוזינה נקטר תפוז מנגו קרטונית 1 ליטר,יפאורה שותפות מוגבלת לשיווק,,תפוזינה נקטר תפוז מנ,ליטרים,1.00,ליטר,false,,6.60,6.6000,true,1,2299487
7290018471470,false,תפוזינה נקטר תפוז פסיפלורה קרטונית 1 ליטר,יפאורה שותפות מוגבלת לשיווק,,תפוזינה נקטר תפוז פס,ליטרים,1.00,ליטר,false,,6.60,6.6000,true,1,2299488
7290018471487,false,תפוזינה נקטר תפוז אננס קרטונית 1 ליטר,יפאורה שותפות מוגבלת לשיווק,,תפוזינה נקטר תפוז אנ,ליטרים,1.00,ליטר,false,,6.60,6.6000,true,1,2299489
7290018471494,false,תפוזינה משקה תפוז גזר קרטונית 1 ליטר,יפאורה שותפות מוגבלת לשיווק,,תפוזינה נקטר תפוז גז,ליטרים,1.00,ליטר,false,,6.60,6.6000,true,1,2299490
7290018471623,false,שוופס טוניק אשכוליות ליצ`י 1 ליטר,יפאורה שותפות מוגבלת לשיווק,,שוופס טוניק אשכוליות,ליטרים,1.00,ליטר,false,,9.90,9.9000,true,1,2304125
7290018471906,false,שוופס מוגז פירות לימונדה ורודה 1.5 ליטר פיקדון,יפאורה - שותפות מוגבלת לשיווק,,שוופס מוגז 1.5 ליטר,ליטרים,1.50,ליטר,false,,9.50,6.3333,true,1,2329567
7290018471913,false,משקה מוגז פירות תפוחים שוופס 1.5 ליטר,יפאורה - שותפות מוגבלת לשיווק,,שוופס תפוח מוגז 1.5,ליטרים,1.50,ליטר,false,,9.50,6.3333,true,1,2329568
7290018471920,false,שוופס מוגז פירות ענבים 1.5 ליטר פיקדון,יפאורה - שותפות מוגבלת לשיווק,,שוופס ענבים מוגז 1.5,ליטרים,1.50,ליטר,false,,9.50,6.3333,true,1,2329569
7290018471937,false,שוופס מוגז פירות תות ליים 1.5 ליטר פיקדון,יפאורה - שותפות מוגבלת לשיווק,,שוופס תות ליים מוגז,ליטרים,1.50,ליטר,false,,9.50,6.3333,true,1,2329570
7290018471944,false,שוופס מוגז פירות לימונייד 1.5 ליטר פיקדון,יפאורה - שותפות מוגבלת לשיווק,,שוופס מוגז 1.5 ליטר,ליטרים,1.50,ליטר,false,,9.50,6.3333,true,1,2329571
7290018471951,false,שוופס מוגז פירות אשכולית אדומה 1.5 ליטר פיקדון,יפאורה - שותפות מוגבלת לשיווק,,שוופס אשכולית אדומה,ליטרים,1.50,ליטר,false,,9.50,6.3333,true,1,2329572
7290018493144,false,קמיל קלין &נוריש אל סבון מועשר בשמן ארגן 1 ליטר,"פישר תעשיות פרמצביטות בע""מ",,קמיל קלין אל סבון 1,ליטרים,1.00,ליטר,false,,15.90,15.9000,true,1,2279484
7290018493403,false,"ד""ר פישר - קידס קצף אמבט ויטמינים 750 מ""ל",פישר תעשיות פרמבצטיות בעמ,,"קצף אמבט קידס 750 מ""",מיליליטרים,750.00,"100 מ""ל",false,,16.90,0.0225,true,1,2301751
7290018493915,false,"ד""ר פישר - שמן גוף לתינוק מעושר בשמן שקדים 200 מ""ל",פישר תעשיות פרמצבטיות בעמ,,שמן תינוקות קמיל בלו,מיליליטרים,200.00,"100 מ""ל",false,,17.90,0.0895,true,1,2358592
7290018516102,false,פרימו קטניפ לחתולים,פרמיו Premio,,פרמיו קטניפ 15ג',גרמים,15.00,100 גרם,false,,6.90,0.4600,true,1,2372705
7290018516256,false,פרמיו לגורי כלבים עו,שחורי אריה ואנסטסיה,,פרמיו עוף וחלב לגור,גרמים,150.00,100 גרם,false,,3.90,0.0260,true,1,2372706
7290018516324,false,פאוץ' פרינוק תפוח עץ עם שיבולת שועל 120 גרם,גורי מוצרי צריכה (1991) בעמ,,חטיפטף פרינוק תפוח ו,גרמים,120.00,100 גרם,false,,5.90,0.0492,true,1,2327954
7290018516331,false,פאוץ' פרינוק תפוח בננה ושיבולת שועל 120 גרם,גורי מוצרי צריכה (1991) בעמ,,חטיפטף פרינוק תפוח ב,גרמים,120.00,100 גרם,false,,5.90,0.0492,true,1,2327959
7290018516348,false,פאוץ' פרינוק סלט פירות ושיבולת שועל 120 גרם,גורי מוצרי צריכה (1991) בעמ,,חטיפטף פרינוק סלט פי,גרמים,120.00,100 גרם,false,,5.90,0.0492,true,1,2327960
7290018516362,false,מחיט תפוח עץ בננה ושבולות שועל 190 ג' פרינוק גוניור,גורי מוצרי צריכה (1991) בעמ,,מחית פרינוק בננה+ש.ש,גרמים,190.00,100 גרם,false,,5.90,0.0311,true,1,2331902
7290018516379,false,מחיט סלט פירות ושבולות שועל 190 ג' פרינוק גוניור,גורי מוצרי צריכה (1991) בעמ,,מחית ג'וניות סלט פיר,גרמים,190.00,100 גרם,false,,5.90,0.0311,true,1,2331903
7290018516751,false,"פרמיו סופרים עוף וסלמון לחתלתול 3ק""ג",שחורי אריה ואנסטסיה,,פרמיו סופרים עוף וסל,קילוגרמים,3.00,"ק""ג",false,,59.90,19.9667,true,1,2372982
7290018516959,false,פרמיו סופרים מועשר בעוף לכלב מגזע ננסי 3,שחורי אריה ואנסטסיה,,פרמיו סופרים עופות ל,קילוגרמים,3.00,"ק""ג",false,,59.90,19.9667,true,1,2372984
7290018571507,false,סוכריות ויטמין סי לילדים דובונים יד למעלה 175 גרם מיה פלוס,מיה תעשיות מזון מ.ת.מ בעמ,,סוכריות ויטמין סי דו,גרמים,175.00,100 גרם,false,,39.90,0.2280,true,1,2376318
7290018571514,false,סוכריות ויטמין די ילדים דובונים יד למעלה 175 גרם מיה פלוס,מיה תעשיות מזון מ.ת.מ בעמ,,סוכריות ויטמין די דו,גרמים,175.00,100 גרם,false,,39.90,0.2280,true,1,2376323
7290018571521,false,סוכריות מולטי ויטמין ילדים דובונים יד למעלה 175 גרם מיה פלוס,מיה תעשיות מזון מ.ת.מ בעמ,,סוכריות מולטי ויטמין,גרמים,175.00,100 גרם,false,,39.90,0.2280,true,1,2376324
7290018571538,false,סוכריות חורף פרופוליס אכיניציה ילדים דובונים יד למעלה 175 גרם מיה פלוס,מיה תעשיות מזון מ.ת.מ בעמ,,סוכריות פרופוליס אכנ,גרמים,175.00,100 גרם,false,,39.90,0.2280,true,1,2376325
7290018571552,false,סוכריות ג'לי ללא סוכר עם חומצות שומן אומגה 3 למבוגרים,מיה תעשיות מזון מ.ת.מ בעמ,,סוכריות אומגה 3 ילדי,גרמים,240.00,100 גרם,false,,39.90,0.1662,true,1,2376331
7290018571620,false,סוכריות מולטי ויטמין נשים מבוגרים גבעות מיה פלוס 240 גרם,מיה תעשיות מזון מ.ת.מ בעמ,,סוכריות מולטי ויטמין,גרמים,240.00,100 גרם,false,,39.90,0.1662,true,1,2376333
7290018571637,false,סוכריות מולטי ויטמין גברים מבוגרים גבעות  220 גרם מיה פלוס,מיה תעשיות מזון מ.ת.מ בעמ,,סוכריות מולטי ויטמין,גרמים,220.00,100 גרם,false,,39.90,0.1814,true,1,2376334
7290018571644,false,סוכריות ג'לי ללא סוכר מולטי ויטמין בשילוב תוספת ביוטין,מיה תעשיות מזון מ.ת.מ בעמ,,סוכריות קוסמטיקה מבו,גרמים,210.00,100 גרם,false,,39.90,0.1900,true,1,2376335
7290018571668,false,"סוכריות ג'לי עם ויטמינים C, D3 ואבץ לילדים ומבוגרים",מיה תעשיות מזון מ.ת.מ בעמ,,סוכריות C+D+אבץ משפח,גרמים,210.00,100 גרם,false,,39.90,0.1900,true,1,2376345
7290018571682,false,גריל עוף בצנצנת מיה 300 גרם,מיה תעשיות מזון מ.ת.מ בעמ,,תערובת לתיבול גריל ע,גרמים,300.00,100 גרם,false,,29.90,0.0997,true,1,2348425
7290018571736,false,אורז בסמטי הודי 1ק''ג,מיה תעשיות מזון מ.ת.מ. בעמ,,אורז בסמטי 1 קג,קילוגרמים,1.00,"ק""ג",false,,12.90,12.9000,true,1,2362512
7290018652671,false,"לה קרמריה שוקולד וניל 1.4 ליטר [תו אי""ל]",נגה גלידות שותפות מוגבלת,,גלידה ל'קרמריה שוקול,ליטרים,1.40,ליטר,false,,20.90,14.9286,true,1,2354323
7290018652886,false,שלגונים בשומן צמחי בטעמי שוקו ובננה מצופים צימקאו,נגה גלידות שותפות מוגבלת,,מאגדת מצופים שוקו בנ,יח',8.00,יח',false,,27.90,3.4875,true,1,2354355
7290018677223,false,"פוזילי כוסמת לל""ג אורגני 250 גרם",,,פסטPRO אורגני ללא גל,גרמים,250.00,100 גרם,false,,16.90,0.0676,true,1,2346881
7290018703083,false,פראוד חטיף חלבון דאבל שוקולד 60 גרם קראנץ,דיפלומט מפיצים (1968) בעמ**,,חטיף פרוטאין דאבל ש,גרמים,60.00,100 גרם,false,,12.90,0.2150,true,1,2354638
7290018703229,false,חטיף חלבון טבעוני בטעם שוקולד אגוזי לו,דיפלומט מפיצים (1968) בעמ**,,חטיף פרוטאין טבעוני,גרמים,60.00,100 גרם,false,,12.90,0.2150,true,1,2354639
7290018703243,false,חטיף חלבון טבעוני בטעם קרמל קראנצ 60גר,דיפלומט מפיצים (1968) בעמ**,,חטיף פרוטאין טבעוני,גרמים,60.00,100 גרם,false,,12.90,0.2150,true,1,2354640
7290018708118,false,חלבה וניל פיסטוק ללא סוכר בארכה 350 גרם,קבוצת אוסם סחר-שות.מוגבלת,,חלבה וניל פיסטוק ללא,גרמים,350.00,100 גרם,false,,15.90,0.0454,true,1,2330216
7290018724552,false,קמח שקדים ללא גלוטן 250 גרם,י.איטליאנו אחזקות בעמ,,קמח שקדים ללא גלוטן,גרמים,250.00,100 גרם,false,,23.90,0.0956,true,1,2327354
7290018825020,false,תפוא לבן לאפייה דוד משה גורמה,תוצרת הנגב אגודה שיתופית חקלאי,,תפוח אדמה גורמה,קילוגרמים,1.00,"ק""ג",true,,5.90,5.9000,true,1,2324737
7290018825228,false,תפוא אדום לטיגון דוד משה גורמה,תוצרת הנגב אגודה שיתופית חקלאי,,תפוחי אדמה אדום ארוז,קילוגרמים,1.00,"ק""ג",true,,5.90,5.9000,true,1,2324742
7290018825822,false,תפוא לבן ארוז דוד מש,חקלאי,,תפוחי אדמה לבן ארוז,קילוגרמים,1.00,"ק""ג",true,,4.90,4.9000,true,1,2324743
7290018893005,false,"חטיפי בייגלה אפוי בטעם חרדל ודבש, 160 גרם",ש.שסטוביץ בעמ,,חטיף בייגלה אפוי בטע,גרמים,160.00,100 גרם,false,,6.90,0.0431,true,1,2327672
7290018893036,false,צ'וקטה ביסקוויט בטעם שוקוטלד במילוי קרם בטעם וניל 176 גרם,ש. שסטוביץ בע`מ,,עוגיות סנדוויץ בטעם,גרמים,176.00,100 גרם,false,,6.90,0.0392,true,1,2327653
7290018893081,false,עוגות מגולגלות במילוי קרם חלבי וציפוי בטעם שוקולד,ש. שסטוביץ בע`מ,,צוקטה עוגות מגולגלות,גרמים,222.00,100 גרם,false,,9.90,0.0446,true,1,2328033
7290018893098,false,צ'וקטה עוגויות ביסקוויט מצופה שוקולד חלב 100 גרם,דיסטרופר אוליבייר,,עוגיות מצופות בשוקול,גרמים,100.00,100 גרם,false,,10.90,0.1090,true,1,2332234
7290018893104,false,צ'וקטה עוגויות ביסקוויט מצופה שוקולד מריר 100 גרם,דיסטרופר אוליבייר,,עוגיות מצופות בשוקול,גרמים,100.00,100 גרם,false,,10.90,0.1090,true,1,2332235
7290018893111,false,צ'וקטה שוקולד מריר בלגי 70% 100 גרם,ש. שסטוביץ בע`מ,,שוקולד מריר בלגי 70%,גרמים,100.00,100 גרם,false,,8.90,0.0890,true,1,2336110
7290018893135,false,מקלות אפויים בתוספת מלח Salty,ש.שסטוביץ בעמ,,גריסיני צ'וקטה מלח 1,גרמים,120.00,100 גרם,false,,5.90,0.0492,true,1,2358466
7290018893142,false,צ'וקטה גריסיני בתוספת שמן זית 120 גרם,ש.שסטוביץ בעמ,,גריסיני צ'וקטה שמן ז,גרמים,120.00,100 גרם,false,,5.90,0.0492,true,1,2358467
7290018893258,false,צ'וקטה עוגות אישיות במילוי קרם קרמל ובציפוי בטעם שוקולד 300 גרם,פרדי קונדיטוריה אס.פ,,צוקטה עוגות אישיות.,גרמים,300.00,100 גרם,false,,11.90,0.0397,true,1,2315041
7290018893265,false,צ'וקטה עוגות אישיות בטעם שוקולד מריר 8 יח 240 גרם,"פרדי קונדיטוריה אס,פי.אי",,צוקטה עוגות אישיות.,גרמים,240.00,100 גרם,false,,14.90,0.0621,true,1,2315034
7290018893272,false,צוקטה בונבוניירה צדפות בלגי יוגטה 125 גרם,ש. שסטוביץ בע`מ,,בונבוניירה צדפות בלג,גרמים,125.00,100 גרם,false,,9.90,0.0792,true,1,2327673
7290018893289,false,צ'וקטה עוגות מגולגלות בטעם קקאו במילוי קרם קקאו וציפוי בטעם שוקולד 6 יח' 222 גרם,ש. שסטוביץ בע`מ,,צוקטה עוגות מגולגלות,גרמים,222.00,100 גרם,false,,9.90,0.0446,true,1,2328034
7290018893296,false,עוגיות חמאה מצופות שוקולד בעיטורי שוקולד לבן 100 ג',דיסטרופר אוליבייר,,עוגיות מיני חמאה מצו,גרמים,100.00,100 גרם,false,,8.90,0.0890,true,1,2330508
7290018893319,false,צ'וקטה שוקולד מריר בלגי 85% 100 גרם משולש K,ש. שסטוביץ בע`מ,,שוקולד מריר בלגי 85%,גרמים,100.00,100 גרם,false,,8.90,0.0890,true,1,2336112
7290018893340,false,מקלות אפויים בתוספת שומשום Salty,ש. שסטוביץ בע`מ,,גריסיני צ'וקטה שומשו,גרמים,120.00,100 גרם,false,,5.90,0.0492,true,1,2358468
7290018893401,false,צ'וקטה שוקולד מריר מוצקי קקאו 100 70% גרם,ש.שסטוביץ בעמ,,שוקולד מריר 70% צוקט,גרמים,100.00,100 גרם,false,,5.90,0.0590,true,1,2327686
7290018893418,false,שישיית צ'וקטה שוקולד מריר 60% מוצקי קקאו,ש. שסטוביץ בע`מ,,שוקולד מריר 60% שישי,גרמים,600.00,100 גרם,false,,19.90,0.0332,true,1,2327683
7290018893449,false,עלי וופל דקים במילוי קרמל צ'וקטה 175 גרם,ש. שסטוביץ בע`מ,,וופל במילוי קרמל צוק,גרמים,175.00,100 גרם,false,,8.90,0.0509,true,1,2328371
7290018893456,false,צ'וקטה עוגות אישיות במילוי קרם ובציפוי בטעם שוקולד 300 גרם,"פרדי קונדיטוריה אס,פי.אי",,צוקטה עוגות אישיות.,גרמים,300.00,100 גרם,false,,11.90,0.0397,true,1,2315035
7290018893487,false,צ`וקוטה עוגות אישיות טעם קוקוס 350 גרם,פרדי קונדטוריה אס פי,,צוקטה עוגות אישיות.,גרמים,350.00,100 גרם,false,,11.90,0.0340,true,1,2328035
7290018893494,false,עלי וופל דקים בטעם חמאה צ'וקטה 100 גרם,דיסטרופר אוליבייר,,עלי וופל דקים בטעם ח,גרמים,100.00,100 גרם,false,,8.90,0.0890,true,1,2327687
7290018893500,false,צ'וקטה עוגיות סנדביץ שוקו 180 גרם חלב נכרי,ש.שסטוביץ בעמ,,עוגיות סנדביץ שוקו צ,גרמים,180.00,100 גרם,false,,6.90,0.0383,true,1,2332236
7290018893517,false,צ'וקטה בייגלה שטוח מצופה שוקולד מריר 80 גרם,ש.שסטוביץ בעמ,,בייגלה שטוח מצופה שו,גרמים,80.00,100 גרם,false,,6.90,0.0863,true,1,2334723
7290018893609,false,שוקולד מריר פרימיום 85% 100 גרם איגוד רבנים,ש.שסטוביץ בעמ,,שוקולד מריר 85% צוקט,גרמים,100.00,100 גרם,false,,5.90,0.0590,true,1,2327688
7290018893616,false,מארז צוקטה שוקולד מריר 48% 6*100 גר,ש. שסטוביץ בע`מ,,שישיית שוקולד מריר צ,גרמים,600.00,100 גרם,false,,19.90,0.0332,true,1,2327689
7290018893647,false,עוגיות סנדוויץ במילוי קרם וניל בציפוי שוקולד 150 גרם צ'וקטה,ש.שסטוביץ בעמ,,ביסקוויט סנדווי'ץ מצ,גרמים,150.00,100 גרם,false,,10.90,0.0727,true,1,2327690
7290018893661,false,עוגות אישיות במילוי קרם קקאו ציפוי בטעם שוקולד מריר,"פרדי קונדיטוריה אס,פי.אי",,צוקטה עוגות אישיות,גרמים,240.00,100 גרם,false,,14.90,0.0621,true,1,2315036
7290018893708,false,עוגיות סנדוויץ' במילוי קרם בטעם שוקולד,ש.שסטוביץ בעמ,,עוגיות סנדווי'ץ במיל,גרמים,250.00,100 גרם,false,,10.90,0.0436,true,1,2332241
7290018893715,false,צ'וקטה בייגלה שטוח מצופה שוקולד חלב 80 גרם,ש.שסטוביץ בעמ,,בייגלה שטוח מצופה שו,גרמים,80.00,100 גרם,false,,6.90,0.0863,true,1,2334724
7290018893753,false,עלי וופל חמאה בטעם לימון 100 גר` צוקטה,ש.שסטוביץ בעמ,,וופל חמאה בטעם לימון,גרמים,100.00,100 גרם,false,,8.90,0.0890,true,1,2363026
7290018893807,false,צוקטה בטעם שוקולד מריר 60% 3 יח' 300 גרם,אייברקקאו אס אי. יו,,שוקולד מריר 60% שליש,גרמים,300.00,100 גרם,false,,11.90,0.0397,true,1,2327691
7290018893814,false,צ'וקטה חמישיית שוקולד מריר 48%,הדקלאים אגודת שיתופי,,שוקולד מריר 48% אריז,גרמים,500.00,100 גרם,false,,17.90,0.0358,true,1,2327692
7290018893845,false,פתי בר ביסקוויט בטעם חמאה 400 גרם צ'וקטה,ש. שסטוביץ בע`מ,,ביסקוויט בטעם חמאה,גרמים,400.00,100 גרם,false,,6.90,0.0173,true,1,2327675
7290018893876,false,עוגות אישיות רכות עם מילוי קרם בטעם וניל,פרדי קונדיטוריה אס.פ,,צוקטה עוגות אישיות.,גרמים,200.00,100 גרם,false,,14.90,0.0745,true,1,2315042
7290018893906,false,עוגיות סנדוויץ' במילוי קרם בטעם וניל,ש.שסטוביץ בעמ,,עוגיות סנדווי'ץ במיל,גרמים,250.00,100 גרם,false,,10.90,0.0436,true,1,2332242
7290018893913,false,"צ`וקטה ממרח אגוזי לוז עם מקלות גריסיני קקאו, 52 גרם",ש.שסטוביץ בעמ,,ממרח אגוזי לוז עם קק,גרמים,52.00,100 גרם,false,,5.90,0.1135,true,1,2350103
7290018893920,false,לוקיטוס סוכריות ג'לי בטעמי פירות 700 גרם,ש. שסטוביץ בע`מ,,סוכריות ג'לי בטעמי פ,גרמים,700.00,100 גרם,false,,17.90,0.0256,true,1,2375663
7290018893951,false,עלי וופל חמאה בטעם קינמון 100 גר` צוקטה,ש.שסטוביץ בעמ,,עוגיות וופל חמאה וקי,גרמים,100.00,100 גרם,false,,8.90,0.0890,true,1,2364544
7290018894002,false,קוביות וופל במילוי קרם קקאו - חלבי,ש. שסטוביץ בע`מ,,וופל קוביות קקאו בלק,גרמים,250.00,100 גרם,false,,9.90,0.0396,true,1,2337642
7290018894019,false,עוגות אישיות במילוי קרם חלבי ובציפוי קרם קקאו,ש. שסטוביץ בע`מ,,עוגות מיקס מקס חלב ב,גרמים,350.00,100 גרם,false,,11.90,0.0340,true,1,2337890
7290018894040,false,צ'וקטה שוקולד שוקולד חלב 5*100 גרם,ש. שסטוביץ בע`מ,,שוקולד חלב 1/5 100גר,גרמים,100.00,100 גרם,false,,19.90,0.1990,true,1,2376937
7290018894200,false,וופל קוביות ווניל בלקוני 250 גרם,ש. שסטוביץ בע`מ,,וופל קוביות וניל בלק,גרמים,250.00,100 גרם,false,,9.90,0.0396,true,1,2337643
7290018894217,false,עוגות אישיות במילוי קרם קקאו ובציפוי קרם קקאו,ש. שסטוביץ בע`מ,,עוגות מיקס מקס קקאו,גרמים,350.00,100 גרם,false,,11.90,0.0340,true,1,2337891
7290018894248,false,צ'וקטה - שוקולד חלב שלישייה 3 * 100 גרם,ש. שסטוביץ בע`מ,,שוקולד חלב שלישייה צ,גרמים,300.00,100 גרם,false,,11.90,0.0397,true,1,2373165
7290018894408,false,קוביות וופל במילוי קרם אגוזי לוז - חלבי,ש. שסטוביץ בע`מ,,וופל קוביות אגוזים ב,גרמים,250.00,100 גרם,false,,9.90,0.0396,true,1,2337644
7290018894606,false,בלקוני וופל קקאו 175 גרם חלבי OU,ש. שסטוביץ בע`מ,,וופל קקאו בלקוני 175,גרמים,175.00,100 גרם,false,,7.90,0.0451,true,1,2337645
7290018894804,false,וופלים במילוי קרם אגוזי לוז - חלבי,ש. שסטוביץ בע`מ,,וופל אגוזים בלקוני 1,גרמים,175.00,100 גרם,false,,7.90,0.0451,true,1,2337646
7290018921029,false,"ד""ר פישר - קמיל בלו מגבוני סנסיטיב 64 יח' * 4","פישר תעשיות פרמבצטיות בע""מ",,רביעיית מגבוני קמיל,64 יח',256.00,64 יח',false,,21.90,0.0855,true,1,2334293
7290018921067,false,"ד""ר פישר - אפקטיב קר תחליב רחצה שמן שקדים 700 מ""ל","פישר תעשיות פרמצביטות בע""מ",,תחליב רחצה אפקטיב קר,מיליליטרים,700.00,"100 מ""ל",false,,12.90,0.0184,true,1,2334284
7290018921166,false,קמיל אל סבון להזנת העור מועשר באצות-ים 1 ליטר,פישר תעשיות פרמבצטיות בעמ,,קמיל בלו אל סבון 1,ליטרים,1.00,ליטר,false,,15.90,15.9000,true,1,2328023
7290018921449,false,קמיל בלו מגבונים תפרחת חיתולים רביעייה,"פישר תעשיות פרמבצטיות בע""מ",,רביעיית מגבוני קמיל,56 יח',224.00,56 יח',false,,24.90,0.1112,true,1,2334294
7290018921609,false,"ד""ר פישר - קמיל בלו קרם החתלה קלנדולה 120 גרם","פישר תעשיות פרמצבטיות בע""מ",,משחה לתינוק קמיל בלו,גרמים,120.00,100 גרם,false,,14.90,0.1242,true,1,2370735
7290018921616,false,רביעיית מגבוני קמיל בלו שיבולת שועל 64 יח',"פישר תעשיות פרמצביטות בע""מ",,רביעיית מגבוני שיבול,64 יח',256.00,64 יח',false,,22.90,0.0895,true,1,2334295
7290018921654,false,"ד""ר פישר - אפקטיב קר תחליב רחצה תמצית לוונדר 700 מ""ל","פישר תעשיות פרמצביטות בע""מ",,תחליב רחצה אפקטיב קר,מיליליטרים,700.00,"100 מ""ל",false,,12.90,0.0184,true,1,2334287
7290018921753,false,קמיל אל סבון היגייני לניקוי יסודי מועשר בלחות 1 ליטר,פישר תעשיות פרמצבטיות בעמ,,קמיל בלו אל סבון 1,ליטרים,1.00,ליטר,false,,15.90,15.9000,true,1,2328024
7290018921852,false,"תחליב רחצה מועשר בשמן ארגן 700 מ""ל אפקטיב קר","פישר תעשיות פרמצבטיות בע""מ",,תחליב רחצה אפקטיב קר,מיליליטרים,700.00,"100 מ""ל",false,,12.90,0.0184,true,1,2334288
7290018925065,false,מיץ תפוזים סחוט פרימור (2 ליטר),שטראוס גרופ בעמ/מצונן,,מיץ תפוזים סחוט 2 לי,ליטרים,2.00,ליטר,false,,26.90,13.4500,true,1,2327913
7290018925072,false,פרימור טרי מיץ לימונים עם נענע 2 ליטר,שטראוס גרופ בעמ/מצונן,,משקה לימונים ונענע 2,ליטרים,2.00,ליטר,false,,26.90,13.4500,true,1,2327914
7290018925089,false,"מיץ פרימור תפו""ע צלול סחוט 2 ליטר-",שטראוס גרופ בעמ/מצונן,,מיץ תפוחים צלול 2 לי,ליטרים,2.00,ליטר,false,,26.90,13.4500,true,1,2327915
7290018925096,false,משקה קל תפוזים פרימור 1.5 ליטר,פרימור,,משקה קל תפוזים 1.5 ל,ליטרים,1.50,ליטר,false,,7.90,5.2667,true,1,2327284
7290018925102,false,משקה קל ענבים פרימור 1.5 ליטר,גניר (1992) בעמ,,משקה קל ענבים 1.5 לי,ליטרים,1.50,ליטר,false,,7.90,5.2667,true,1,2327285
7290018925119,false,משקה קל דיאט אשכוליות פרימור 1.5 ליטר,פרימור,,משקה קל דיאט אשכוליו,ליטרים,1.50,ליטר,false,,7.90,5.2667,true,1,2327293
7290018925126,false,משקה קל תפוחי עץ פרימור 1.5 ליטר,גניר (1992) בעמ,,משקה קל תפוחי עץ 1.,ליטרים,1.50,ליטר,false,,7.90,5.2667,true,1,2327286
7290018925133,false,פרימור משקה קל מנגו ‏5‏.‏1‏ ליטר,פרימור,,משקה קל מנגו 1.5 ליט,ליטרים,1.50,ליטר,false,,7.90,5.2667,true,1,2327294
7290018925140,false,משקה קל אשכוליות פרימור 1.5 ליטר,פרימור,,משקה קל אשכוליות 1.5,ליטרים,1.50,ליטר,false,,7.90,5.2667,true,1,2327287
7290018925157,false,משקה קל לימונים פרימור 1.5 ליטר,פרימור,,משקה קל לימונים 1.5,ליטרים,1.50,ליטר,false,,7.90,5.2667,true,1,2327295
7290018925164,false,משקה קל תות בננה פרימור 1.5 ליטר,פרימור,,משקה קל תות בננה 1.5,ליטרים,1.50,ליטר,false,,7.90,5.2667,true,1,2327288
7290018989005,false,שלישיית פולפה עגבניות טבעי יכין 400X3 גרם,זנלכול יכין,,שימורי עגבניות פולפה,גרמים,1200.00,100 גרם,false,,16.90,0.0141,true,1,2337420
7290019015154,false,"מבשם אוויר בוהו 250 מ""ל",,,מבשם אווירה בוהו (פר,יחידה,0.00,יחידה,false,,29.90,0.0000,true,1,2333260
7290019015215,false,"דפיוזר ווד מוד 50 מ""ל",,,דפיוזר ווד מוד 50,יחידה,0.00,יחידה,false,,39.90,0.0000,true,1,2333264
7290019015642,false,"בקבוק טריטן 520 מ""ל",,,"בקבוק טריטן 520 מ""ל",יחידה,0.00,יחידה,false,,24.90,0.0000,true,1,2352794
7290019015680,false,כפפת רחצה מסיבים מסו,,,כפפת רחצה,יחידה,0.00,יחידה,false,,15.90,0.0000,true,1,2366013
7290019015697,false,מוסקו רצועות/מברשת ר,,,רצועת רחצה,יחידה,0.00,יחידה,false,,14.90,0.0000,true,1,2366014
7290019015710,false,מטלית רחצה מסיבים מס,,,מטלית רחצה,יחידה,0.00,יחידה,false,,19.90,0.0000,true,1,2366016
7290019015796,false,"קערה קטנה 15 ס""מ במב",,,"קערה קטנה 15 ס""מ במב",יחידה,0.00,יחידה,false,,14.90,0.0000,true,1,2352797
7290019015826,false,צלחת מנה ראשונה 20 ס,,,צלחת מנה ראשונה 20 ס,יחידה,0.00,יחידה,false,,9.90,0.0000,true,1,2352800
7290019015833,false,צלחת מנה עיקרית 25 ס,,,צלחת מנה עיקרית 25 ס,יחידה,0.00,יחידה,false,,14.90,0.0000,true,1,2352801
7290019015840,false,כוס שתייה במבוק,,,כוס שתייה במבוק,יחידה,0.00,יחידה,false,,9.90,0.0000,true,1,2352802
7290019015864,false,כלי ששת במבמוק,,,כלי ששת במבמוק,יחידה,0.00,יחידה,false,,14.90,0.0000,true,1,2352804
7290019056027,false,שוופס מוגז פירות תפוחים ללא סוכר 1.5 ליטר פיקדון,יפאורה - שותפות מוגבלת לשיווק,,שוופס מוגז תפוחים לל,ליטרים,1.50,ליטר,false,,8.90,5.9333,true,1,2329573
7290019056034,false,שוופס מוגז פירות אננס ללא סוכר 1.5 ליטר פיקדון,יפאורה - שותפות מוגבלת לשיווק,,שוופס מוגז אננס ללא,ליטרים,1.50,ליטר,false,,8.90,5.9333,true,1,2329574
7290019056041,false,שוופס מוגז פירות לימונייד ללא סוכר 1.5 ליטר פיקדון,יפאורה - שותפות מוגבלת לשיווק,,שוופס מוגז פירות ללא,ליטרים,1.50,ליטר,false,,8.90,5.9333,true,1,2329575
7290019056058,false,שוופס מוגז עדין תפוח ליים 1.5 ליטר פיקדון,יפאורה - שותפות מוגבלת לשיווק,,שוופס מוגז עדין 1.5,ליטרים,1.50,ליטר,false,,8.90,5.9333,true,1,2329558
7290019056065,false,שוופס מוגז עדין פירות יער 1.5 ליטר פיקדון,יפאורה - שותפות מוגבלת לשיווק,,שוופס מוגז עדין 1.5,ליטרים,1.50,ליטר,false,,8.90,5.9333,true,1,2329559
7290019056072,false,שוופס מוגז עדין אננס 1.5 ליטר פיקדון,יפאורה - שותפות מוגבלת לשיווק,,שוופס מוגז עדין 1.5,ליטרים,1.50,ליטר,false,,8.90,5.9333,true,1,2329560
7290019056089,false,שוופס מוגז עדין ענבי ריזלינג 1.5 ליטר פיקדון,יפאורה - שותפות מוגבלת לשיווק,,שוופס ריזלינג מוגז ע,ליטרים,1.50,ליטר,false,,8.90,5.9333,true,1,2329561
7290019056096,false,שוופס מוגז עדין אפרסק 1.5 ליטר פיקדון,יפאורה - שותפות מוגבלת לשיווק,,שוופס מוגז עדין 1.5,ליטרים,1.50,ליטר,false,,8.90,5.9333,true,1,2329576
7290019056119,false,שוופס סודה 1.5 ליטר פיקדון,יפאורה שותפות מוגבלת לשיווק,,סודה שוופס 1.5 ליטר,ליטרים,1.50,ליטר,false,,3.20,2.1333,true,1,2329536
7290019056126,false,שוופס סודה לימון 1.5 ליטר בק' בודד פיקדון,יפאורה - שותפות מוגבלת לשיווק,,שוופס סודה לימון 1.5,ליטרים,1.50,ליטר,false,,3.20,2.1333,true,1,2329537
7290019056133,false,שוופס סודה נענע ליים 1.5 ליטר בק' בודד,יפאורה שותפות מוגבלת לשיווק,,סודה שוופס נענע ליים,ליטרים,1.50,ליטר,false,,3.20,2.1333,true,1,2329538
7290019056157,false,שוופס סודה פירות יער 1.5 ליטר בק' בודד פיקדון,יפאורה - שותפות מוגבלת לשיווק,,סודה שוופס פירות יער,ליטרים,1.50,ליטר,false,,3.20,2.1333,true,1,2329562
7290019056164,false,שוופס סודה 1.5 ליטר רביעייה פיקדון,יפאורה - שותפות מוגבלת לשיווק,,מארז שוופס סודה 1.5,ליטרים,6.00,ליטר,false,,12.10,2.0167,true,1,2329525
7290019056171,false,שוופס סודה לימון 1.5 ליטר רביעייה פיקדון,יפאורה - שותפות מוגבלת לשיווק,,רביעית שוופס סודה לי,ליטרים,6.00,ליטר,false,,12.10,2.0167,true,1,2329540
7290019056188,false,מארז רביעיית סודה בטעם נענע ליים 1.5 ל' שוופס,יפאורה - שותפות מוגבלת לשיווק,,מארז 4 יח' שוופס סוד,ליטרים,6.00,ליטר,false,,12.10,2.0167,true,1,2329541
7290019056195,false,שוופס סודה למון גראס ג'ינג'ר 1.5 ליטר רביעייה פיקדון,"יפאורה תבורי בע""\מ",,מארז שוופס סודה למון,ליטרים,6.00,ליטר,false,,12.10,2.0167,true,1,2329542
7290019056201,false,מארז רביעיית סודה בטעם פירות יער 1.5 ל' שוופס,יפאורה - שותפות מוגבלת לשיווק,,מארז 4 יח' שוופס סוד,ליטרים,6.00,ליטר,false,,12.10,2.0167,true,1,2329552
7290019056232,false,משקה מוגז בטעם ליים מוחיטו 1.5 ל' שוופס,יפאורה - שותפות מוגבלת לשיווק,,שוופס מוגז ליים מוחי,ליטרים,1.50,ליטר,false,,9.50,6.3333,true,1,2329577
7290019056249,false,שוופס מים בטעמים ענבים 1.5 ליטר פיקדון,יפאורה - שותפות מוגבלת לשיווק,,שוופס Water ענבים 1.,ליטרים,1.50,ליטר,false,,8.90,5.9333,true,1,2329508
7290019056256,false,שוופס מים בטעמים תפוחים 1.5 ליטר פיקדון,יפאורה - שותפות מוגבלת לשיווק,,שוופס Water תפוחים 1,ליטרים,1.50,ליטר,false,,8.90,5.9333,true,1,2329509
7290019056263,false,שוופס מים בטעמים אפרסק 1.5 ליטר פיקדון,יפאורה - שותפות מוגבלת לשיווק,,שוופס Water אפרסק 1.,ליטרים,1.50,ליטר,false,,8.90,5.9333,true,1,2329510
7290019056270,false,שוופס מים בטעמים פירות יער 1.5 ליטר פיקדון,יפאורה - שותפות מוגבלת לשיווק,,שוופס Water פירות יע,ליטרים,1.50,ליטר,false,,8.90,5.9333,true,1,2329511
7290019056287,false,שוופס מים בטעמים אפרסק ללא סוכר 1.5 ליטר פיקדון,יפאורה - שותפות מוגבלת לשיווק,,שוופס Water אפרסק לל,ליטרים,1.50,ליטר,false,,8.90,5.9333,true,1,2329512
7290019056294,false,שוופס ג'ינג'ר אייל 1.5 ליטר פיקדון,יפאורה - שותפות מוגבלת לשיווק,,"שוופס ג""ינג""ר 1.5 לי",ליטרים,1.50,ליטר,false,,11.90,7.9333,true,1,2329578
7290019056300,false,משקה בטעם ביטר לימון 1.5 ל' שוויפס,יפאורה - שותפות מוגבלת לשיווק,,שוופס ביטר לימון 1.5,ליטרים,1.50,ליטר,false,,11.90,7.9333,true,1,2329583
7290019056317,false,משקה בטעם ראשן 1.5 ל' שוופס,יפאורה - שותפות מוגבלת לשיווק,,שוופס RUSSCHIAN,ליטרים,1.50,ליטר,false,,11.90,7.9333,true,1,2329584
7290019056324,false,משקה בטעם טוניק 1.5 ל' שוופס,יפאורה - שותפות מוגבלת לשיווק,,שוופס טוניק 1.5 ליטר,ליטרים,1.50,ליטר,false,,11.90,7.9333,true,1,2329585
7290019056331,false,שוופס טוניק ללא סוכר 1.5 ליטר פיקדון,יפאורה - שותפות מוגבלת לשיווק,,שוופס טוניק ללא סוכר,ליטרים,1.50,ליטר,false,,10.90,7.2667,true,1,2329590
7290019056355,false,תפוזינה לימונדה מיקס לימונענע 1.5 ליטר,יפאורה - שותפות מוגבלת לשיווק,,תפוזינה 1.5 ליטר לימ,ליטרים,1.50,ליטר,false,,8.90,5.9333,true,1,2329460
7290019056362,false,תפוזינה משקה קל ענבים 1.5 ליטר,יפאורה - שותפות מוגבלת לשיווק,,תפוזינה 1.5 ליטר ענב,ליטרים,1.50,ליטר,false,,8.90,5.9333,true,1,2329461
7290019056379,false,משקה קל תפוזינה 1.5 ליטר תפוזים,יפאורה - שותפות מוגבלת לשיווק,,תפוזינה 1.5 ליטר תפו,ליטרים,1.50,ליטר,false,,8.90,5.9333,true,1,2329462
7290019056386,false,משקה קל תפוזינה 1.5 ליטר אשכוליות,יפאורה - שותפות מוגבלת לשיווק,,תפוזינה 1.5 ליטר אשכ,ליטרים,1.50,ליטר,false,,8.90,5.9333,true,1,2329463
7290019056393,false,משקה קל תפוזינה 1.5 ליטר תות בננה,יפאורה - שותפות מוגבלת לשיווק,,תפוזינה 1.5 ליטר תות,ליטרים,1.50,ליטר,false,,8.90,5.9333,true,1,2329464
7290019056409,false,תפוזינה משקה קל מנגו עסיסי1.5ליטר,יפאורה - שותפות מוגבלת לשיווק,,תפוזינה 1.5 ליטר מנג,ליטרים,1.50,ליטר,false,,8.90,5.9333,true,1,2329465
7290019056416,false,מיץ בטעם לימונדה ורודה 1.5 ל' תפוזינה,יפאורה - שותפות מוגבלת לשיווק,,תפוזינה 1.5 ליטר לימ,ליטרים,1.50,ליטר,false,,8.90,5.9333,true,1,2329466
7290019056423,false,תפוזינה משקה קל תפוח רענן 1.5ליטר,יפאורה - שותפות מוגבלת לשיווק,,תפוזינה 1.5 ליטר תפו,ליטרים,1.50,ליטר,false,,8.90,5.9333,true,1,2329467
7290019056430,false,משקה קל תפוזינה 1.5 ליטר תפוזים לייט,יפאורה - שותפות מוגבלת לשיווק,,תפוזינה 1.5 ליטר תפו,ליטרים,1.50,ליטר,false,,7.90,5.2667,true,1,2329468
7290019056447,false,משקה קל תפוזינה 1.5 ליטר אשכוליות לייט,יפאורה - שותפות מוגבלת לשיווק,,תפוזינה 1.5 ליטר אשכ,ליטרים,1.50,ליטר,false,,7.90,5.2667,true,1,2329469
7290019056454,false,משקה מוגז בטעם קולה 1.5 ל' אר סי,יפאורה - שותפות מוגבלת לשיווק,,RC קולה 1.5 ליטר,ליטרים,1.50,ליטר,false,,6.90,4.6000,true,1,2329606
7290019056461,false,מארז משקה בטעם קולה שישייה * 1.5 ל' אר.סי,יפאורה שותפות מוגבלת לשיווק,,RC קולה שישיית 1.5,ליטרים,9.00,ליטר,false,,39.90,4.4333,true,1,2329607
7290019056478,false,ספרינג טי קר אפרסק 1.5ליטר פיקדון,יפאורה - שותפות מוגבלת לשיווק,,ספרינג TEA אפרסק 1.5,ליטרים,1.50,ליטר,false,,7.90,5.2667,true,1,2329489
7290019056485,false,ספריג תה ירוק לימון לואיזה 1.5 ליטר פיקדון,יפאורה - שותפות מוגבלת לשיווק,,ספרינג TEA תה ירוק ל,ליטרים,1.50,ליטר,false,,7.90,5.2667,true,1,2329490
7290019056492,false,ספרינג תה מנגו אפרסק 1.5 ליטר פיקדון,יפאורה - שותפות מוגבלת לשיווק,,ספרינג TEA תה מנגו א,ליטרים,1.50,ליטר,false,,7.90,5.2667,true,1,2329491
7290019056508,false,פרוט ווטר ענבים 1.5 ליטר פיקדון,יפאורה - שותפות מוגבלת לשיווק,,משקה Fruit Water ענב,ליטרים,1.50,ליטר,false,,8.90,5.9333,true,1,2329497
7290019056515,false,פרוט ווטר אננס 1.5 ליטר פיקדון,יפאורה - שותפות מוגבלת לשיווק,,משקה Fruit Water אננ,ליטרים,1.50,ליטר,false,,8.90,5.9333,true,1,2329498
7290019056522,false,מים בטעם תות 1.5 ל' פרוט וואטר,יפאורה - שותפות מוגבלת לשיווק,,משקה Fruit Water תות,ליטרים,1.50,ליטר,false,,8.90,5.9333,true,1,2329499
7290019056539,false,fruit water פרוט ווטר אפרסק 1.5 ליטר-,יפאורה שותפות מוגבלת לשיווק,,משקה Fruit Water אפר,ליטרים,1.50,ליטר,false,,8.90,5.9333,true,1,2329500
7290019056546,false,fruit water פרוט ווטר אבטיח 1.5 ליטר-,יפאורה - שותפות מוגבלת לשיווק,,משקה Fruit Water אבט,ליטרים,1.50,ליטר,false,,8.90,5.9333,true,1,2329501
7290019056553,false,שישיית מים מינרלים עין גדי 2 ליטר,יפאורה - שותפות מוגבלת לשיווק,,עין גדי מים שישייה 2,ליטרים,12.00,ליטר,false,,12.70,1.0583,true,1,2329446
7290019056560,false,עין גדי מים מינרלים בקבוק 2 ליטר,יפאורה שותפות מוגבלת לשיווק,,עין גדי 2 ליטר מים,ליטרים,2.00,ליטר,false,,3.20,1.6000,true,1,2329616
7290019056584,false,משקה קל תפוזים ספרינג 1.5 ליטר,יפאורה - שותפות מוגבלת לשיווק,,ספרינג תפוזים 1.5 לי,ליטרים,1.50,ליטר,false,,8.90,5.9333,true,1,2329448
7290019056591,false,משקה קל ענבים ספרינג 1.5 ליטר,יפאורה - שותפות מוגבלת לשיווק,,ספרינג ענבים 1.5 ליט,ליטרים,1.50,ליטר,false,,8.90,5.9333,true,1,2329449
7290019056607,false,משקה קל תפוחים ספרינג 1.5 ליטר,יפאורה - שותפות מוגבלת לשיווק,,ספרינג תפוחים 1.5 לי,ליטרים,1.50,ליטר,false,,8.90,5.9333,true,1,2329450
7290019056614,false,משקה קל אפרסק ספרינג 1.5 ליטר,יפאורה - שותפות מוגבלת לשיווק,,ספרינג אפרסק 1.5 ליט,ליטרים,1.50,ליטר,false,,8.90,5.9333,true,1,2329451
7290019056621,false,משקה קל פירות טרופיים ספרינג 1.5 ליטר,יפאורה - שותפות מוגבלת לשיווק,,ספרינג פירות טרופיים,ליטרים,1.50,ליטר,false,,8.90,5.9333,true,1,2329452
7290019056638,false,משקה קל ספרינג 1.5 ליטר תות בננה,יפאורה - שותפות מוגבלת לשיווק,,ספרינג תות בננה 1.5,ליטרים,1.50,ליטר,false,,8.90,5.9333,true,1,2329453
7290019056645,false,משקה קל ספרינג 1.5 ליטר אגס תפוח סברס,יפאורה - שותפות מוגבלת לשיווק,,ספרינג אגס תפוח סברס,ליטרים,1.50,ליטר,false,,8.90,5.9333,true,1,2329454
7290019056652,false,משקה קל ספרינג 1.5 ליטר אננס בננה,יפאורה - שותפות מוגבלת לשיווק,,ספרינג אננס בננה 1.5,ליטרים,1.50,ליטר,false,,8.90,5.9333,true,1,2329455
7290019056669,false,משקה קל ספרינג 1.5 ליטר תפוחים דיאט,יפאורה - שותפות מוגבלת לשיווק,,ספרינג תפוחים דיאט 1,ליטרים,1.50,ליטר,false,,7.90,5.2667,true,1,2329470
7290019056720,false,קריסטל מיץ ענבים 2 ליטר פיקדון,יפאורה - שותפות מוגבלת לשיווק,,קריסטל ענבים,ליטרים,2.00,ליטר,false,,7.90,3.9500,true,1,2329591
7290019056737,false,משקה קל קריסטל (2 ליטר)אשכוליות,יפאורה - שותפות מוגבלת לשיווק,,קריסטל אשכוליות,ליטרים,2.00,ליטר,false,,7.90,3.9500,true,1,2329592
7290019056744,false,קריסטל מיץ תפוזים 2 ליטר פיקדון,יפאורה - שותפות מוגבלת לשיווק,,קריסטל תפוזים,ליטרים,2.00,ליטר,false,,7.90,3.9500,true,1,2329593
7290019056751,false,קריסטל מיץ אשכוליות דיאט 2 ליטר פיקדון,יפאורה - שותפות מוגבלת לשיווק,,קריסטל דיאט אשכולית,ליטרים,2.00,ליטר,false,,6.90,3.4500,true,1,2329594
7290019056768,false,קריסטל משקה קל מנגו 2 ליטר פיקדון,יפאורה - שותפות מוגבלת לשיווק,,קריסטל מנגו,ליטרים,2.00,ליטר,false,,7.90,3.9500,true,1,2329595
7290019056782,false,משקה קל קריסטל (2 ליטר)מוגז למון ליים,יפאורה - שותפות מוגבלת לשיווק,,קריסטל לימון,ליטרים,2.00,ליטר,false,,7.90,3.9500,true,1,2329597
7290019056799,false,משקה קל קריסטל (2 ליטר)מוגז אקזוטי,יפאורה - שותפות מוגבלת לשיווק,,קריסטל אקזוטי מוגז,ליטרים,2.00,ליטר,false,,7.90,3.9500,true,1,2329598
7290019056805,false,משקה קל קריסטל (2 ליטר)מוגז תפוחים,יפאורה - שותפות מוגבלת לשיווק,,קריסטל תפוח מוגז,ליטרים,2.00,ליטר,false,,7.90,3.9500,true,1,2329599
7290019056812,false,משקה קל קריסטל (2 ליטר)מוגז מנטה,יפאורה - שותפות מוגבלת לשיווק,,קריסטל מנטה,ליטרים,2.00,ליטר,false,,7.90,3.9500,true,1,2329600
7290019056829,false,משקה קל קריסטל (2 ליטר)מוגז תפוזים,יפאורה - שותפות מוגבלת לשיווק,,קריסטל אורנג',ליטרים,2.00,ליטר,false,,7.90,3.9500,true,1,2329601
7290019056836,false,משקה קל קריסטל (2 ליטר)מוגז תות,יפאורה - שותפות מוגבלת לשיווק,,קריסטל תות,ליטרים,2.00,ליטר,false,,7.90,3.9500,true,1,2329608
7290019056850,false,ספרינג תה אפרסק דיאט 1.5 ליטר פיקדון,יפאורה - שותפות מוגבלת לשיווק,,ספרינג תה 1.5 אפרסק,ליטרים,1.50,ליטר,false,,7.90,5.2667,true,1,2329492
7290019056959,false,מי עדן בקבוק מתכווץ שקט 1.5 מ``ל,יפאורה - שותפות מוגבלת לשיווק,,מי עדן 1.5 ליטר,ליטרים,1.50,ליטר,false,,2.90,1.9333,true,1,2329610
7290019056973,false,מי עדן שישיה בק `1.5ליטר פיקדון,יפאורה - שותפות מוגבלת לשיווק,,מי עדן שישייה 1.5 לי,ליטרים,9.00,ליטר,false,,13.70,1.5222,true,1,2329611
7290019075103,false,קמיל בלו אקסטרה סופט שמפו לתינוק 1 ליטר,פישר תעשיות פרמצבטיות בעמ,,שמפו קמיל בלו אקסטר,ליטרים,1.00,ליטר,false,,32.90,32.9000,true,1,2370748
7290019075479,false,"ד""ר פישר - קמיל בלו קלאסיק שמפו לתינוק 1 ליטר",פישר תעשיות פרמבצטיות בעמ,,קמיל בלו קלאסיק שמפ,ליטרים,1.00,ליטר,false,,21.90,21.9000,true,1,2364814
7290019153023,false,אר.סי. קולה ללא סוכר 1.5 ל' מארז רביעייה,יפאורה שותפות מוגבלת לשיווק,,אר סי 1.5 רביעייה לל,ליטרים,6.00,ליטר,false,,23.90,3.9833,true,1,2347997
7290019153078,false,שוופס ביטר למון 1.5 לייט ליטר פיקדון,יפאורה - שותפות מוגבלת לשיווק,,שוופס ביטר למון לייט,ליטרים,1.50,ליטר,false,,10.90,7.2667,true,1,2337446
7290019153085,false,שוופס מוגז ליים מוחיטו ללא סוכר 1.5 ליטר-,יפאורה - שותפות מוגבלת לשיווק,,שוופס ליים מוחיטו לל,ליטרים,1.50,ליטר,false,,9.50,6.3333,true,1,2337441
7290019153252,false,שוופס סודה תפוח 1.5 ליטר רביעייה פיקדון,יפאורה - שותפות מוגבלת לשיווק,,רביעית שוופס סודה תפ,ליטרים,6.00,ליטר,false,,12.10,2.0167,true,1,2352219
7290019153269,false,שוופס סודה אננס 1.5 ליטר רביעייה פיקדון,יפאורה - שותפות מוגבלת לשיווק,,רביעית שוופס סודה אנ,ליטרים,6.00,ליטר,false,,12.10,2.0167,true,1,2352220
7290019153313,false,"משקהתפוח חמוציות אוכמניות 350 מ""ל פרות & ווג",יפאורה - שותפות מוגבלת לשיווק,,משקה קל תפוח חמוציות,מיליליטרים,350.00,"100 מ""ל",false,,6.50,0.0186,true,1,2356282
7290019153344,false,משקה קל תפוזינה 1.5 ליטר סנגרייה,יפאורה - שותפות מוגבלת לשיווק,,תפוזינה 1.5 ליטר סנג,ליטרים,1.50,ליטר,false,,8.90,5.9333,true,1,2352226
7290019153351,false,משקה קל תפוזינה 1.5 ליטר פינק אוזו,יפאורה - שותפות מוגבלת לשיווק,,תפוזינה 1.5 ליטר פינ,ליטרים,1.50,ליטר,false,,8.90,5.9333,true,1,2352227
7290019153375,false,משקה קל תפוזינה 1.5 ליטר מוחיטו,יפאורה - שותפות מוגבלת לשיווק,,תפוזינה 1.5 ליטר מוח,ליטרים,1.50,ליטר,false,,8.90,5.9333,true,1,2352228
7290019153566,false,משקה קל רימון אוכמניות דובדבן ספרינג 1.5 ליטר,יפאורה - שותפות מוגבלת לשיווק,,ספרינג רימון אוכמניו,ליטרים,1.50,ליטר,false,,9.20,6.1333,true,1,2363755
7290019167020,false,עוגת גבינה עם פירות יער לייט עדן קינוחים 82 גרם,"תנובה בע""מ ***",,עוגת גבינה עם פירות,גרמים,82.00,100 גרם,false,,5.90,0.0720,true,1,2375349
7290019167037,false,תותים בקצפת 82 גרם עדן קינוחים,תנובה בעמ ***,,תותים בקצפת 82 גרם,גרמים,82.00,100 גרם,false,,5.90,0.0720,true,1,2375350
7290019167044,false,קצפת עם קרם בייגלה מתוק מלוח עדן קינוחים 82 גרם,תנובה בעמ ***,,קצפת עם קרם בייגלה מ,גרמים,82.00,100 גרם,false,,5.90,0.0720,true,1,2375351
7290019204107,false,עוף טוב פסטרמה בטעם אווז 320 גרם,קבוצת אוסם סחר-שות.מוגבלת,,עוף טוב פסטרמה בטעם,גרמים,350.00,100 גרם,false,,24.90,0.0711,true,1,2357003
7290019204206,false,עוף טוב פסטרמה בסגנון רומני 320 גרם,קבוצת אוסם סחר-שות.מוגבלת,,עוף טוב פסטרמה בסגנו,גרמים,320.00,100 גרם,false,,24.90,0.0778,true,1,2357004
7290019204305,false,חזה הודו פסטרמה ברביקיו 350 גר',קבוצת אוסם סחר שותפות מוגבלת,,עוף טוב פסטרמה ברביק,גרמים,350.00,100 גרם,false,,24.90,0.0711,true,1,2357005
7290019232155,false,"חליטת ""לילה טוב"" קמומיל לבנדר ו25 שקיקים ויסוצקי",תה ויסוצקי (ישראל) בעמ,,תה חליטה קמומיל לבנד,גרמים,67.50,100 גרם,false,,23.90,0.3541,true,1,2376309
7290019232162,false,"חליטת ""לילה טוב"" קמומיל מליסה 25 שקיקים ויסוצקי",תה ויסוצקי (ישראל) בעמ,,תה חליטה קמומיל מליס,גרמים,67.50,100 גרם,false,,23.90,0.3541,true,1,2376310
7290019232353,false,תה ירוק סיני 50 שקיקים ויסוצקי,תה ויסוצקי (ישראל) בעמ,,תה ירוק סיני 50,גרמים,75.00,100 גרם,false,,39.90,0.5320,true,1,2364957
7290019232803,false,הולגריין ביסקוויט+קרם חלב ושוקולד חלב 300 גרם רבנות,"אולקר ביסקווי סנאי, א.ס.",,הולגריין ביסקוויט עם,גרמים,300.00,100 גרם,false,,10.90,0.0363,true,1,2378040
7290019232827,false,הולגריין ביסקוויט במילוי אגוזי לוז 300 גרם רבנות,"אולקר ביסקווי סנאי, א.ס.",,הולגריין ביסקוויט במ,גרמים,300.00,100 גרם,false,,10.90,0.0363,true,1,2378042
7290019232834,false,פליפז בייגלה מצופה קרם עוגיות ושוקולד מקוויטיס 140 גרם,תה ויסוצקי (ישראל) בעמ,,בייגלה מצופה שוקולד,גרמים,140.00,100 גרם,false,,8.90,0.0636,true,1,2350795
7290019233008,false,רוטב עגבניות עם קוביות ארטישוק ושמן זית 420ג ויסוצקי,תה ויסוצקי (ישראל) בעמ,,שקשוקה ארטישוק- רוטב,יחידה,0.00,יחידה,false,,12.90,0.0000,true,1,2365991
7290019233022,false,רוטב עגבניות עם קוביות ושמן זית 420ג זיתא,תה ויסוצקי (ישראל) בעמ,,שקשוקה חצילים- רוטב,יחידה,0.00,יחידה,false,,12.90,0.0000,true,1,2365993
7290019233046,false,זית קלמטה בלונד מרינד עם שמן זית 215 גרם,תה ויסוצקי (ישראל) בעמ,,זית קלמטה בלונד מרינ,גרמים,215.00,100 גרם,false,,12.90,0.0600,true,1,2334110
7290019297451,false,מי ורדים 500 מל דין שיווק,דין שיווק וקליה 2021 בעמ,,"מי ורדים 500 מ""ל",מיליליטרים,500.00,"100 מ""ל",false,,13.90,0.0278,true,1,2362446
7290019297512,false,"רוטב רימונים שקדיה 340 מ""ל בדץ",דין שיווק וקליה 2021 בעמ,,"רוטב רימונים בד""צ 34",גרמים,340.00,100 גרם,false,,9.90,0.0291,true,1,1374517
7290019297550,false,בוטנים מטוגנים בקוספא 185 גרם,דין שיווק וקליה 2021 בעמ,,בוטנים מטוגנים 185 ג,גרמים,185.00,100 גרם,false,,7.90,0.0427,true,1,1374520
7290019302315,false,יין ספארקלין אבטיח מלון 750 מל BUZZ,אגודת הכורמים בעמ,,באזז אבטיח מלון,מיליליטרים,750.00,"100 מ""ל",false,,24.90,0.0332,true,1,2357518
7290019302636,false,"קרומבכר בירה רביעייה 330 מ""ל",אגודת הכורמים,,מארז קרומבאכר 4 יח',ליטרים,1320.00,100 ליטר,false,,22.90,0.0173,true,1,2375328
7290055090702,false,"איגלו שלוקים בטעמי פטל, לימון וענבים 60 יח'",כרמית תעשיות ממתקים בעמ,IL,כרמית איגלו שלוקים 264 יח,מיליליטרים,1740.00,"100 מ""ל",false,,13.90,0.0080,true,1,1386405
7290100240137,false,"תרסיס ריחני למייבש כחול בדין 500 מ""ל",יוניליוור ישראל שיווק בע`מ,IL,ספריי כחול למייבש- 500 מל,מיליליטרים,500.00,"100 מ""ל",false,,16.90,0.0338,true,1,1388931
7290100240144,false,בדין תרסיס למייבש הכביסה ורוד 500מל,יוניליוור ישראל שיווק בע`מ,IL,ספריי ורוד למייבש- 500 מל,מיליליטרים,500.00,"100 מ""ל",false,,16.90,0.0338,true,1,1388932
7290100240632,false,קרקר פתית 200-300ג' 6 דגנים 250 גרם,"יוניליוור ישראל שיווק בע""מ",IL,"פתית 6 דגנים בד""צ חדש 250",גרמים,250.00,100 גרם,false,,15.90,0.0636,true,1,1388933
7290100240656,false,"פתית שיפון בד""צ חדש 300X24 גר'",יוניליוור ישראל שיווק בע`מ,IL,"פתית שיפון בד""צ חדש 300 ג",גרמים,300.00,100 גרם,false,,15.90,0.0530,true,1,1388934
7290100243671,false,"מרכך כביסה מרוכז אקסטרה כחול בדין 960 מ""ל",יוניליוור ישראל שיווק בע`מ,TR,Badin RC Conc Liquid Blue,מיליליטרים,960.00,"100 מ""ל",false,,15.90,0.0166,true,1,1388959
7290100245231,false,נמס בכוס מרק בטעם עוף עם אטריות ושקדי מרק-2 שקיות,יוניליוור ישראל שיווק בע`מ,IL,נמס בכוס טעם עוף ושקדי מר,גרמים,48.00,100 גרם,false,,6.50,0.1354,true,1,1388975
7290100249598,false,רוטב לעוף בטעם שום ודבש קנור (320 גרם),יוניליוור ישראל שיווק בע`מ,IL,קנור בישול ברטבים שום ודב,גרמים,320.00,100 גרם,false,,12.90,0.0403,true,1,1389046
7290100249659,false,"רוטב לעוף צ'ילי מתוק ושום קנור 320 גרם בד""צ","יוניליוור ישראל שיווק בע""מ",,רוטב צ'ילי שום 320 ג,גרמים,320.00,100 גרם,false,,12.90,0.0403,true,1,1389051
7290100412343,false,קוויק מטליות לחות 99.9% לניקוי כללי בריח לימון 50 יחידות,שקד תבל בע`מ,,מגבונים לניקוי כללי,יח',50.00,יח',false,,7.90,0.1580,true,1,1473037
7290100412435,false,קוויק מטליות לחות 99.9% לניקוי כללי בריח פרחי בר 50 יחידות,שקד תבל בע`מ,,מגבונים לניקוי כללי,יח',50.00,יח',false,,7.90,0.1580,true,1,1473038
7290100412718,false,"תרחיץ פנים קלאסק מאסק דר עור 150 מ""ל","אמיליה קוסמטיקס בע""מ",,ג'ל ניקוי פנים 150 מ,מיליליטרים,150.00,"100 מ""ל",false,,19.90,0.1327,true,1,1818162
7290100412749,false,ג'ל ניקוי פנים לעור יבש פרחי בר 150 מל DR OR,אמיליה קוסמטיקס בעמ,,ג'ל ניקוי פנים 150 מ,מיליליטרים,150.00,"100 מ""ל",false,,19.90,0.1327,true,1,1818170
7290100412756,false,"קרם ידיים לעור יבש פרחי בר ד""ר עור 100 מ""ל","אמיליה קוסמטיקס בע""מ",,"קרם ידיים 100 מ""ל ד""",מיליליטרים,100.00,"100 מ""ל",false,,10.00,0.1000,true,1,1818171
7290100412763,false,"דר' עור תחליב רחצה קלאסי -לבנדר 700 מ""ל","אמיליה קוסמטיקס בע""מ",,"תחליב רחצה 700 מ""ל ד",מיליליטרים,700.00,"100 מ""ל",false,,19.90,0.0284,true,1,1818172
7290100412770,false,"ד""ר עור - תחליב רחצה קלאסי בניחוח מאסק 700 מ""ל","אמיליה קוסמטיקס בע""מ",,"תחליב רחצה 700 מ""ל ד",מיליליטרים,700.00,"100 מ""ל",false,,19.90,0.0284,true,1,1818183
7290100412787,false,"ד""ר עור - תחליב רחצה קלאסי בניחוח פריחת הכותנה 700 מ""ל","אמיליה קוסמטיקס בע""מ",,"תחליב רחצה 700 מ""ל ד",מיליליטרים,700.00,"100 מ""ל",false,,19.90,0.0284,true,1,1818184
7290100412794,false,דר עור פילינג עדין לפנים קלאסי מאסק 150,"אמיליה קוסמטיקס בע""מ",,"פילינג לפנים 150 מ""ל",מיליליטרים,150.00,"100 מ""ל",false,,19.90,0.1327,true,1,1818173
7290100412800,false,"תחליב רחצה לעור יבש וילד פלאור דר עור 700 מ""ל","אמיליה קוסמטיקס בע""מ",,"תחליב רחצה 700 מ""ל ד",מיליליטרים,700.00,"100 מ""ל",false,,19.90,0.0284,true,1,1818185
7290100412817,false,קרם רגליים לעור יבש פרחי בר דר עור 100 מ,"אמיליה קוסמטיקס בע""מ",,"קרם רגליים 100 מ""ל ד",מיליליטרים,100.00,"100 מ""ל",false,,10.00,0.1000,true,1,1818174
7290100412831,false,תחליב רחצה אנטי אייג'ינג בניחוח וניל טרופי,"אמיליה קוסמטיקס בע""מ",,"תחליב רחצה 700 מ""ל ד",מיליליטרים,700.00,"100 מ""ל",false,,19.90,0.0284,true,1,1818186
7290100413593,false,קוויק מטליות לחות גדולות לניקוי כללי בריח פרחי בר 40 יחידות,שקד תבל בע`מ,,מגבונים קוויק מטליות,יח',40.00,יח',false,,6.90,0.1725,true,1,1515721
7290100653463,false,"פלמוליב - ארומה ג'ל רחצה מסאז' 500 מ""ל",קולגייט פלמוליב,IT,פלמוליב סבון נוזלי ספא מס,מיליליטרים,500.00,"100 מ""ל",false,,15.90,0.0318,true,1,1386424
7290100658338,false,"נוזל לניקוי כלים אוקסי פלוס פלמוליב 750 מ""ל",הנסיך- מפעל לייצור ט,GR,פלמוליב כלים אוקסי כחול פ,מיליליטרים,750.00,"100 מ""ל",false,,9.90,0.0132,true,1,1386431
7290100659090,false,פרי חטיפים ללא גלוטן ותוספת סוכר מארז 5 תמרים וקינמון,טבעית מוצרים מן הטבע בעמ,IL,פרי חטיפים ללא סוכר מארז,גרמים,110.00,100 גרם,false,,15.90,0.1445,true,1,1386432
7290100680650,false,מנה חמה נודלס-אטריות ירקות טעם תאילנדי אסם 76 ג',קבוצת אוסם סחר שותפות מוגבלת,TH,מנה חמה נודלס בסגנון תיאל,גרמים,76.00,100 גרם,false,,6.50,0.0855,true,1,1349906
7290100680667,false,מנה חמה נודלס בסגנון סצ`ואן אסם (76 גרם),קבוצת אוסם סחר שותפות מוגבלת,TH,מנה חמה נודלס בסגנון סצ'ו,גרמים,76.00,100 גרם,false,,6.50,0.0855,true,1,1349907
7290100680711,false,פירורית זהב אסם זהב 350ג',קבוצת אוסם סחר שותפות מוגבלת,IL,אסם פירורית זהב 350 גרם,גרמים,350.00,100 גרם,false,,7.90,0.0226,true,1,1349908
7290100680728,false,פירורית רגילה שקית 350 גרם,קבוצת אוסם סחר שותפות מוגבלת,IL,אסם פירורית 350 גרם,גרמים,350.00,100 גרם,false,,6.90,0.0197,true,1,1349909
7290100681015,false,אינסטנט פודינג בטעם ריבת חלב אסם 84 גרם,קבוצת אוסם סחר שותפות מוגבלת,IL,אסם פודינג אינסטנט בטעם ר,גרמים,84.00,100 גרם,false,,5.50,0.0655,true,1,1349911
7290100681138,false,מארז אפרופו חטיף תירס 3 יחידות,קבוצת אוסם סחר שותפות מוגבלת,IL,אפרופו קלאסי 50 גרם מארז,גרמים,150.00,100 גרם,false,,11.90,0.0793,true,1,1349913
7290100681503,false,עסיס סירופ לימונענע דיאטטי 1 ליטר,קבוצת אוסם סחר שותפות מוגבלת,IL,עסיס סירופ דיאט בטעם לימו,ליטרים,1.00,ליטר,false,,16.90,16.9000,true,1,1349915
7290100681510,false,סירופ דיאט בטעם אשכולית אדומה עסיס 1 ליטר,קבוצת אוסם סחר-שות.מוגבלת,IL,עסיס סירופ דיאט בטעם אשכו,ליטרים,1.00,ליטר,false,,16.90,16.9000,true,1,1349916
7290100683880,false,פירה אסם ללא צורך בבישול 260 גרם,קבוצת אוסם סחר שותפות מוגבלת,IL,פירה אסם 260 גר',גרמים,260.00,100 גרם,false,,12.90,0.0496,true,1,1349924
7290100684139,false,פסטה מיני מקרוני אסם (500 גרם),קבוצת אוסם סחר שותפות מוגבלת,IT,אסם פסטה מיני מקרוני 500,גרמים,500.00,100 גרם,false,,5.90,0.0118,true,1,1349925
7290100685136,false,"אבקת מרק טעם עוף 1 ק""ג 1/8 אסם",קבוצת אוסם סחר שותפות מוגבלת,IL,"אסם מרק בטעם עוף 1 ק""ג",גרמים,1000.00,100 גרם,false,,13.90,0.0139,true,1,1349932
7290100685341,false,אבקת מרק טעם עוף זך רכיבים טבעיים אסם 400 גרם,קבוצת אוסם סחר שותפות מוגבלת,IL,אסם מרק בטעם עוף זך רכיבי,גרמים,400.00,100 גרם,false,,16.90,0.0422,true,1,1349935
7290100685600,false,פירורית זהב אסם זהב חיטה מלאה 200ג',קבוצת אוסם סחר שותפות מוגבלת,IL,אסם פירורית חיטה מלאה 200,גרמים,200.00,100 גרם,false,,6.40,0.0320,true,1,1349939
7290100686164,false,מארז מולטיפק ביסלי ברביקיו 6 יח 35 גר יח,קבוצת אוסם סחר שותפות מוגבלת,IL,ביסלי ברביקיו 35 גרם מארז,גרמים,210.00,100 גרם,false,,12.90,0.0614,true,1,1349942
7290100686171,false,מארז מולטיפק ביסלי גריל 6 יח 35 גר ליח,קבוצת אוסם סחר שותפות מוגבלת,IL,ביסלי גריל 35 גרם מארז 6,גרמים,210.00,100 גרם,false,,12.90,0.0614,true,1,1349943
7290100689301,false,אבקת מרק בטעם עוף זך עדיף אסם 400 גרם,קבוצת אוסם סחר שותפות מוגבלת,IL,אסם מרק בטעם עוף זך 400 ג,גרמים,400.00,100 גרם,false,,12.90,0.0323,true,1,1349955
7290100700242,false,אורז מלא עגול סוגת (1 קג),"סוגת תעשיות בע""\מ",IL,"אורז עגול מלא 1 ק""ג",קילוגרמים,1.00,"ק""ג",false,,8.90,8.9000,true,1,1380180
7290100700273,false,קינואה לבנה 500 ג סו,האי נאם סי או אל.טי.,,קינואה 500 גרם,גרמים,500.00,100 גרם,false,,12.90,0.0258,true,1,2244848
7290100700372,false,"אורז בסגנון בסמטי מלא 1 ק""ג",האי נאם סי או אל.טי.,IL,"אורז בסמטי 1מלא ק""ג",קילוגרמים,1.00,"ק""ג",false,,12.90,12.9000,true,1,1380181
7290100700389,false,"אורז אדום סוגת 1 ק""ג","סוגת תעשיות בע""\מ",IL,"אורז אדום 1 ק""ג",קילוגרמים,1.00,"ק""ג",false,,12.90,12.9000,true,1,1380182
7290100700396,false,"אורז יסמין קלאסי סוגת 1 ק""ג",האי נאם סי או אל.טי.,IL,"אורז יסמין קלאסי 1 ק""ג",קילוגרמים,1.00,"ק""ג",false,,11.90,11.9000,true,1,1380183
7290100700563,false,אורז מיקס קלאסי סוגת (1 קג),סוגת תעשיות בעמ,IL,"אורז מיקס קלאסי 1 ק""ג",קילוגרמים,1.00,"ק""ג",false,,12.90,12.9000,true,1,1380186
7290100700587,false,"בורגול ""סוגת"" 500 גרם",האי נאם סי או אל.טי.,,בורגול 500 גרם,גרמים,500.00,100 גרם,false,,4.90,0.0098,true,1,2244850
7290100701300,false,קינואה אדומה סוגת (500 גרם),"סוגת תעשיות בע""\מ",,קינואה אדומה 500 גרם,יחידה,0.00,יחידה,false,,12.90,0.0000,true,1,2244851
7290100701331,false,קמח רב תכליתי שטיבל קמח חיטה לבן בהיר,"שטיבל בע""\מ - טחנות קמח",IL,קמח רב תכליתי,קילוגרמים,1.00,"ק""ג",false,,6.90,6.9000,true,1,1380200
7290100701348,false,"קמח שיפון מלא סוגת 1 ק""ג",שטיבל טחנות קמח,IL,קמח שיפון מלא,קילוגרמים,1.00,"ק""ג",false,,6.90,6.9000,true,1,1380201
7290100701577,false,קמח לחם קמח חיטה לבן שטיבל,טחנות קמח שטיבל באר שבע,IL,קמח לחם,קילוגרמים,1.00,"ק""ג",false,,6.90,6.9000,true,1,1380207
7290100701874,false,"קמח כוסמין מלא סוגת 1 ק""ג",טחנות קמח שטיבל באר,IL,קמח כוסמין מלא + 12,קילוגרמים,1.00,"ק""ג",false,,13.90,13.9000,true,1,1380210
7290100701881,false,קמח פיצה ופוקצ'ה- קמח חיטה לבן בהיר שטיבל,"שטיבל בע""\מ - טחנת קמח",IL,קמח פיצה ופוקצ'ה,קילוגרמים,1.00,"ק""ג",false,,6.90,6.9000,true,1,1380211
7290100701898,false,קמח סוגת לפסטה 1 קג,שטיבל טחנות קמח,IL,קמח פסטה + 9,קילוגרמים,1.00,"ק""ג",false,,13.90,13.9000,true,1,1380212
7290100702284,false,קוסקוס מלא סוגת (350 גרם),"אסיף תעשיות מזון בע""",IL,קוסקוס מלא 350 גרם,גרמים,350.00,100 גרם,false,,4.90,0.0140,true,1,1380215
7290100702383,false,"קמח תופח 1 ק""ג]סוגת[","שטיבל בע""\מ - טחנות קמח",IL,קמח תופח,קילוגרמים,1.00,"ק""ג",false,,6.90,6.9000,true,1,1380217
7290100702635,false,פתיתים אפויים כוכבים סוגת 500 גרם,"אסיף תעשיות מזון בע""",IL,פתיתים אפויים כוכבים 500,גרמים,500.00,100 גרם,false,,5.90,0.0118,true,1,1380221
7290100703007,false,"עדשים שחורות בלוגה 500 גרם ""סוגת""",האי נאם סי או אל.טי.,,עדשים שחורות בלוגה 5,יחידה,0.00,יחידה,false,,7.90,0.0000,true,1,2244854
7290100703625,false,קמח חיטה לבן ללא צורך בניפוי,סוגת תעשיות בעמ,,קמח לבן ללא ניפוי 1,קילוגרמים,1.00,"ק""ג",false,,7.90,7.9000,true,1,1498314
7290100703632,false,קמח חיטה מלא ללא צורך בניפוי,סוגת תעשיות בעמ,,קמח מלא ללא ניפוי 1,קילוגרמים,1.00,"ק""ג",false,,9.90,9.9000,true,1,1498315
7290100703649,false,"קמח חיטה 80% ללא צורך בניפוי סוגת 1 ק""ג",סוגת תעשיות בעמ,,קמח מלא חיטה 80% ללא,קילוגרמים,1.00,"ק""ג",false,,9.90,9.9000,true,1,1498316
7290100704530,false,"קמח כוסמין לבן תפוח מנופה סוגת 1 ק""ג",טחנות קמח שטיבל באר,,קמח כוסמין לבן מנופ,קילוגרמים,1.00,"ק""ג",false,,14.90,14.9000,true,1,2305980
7290100704615,false,סוכר לבן דק דק בצנצנת סוגת 500 גרם,"סוגת תעשיות בע""\מ",,סוכר לבן דק דק בצנצנ,גרמים,500.00,100 גרם,false,,7.90,0.0158,true,1,2327987
7290100704622,false,סוכר דמררה דק דק בצנצנת סוגת 500 גרם,"סוגת תעשיות בע""\מ",,סוכר דמררה דק דק בצנ,גרמים,500.00,100 גרם,false,,7.90,0.0158,true,1,2327988
7290100850909,false,חטיף תירס נאצ`ו מקסיקני דוריטוס (70 גרם),"שטראוס פריטו ליי בע""\מ",IL,דו.נאצו מקסיקני 70ג/1שק'/,גרמים,70.00,100 גרם,false,,3.50,0.0500,true,1,1390891
7290100850916,false,דוריטוס חמוץ חריף מעודן 70 גרם כשר לפסח,"שטראוס פריטו ליי בע""\מ )",,דוריטוס 70 גרם חמוץ,גרמים,70.00,100 גרם,false,,3.50,0.0500,true,1,1390892
7290100850923,false,חטיף תירס גריל דוריטוס (70 גרם),"שטראוס פריטו ליי בע""\מ )",IL,דוריטוס גריל 70גר/1שק'/70,גרמים,70.00,100 גרם,false,,3.50,0.0500,true,1,1390893
7290100850930,false,חטיף תירס בטעם טבעי דוריטוס (70 גרם),"שטראוס פריטו ליי בע""\מ )",IL,דוריטוס דיפ טבעי 70 גר,גרמים,70.00,100 גרם,false,,3.50,0.0500,true,1,1390894
7290100858592,false,אבקת קקאו עלית שקית 150 ג',הנסיך- מפעל לייצור ט,IL,שקית קקאו 150גרם/20שק/150,גרמים,150.00,100 גרם,false,,7.90,0.0527,true,1,1390256
7290100921593,false,מנקה אסלה סוד 4 כדוריות לאסלה לימון נתלה 50 ג',גורי שיווק בעמ,HU,סוד סבון אסלה לימון 50 גר,גרמים,50.00,100 גרם,false,,5.50,0.1100,true,1,1409036
7290100921609,false,סוד סבון לאסלה 4 כדוריות בניחוח אוקיינוס 50 ג',גורי שיווק בעמ,HU,סוד סבון אסלה אקיינוס 50,גרמים,50.00,100 גרם,false,,5.50,0.1100,true,1,1409037
7290100921616,false,סוד סבון לאסלה 4 כדוריות בניחוח אורנים 50 ג',גורי שיווק בעמ,HU,סוד סבון אסלה אורנים 50 ג,גרמים,50.00,100 גרם,false,,5.50,0.1100,true,1,1409038
7290100921623,false,מנקה אסלה סוד 4 כדוריות נתלה אקונומיקה נתלה 50 ג',גורי שיווק בעמ,HU,סוד סבון אסלה אקונומיקה 5,גרמים,50.00,100 גרם,false,,5.50,0.1100,true,1,1409039
7290100922569,false,קרם לטיפוח עוד הידיים והגוף- מארז שלישייה,טרופיקל דגיל,IL,קרם ידיים ולוטה מארז 100,מיליליטרים,300.00,"100 מ""ל",false,,19.90,0.0663,true,1,1369808
7290100922651,false,הוואי - סבון מוצק מי קוקוס 100 גרם רביעייה,טרופיקל דגיל קוסמטיק,,סבון מוצק הוואי מארז,יח',4.00,יח',false,,10.90,2.7250,true,1,1483230
7290100924204,false,"פרסיל אבקה לכביסה רגיל 8 ק""ג",גורי שיווק בעמ,IL,"פרסיל אבקת כביסה 8 ק""ג",קילוגרמים,8.00,"ק""ג",false,,54.90,6.8625,true,1,1409049
7290100924457,false,שלישיית כדוריות סבון לאסלה לימון סוד 50 גרם,גורי שיווק בעמ,HU,סוד סבון אסלה שלישיה לימו,גרמים,150.00,100 גרם,false,,19.90,0.1327,true,1,1409057
7290100924464,false,כדוריות סבון נתלה לאסלה עם אקונומיקה - 3 יח',גורי שיווק בעמ,HU,סוד סבון אסלה שלישיה אקונ,יח',3.00,יח',false,,19.90,6.6333,true,1,1853172
7290100924631,false,מרכך כביסה מרוכז לבגדי תינוקות ובעלי עור רגיש,גורי שיווק בעמ,IL,מרכך כביסה סוד מרוכז בייב,מיליליטרים,900.00,"100 מ""ל",false,,11.90,0.0132,true,1,1414604
7290100924693,false,סבון סוד 4 כדוריות מוצק כחול אקטיבי-אקנומיקה 50ג',גורי שיווק בעמ,HU,סוד סבון אסלה לימון 50 גר,גרמים,50.00,100 גרם,false,,5.50,0.1100,true,1,1409064
7290100925669,false,דפים למניעת העברת צבע קולור קאצ`ר) (10,גורי שיווק בעמ,,דפים למכונה כביסה קו,יח',10.00,יח',false,,7.50,0.7500,true,1,1458093
7290100925676,false,קולור קאצר 20 דפים לוכדי צבע למכונת כביס,גורי שיווק בעמ,,דפים למכונה כביסה קו,יח',20.00,יח',false,,19.90,0.9950,true,1,1458094
7290100925751,false,נוזל כלים תפוח סוד (650 מל),גורי שיווק בעמ,,סוד כלים קלאסי 650 מ,מיליליטרים,650.00,"100 מ""ל",false,,5.90,0.0091,true,1,1476270
7290100926147,false,אבקת כביסה פרסיל קולור שקית 2.5 קג,גורי שיווק בעמ,IL,פרסיל קולור אבקת כביסה 2.,קילוגרמים,2.50,"ק""ג",false,,28.90,11.5600,true,1,1409085
7290100926598,false,פרסיל א.כביסה סודה אקטיב 5קג,גורי שיווק בעמ,IL,"אבקת כביסה פרסיל 5 ק""ג",קילוגרמים,5.00,"ק""ג",false,,44.90,8.9800,true,1,1409091
7290100927717,false,"פרסיל קולור אבקת כביסה 5 ק""ג -מרכז",גורי שיווק בעמ,IL,אבקת כביסה פרסיל קולור 5,קילוגרמים,5.00,"ק""ג",false,,44.90,8.9800,true,1,1409095
7290100928516,false,סוד - ג'ל לכביסה ביד 1 ליטר,גורי שיווק בעמ,IL,סוד ג'ל שמפו לכביסה ביד 1,ליטרים,1.00,ליטר,false,,13.90,13.9000,true,1,1409101
7290101110149,false,גלידה בלסימו וניל עם פליק 1.3 ל' פלדמן,גלידות פלדמן,,גלידת וניל בליסימו.,ליטרים,1.30,ליטר,false,,16.90,13.0000,true,1,1381764
7290101112228,false,מאגדת פופסיקל גלידל פרי אננס 8 יח`,פלקו בעמ חברה ישראלית,,שמיניית קרחוני דיאט,גרמים,640.00,100 גרם,false,,19.90,0.0311,true,1,1381798
7290101112921,false,"גלידל פרי פירות טרופים לל""ס 8 יחידות",פלקו בעמ חברה ישראלית,,שמיניית קרחוני דיאט,גרמים,640.00,100 גרם,false,,19.90,0.0311,true,1,1938471
7290101113454,false,מאגדת גלידל יוגורט אפרסק 8 יח 480 גרם,פלקו בעמ חברה ישראלית,,שלגוני גלידל שמינייה,גרמים,400.00,100 גרם,false,,29.90,0.0747,true,1,2273292
7290101113591,false,מאגדת טילונים יולי 5 יחידות שוקולד לבן ועוגיות,פלקו בעמ חברה ישראלית,,מאגדת טילונים שוקולד,גרמים,400.00,100 גרם,false,,19.90,0.0497,true,1,2314417
7290101486688,false,חטיף דגנים עם שוקולד ללא גלוטן וסוכר פרי 5*20 גרם,טבעית מוצרים מן הטבע בעמ,IL,פרי חטיפי בריאות מארז 5 ד,גרמים,100.00,100 גרם,false,,15.90,0.1590,true,1,1386436
7290101488286,false,"ליידי ספיד סטיק - דאודורנט ספריי לאישה 24/7 פרש פיוזן ורוד 150 מ""ל",ליידי ספיד סטיק Lady Speed Stick,MX,ליידי 24/7 ספריי ורוד חדש,מיליליטרים,150.00,"100 מ""ל",false,,24.90,0.1660,true,1,1386441
7290101488323,false,ליידי ספיד סטיק - דאודורנט סטיק לאישה ללא סימן ירוק סטיק 65 גרם,ליידי ספיד סטיק Lady Speed Stick,US,ליידי ספיד סטיק ללא סימן,גרמים,65.00,100 גרם,false,,19.90,0.3062,true,1,1386444
7290101551027,false,קפסולות קפה אספרסו חזק במיוחד 14 עלית 10 יח',הנסיך- מפעל לייצור ט,,קפסולות למכונות נספר,גרמים,50.00,100 גרם,false,,16.50,0.3300,true,1,2112302
7290101551263,false,סילאן טבעי 700 גרם יד מרדכי,"שטראוס גרופ בע""מ",,סילאן טבעי ללא תוספת,גרמים,700.00,100 גרם,false,,19.90,0.0284,true,1,2019897
7290101551300,false,סילאן טבעי ללא תוספת סוכר בקבוק לחיץ,מכוורת יד מרדכי שטראוס ב,,סילאן טבעי לחיץ 380,גרמים,380.00,100 גרם,false,,12.90,0.0339,true,1,2019898
7290101551539,false,יוגורט PRO בטעם אפרסק 0% 20 גרם חלבון בגביע,שטראוס גרופ בעמ/מצונן,,דנונה פרו 20 גרם חלב,גרמים,200.00,100 גרם,false,,5.90,0.0295,true,1,2038371
7290101551584,false,תפוצ'יפס קידס מארז 10 יח' * 20 ג',"שטראוס פריטו ליי בע""מ )פ",,מארז תפוציפס קידס,גרמים,200.00,100 גרם,false,,12.90,0.0645,true,1,2050364
7290101551614,false,חטיף צ'יטוס קראנץ בטעם גבינה - מארז 8 יח',"שטראוס פריטו ליי בע""מ )פ",,מארז ציטוס קראנצ גבי,גרמים,240.00,100 גרם,false,,12.90,0.0538,true,1,2050370
7290101551638,false,חטיף צ'יטוס כאפה בטעם קטשופ - מארז 10 יח',"שטראוס פריטו ליי בע""מ )פ",,מארז צ'יטוס כאפה 10*,גרמים,200.00,100 גרם,false,,12.90,0.0645,true,1,2050193
7290101580942,false,יין כרם קברנה סובניון,בנימינה Binyamina,IL,כרם קברנה סוביניון 2010,מיליליטרים,750.00,"100 מ""ל",false,,19.90,0.0265,true,1,1395013
7290101580966,false,יין כרם אמרלד ריזלינג,בנימינה Binyamina,IL,כרם אמרלד ריזלינג 2010,מיליליטרים,750.00,"100 מ""ל",false,,19.90,0.0265,true,1,1395015
7290101581208,false,יין רזרב Reserve קברנה סוביניון גליל,בנימינה Binyamina,IL,ב.רזרב קברנה סוביניון 201,מיליליטרים,750.00,"100 מ""ל",false,,49.90,0.0665,true,1,1395018
7290101581734,false,יין רזרב Reserve מרלו גליל,בנימינה Binyamina,,יין אדום רזרב מרלו,מיליליטרים,750.00,"100 מ""ל",false,,49.90,0.0665,true,1,1478523
7290101582366,false,יין קברנה סוביניון המושבה,יקבי בינימינה,,יין המושבה קברנה סוב,מיליליטרים,750.00,"100 מ""ל",false,,29.90,0.0399,true,1,1898294
7290101582373,false,יין המושבה גרנאש בלאש רוזה 2017,ויטה- פרי גליל (החדשה) בעמ,,יין המושבה גראנש בלא,מיליליטרים,750.00,"100 מ""ל",false,,29.90,0.0399,true,1,1898295
7290101582403,false,יין שיראז המושבה בינ,בנימינה Binyamina,,יין המושבה שיראז,מיליליטרים,750.00,"100 מ""ל",false,,29.90,0.0399,true,1,1898298
7290101582410,false,יין גוורצטרמינר לבן חצי יבש,בנימינה Binyamina,,יין גוורצטרמינר חצי,מיליליטרים,750.00,"100 מ""ל",false,,49.90,0.0665,true,1,1985064
7290101582496,false,יין לבן חצי מתוק אמרלד ריזלינג,יקבי בינימינה,,יין כחול אמרלד ריזלי,מיליליטרים,750.00,"100 מ""ל",false,,49.90,0.0665,true,1,2229302
7290101582571,false,יין רוזה חצי יבש גרנאש,בנימינה Binyamina,,יין אדום רוזה גראנש,מיליליטרים,750.00,"100 מ""ל",false,,49.90,0.0665,true,1,2243579
7290101863410,false,"סיליט באנג ספריי ניקוי עוצמתי מכיל אקונומיקה 750 מ""ל",רקיט בנקיזר (ניר איסט) בעמ,PL,סיליט ספריי אקונומיקה שרו,מיליליטרים,750.00,"100 מ""ל",false,,14.90,0.0199,true,1,1353563
7290101864127,false,ספריי להסרת כתמים וניש קליה (750 מל),רקיט בנקיזר (ניר איסט) בעמ,PL,"וניש ספריי 750 מ""ל סולו 1",מיליליטרים,750.00,"100 מ""ל",false,,19.90,0.0265,true,1,1353566
7290101865261,false,נוזל הברקה למדיח כלים פיניש (800 מל),רקיט בנקיזר (ניר איסט) בעמ,PL,"פיניש נוזל הברקה 800 מ""""ל",מיליליטרים,800.00,"100 מ""ל",false,,19.90,0.0249,true,1,1353571
7290101866633,false,וניש קליה גל להסרת כתמים 3 ליטר אוקסיפרש,רקיט בנקיזר (ניר איסט) בעמ,IL,וניש ורוד TITAN 3L,ליטרים,3.00,ליטר,false,,34.90,11.6333,true,1,1353577
7290101866787,false,וניש קליה נוזל מסיר כתמים לכביסה לבנה 3 ליטר,רקיט בנקיזר (ניר איסט) בעמ,IL,וניש נוזל להלבנה TITAN 3L,ליטרים,3.00,ליטר,false,,34.90,11.6333,true,1,1353582
7290101868460,false,"אבקת כביסה קולון 101 8 ק""ג",רקיט בנקיזר (ניר איסט) בעמ,IL,קולון 101 8 ק''ג,קילוגרמים,8.00,"ק""ג",false,,54.90,6.8625,true,1,1353607
7290101868958,false,פיניש נוזל הברקה למדיח בניחוח לימון,רקיט בנקיזר (ניר איסט) בעמ,PL,"פיניש נוזל הברקה 800 מ""ל",מיליליטרים,800.00,"100 מ""ל",false,,19.90,0.0249,true,1,1353610
7290101869719,false,ג'ל מרוכז למדיח פיניש all in one max בניחוח לימון,רקיט בנקיזר (ניר איסט) בעמ,,פיניש ג'ל 600לימון A,מיליליטרים,600.00,"100 מ""ל",false,,32.90,0.0548,true,1,1353619
7290101869726,false,ג'ל מרוכז למדיח הכל ב-1 פיניש 1 ליטר,רקיט בנקיזר (ניר איסט) בעמ,,פיניש ג'ל 1000 AIO ל,מיליליטרים,1000.00,"100 מ""ל",false,,42.90,0.0429,true,1,1353620
7290101869733,false,פיניש ג'ל למדיח כלים בניחוח לימון 1 ליטר ALL IN 1,רקיט בנקיזר (ניר איסט) בעמ,,פיניש ג'ל 1000 AIO ל,מיליליטרים,1000.00,"100 מ""ל",false,,42.90,0.0429,true,1,1353621
7290101869788,false,"אירוויק ספריי אוטומטי מילוי בניחוח אואזיס 250 מ""ל*",רקיט בנקיזר (ניר איסט) בעמ,GB,מילוי מבשם אויר אוטומטי א,מיליליטרים,250.00,"100 מ""ל",false,,19.90,0.0796,true,1,1353626
7290101869795,false,"אירוויק מילוי מבשם אויר אטומטי חלום ליל קיץ 250 מ""ל",רקיט בנקיזר (ניר איסט) בעמ,GB,מילוי מבשם אויר אוטומטי ח,מיליליטרים,250.00,"100 מ""ל",false,,19.90,0.0796,true,1,1353627
7290101869832,false,"אירוויק מילוי מבשם אויר חשמלי חלום ליל קיץ 19 מ""ל",רקיט בנקיזר (ניר איסט) בעמ,HU,מילוי מבשם אויר חשמלי חלו,מיליליטרים,19.00,"100 מ""ל",false,,19.90,1.0474,true,1,1353631
7290101869917,false,"אירוויק מילוי מבשם אויר אטומטי היער הקסום 19 מ""ל",רקיט בנקיזר (ניר איסט) בעמ,GB,מילוי מבשם אויר אוטומטי ה,מיליליטרים,250.00,"100 מ""ל",false,,19.90,0.0796,true,1,1353634
7290101869962,false,"אירוויק מקלות ריחניים בניחוח חלום ליל קיץ 30 מ""ל",רקיט בנקיזר (ניר איסט) בעמ,HU,מקלות ריחניים חלום ליל קי,מיליליטרים,30.00,"100 מ""ל",false,,24.90,0.8300,true,1,1353639
7290101869979,false,"אירוויק מקלות ריחניים בניחוח אואזיס 30 מ""ל",רקיט בנקיזר (ניר איסט) בעמ,HU,מקלות ריחניים אואזיס,מיליליטרים,30.00,"100 מ""ל",false,,24.90,0.8300,true,1,1353640
7290101924678,false,שישיית מגבות נייר צץ,,,שישיית מגבות נייר צץ,יח',16.00,יח',false,,29.90,1.8687,true,1,2047964
7290101925606,false,ממחטות אף רכות פרפקט,פרפקט Perfect,,ממחטות אף רכות פרפקט,יח',120.00,יח',false,,9.90,0.0825,true,1,1489259
7290101925620,false,ממחטות אף רכות 3 שכבות,פרפקט Perfect,,ממחטות אף רכות 3 שכ,יח',56.00,יח',false,,7.90,0.1411,true,1,1491840
7290101982371,false,סוכריות ספריי באריזה דמוי נחש-טעמים,שמחה זה אנחנו בע`מ,,סוכריות ספריי נחש בט,יחידה,0.00,יחידה,false,,4.90,0.0000,true,1,1384996
7290101982395,false,ספריי בטעמים - ממתק 30גר,,,סוכריות ספריי בטעמים,יחידה,0.00,יחידה,false,,2.90,0.0000,true,1,1384998
7290101982470,false,ממתק רולר 30 מל' בטעמים,עולם הממתקים שיווק,,ממתק רולר בטעמים,יחידה,0.00,יחידה,false,,4.90,0.0000,true,1,1385000
7290102030330,false,תפוצ`יפס אקסטרא מקסיקני 200 גרם +20 תו,"שטראוס פריטו ליי בע""\מ )",IL,תפוציפס קראנצ מקסיקני 200,גרמים,200.00,100 גרם,false,,9.90,0.0495,true,1,1390897
7290102031276,false,מארז 8 יחידות אקטימל משקה יוגורט בטעם תות בננה,שטראוס גרופ בעמ/מצונן,IL,אקטימל 8 תות בננה,גרמים,864.00,100 גרם,false,,19.90,0.0230,true,1,1389504
7290102032334,false,אבקה להכנת משקה קפה בטעם וניל,"שטראוס גרופ בע""מ",IL,קפה נמס וניל 200 גר' חדש,גרמים,200.00,100 גרם,false,,26.90,0.1345,true,1,1390267
7290102060764,false,מארז זוג מברשות שיניים מרידול,יבואן ומשווק: ש. שסט,CH,מרידול מברשת שיניים זוג,יח',2.00,יח',false,,34.90,17.4500,true,1,1386448
7290102060979,false,אלמקס משחת שיניים למניעת עששת 100 מל,יבואן ומשווק: ש. שסט,PL,אלמקס משחת שיניים למניעת,גרמים,100.00,100 גרם,false,,14.90,0.1490,true,1,1386450
7290102062195,false,"משחת שיניים לילדים לגילאי 6-12 אלמקס 75 מ""ל",יבואן ומשווק: ש. שסט,PE,אלמקס ג'וניור משחת שיניים,גרמים,75.00,100 גרם,false,,15.90,0.2120,true,1,1386453
7290102300822,false,גבינה צ'דר אנגלית כתומה 200 גרם,א. סיימן סחר בעמ,GB,גבינת צ'דר אנגלית כתום,גרמים,200.00,100 גרם,false,,20.90,0.1045,true,1,1376468
7290102300860,false,"גבינת צ'דר אנגלית לבן, 200 גרם",א. סיימן סחר בעמ,GB,גבינת צ'דר אנגלית,גרמים,200.00,100 גרם,false,,20.90,0.1045,true,1,1376470
7290102302932,false,גבינה גאיה קלאסית פרוסות 150ג,קריניציה ויטמינה אס,,גבינה טבעונית גאיה ק,גרמים,150.00,100 גרם,false,,22.90,0.1527,true,1,2278604
7290102390427,false,יוגורט ביו עם קציפת תות 3% שומן 150 ג' מולר,החברה המרכזית טלהפצת משקאות בע,IL,"Muller Froop תות 150 מ""ל",מיליליטרים,150.00,"100 מ""ל",false,,4.70,0.0313,true,1,1375386
7290102390465,false,יוגורט ביו עם קציפת אפרסק ופסיפלורה 3% שומן 150 ג' מולר,החברה המרכזית טלהפצת משקאות בע,IL,Muller Froop אפרסק פסיפלו,מיליליטרים,150.00,"100 מ""ל",false,,4.70,0.0313,true,1,1375387
7290102390489,false,יוגורט ביו עם קציפת לימון 3% שומן 150 ג' מולר,*החברה המרכזית להפצת משקאותבעמ,IL,"Muller Froop לימון 150 מ""",מיליליטרים,150.00,"100 מ""ל",false,,4.70,0.0313,true,1,1375388
7290102391844,false,יוגורט ביו עם קציפת פירות יער3% שומן 150 ג' מולר,החברה המרכזית טלהפצת משקאות בע,IL,Muller Froop פירות יער 15,מיליליטרים,150.00,"100 מ""ל",false,,4.70,0.0313,true,1,1375392
7290102392049,false,גבינה לאפיה תבור ללא תוספת מלח 5% משק צוריאל 500 גרם,החברה המרכזית טלהפצת משקאות בע,IL,תבור- גבינה לאפייה 5% 500,גרמים,500.00,100 גרם,false,,22.90,0.0458,true,1,1375394
7290102392094,false,חלב עיזים 3.7% בקרטון משק צוריאל 1 ליטר,החברה המרכזית טלהפצת משקאות בע,IL,חלב עיזים בקרטון 1 ליטר,ליטרים,1.00,ליטר,false,,14.90,14.9000,true,1,1375395
7290102392728,false,יוגורט ביו ביאנקו 2.8% מולר (200 גרם),*החברה המרכזית להפצת משקאותבעמ,IL,מולר ביאנקו נטורל 2.8% 20,גרמים,200.00,100 גרם,false,,3.70,0.0185,true,1,1375403
7290102393039,false,"יוגורט ביו קרמי מיקס פצפוצי שוקולד 7.6% מולר 170 מ""ל",*החברה המרכזית להפצת משקאותבעמ,IL,Muller mix פצפוצי שוקולד-,גרמים,170.00,100 גרם,false,,5.40,0.0318,true,1,1375405
7290102393060,false,"יוגורט ביו קרמי מיקס גלילי ופל ואגוזים 5.9% מולר 170 מ""ל",*החברה המרכזית להפצת משקאותבעמ,IL,Muller mix גליליות קרם אג,מיליליטרים,170.00,"100 מ""ל",false,,5.40,0.0318,true,1,1375406
7290102393169,false,"יוגורט סימפלי פרוט בטעם תות 3% מולר 150 מ""ל",*החברה המרכזית להפצת משקאותבעמ,IL,תות שדה Muller Simply fru,גרמים,150.00,100 גרם,false,,4.80,0.0320,true,1,1375415
7290102393176,false,סימפלי פרוט יוגורט אפרסק 3% שומן 150 ג' מולר,*החברה המרכזית להפצת משקאותבעמ,IL,אפרסק Muller Simply fruit,גרמים,150.00,100 גרם,false,,4.80,0.0320,true,1,1375416
7290102393190,false,"יוגורט סימפלי פרוט בטעם פירות יער 3% מולר 150 מ""ל",*החברה המרכזית להפצת משקאותבעמ,IL,פירות יער Muller Simply f,גרמים,150.00,100 גרם,false,,4.80,0.0320,true,1,1375417
7290102393268,false,"גבינה לבנה 5% שומן, רכיבים טבעיים 750 גרם",*החברה המרכזית להפצת משקאותבעמ,IL,גבינה לבנה 750 גרם 5%,גרמים,750.00,100 גרם,false,,14.85,0.0198,true,1,1375418
7290102393299,false,יוגורט עיזים לשתייה 3% משק צוריאל 500 גרם,*החברה המרכזית להפצת משקאותבעמ,IL,יוגורט עיזים לשתייה 3% שו,גרמים,500.00,100 גרם,false,,12.90,0.0258,true,1,1375419
7290102393848,false,יוגורט עיזים 2.4% עם תות משק צוריאל 150 גרם,*החברה המרכזית להפצת משקאותבעמ,IL,יוגורט עיזים עם תות 150 ג,גרמים,150.00,100 גרם,false,,5.90,0.0393,true,1,1375422
7290102393855,false,יוגורט עיזים 2.5% עם אפרסק משק צוריאל 150 גרם,*החברה המרכזית להפצת משקאותבעמ,IL,יוגורט עיזים עם אפרסק 150,גרמים,150.00,100 גרם,false,,5.90,0.0393,true,1,1375423
7290102393947,false,סימפלי פרוט יוגורט בטעם קיווי 3% שומן 150 ג' מולר,*החברה המרכזית להפצת משקאותבעמ,IL,קיווי Muller Simply fruit,גרמים,150.00,100 גרם,false,,4.80,0.0320,true,1,1375424
7290102394258,false,גליל גבינת עיזים מה עז 9% משק צוריאל 180 גרם,*החברה המרכזית להפצת משקאותבעמ,IL,מה עז 9% 180 גרם,גרמים,180.00,100 גרם,false,,21.90,0.1217,true,1,1375427
7290102394463,false,נעם גבינה צהובה פרוסה ואקום 28% טרה 500 גרם,החברה המרכזית טלהפצת משקאות בע,IL,וואקום 28% שומן 500 גרם,גרמים,500.00,100 גרם,false,,26.90,0.0538,true,1,1375431
7290102394821,false,גבינה צהובה 28% דק דק לפתיחה חוזרת 200,החברה המרכזית טלהפצת משקאות בע,IL,"דק דק פ""ח 28% 200 גרם",גרמים,200.00,100 גרם,false,,15.60,0.0780,true,1,1375433
7290102394845,false,נעם גבינה צהובה לייט פרוסה דק דק 9% טרה 200 גרם,*החברה המרכזית להפצת משקאותבעמ,IL,"דק דק פ""ח 9% 200 גרם",גרמים,200.00,100 גרם,false,,16.90,0.0845,true,1,1375434
7290102395101,false,ממרח גבינה ושוקולד מוו טרה 200 גרם,החברה המרכזית טלהפצת משקאות בע,IL,ממרח גבינה ושוקולד 200 גר,גרמים,200.00,100 גרם,false,,10.90,0.0545,true,1,1375438
7290102395217,false,"יוגורט ביאנקו 2% במתיקות מעודנת מולר 1.2 ק""ג",החברה המרכזית טלהפצת משקאות בע,IL,מאגדת שמיניה מולר ביאנקו,גרמים,1200.00,100 גרם,false,,17.90,0.0149,true,1,1375446
7290102395224,false,שמיניית יוגורט ביו ביאנקו 1.7% מולר 150 גרם,*החברה המרכזית להפצת משקאותבעמ,IL,מאגדת שמיניה מולר 1.7% בי,גרמים,1200.00,100 גרם,false,,15.90,0.0133,true,1,1375447
7290102395231,false,שמיניית יוגורט ביו ביאנקו 2.8% מולר 150 גרם,*החברה המרכזית להפצת משקאותבעמ,IL,מאגדת שמינייה 2.8% מולר נ,גרמים,1200.00,100 גרם,false,,15.90,0.0133,true,1,1375448
7290102395262,false,מארז 8 גביעים יוגורט בטעם תות שדה ואפרסק 3% Simply Fruit,החברה המרכזית טלהפצת משקאות בע,IL,מאגדת שמינייה סימפלי 3% ת,גרמים,1200.00,100 גרם,false,,29.90,0.0249,true,1,1375450
7290102395378,false,נעם גבינה צהובה פרוסה ואקום 28% טרה 360 גרם,*החברה המרכזית להפצת משקאותבעמ,IL,גבינה צהובה נעם 28% ואקום,גרמים,360.00,100 גרם,false,,19.90,0.0553,true,1,1375451
7290102395439,false,מארז 8 גביעים יוגורט בטעם פירות יער וקיווי 3% Simply Fruit,*החברה המרכזית להפצת משקאותבעמ,IL,מאגדת שמינייה סימפלי פירו,גרמים,1200.00,100 גרם,false,,29.90,0.0249,true,1,1375454
7290102395446,false,מעדן חלב בטעם וניל עם קצפת 123 ג' טרה,*החברה המרכזית להפצת משקאותבעמ,IL,מוו וניל קצפת,גרמים,123.00,100 גרם,false,,2.90,0.0236,true,1,1375455
7290102395477,false,מעדן חלב בטעם שוקולד עם קצפת 123 ג' טרה,*החברה המרכזית להפצת משקאותבעמ,IL,מוו שוקולד קצפת,גרמים,123.00,100 גרם,false,,2.90,0.0236,true,1,1375458
7290102395521,false,"שמנת לבישול 15% שומן 500 מ""ל טרה",החברה המרכזית טלהפצת משקאות בע,IL,"שמנת לבישול 15% 500 מ""ל",מיליליטרים,500.00,"100 מ""ל",false,,15.90,0.0318,true,1,1375459
7290102396399,false,מארז 8 יחידות מעדן חלב בטעם שוקולד 1.5%,*החברה המרכזית להפצת משקאותבעמ,IL,מאגדת שמינייה מעדן שוקולד,גרמים,800.00,100 גרם,false,,12.90,0.0161,true,1,1375495
7290102396405,false,מארז 8 יחידות מעדן חלב בטעם וניל 1.5%,החברה המרכזית טלהפצת משקאות בע,IL,מאגדת שמינייה מעדן וניל 1,גרמים,800.00,100 גרם,false,,12.90,0.0161,true,1,1375496
7290102396436,false,מעדן בטעם שוקולד 1.5% שומן מוו (125 גרם),*החברה המרכזית להפצת משקאותבעמ,IL,מוו מעדן שוקולד 1.5% 125,גרמים,125.00,100 גרם,false,,2.70,0.0216,true,1,1375499
7290102396443,false,מעדן בטעם וניל 1.5% שומן מוו (125 גרם),*החברה המרכזית להפצת משקאותבעמ,IL,מוו מעדן וניל 1.5% 125 גר,גרמים,125.00,100 גרם,false,,2.70,0.0216,true,1,1375500
7290102396580,false,מעדן מוו שוקולד ומוס שוקולד טרה 118 גרם,החברה המרכזית טלהפצת משקאות בע,IL,מעדן מוו שוקולד ומוס שוקו,גרמים,123.00,100 גרם,false,,2.90,0.0236,true,1,1375508
7290102396597,false,מעדן מוו וניל ומוס שוקולד טרה 118 גרם,*החברה המרכזית להפצת משקאותבעמ,IL,מעדן מוו וניל ומוס שוקולד,גרמים,123.00,100 גרם,false,,2.90,0.0236,true,1,1375509
7290102396665,false,צהובה פרוסות דקדק פתח סגור 15% 200 גר`,*החברה המרכזית להפצת משקאותבעמ,,גבינה צהובה דק דק 15,גרמים,200.00,100 גרם,false,,15.60,0.0780,true,1,1420901
7290102396672,false,גבינה צהובה נעם דק דק 9% פתח סגור 360 ג,*החברה המרכזית להפצת משקאותבעמ,,גבינה צהובה 9% נעם 3,גרמים,360.00,100 גרם,false,,25.90,0.0719,true,1,1417758
7290102396719,false,יוגורט 0% תות סימפלי מולר (150 גרם),*החברה המרכזית להפצת משקאותבעמ,IL,תות 0% Muller Simply fru,גרמים,150.00,100 גרם,false,,4.80,0.0320,true,1,1375516
7290102396726,false,יוגורט 0% אפרסק סימפלי מולר (150 גרם),*החברה המרכזית להפצת משקאותבעמ,IL,אפרסק 0% Muller Simply f,גרמים,150.00,100 גרם,false,,4.80,0.0320,true,1,1375517
7290102396740,false,מארז 8 גביעים יוגורט בטעם תות שדה ואפרסק 0% Simply Fruit,החברה המרכזית טלהפצת משקאות בע,IL,מאגדת שמינייה סימפלי 0% ת,גרמים,1200.00,100 גרם,false,,29.90,0.0249,true,1,1375519
7290102396788,false,"טרה-מוו שוקו בשקית 200 מ""ל",החברה המרכזית טלהפצת משקאות בע,IL,"שוקו בשקית 200 מ""ל",מיליליטרים,200.00,"100 מ""ל",false,,2.50,0.0125,true,1,1375523
7290102396795,false,טרה-מוו שישיית שוקו-מאגדת 6*200מל,החברה המרכזית טלהפצת משקאות בע,IL,שישיית שוקו-מאגדת,מיליליטרים,1200.00,"100 מ""ל",false,,16.90,0.0141,true,1,1375524
7290102397075,false,יוגורט בקרטון 4% שומן 1.5ל' טרה,*החברה המרכזית להפצת משקאותבעמ,,יוגורט 1.5ליטר בקרטו,ליטרים,1.50,ליטר,false,,12.90,8.6000,true,1,1375536
7290102397204,false,גבינה צהובה נעם דק דק פתח סגור 200 גר,*החברה המרכזית להפצת משקאותבעמ,,גבינה צהובה 22% נעם,גרמים,200.00,100 גרם,false,,15.60,0.0780,true,1,1417753
7290102397310,false,מעדן מיני בטעם שוקולד קצפת מוו מאגדת 8 יח' * 70 ג',החברה המרכזית טלהפצת משקאות בע,,מאגדת שמינייה מיני מ,גרמים,560.00,100 גרם,false,,11.90,0.0213,true,1,1435260
7290102397334,false,גבינה בולגרית גלילית 5% משק צוריאל 250 גרם,החברה המרכזית טלהפצת משקאות בע,,גבינה בולגרית 5% קלא,גרמים,250.00,100 גרם,false,,19.90,0.0796,true,1,1425333
7290102397464,false,יוגורט ביו בתוספת גרעינים אגוזים וחמוציות 170 ג' מולר,החברה המרכזית טלהפצת משקאות בע,,יוגורט מיקס מולר נטו,גרמים,170.00,100 גרם,false,,5.40,0.0318,true,1,1873581
7290102397600,false,מיקס יוגורט בתוספת שקדים ובוטנים מקורמלים 170 ג' מולר,החברה המרכזית טלהפצת משקאות בע,,יוגורט מיקס מולר שקד,גרמים,170.00,100 גרם,false,,5.40,0.0318,true,1,1453669
7290102397617,false,יוגורט ביו קרמי עם כדורים מצופים שוקולד חום לבן,*החברה המרכזית להפצת משקאותבעמ,,יוגורט מיקס מולר קלי,גרמים,170.00,100 גרם,false,,5.40,0.0318,true,1,1453670
7290102397679,false,קוטג' וחצי טרה 5% מרכיבים טבעיים,*החברה המרכזית להפצת משקאותבעמ,,קוטג' וחצי 5% טרה 37,גרמים,375.00,100 גרם,false,,7.90,0.0211,true,1,1508219
7290102397730,false,פרוסות גבינה אמנטל חצי קשה 30% שומן 200 ג' נעם,*החברה המרכזית להפצת משקאותבעמ,,גבינה אמנטל 200 גר נ,גרמים,200.00,100 גרם,false,,16.90,0.0845,true,1,1988865
7290102397747,false,פרוסות גבינת מוצרלה נעם מחלב בקר 22%,*החברה המרכזית להפצת משקאותבעמ,,מוצרלה נעם 200 גרם ר,גרמים,200.00,100 גרם,false,,17.90,0.0895,true,1,1864927
7290102397891,false,גבינה ניו יורק מותכת %16 4*25 גרם,החברה המרכזית טלהפצת משקאות בע,,גבינה מותכת משק צורי,גרמים,100.00,100 גרם,false,,6.90,0.0690,true,1,1698028
7290102398065,false,חלב טרה בקרטון 2 ליטר מהדרין 3% - מוצר בפיקוח,*החברה המרכזית להפצת משקאותבעמ,,חלב קרטון 2 ליטר 3%,ליטרים,2.00,ליטר,false,,12.40,6.2000,true,1,1890475
7290102398072,false,"חלב קרטון 3%-1 ליטר "" טרה"" -מוצר פיקוח",החברה המרכזית טלהפצת משקאות בע,,חלב בקרטון 1 ליטר 3%,ליטרים,1.00,ליטר,false,,6.20,6.2000,true,1,1782885
7290102398331,false,חלב מועשר דל לקטוז 2% שומן טרה 1 ליטר,*החברה המרכזית להפצת משקאותבעמ,,חלב מועשר דל לקטוז 2,ליטרים,1.00,ליטר,false,,7.40,7.4000,true,1,1867103
7290102398478,false,לאבנה 9% שומן 500 ג' טרה,החברה המרכזית טלהפצת משקאות בע,,לאבנה טרה 500 גרם .,גרמים,500.00,100 גרם,false,,19.90,0.0398,true,1,2235839
7290102398577,false,משקה חלב בטעם שוקו 2% בבקבוק אישי,החברה המרכזית טלהפצת משקאות בע,,שוקו טרה מועשר בבקבו,מיליליטרים,250.00,"100 מ""ל",false,,5.20,0.0208,true,1,1965646
7290102398614,false,משקה חלב טרה ט. בננה 1ליטר בקבוק,*החברה המרכזית להפצת משקאותבעמ,,משקה חלב בטעם בננה 1,ליטרים,1.00,ליטר,false,,10.90,10.9000,true,1,1965670
7290102398638,false,משקה חלב טרה ט.מוקה 1ליטר בקבוק,החברה המרכזית טלהפצת משקאות בע,,משקה חלב בטעם מוקה 1,ליטרים,1.00,ליטר,false,,10.90,10.9000,true,1,1965671
7290102398669,false,משקה חלב אייס קפוצ'ינו טרה 1 ליטר,החברה המרכזית טלהפצת משקאות בע,,אייס קפוצינו 1 ליטר,ליטרים,1.00,ליטר,false,,10.90,10.9000,true,1,2256550
7290102398782,false,.משקה סויה קלאסי 1ל בקבוק משק צוריא,*החברה המרכזית להפצת משקאותבעמ,,משקה סויה קלאסיק צור,ליטרים,1.00,ליטר,false,,9.90,9.9000,true,1,2231860
7290102398799,false,משקה סויה במתיקות מופחתת משק צוריאל 1 ליטר,החברה המרכזית טלהפצת משקאות בע,,משקה סויה במתיקות מו,ליטרים,1.00,ליטר,false,,9.90,9.9000,true,1,2231861
7290102398805,false,משקה סויה בטעם וניל 1ל בקבוק משק צוריא,החברה המרכזית טלהפצת משקאות בע,,משקה סויה בטעם וניל,ליטרים,1.00,ליטר,false,,9.90,9.9000,true,1,2231862
7290102398836,false,משקה שקדים קלאסי 1 ליטר משק צוריאל,החברה המרכזית טלהפצת משקאות בע,,משקה שקדים קלאסיק צו,ליטרים,1.00,ליטר,false,,11.90,11.9000,true,1,2231882
7290102399048,false,פרוסות גבינת קשקבל נעם 200 ג' טרה,*החברה המרכזית להפצת משקאותבעמ,,קשקבל נעם 200 גרם רכ,גרמים,200.00,100 גרם,false,,22.90,0.1145,true,1,2174437
7290102399635,false,"מולר פרופ יוגורט ביו עם קציפת קוקוס ואננס 150 מ""ל",*החברה המרכזית להפצת משקאותבעמ,,יוגורט מולר פרופ 4.1,מיליליטרים,150.00,"100 מ""ל",false,,4.70,0.0313,true,1,2258264
7290102399772,false,מולר ספרדבל-ממרח חמאת מולר במליחות עדינה 250 גרם,החברה המרכזית טלהפצת משקאות בע,,ממרח חמאת מולר במליח,גרמים,250.00,100 גרם,false,,16.90,0.0676,true,1,2248490
7290102399789,false,מולר ספרדבל-ממרח חמאת מולר ללא מלח 250 גרם,החברה המרכזית טלהפצת משקאות בע,,ממרח חמאת מולר ללא מ,גרמים,250.00,100 גרם,false,,16.90,0.0676,true,1,2248495
7290102399802,false,יוגורט עם תות מולר אקטיב מועשר בחלבון 200 גר',החברה המרכזית טלהפצת משקאות בע,,יוגורט מולר אקטיב עם,גרמים,200.00,100 גרם,false,,5.80,0.0290,true,1,2235832
7290102399819,false,יוגורט עם פירות יער מולר אקטיב מועשר בחלבון 200 גר',החברה המרכזית טלהפצת משקאות בע,,יוגורט מולר אקטיב עם,גרמים,200.00,100 גרם,false,,5.80,0.0290,true,1,2235840
7290102399857,false,מולר אקטיב לייט 20 גרם חלבון 0% שומן עם תות 200 גרם,החברה המרכזית טלהפצת משקאות בע,,יוגורט מולר אקטיב עם,גרמים,200.00,100 גרם,false,,5.80,0.0290,true,1,2254458
7290102840175,false,אינסטנט פודינג בטעם וניל מיה (85 גרם),מיה תעשיות מזון מ.ת.מ. בעמ,IL,פודינג וניל 85גרם,גרמים,85.00,100 גרם,false,,4.90,0.0576,true,1,1381339
7290102840243,false,אבקה להכנת פלאן קרמל 112 ג',נאמן לאורך זמן בעמ,,אבקה להכנה פלאן בדץ.,גרמים,112.00,100 גרם,false,,8.90,0.0795,true,1,1376583
7290102842360,false,תערובת להכנת סופלה בטעם שוקולד בלגי,נאמן לאורך זמן בעמ,,תערובת להכנת סופלה ש,גרמים,250.00,100 גרם,false,,15.90,0.0636,true,1,1376592
7290102844357,false,גלי אינסטנט בטעם אננ,י.כהן,,אינסטנט ג'לי אננס,גרמים,85.00,100 גרם,false,,4.90,0.0576,true,1,1477598
7290103120658,false,דאודורנט ספיד סטיק גל שחור 85 גרם,הנסיך- מפעל לייצור ט,US,ספיד סטיק 24/7 גל שחור,גרמים,50.00,100 גרם,false,,19.90,0.3980,true,1,1386460
7290103121600,false,ספיד סטיק 24/7 דאו ספריי קול פיוזן 150 מ,קולגייט פלמוליב,MX,ספיד סטיק 24/7 ספריי כתום,מיליליטרים,50.00,"100 מ""ל",false,,24.90,0.4980,true,1,1386461
7290103124588,false,"סבון נוזלי ארומה בניחוח לבנדר פטצ'ולי פלמוליב 750 מ""ל",הנסיך- מפעל לייצור ט,TR,פלמוליב סבון נוזלי ארומה,מיליליטרים,750.00,"100 מ""ל",false,,17.90,0.0239,true,1,1386466
7290103124601,false,"תחליב רחצה נוזל חלב ודבש משאבה 750מ""ל פלמוליב",הנסיך- מפעל לייצור ט,TR,פלמוליב חלב ודבש 750מל חד,מיליליטרים,750.00,"100 מ""ל",false,,17.90,0.0239,true,1,1386468
7290103129378,false,ספיד סטיק - דאודורנט ג'ל לגבר איקס 5 85 גרם,הנסיך- מפעל לייצור ט,US,ספיד סטיק גל X5,גרמים,85.00,100 גרם,false,,19.90,0.2341,true,1,1386490
7290103129392,false,ליידי ספיד סטיק פרש אסנס פרח הפרזיה סטיק 65 גר,ליידי ספיד סטיק Lady Speed Stick,US,לסס פרש אסנס פרח הפרזיה ס,גרמים,65.00,100 גרם,false,,19.90,0.3062,true,1,1386491
7290103129408,false,ליידי ספיד סטיק - דאודורנט סטיק לאישה פרש אסנס פריחת הפרדס 65 גרם,ליידי ספיד סטיק Lady Speed Stick,US,לסס פרש אסנס פריחת הפרדס,גרמים,65.00,100 גרם,false,,19.90,0.3062,true,1,1386492
7290103129637,false,בלונס פדים אובליים להסרת איפור 40 יחידות,הנסיך- מפעל לייצור ט,GR,בלונס פדים אובאליים להסרת,יח',40.00,יח',false,,7.90,0.1975,true,1,1386494
7290103400231,false,גזר גוליאן 400גר שטראוס טעם הטבע,ביכורי השדה הצפון בעמ` 1964,IL,גזר 400 ג' ירקות שטראוס,גרמים,400.00,100 גרם,false,,8.90,0.0223,true,1,1389510
7290103401429,false,קפה קצב ברזילאי אוריגינס 200 גר,הנסיך- מפעל לייצור ט,IL,קפה קצב ברזילאי,גרמים,200.00,100 גרם,false,,29.90,0.1495,true,1,1390280
7290103404758,false,סלט כרוב אדום במיונז אחלה 120 גרם,שטראוס גרופ בעמ/מצונן,IL,כרוב 120,גרמים,120.00,100 גרם,false,,4.50,0.0375,true,1,1389513
7290103408206,false,עלי חסה ערבית שטופים 250 גר טעם הטבע,ביכורי השדה הצפון בעמ` 1964,IL,עלי חסה בקופסא 250 גרם יר,גרמים,250.00,100 גרם,false,,9.90,0.0396,true,1,1389519
7290103681173,false,"יין הר קברנה סובניון יקבי תבור 750 מ""ל.",*החברה המרכזית להפצת משקאותבעמ,,יין תבור הר קברנה סו,מיליליטרים,750.00,"100 מ""ל",false,,32.90,0.0439,true,1,2125557
7290103681197,false,"יין הר שיראז מיתוג תנשמת 750 מ""ל",*החברה המרכזית להפצת משקאותבעמ,,יין תבור הר שיראז 75,מיליליטרים,750.00,"100 מ""ל",false,,32.90,0.0439,true,1,2125559
7290103681210,false,"יין הר שרדונה מיתוג תנשמת 750 מ""ל",*החברה המרכזית להפצת משקאותבעמ,,יין תבור הר שרדונה 7,מיליליטרים,750.00,"100 מ""ל",false,,32.90,0.0439,true,1,2125560
7290103681227,false,"יין הר גוורצטרמינר מיתוג תנשמת 750 מ""ל",החברה המרכזית טלהפצת משקאות בע,,יין תבור הר גוורצטרמ,מיליליטרים,750.00,"100 מ""ל",false,,32.90,0.0439,true,1,2125561
7290103681234,false,"יין הר רוזה מיתוג תנשמת 750 מ""ל",החברה המרכזית טלהפצת משקאות בע,,יין תבור הר רוזה 750,מיליליטרים,750.00,"100 מ""ל",false,,32.90,0.0439,true,1,2125562
7290103681241,false,"יין הר מוסקטו מיתוג תנשמת 750 מ""ל",*החברה המרכזית להפצת משקאותבעמ,,יין תבור הר מוסקטו 7,מיליליטרים,750.00,"100 מ""ל",false,,32.90,0.0439,true,1,2125807
7290103681371,false,תבור קברנה סובניון 750 מ`ל,*החברה המרכזית להפצת משקאותבעמ,,"יין אדמה מרלו 750 מ""",מיליליטרים,750.00,"100 מ""ל",false,,59.90,0.0799,true,1,2125551
7290103681388,false,"שרדונה 750מ""ל תבור אדמה",*החברה המרכזית להפצת משקאותבעמ,,יין תבור שרדונה 750,מיליליטרים,750.00,"100 מ""ל",false,,59.90,0.0799,true,1,2125552
7290103702540,false,נייר טואלט מהדרות כדור פורח 30 גלילים טאצ',שניב תעשיות נייר בעמ,,נייר טואלט 30,מטרים,504.00,מטר,false,,35.90,0.0712,true,1,2342574
7290103702649,false,מארז חמישייה מגבוני טישו דו שכבתי,שניב תעשיות נייר בעמ,,ממחטות טישו חמישייה,יח',500.00,יח',false,,13.90,0.0278,true,1,2378051
7290103702687,false,מגבות נייר - מארז 8 גלילים,פרפקט Perfect,,מגבות נייר 8 יחידות,מטרים,84.64,מטר,false,,12.90,0.1524,true,1,1433209
7290103702731,false,מגבות נייר - מארז 6 גלילים,פרפקט Perfect,,מגבות נייר 6 יחידות,מטרים,63.48,מטר,false,,12.90,0.2032,true,1,1443164
7290103702748,false,מגבות נייר - מארז 12 גלילים,פרפקט Perfect,,מגבות נייר 12 יחידות,מטרים,126.96,מטר,false,,16.90,0.1331,true,1,1443495
7290103702755,false,נייר טואלט דו שכבתי - מארז 32 גלילים,פרפקט Perfect,,נייר טואלט דו שכבתי,מטרים,573.44,מטר,false,,32.90,0.0574,true,1,1444661
7290103702847,false,ממחטות אף באריזה אישית- 10 במארז,פרפקט Perfect,,ממחטות אף 10 יחידות,יח',10.00,יח',false,,8.90,0.8900,true,1,1488078
7290103702908,false,ממחטות נייר- מארז חמישייה,פרפקט Perfect,,ממחטות טישו 5 יחידות,יח',500.00,יח',false,,12.90,0.0258,true,1,1487522
7290103702915,false,נייר טואלט דו שכבתי - מארז 48 גלילים,פרפקט Perfect,,נייר טואלט דו שכבתי,מטרים,860.16,מטר,false,,34.90,0.0406,true,1,1491234
7290104061417,false,סלט חומוס עם טחינה אחלה 400 גרם,שטראוס גרופ בעמ/מצונן,IL,חומוס טחינה 400 גרם,גרמים,400.00,100 גרם,false,,9.90,0.0248,true,1,1389521
7290104061424,false,סלט חומוס עם זעתר אחלה 400 גרם,שטראוס גרופ בעמ/מצונן,IL,חומוס זעתר 400 גרם,גרמים,400.00,100 גרם,false,,9.90,0.0248,true,1,1389522
7290104061431,false,סלט חומוס עם צנובר אחלה 400 גרם,שטראוס גרופ בעמ/מצונן,IL,חומוס צנובר 400 גרם,גרמים,400.00,100 גרם,false,,9.90,0.0248,true,1,1389523
7290104061448,false,סלט חומוס עם חריף אחלה 400 גרם,שטראוס גרופ בעמ/מצונן,IL,חומוס חריף 400 גרם,גרמים,400.00,100 גרם,false,,9.90,0.0248,true,1,1389524
7290104062599,false,מארז 8 יחידות מעדן גמדים בטעמי תות ובננה,שטראוס גרופ בעמ/מצונן,IL,8 גמדים תות בננה,גרמים,800.00,100 גרם,false,,17.90,0.0224,true,1,1389525
7290104064012,false,חטיף פסק זמן GOOD שוקולד לבן גוד 36 גרם,שולן צ'יקולטה גידה ס,TR,"פ""ז 2good שוק.לבן 36ג",גרמים,36.00,100 גרם,false,,4.90,0.1361,true,1,1964865
7290104065187,false,אבקה להכנת משקה קפה בטעם מוקה,"שטראוס גרופ בע""מ",IL,קפה נמס מוקה 200 גר',גרמים,200.00,100 גרם,false,,26.90,0.1345,true,1,1390318
7290104065934,false,עלי רוקט שטראוס 150 גר`-טעם הטבע,ביכורי השדה הצפון בעמ` 1964,IL,עלי רוקט 150 ג' ירקות שטר,גרמים,150.00,100 גרם,false,,9.90,0.0660,true,1,1389528
7290104066566,false,סלט טחינה שומשום מלא 500גר אחלה,שטראוס גרופ בעמ/מצונן,IL,טחינה משומשום מלא 500 גרם,גרמים,500.00,100 גרם,false,,13.90,0.0278,true,1,1389530
7290104067693,false,חומוס אחלה עם תוספת חריף 150 גר,שטראוס גרופ בעמ/מצונן,IL,חומוס 150 חריף,גרמים,150.00,100 גרם,false,,4.90,0.0327,true,1,1389534
7290104068539,false,מאסט פליפטופ מלון ואבטיח ללא גרעינים,שטראוס גרופ בע`מ,IL,MUST LL פליפ. אבטיח מלון,גרמים,28.00,100 גרם,false,,3.90,0.1393,true,1,1390326
7290104068546,false,גומי מאסט בטעם לימון קולה ללא סוכר 28 ג' עלית,שטראוס גרופ בע`מ,IL,MUST פליפ קולה,גרמים,28.00,100 גרם,false,,3.90,0.1393,true,1,1390327
7290104501661,false,אינסטנט פודינג בטעם וניל צרפתי אסם 80 גרם,קבוצת אוסם סחר-שות.מוגבלת,IL,אסם פודינג אינסטנט בטעם ו,גרמים,80.00,100 גרם,false,,5.50,0.0688,true,1,1349965
7290104504228,false,מיני דובונים אסם 100 גרם מארז 5 יחידות,קבוצת אוסם סחר-שות.מוגבלת,IL,חבורת דובונים 20 גרם מאר,גרמים,100.00,100 גרם,false,,12.90,0.1290,true,1,1349982
7290104508189,false,אסם 24 גביעי גלידה ממותקים 95 גרם,קבוצת אוסם סחר שותפות מוגבלת,IL,אסם גביעי גלידה ממותקים,גרמים,95.00,100 גרם,false,,11.90,0.1253,true,1,1349991
7290104508202,false,גביעי גלידה אמריקאים אסם 120 גרם 24 יחידות,קבוצת אוסם סחר-שות.מוגבלת,IL,אסם גביעי גלידה אמריקאים,גרמים,120.00,100 גרם,false,,11.90,0.0992,true,1,1349992
7290104570131,false,תמר מג'הול ששון ושות,,,"תמר מגהול 1 ק""ג",גרמים,1000.00,100 גרם,false,,19.90,0.0199,true,1,1413428
7290104570162,false,תמרים ללא חרצנים בואקום 500 גרם,מ.ד אטיאס סוכנויות מזון בע`מ,,תמר כבוש 500 גרם,גרמים,500.00,100 גרם,false,,12.90,0.0258,true,1,1413429
7290104570629,false,ממרח גביע ירוק 450 ג' ירדן,מ.ד אטיאס סוכנויות מזון בע`מ,,ממרח תמרים 450 גרם ב,גרמים,450.00,100 גרם,false,,4.90,0.0109,true,1,1413430
7290104570711,false,"סילאן מגהול בד""צ 900גרם",,,סילאן טבעי ללא סוכר,גרמים,900.00,100 גרם,false,,19.90,0.0221,true,1,1413432
7290104570735,false,הדקלאים סילאן טהור 5,,,סילאן לחיץ 500 גרם,גרמים,500.00,100 גרם,false,,14.90,0.0298,true,1,1441624
7290104720499,false,מארז 8 יחידות מעדן דני בטעם וניל 1.5%,שטראוס גרופ בעמ/מצונן,IL,מארז 8 דני וניל,גרמים,1000.00,100 גרם,false,,15.90,0.0159,true,1,1389537
7290104721953,false,לקט מסולסלים 350 גרם שטראוס טעם הטבע,שטראוס בריאות ירקות טריי,IL,לקט מסולסלים 350 ג' ירקות,גרמים,350.00,100 גרם,false,,12.90,0.0369,true,1,1389544
7290104722530,false,תפוצ'יפס בטעם שמנת בצל עלית 200 גרם,"שטראוס פריטו ליי בע""\מ )",IL,תפוצ'יפס שמנת בצל 200 גר,גרמים,200.00,100 גרם,false,,9.90,0.0495,true,1,1390911
7290104726712,false,מארז 8 יחידות מעדן מילקי בטעם שוקולד עם קצפת,שטראוס גרופ בעמ/מצונן,IL,מארז 8 מילקי שוקולד,גרמים,1064.00,100 גרם,false,,19.90,0.0187,true,1,1389557
7290104728310,false,"שמנת מתוקה עמידה 38% שומן ""יטבתה"" -מוצר בפיקוח",שטראוס גרופ בעמ/מצונן,IL,שמנת להקצפה 38% מהדרין,מיליליטרים,250.00,"100 מ""ל",false,,6.10,0.0244,true,1,1389564
7290104729010,false,"לבן בטעם תות יטבתה 100 מ""ל מהדרין",שטראוס גרופ בעמ (ח),IL,לבן בטעם תות 100 מל'- מהד,גרמים,100.00,100 גרם,false,,1.40,0.0140,true,1,1389567
7290104960239,false,תחליב רחצה בניחוח קמומיל נקה (7507 מל),טרופיקל דגיל תעשיות קוסמ,IL,תחליב רחצה ארומה קמומיל 7,מיליליטרים,750.00,"100 מ""ל",false,,12.90,0.0172,true,1,1366841
7290104960246,false,נקה 7 ארומה תחליב רחצה ורד יסמין 750 מ,טרופיקל דגיל תעשיות קוסמ,IL,תחליב רחצה ארומה ורד יסמי,מיליליטרים,750.00,"100 מ""ל",false,,12.90,0.0172,true,1,1366842
7290104960253,false,נקה 7 ארומה תחליב רחצה לבנדר ענוג 750,החברה הדרומית לשיווק בעמ,IL,תחליב רחצה ארומה לבנדר 75,מיליליטרים,750.00,"100 מ""ל",false,,12.90,0.0172,true,1,1366843
7290104960338,false,"נקה 7 תחליב רחצה ארומה אלוורה ותה ירוק 750מ""ל",טרופיקל דגיל תעשיות קוסמ,IL,תחליב רחצה ארומה אלוורה ו,מיליליטרים,750.00,"100 מ""ל",false,,12.90,0.0172,true,1,1366844
7290104960970,false,דאודורנט ספריי טיטניום מטאל Titanium Metal,אמיליה קוסמטיקס בעמ,IL,"דאו.טיטניום מטאל 180 מ""ל",מיליליטרים,180.00,"100 מ""ל",false,,14.90,0.0828,true,1,1366853
7290104961205,false,"נקה 7 תחליב רחצה מגע קטיפה מ""לפפון קיווי 750 מ""ל",טרופיקל דגיל תעשיות קוסמ,IL,תח.רחצה נקה7 מלפפון 750 מ,מיליליטרים,750.00,"100 מ""ל",false,,12.90,0.0172,true,1,1366855
7290104961243,false,"נקה 7 תחליב רחצה מגע קטיפה קוקוס ליים 750 מ""ל",טרופיקל דגיל תעשיות קוסמ,IL,"תח.רחצה נקה7 קוקוס 750מ""ל",מיליליטרים,750.00,"100 מ""ל",false,,12.90,0.0172,true,1,1366857
7290104961250,false,"נקה 7 תחליב רחצה מגע קטיפה וניל מאסק 750 מ""ל",טרופיקל דגיל תעשיות קוסמ,IL,תחליב רחצה נקה7 וניל ומאס,מיליליטרים,750.00,"100 מ""ל",false,,12.90,0.0172,true,1,1366858
7290104961434,false,סקינגארד קרם פנים הג,מיוצר עי : אמיליה קוסמטי,IL,סקינגארד ק.פנים ספורט 30,מיליליטרים,60.00,"100 מ""ל",false,,19.90,0.3317,true,1,1366862
7290104961489,false,"סקינגארד - ספריי תחליב לילדים 300 מ""ל SPF50",החברה הדרומית לשיווק בעמ,,סקינגארד ספריי משפחת,מיליליטרים,300.00,"100 מ""ל",false,,44.90,0.1497,true,1,2248972
7290104961526,false,דאודורנט ספריי גוף טיטניום קלאסיק Titanium Classic,החברה הדרומית לשיווק בעמ,IL,טיטניום ספריי קלאסי150מ,מיליליטרים,150.00,"100 מ""ל",false,,12.90,0.0860,true,1,1366863
7290104961533,false,דאודורנט ספריי גוף טיטניום בלק Titanium Black,החברה הדרומית לשיווק בעמ,IL,טיטניום ספריי בלק 150מ,מיליליטרים,150.00,"100 מ""ל",false,,12.90,0.0860,true,1,1366864
7290104961540,false,דאודורנט ספריי גוף טיטניום מטאל Titanium Metal,החברה הדרומית לשיווק בעמ,IL,טיטניום ספריי מטאל 150מ,מיליליטרים,150.00,"100 מ""ל",false,,12.90,0.0860,true,1,1366865
7290104961557,false,"טיטניום - דאודורנט ספריי לגבר בלו 150 מ""ל","אמיליה קוסמטיקס בע""מ",IL,טיטניום ספריי אייס 150מ,מיליליטרים,150.00,"100 מ""ל",false,,12.90,0.0860,true,1,1366866
7290104961601,false,"מי מאסק דאודורנט ספרי תרסיס 175מ""ל",קרליין Careline,,דאודורנט תרסיס מי מא,מיליליטרים,175.00,"100 מ""ל",false,,19.90,0.1137,true,1,1366867
7290104961878,false,"שמפו לשיער קרטין אינטנס פורמולה 400 מ""ל נטורל",החברה הדרומית לשיווק בעמ,IL,"שמפו קרטין נטורל 400 מ""ל",מיליליטרים,400.00,"100 מ""ל",false,,29.90,0.0747,true,1,1366868
7290104961892,false,מסכת קרטין טהור לשיער שעבר החלקה או עיצוב בחום,החברה הדרומית לשיווק בעמ,IL,"מסכת קרטין נטורל 350 מ""ל",מיליליטרים,350.00,"100 מ""ל",false,,39.90,0.1140,true,1,1366870
7290104961908,false,נ.פורמולה קרטין אינטנס סרום לשיער 145 מל,נטורל פורמולה Natural Formula,IL,"סרום קרטין נטורל 145 מ""ל",מיליליטרים,145.00,"100 מ""ל",false,,49.90,0.3441,true,1,1366871
7290104961991,false,"סבון בניחוח חמאה שיאה שחור נקה 7 שלישייה * 500 מ""ל",החברה הדרומית לשיווק בעמ,IL,נקה 7 - שלישיית אלסבון מפ,מיליליטרים,1500.00,"100 מ""ל",false,,17.90,0.0119,true,1,1366872
7290104962073,false,דאודורנט ספריי גוף טיטניום גולד Titanium Gold,החברה הדרומית לשיווק בעמ,IL,"דאו.טיטניום גולד 180 מ""ל",מיליליטרים,180.00,"100 מ""ל",false,,14.90,0.0828,true,1,1366878
7290104962080,false,דאודורנט ספריי גוף טיטניום גולד Titanium Gold,החברה הדרומית לשיווק בעמ,IL,ספריי גוף טיטניום 150מ,מיליליטרים,150.00,"100 מ""ל",false,,12.90,0.0860,true,1,1366879
7290104962134,false,דאודורנט קרליין רול און נושם לנערות ללא אלומיניום,החברה הדרומית לשיווק בעמ,IL,דאו.קרליין רול און נושם ל,מיליליטרים,75.00,"100 מ""ל",false,,12.90,0.1720,true,1,1366882
7290104962684,false,"קרליין - נושם דאודורנט רול און לאישה ללא אלומיניום 75 מ""ל",מיוצר עי : אמיליה קוסמטי,IL,דאו.קרליין רול און נושם ל,מיליליטרים,75.00,"100 מ""ל",false,,12.90,0.1720,true,1,1366888
7290104962844,false,"שמפו אמפולה לטיפול אינטנסיבי לשיער יבש, צבוע ופגום",נטורל פורמולה Natural Formula,,שמפו נטורל פורמולה א,מיליליטרים,400.00,"100 מ""ל",false,,29.90,0.0747,true,1,1366890
7290104962868,false,"מסכת אמפולה לטיפול אינטנסיבי לשיער יבש, צבוע ופגום",נטורל פורמולה Natural Formula,IL,"מסכת קרטין נטורל 350 מ""ל",מיליליטרים,350.00,"100 מ""ל",false,,39.90,0.1140,true,1,1366892
7290104963223,false,סופטקר - אל סבון עדין לתינוק לעור רגיש 1 ליטר,החברה הדרומית לשיווק בעמ,,אל סבון סופטקר נוזלי,ליטרים,1.00,ליטר,false,,18.90,18.9000,true,1,1447670
7290104963667,false,שמפו ותחליב רחצה אל דמע סופט קר 1 ליטר,החברה הדרומית לשיווק בעמ,,אלסבון +שמפו אל דמע,ליטרים,1.00,ליטר,false,,18.90,18.9000,true,1,1447672
7290104963704,false,"סופטקר אל ספון עדין 770מ""ל",טרופיקל דגיל תעשיות,,אלסבון עדין סופטקר 7,מיליליטרים,770.00,"100 מ""ל",false,,18.90,0.0245,true,1,1932428
7290104963711,false,"שמפו סופטקר אלדמע משאבה 770 מ""ל",החברה הדרומית לשיווק בעמ,,שמפו אל דמע סופטקר 7,מיליליטרים,770.00,"100 מ""ל",false,,18.90,0.0245,true,1,1932429
7290104964107,false,"קרליין - מולטי אפקט קרם עיניים 30 מ""ל",פאר פארם בעמ,,קרם עיניים MULTI EFF,מיליליטרים,30.00,"100 מ""ל",false,,29.90,0.9967,true,1,1712219
7290104964503,false,ספריי לשורשים לבנים-,,,ספריי לשורשים לבנים-,מיליליטרים,100.00,"100 מ""ל",false,,39.90,0.3990,true,1,2050101
7290104964718,false,"סקינגארד - ספריי שקוף לעור רטוב 300 מ""ל SPF50",אמיליה קוסמטיקס בעמ,,סקינגארד ספריי הגנה,מיליליטרים,300.00,"100 מ""ל",false,,44.90,0.1497,true,1,2131756
7290104965661,false,קרליין דאו ספרי נושם סוויט קיס לנערות150,החברה הדרומית לשיווק בעמ,,דאודורנט ספריי נושם,מיליליטרים,150.00,"100 מ""ל",false,,12.90,0.0860,true,1,2299086
7290105040794,false,בנפייבר סיבים תזונתי,בנפייבר Benefiber,,בנפייבר סיבים תזונתי,גרמים,261.00,100 גרם,false,,39.90,0.1529,true,1,1781810
7290105100191,false,פינצטה מוזהבת / צבעו,,,פינצטה מוזהבת / צבעו,יחידה,0.00,יחידה,false,,14.90,0.0000,true,1,2254743
7290105100252,false,סט קוצצים,,,סט קוצצים,יחידה,0.00,יחידה,false,,9.90,0.0000,true,1,2254745
7290105108944,false,מברשת שיער מודפס/פות,,,מברשת שיער מודפס/פות,יחידה,0.00,יחידה,false,,14.90,0.0000,true,1,1508687
7290105360250,false,קפסולות 09 עשיר וארומטי למכונת נספרסו עלית 10יח',הנסיך- מפעל לייצור ט,IL,קפסולות מקיאטו למכונות נס,גרמים,50.00,100 גרם,false,,16.50,0.3300,true,1,1390374
7290105360328,false,קפסולות אספרסו חזק למכונות נספרסו 10 יח',הנסיך- מפעל לייצור ט,IL,קפסולות אספרסו חזק למכונו,גרמים,50.00,100 גרם,false,,16.50,0.3300,true,1,1390375
7290105360335,false,קפסולות אספרסו למכונות נספרסו 50 גר,הנסיך- מפעל לייצור ט,IL,קפסולות אספרסו מעודן למכו,גרמים,50.00,100 גרם,false,,16.50,0.3300,true,1,1390376
7290105360755,false,"שמן זית 3 חזק 750 מ""ל יד מרדכי",מכוורת יד מרדכי שטראוס ב,IL,"שמן זית 3 חזק 750 מ""ל",מיליליטרים,750.00,"100 מ""ל",false,,33.90,0.0452,true,1,1390383
7290105360762,false,"שמן זית 1 עדין 750 מ""ל יד מרדכי",מכוורת יד מרדכי שטראוס ב,IL,"שמן זית 1 עדין 750 מ""ל",מיליליטרים,750.00,"100 מ""ל",false,,33.90,0.0452,true,1,1390384
7290105362339,false,"שמנת לבישול 15% 250 מ""ל יטבתה מהדרין",שטראוס גרופ בעמ/מצונן,IL,שמנת לבישול 15% מהדרין,מיליליטרים,250.00,"100 מ""ל",false,,7.90,0.0316,true,1,1389572
7290105363602,false,מקלות כיף כף קלאסי עלית (40 גרם),שולן צ'\יקולטה גידה סאן.,TR,כיף כף מקלות קלאסי 20% תו,גרמים,40.00,100 גרם,false,,4.90,0.1225,true,1,1390393
7290105364289,false,מקלות כיף כף פצפוצים עלית 40 גרם,שולן צ'\יקולטה גידה סאן.,TR,כיף כף מקלות פצפוצים 20%,גרמים,40.00,100 גרם,false,,4.90,0.1225,true,1,1390395
7290105364302,false,"עלית חטיף שוקולד כיף כף מקלות אגוזים, 40 גרם",שולן צ'\יקולטה גידה סאן.,,חטיף כיף כף מקלות אג,גרמים,42.00,100 גרם,false,,4.90,0.1167,true,1,1390396
7290105364678,false,"אקטיביה משקה יוגורט בטעם אפרסק שטראוס 250 מ""ל",שטראוס גרופ בעמ/מצונן,IL,משקה אקטיביה אפרסק 1.2% ב,מיליליטרים,250.00,"100 מ""ל",false,,4.90,0.0196,true,1,1389574
7290105366023,false,סלט חצילים בטעם כבד אחלה 400 גרם,שטראוס גרופ בעמ/מצונן,IL,חציל בטעם כבד 400 גרם,גרמים,400.00,100 גרם,false,,13.90,0.0348,true,1,1389577
7290105366047,false,טחינה לבנה אחלה (400 גרם),שטראוס גרופ בעמ/מצונן,IL,טחינה לבנה 400 גר,גרמים,400.00,100 גרם,false,,13.90,0.0348,true,1,1389579
7290105366993,false,סימפוניה גבינת שמנת פלפל שיפקה 5% שטראוס 200 גרם,שטראוס גרופ בעמ/מצונן,IL,סימפוניה פילפל שיפקה חריף,גרמים,200.00,100 גרם,false,,10.90,0.0545,true,1,1389586
7290105368225,false,חומוס עם פלפל שיפקה אחלה (400 גרם),שטראוס גרופ בעמ/מצונן,IL,חומוס עם פלפל שיפקה,גרמים,400.00,100 גרם,false,,9.90,0.0248,true,1,1389600
7290105368331,false,מעדן מילקי בטעם תות עם קצפת,שטראוס גרופ בעמ/מצונן,IL,מילקי תות,גרמים,133.00,100 גרם,false,,2.80,0.0211,true,1,1389602
7290105368904,false,"שמנת מתוקה להקצפה 32% שומן 250 מ""ל יוטבתה",שטראוס גרופ בעמ/מצונן,IL,שמנת מתוקה להקצפה 32% מהד,מיליליטרים,250.00,"100 מ""ל",false,,6.90,0.0276,true,1,1389615
7290105368928,false,שמנת חמוצה יטבתה %9 200 מל גביע מהדרין,שטראוס גרופ בעמ/מצונן,IL,שמנת 9% 200 גר-מהדרין,גרמים,200.00,100 גרם,false,,3.00,0.0150,true,1,1389616
7290105369130,false,סימפוניה גבינת שמנת בצל ירוק 5% שטראוס 200 גרם,שטראוס גרופ בעמ/מצונן,IL,סימפוניה בצל ירוק,גרמים,200.00,100 גרם,false,,10.90,0.0545,true,1,1389620
7290105430441,false,פלמוליב ס.נוזלי סחלב שחור 750 מל משאבה,הנסיך- מפעל לייצור ט,TR,פלמוליב סחלב שחור 750מל ח,מיליליטרים,750.00,"100 מ""ל",false,,17.90,0.0239,true,1,1386496
7290105430458,false,"פלמוליב - תחליב רחצה נטורלס שקדים 750 מ""ל",הנסיך- מפעל לייצור ט,TR,פלמוליב שקדים 750מל חדש,מיליליטרים,750.00,"100 מ""ל",false,,17.90,0.0239,true,1,1386497
7290105431516,false,מארז חטיף פריי תמרים ובוטנים ללא גלוטן ותוספת סוכר 125 גרם,טבעית מוצרים מן הטבע בעמ,IL,פרי חטיפי בריאות מארז 5 ת,גרמים,125.00,100 גרם,false,,15.90,0.1272,true,1,1386507
7290105431868,false,"פלמוליב ספא קוקוס גרגרים נוזלי 500 מ""ל",הנסיך- מפעל לייצור ט,TR,פלמוליב ספא קוקוס גרגרים,מיליליטרים,500.00,"100 מ""ל",false,,15.90,0.0318,true,1,1386512
7290105434050,false,ספיד סטיק - דאודורנט סטיק לגבר XL ירוק רגיולר 85 גרם,קולגייט פלמוליב,,דאודורנט ספיד סטיק 8,גרמים,85.00,100 גרם,false,,19.90,0.2341,true,1,1420949
7290105434067,false,ספיד סטיק - דאודורנט סטיק לגבר XL אושן סרף 85 גרם,קולגייט פלמוליב,,דאודורנט ספיד סטיק 8,גרמים,85.00,100 גרם,false,,19.90,0.2341,true,1,1420950
7290105436382,false,חטיף פרי תמרים קשיו ללא תוספת סוכר וגלוטן 5 יח,טבעית מוצרים מן הטבע בעמ,IL,פרי מארז 5 תמרים קשיו,גרמים,125.00,100 גרם,false,,15.90,0.1272,true,1,1386534
7290105438539,false,קוקי נייר אפייה 40 דפים,ש. שסטוביץ בע`מ,,נייר אפייה קוקי,יח',40.00,יח',false,,12.90,0.3225,true,1,2010717
7290105438546,false,קוקי נייר אפייה פרימיום 40 יח',ש. שסטוביץ בע`מ,,נייר אפייה קוקי פרימ,יח',40.00,יח',false,,12.90,0.3225,true,1,2010718
7290105439499,false,מאסטר שף מאסטר שף מיונז 480 גר כשלפ,רמיה סי.וי. הולנד,,מיונז מאסטר שף,גרמים,481.00,100 גרם,false,,11.90,0.0247,true,1,1430614
7290105439505,false,מאסטר שף קרם בטעם מיונז לייט 479 גר כשלפ,רמיה סי.וי. הולנד,,מיונז לייט מאסטר שף,גרמים,479.00,100 גרם,false,,11.90,0.0248,true,1,1777894
7290105439581,false,מנה מאסטר שף חרדל דיזיון צרפתי 370 גר,רמיה סי.וי.הולנד,,חרדל צרפתי 370 גרם מ,גרמים,370.00,100 גרם,false,,11.90,0.0322,true,1,1428241
7290105500151,false,וודקה פינלנדיה רגיל 700,"אלטיה קורפ, הלסינקי,",,וודקה פינלנדיה 700 מ,מיליליטרים,700.00,"100 מ""ל",false,,54.90,0.0784,true,1,1890797
7290105500236,false,וויסקי ג'ק דניאלס מס' 7 Brand No,ג'ק דניאלס Jack Daniel's,,ויסקי ג'ק דניאלס.,מיליליטרים,700.00,"100 מ""ל",false,,99.90,0.1427,true,1,1890798
7290105501547,false,"מארז וודקה גריי גוס 700מ""ל פלוס כוס",בקרדי מרטיני,,וודקה גריי גוס 700 מ,מיליליטרים,700.00,"100 מ""ל",false,,104.90,0.1499,true,1,2327326
7290105541697,false,קינואה 500 גרם,חצי חינם,,קינואה 500 גרם,גרמים,500.00,100 גרם,false,,9.90,0.0198,true,1,1375295
7290105546609,false,בורגר בקר 400 גרם,מעדני הגליל,,בורגר בקר 400 גרם,גרמים,400.00,100 גרם,false,,24.90,0.0622,true,1,1408974
7290105546616,false,קבב רומני 400 גרם,מעדני הגליל,,קבב רומני 400 גרם,גרמים,400.00,100 גרם,false,,24.90,0.0622,true,1,1408975
7290105546623,false,קבב מזרחי 400 גרם,מעדני הגליל,,קבב מזרחי 400 גרם,גרמים,400.00,100 גרם,false,,24.90,0.0622,true,1,1408976
7290105546630,false,קבב כבש 400 גרם,מעדני הגליל,,קבב כבש 400 גרם,גרמים,400.00,100 גרם,false,,29.90,0.0747,true,1,1408977
7290105547378,false,מארז לחמניות פרנה 4 יח',גיא מאפים שיווק טוב בעמ,IL,מארז פרנה 150 ג,גרמים,600.00,100 גרם,false,,9.90,0.0165,true,1,1413419
7290105548634,false,"טורטייה - 12 יח', קוטר 25 ס""מ",,,טורטייה 840 גרם.,גרמים,840.00,100 גרם,false,,14.90,0.0177,true,1,1397049
7290105548641,false,"טורטייה בתוספת חיטה מלאה- 12 יח', קוטר 25 ס""מ",,,טורטייה קמח מלא 840,גרמים,840.00,100 גרם,false,,14.90,0.0177,true,1,1397050
7290105548658,false,"טורטייה - 12 יח', קוטר 20 ס""מ",,,טורטייה 540 גרם.,גרמים,540.00,100 גרם,false,,9.90,0.0183,true,1,1397051
7290105548665,false,"טורטייה בתוספת חיטה מלאה- 12 יח', קוטר 20 ס""מ",,,טורטייה קמח מלא 540,גרמים,540.00,100 גרם,false,,9.90,0.0183,true,1,1397052
7290105549792,false,שבבי סבון פרפקט,פרפקט Perfect,,שבבי סבון פרפקט,גרמים,750.00,100 גרם,false,,19.90,0.0265,true,1,1421724
7290105691224,false,אסם חטיפי פריכונים טורטייה שום בצל 60 גרם,קבוצת אוסם סחר-שות.מוגבלת,IL,אסם חטיפי פריכונים טורטיה,גרמים,60.00,100 גרם,false,,6.90,0.1150,true,1,1350025
7290105691248,false,אסם חטיפי פריכונים טורטייה תירס 60 גרם,קבוצת אוסם סחר שותפות מוגבלת,IL,אסם חטיפי פריכונים טורטיה,גרמים,60.00,100 גרם,false,,6.90,0.1150,true,1,1350026
7290105691897,false,קוסקוס פלוס עם קמח חיטה מלא,קבוצת אוסם סחר שותפות מוגבלת,IL,אסם קוסקוס עם חיטה מלאה 3,גרמים,350.00,100 גרם,false,,6.90,0.0197,true,1,1350034
7290105691934,false,קמח שמרים אסם 1 קילו,קבוצת אוסם סחר שותפות מוגבלת,IL,אסם קמח שמרים לעוגות שמרי,קילוגרמים,1.00,"ק""ג",false,,9.90,9.9000,true,1,1350035
7290105693341,false,מארז עשיריית במבה אסם 25*10 גרם,קבוצת אוסם סחר שותפות מוגבלת,IL,במבה אריזת תינוק 25 גרם מ,גרמים,250.00,100 גרם,false,,15.90,0.0636,true,1,1350048
7290105693457,false,עוגת הבית דמקה שוקו וניל 320 גר`בחושות,קבוצת אוסם סחר שותפות מוגבלת,IL,אסם הבית עוגת דמקה בטעם ש,גרמים,320.00,100 גרם,false,,12.90,0.0403,true,1,1350049
7290105693952,false,פירורית זהב אסם זהב שומשום 200 ג',קבוצת אוסם סחר שותפות מוגבלת,IL,אסם פירורית זהב עם שומשום,גרמים,200.00,100 גרם,false,,5.50,0.0275,true,1,1350053
7290105694614,false,פסטה אוסם ספגטי מהיר הכנה 500 גרם,קבוצת אוסם סחר שותפות מוגבלת,IT,אסם פסטה ספגטי מהיר הכנה,גרמים,500.00,100 גרם,false,,6.90,0.0138,true,1,1350060
7290105695024,false,פתיתים אפויים אורז עם אטריות אסם 500 גרם,קבוצת אוסם סחר שותפות מוגבלת,IL,אסם פתיתים אפויים אורז עם,גרמים,500.00,100 גרם,false,,7.90,0.0158,true,1,1350071
7290105695321,false,עוגת הבית בראוניז פאדג' אסם 380 גרם,קבוצת אוסם סחר שותפות מוגבלת,IL,אסם הבית עוגת בראוניס פאד,גרמים,380.00,100 גרם,false,,15.90,0.0418,true,1,1350076
7290105695536,false,אבקת מרק ירקות שורש תיבול אסם 220 גר',קבוצת אוסם סחר שותפות מוגבלת,IL,אסם מרק ירקות שורש 220 גר,גרמים,220.00,100 גרם,false,,13.90,0.0632,true,1,1824789
7290105962331,false,סחוג תימני אדום חריף מאוד זהבי הכרם 220 גרם,שטראוס גרופ בעמ/מצונן,IL,סחוג חריף מאד זהבי 220 גר,גרמים,220.00,100 גרם,false,,10.90,0.0495,true,1,1389624
7290105964564,false,חומוס אחלה 400 גרם. שטראוס,שטראוס גרופ בעמ/מצונן,,חומוס 400 גרם,גרמים,400.00,100 גרם,false,,7.90,0.0198,true,1,1439436
7290105965738,false,יוגורט לשתיה בטעם תות בננה267 ג' דנונה,שטראוס גרופ בעמ/מצונן,IL,דנונה לשתיה תות בננה 267ג,גרמים,267.00,100 גרם,false,,4.90,0.0184,true,1,1389639
7290105966469,false,חומץ בלסמי ממודנה יד מרדכי (250 מל),אצטייה ג'וזפה קרמוני,IT,חומץ בלסמי יד מרדכי,מיליליטרים,250.00,"100 מ""ל",false,,12.90,0.0516,true,1,1390457
7290105968654,false,רביולי עם בטטה פרווה שטראוס (400 גרם),שטראוס גרופ בעמ/מצונן,IL,רביולי בטטה פרווה 400 גרם,גרמים,400.00,100 גרם,false,,18.90,0.0472,true,1,1389654
7290105968777,false,פריכיות 5 דגנים עם תחתית שוקולד מריר 70 גרם,"טחנת האבן תעשיות בע""",IL,פריכיות אנרג'י שוק.מריר,גרמים,70.00,100 גרם,false,,7.90,0.1129,true,1,1390469
7290106509825,false,אולוויז קואטרו פלטינום 28 יח,פרוקטר & גמבל,,תחבושות אולוויז פלטי,יח',28.00,יח',false,,39.90,1.4250,true,1,2226561
7290106520066,false,"רבע לשבע שוקולד חלב במילוי אגוזים עלית 160 גרם בד""צ","הגביע מוצרי וופלים בע""\מ",IL,רבע לשבע,גרמים,160.00,100 גרם,false,,10.90,0.0681,true,1,1390472
7290106520288,false,יוגורט פרו חלבון עם תות 2.4% שומן 150 ג' דנונה,שטראוס גרופ בעמ/מצונן,,דנונה WOW תות 2.4% ש,גרמים,150.00,100 גרם,false,,4.50,0.0300,true,1,1428383
7290106520905,false,סלט טורקי אחלה (400 גרם),שטראוס גרופ בעמ/מצונן,IL,סלט טורקי 400 גרם,גרמים,400.00,100 גרם,false,,13.90,0.0348,true,1,1389662
7290106520912,false,שמנת לבישול 9% שומן 258גר מהדרין יטבתה,שטראוס גרופ בעמ/מצונן,IL,שמנת לבישול 9% מהדרין,מיליליטרים,250.00,"100 מ""ל",false,,7.90,0.0316,true,1,1389663
7290106521049,false,אחלה טעמי השוק קוביות סלק 400 גר,שטראוס גרופ בעמ/מצונן,IL,קוביות סלק 400,גרמים,400.00,100 גרם,false,,13.90,0.0348,true,1,1389669
7290106521926,false,קפה טורקי בצלופן עלית 150 גרם,שטראוס קפה בי.ויn\.,,קפה טורקי 150 גרם,גרמים,150.00,100 גרם,false,,12.90,0.0860,true,1,2332126
7290106524439,false,חטיף פופס תפוצ`יפס (60 גרם),"שטראוס פריטו ליי בע""\מ )",,תפוצ'יפס 60 גרם פופס,גרמים,60.00,100 גרם,false,,3.90,0.0650,true,1,1873528
7290106525320,false,אבקת שוקולית לאפייה קופסא 500ג' עלית,הנסיך- מפעל לייצור ט,IL,שוקולית לאפיה,גרמים,500.00,100 גרם,false,,11.90,0.0238,true,1,1390505
7290106525399,false,קפסולות 06 ברזיל למכונות נספרסו עלית 10יח',הנסיך- מפעל לייצור ט,,קפסולות למכונות נספר,גרמים,50.00,100 גרם,false,,16.50,0.3300,true,1,1447468
7290106525405,false,קפסולות קפה עלית נטול קפאין אספרסו) (10,שטראוס קפה בי.וי.,IL,קפסולות נטול למכונות נספר,גרמים,50.00,100 גרם,false,,16.50,0.3300,true,1,1390507
7290106526822,false,פריכיות אורז חום מלא תחתית שוקולד חלב 80 גרם,"טחנת האבן תעשיות בע""",IL,פריכיות אנרגי תחתית שוק.ח,גרמים,80.00,100 גרם,false,,7.90,0.0988,true,1,1390524
7290106528567,false,חטיף תירס גריל דוריטוס (185 גרם),"שטראוס פריטו ליי בע""\מ )",,דוריטוס גריל 185 גר,גרמים,185.00,100 גרם,false,,7.90,0.0427,true,1,1442887
7290106528628,false,חטיף תירס בטעם טבעי דוריטוס (185 גרם),"שטראוס פריטו ליי בע""\מ )",,דוריטוס טבעי 185 גר,גרמים,185.00,100 גרם,false,,7.90,0.0427,true,1,1442888
7290106528949,false,סלט ערוגות שטראוס 450 גר`-טעם הטבע,ביכורי השדה הצפון בעמ` 1964,IL,לקט ערוגות 450 גר' ירקו,גרמים,450.00,100 גרם,false,,12.90,0.0287,true,1,1389718
7290106571921,false,פיטנס עוגיות עם חמוציות נסטלה (180 גרם),קבוצת אוסם סחר שותפות מוגבלת,IL,פיטנס עוגיות עם חמוציות 1,גרמים,180.00,100 גרם,false,,10.90,0.0606,true,1,1350108
7290106572027,false,קרקר לחמית חמישה דגנים אסם (190 גרם),קבוצת אוסם סחר-שות.מוגבלת,IL,לחמית חמישה דגנים 190 גרם,גרמים,190.00,100 גרם,false,,7.90,0.0416,true,1,1350110
7290106572065,false,חטיפי טורטיה בטעם חמוץ מתוק אסם (60 גרם),קבוצת אוסם סחר שותפות מוגבלת,IL,אסם חטיפי פריכונים טורטיה,גרמים,60.00,100 גרם,false,,6.90,0.1150,true,1,1350111
7290106573024,false,סירופ דיאט אננס 1 ליטר עסיס,קבוצת אוסם סחר שותפות מוגבלת,IL,עסיס סירופ דיאט בטעם אננס,ליטרים,1.00,ליטר,false,,16.90,16.9000,true,1,1350122
7290106573314,false,אוסם - קריספי טאפאס כפרי 150 גרם,קבוצת אוסם סחר שותפות מוגבלת,IL,אסם קריספי טאפאס כפרי 150,גרמים,150.00,100 גרם,false,,10.90,0.0727,true,1,1350127
7290106573598,false,חומוס לבנוני צבר (400 גרם),קבוצת אוסם סחר שותפות מוגבלת,IL,צבר חומוס לבנוני 400 גרם,גרמים,400.00,100 גרם,false,,11.90,0.0298,true,1,1350131
7290106573628,false,חומוס עם טחינה צבר (400 גרם),קבוצת אוסם סחר שותפות מוגבלת,IL,צבר חומוס עם טחינה 400 גר,גרמים,400.00,100 גרם,false,,11.90,0.0298,true,1,1350132
7290106574793,false,עוגת הבית בטעם שוקו-שוקוצ'יפס 350 ג' אסם,קבוצת אוסם סחר שותפות מוגבלת,IL,אסם הבית עוגת שוקו שוקוצי,גרמים,350.00,100 גרם,false,,12.90,0.0369,true,1,1350149
7290106574953,false,בייגלה שטוחים כעכים שטוחים עם שומשום,קבוצת אוסם סחר שותפות מוגבלת,IL,אסם בייגלה שטוחים שומשום,גרמים,300.00,100 גרם,false,,10.90,0.0363,true,1,1350150
7290106574977,false,בייגלה שטוחים טבעות עם מלח אסם (300 גרם),קבוצת אוסם סחר שותפות מוגבלת,IL,אסם בייגלה שטוחים עם מלח,גרמים,300.00,100 גרם,false,,10.90,0.0363,true,1,1350151
7290106575011,false,פתיתים אפויים קוסקוס מחיטה מלאה אסם 400 גרם,קבוצת אוסם סחר שותפות מוגבלת,IL,אסם פתיתים פלוס חיטה מלאה,גרמים,400.00,100 גרם,false,,7.90,0.0198,true,1,1350152
7290106575257,false,עוגת הבית סופלה בטעם שוקולד 340 ג' אסם,קבוצת אוסם סחר שותפות מוגבלת,IL,אסם הבית עוגת סופלה בטעם,גרמים,340.00,100 גרם,false,,12.90,0.0379,true,1,1350157
7290106575332,false,פתיתים אפויים פלוס בורגול 400 ג' אסם,קבוצת אוסם סחר שותפות מוגבלת,IL,אסם פתיתים פלוס בורגול 40,גרמים,400.00,100 גרם,false,,7.90,0.0198,true,1,1350161
7290106575431,false,עוגת הבית סופלה בטעם שוקולד וניל 340 ג',קבוצת אוסם סחר-שות.מוגבלת,IL,אסם הבית עוגת סופלה בטעם,גרמים,340.00,100 גרם,false,,12.90,0.0379,true,1,1350163
7290106576223,false,אפרופו מצופה שוקולד 40 ג'!,קבוצת אוסם סחר שותפות מוגבלת,,אפרופו שוקולד 40 גרם,גרמים,40.00,100 גרם,false,,4.50,0.1125,true,1,1484051
7290106576513,false,סלט רק חומוס צבר 400 גרם,קבוצת אוסם סחר שותפות מוגבלת,IL,צבר חומוס חלק 400 גרם,גרמים,400.00,100 גרם,false,,8.90,0.0223,true,1,1350178
7290106576537,false,חומוס מסעדה צבר (700 גרם),קבוצת אוסם סחר שותפות מוגבלת,IL,צבר חומוס מסעדה 700 גרם,גרמים,700.00,100 גרם,false,,10.90,0.0156,true,1,1350179
7290106576834,false,גלידה לה קרמריה פונטש בננה1.4 ל' נסטלה,נגה גלידות שותפות מוגבלת,IL,לה קרמריה פונטש בננה,ליטרים,1.40,ליטר,false,,20.90,14.9286,true,1,1376691
7290106576919,false,"לה קרמריה סורבה תות לימו 1.4 ליטר כשל""פ",נגה גלידות שותפות מוגבלת,IL,לה קרמריה סורבה תות לימון,ליטרים,1.40,ליטר,false,,20.90,14.9286,true,1,1376694
7290106576995,false,גלידה סורבה לה קרמריה תות מנגו לייט 1.4 ל' נסטלה,נגה גלידות שותפות מוגבלת,IL,לה קרמריה לייט סורבה תות,ליטרים,1.40,ליטר,false,,20.90,14.9286,true,1,1376698
7290106577039,false,גלידה לה קרמריה שוקו וניל פליק 1.4 ל' נסטלה,נגה גלידות שותפות מוגבלת,IL,לה קרמריה שוקו וניל פליק,ליטרים,1.40,ליטר,false,,20.90,14.9286,true,1,1376699
7290106577282,false,טחינה אמיתית מרובע 400 ג' צבר,קבוצת אוסם סחר-שות.מוגבלת,IL,צבר טחינה אמיתית 400 גרם,גרמים,400.00,100 גרם,false,,10.90,0.0273,true,1,1350186
7290106577541,false,צבר כרוב אדום מרובע 400גרם,קבוצת אוסם סחר-שות.מוגבלת,IL,צבר סלט כרוב אדום 400 גרם,גרמים,400.00,100 גרם,false,,10.90,0.0273,true,1,1350194
7290106578692,false,ביסלי במבה מיקס מהדורת אליפות אסם 80 גרם,קבוצת אוסם סחר שותפות מוגבלת,,ביסלי במבה מיקס,גרמים,80.00,100 גרם,false,,4.50,0.0563,true,1,1350211
7290106578821,false,הבית עוגת שמרים קלאסית בטעם שוקולד 350גר.,קבוצת אוסם סחר שותפות מוגבלת,IL,אסם הבית עוגת שמרים שוקול,גרמים,350.00,100 גרם,false,,15.90,0.0454,true,1,1350213
7290106652996,false,כיף כף מקלות קוקוס חלבי 40 גר',סולן בעבור שטראוס,TR,כיף כף מקלות קוקוס,גרמים,40.00,100 גרם,false,,4.90,0.1225,true,1,2373421
7290106654099,false,מילקי CAKE עוגות אישיות במילוי קרם חלב,בובארד איטליה אס.פי.איי,,מאגדת 8 מילקי cake,גרמים,272.00,100 גרם,false,,17.90,0.0658,true,1,1430451
7290106663091,false,"לאבנה 9 % עם שמן זית 500 גר' ""שטראוס""",שטראוס גרופ בעמ/מצונן,,לאבנה 9% שומן 500 גר,גרמים,500.00,100 גרם,false,,16.90,0.0338,true,1,1420355
7290106663503,false,קונפיטורת תות לייט יד מרדכי (230 גרם),אף.סי תבליני בגליל ב,IL,קונפיטורת תות שדה לייט,גרמים,230.00,100 גרם,false,,12.90,0.0561,true,1,1390639
7290106663558,false,"רוטב טריאקי ורימון יד מרדכי 280מ""ל",אף.סי תבליני בגליל ב,,רוטב טריאקי 320 גרם,גרמים,320.00,100 גרם,false,,12.90,0.0403,true,1,1390644
7290106664067,false,לאבנה עם שמן זית וזעתר 10% שטראוס 400 ג',שטראוס גרופ בעמ/מצונן,,לאבנה 10%שומן 400 גר,גרמים,400.00,100 גרם,false,,13.90,0.0348,true,1,1420356
7290106664555,false,"רוטב שמנת עם עגבניות 9% שומן 250 מ""ל יוטבתה",שטראוס גרופ בעמ/מצונן,IL,רוטב שמנת עם פטריות 9%,גרמים,250.00,100 גרם,false,,9.90,0.0396,true,1,1415167
7290106666788,false,עלית - סוכריות נוסטלגיה דבש ממולאות 80 גרם,"שטראוס גרופ בע""מ",PL,סוכריות דבש ממולאות,גרמים,80.00,100 גרם,false,,4.90,0.0613,true,1,1390654
7290106667266,false,חטיף תירס חמוץ חריף דוריטוס (185 גרם),"שטראוס פריטו ליי בע""\מ )",,דוריטוס חמוץ חריף 18,גרמים,185.00,100 גרם,false,,7.90,0.0427,true,1,1442890
7290106668577,false,"מיץ לימון טבעי 250 מ""ל ""יד מרדכי""",האי נאם סי או אל.טי.,IL,מיץ לימון יכין 1 ליטר,מיליליטרים,250.00,"100 מ""ל",false,,6.90,0.0276,true,1,1390657
7290106668713,false,יוגורט עם פירות יער 3% שומן 150 ג' דנונה,שטראוס גרופ בעמ/מצונן,IL,דנונה תות 3%,גרמים,150.00,100 גרם,false,,3.40,0.0227,true,1,1389795
7290106669857,false,קפסולות אספרסו בטעם וניל עלית 10 יחידות,הנסיך- מפעל לייצור ט,,קפסולות למכונות נספר,גרמים,50.00,100 גרם,false,,16.50,0.3300,true,1,1698006
7290106720626,false,חטיף תירס בטעם גבינה צ`יטוס (80 גרם),"שטראוס פריטו ליי בע""\מ )",,ציטוס גבינה 80 גר,גרמים,80.00,100 גרם,false,,3.90,0.0487,true,1,1716733
7290106721913,false,מסטיק מאסט MUST ללא סוכר בטעם מנטה מרעננת,שטראוס גרופ בע`מ,IL,כשלפ בזוקה רגיל 30,גרמים,66.00,100 גרם,false,,8.90,0.1348,true,1,1390692
7290106721920,false,צנצנת מסטיק מאסט בטעם ספירמינט עדין 66 ג' עלית,"שטראוס גרופ בע""\מ.",IL,כשלפ בזוקה רגיל 30,גרמים,66.00,100 גרם,false,,8.90,0.1348,true,1,1390693
7290106723689,false,עלי תרד בייבי 200 גר`שטראוס טעם הטבע,ביכורי השדה הצפון בעמ` 1964,IL,עלי תרד בייבי שטראוס 200ג,גרמים,200.00,100 גרם,false,,12.00,0.0600,true,1,1389804
7290106725867,false,סירופ מייפל טהור ללס יד מרדכי 189 גר,"שטראוס גרופ בע""מ",,סירופ מייפל טבעי 189,מיליליטרים,189.00,"100 מ""ל",false,,24.90,0.1317,true,1,1420332
7290106725874,false,"סירופ מייפל טבעי 236 מ""ל ""יד מרדכי""","שטראוס גרופ בע""מ",,סירופ מייפל טבעי 236,מיליליטרים,236.00,"100 מ""ל",false,,34.90,0.1479,true,1,1420333
7290106725966,false,מטבעות שוקולד חלבי עלית מגדים 42 גרם,STRAUSS-ISRAEL,IL,מטבעות שוקולד מגדים 42,גרמים,42.00,100 גרם,false,,3.90,0.0929,true,1,1390738
7290106726178,false,יוגורט PRO עם פירות יער 2.4% 10 גרם חלבון בגביע,שטראוס גרופ בעמ/מצונן,,דנונה WOW פירות יער,גרמים,150.00,100 גרם,false,,4.50,0.0300,true,1,1420379
7290106727984,false,"כיף כף פצפצים בגביע 135 גרם ""עלית""",שולן צ'\יקולטה גידה סאן.,,גביע פצפצים 135 גרם,גרמים,135.00,100 גרם,false,,8.90,0.0659,true,1,1484266
7290106729650,false,יוגורט עם תות מאגדת 8 יח' * 150ג' דנונה,שטראוס גרופ בעמ/מצונן,,מארז 8 דנונה תות 3%,גרמים,1200.00,100 גרם,false,,22.90,0.0191,true,1,1439387
7290107020572,false,"יין אלכסנדר סנדרו בלנד 750 מ""ל",,,יין אלכסנדר,מיליליטרים,750.00,"100 מ""ל",false,,99.90,0.1332,true,1,2260215
7290107280020,false,שלישיית מטליות לחות לניקוי כללי סנו סושי 50 יחידות,החברה הדרומית לשיווק בעמ,IL,מטליות לניקוי כללי50*3יח,יח',150.00,יח',false,,19.90,0.1327,true,1,1366895
7290107280037,false,50 מטליות לחות לניקוי כללי גדולות ועבות,החברה הדרומית לשיווק בעמ,IL,50מגבונים לניקוי כללי,יח',50.00,יח',false,,8.90,0.1780,true,1,1366896
7290107280068,false,סנו סושי תבנית אלומיניום ענק א.לארג 2 יח,החברה הדרומית לשיווק בעמ,,זוג תבניות אלומיניום,יח',2.00,יח',false,,7.90,3.9500,true,1,1366898
7290107280075,false,סנו סושי תבנית אלומיניום לארג 4יח,החברה הדרומית לשיווק בעמ,,מארז 4 תבניות אלומינ,יח',4.00,יח',false,,7.90,1.9750,true,1,1366899
7290107280082,false,מארז 7 תבניות אלומיניום מוארכות לאפייה אינגליש קייק,החברה הדרומית לשיווק בעמ,,מארז 7 תבניות אלומינ,יח',7.00,יח',false,,7.90,1.1286,true,1,1366900
7290107280099,false,שלישיית מגובנים נשטפים באסלה סופט סוד 48 יחידות,החברה הדרומית לשיווק בעמ,IL,מגבוני נייר טואלט3*48יח,יח',144.00,יח',false,,15.90,0.1104,true,1,1366901
7290107280105,false,מגבוני אף רכים במיוחד סנו סופט 120 יח,החברה הדרומית לשיווק בעמ,US,סנו סופט 120 מגבוני טישו,יח',120.00,יח',false,,12.90,0.1075,true,1,1366902
7290107280341,false,ריצפז מטליות לחות לניקוי הרצפה בניחוח מלון מפנק,החברה הדרומית לשיווק בעמ,,ריצפז פרש מטליות ענק,יח',10.00,יח',false,,14.90,1.4900,true,1,2232733
7290107280389,false,"סנו - ג'ט מרסס לניקוי בחדר האמבטיה 750 מ""ל",החברה הדרומית לשיווק בעמ,IL,"מתז ג'ט לאמבט 750 מ""ל",מיליליטרים,750.00,"100 מ""ל",false,,19.90,0.0265,true,1,1366910
7290107280396,false,"סנו - ג'ט מרסס לניקוי יסודי במטבח 750 מ""ל",החברה הדרומית לשיווק בעמ,IL,"מתז ג'ט למטבח 750 מ""ל",מיליליטרים,750.00,"100 מ""ל",false,,19.90,0.0265,true,1,1366911
7290107280402,false,ג`ט לניקוי כללי ורצפות סנו (2 ליטר),החברה הדרומית לשיווק בעמ,IL,ג'ט ניקוי כללי ורצפות2ל,ליטרים,2.00,ליטר,false,,14.90,7.4500,true,1,1366912
7290107280570,false,סנו - מקסימה ג'ל כביסה מרוכז לכביסה צבעונית 3 ליטר,החברה הדרומית לשיווק בעמ,IL,ג'ל לכביסה מעורבת 3ל,ליטרים,3.00,ליטר,false,,29.90,9.9667,true,1,1366919
7290107280587,false,שלישיית סנובון מוצק דאבל אקשן פריחה ורודה 55 גרם,החברה הדרומית לשיווק בעמ,,שלישייה סנובון לאסלה,גרמים,165.00,100 גרם,false,,11.90,0.0721,true,1,1421256
7290107280594,false,שלישיית סנובון מוצק דאבל אקשן לבנדר 55 גרם,סנו מפעלי ברונוס בעמ,,שלישייה סנובון לאסלה,גרמים,165.00,100 גרם,false,,11.90,0.0721,true,1,1421257
7290107280709,false,ספארק נוזל הברקה למדיח סנו (700 מל),החברה הדרומית לשיווק בעמ,,נוזל הברקה למדיח סנו,מיליליטרים,700.00,"100 מ""ל",false,,14.90,0.0213,true,1,1366922
7290107280723,false,נוזל לניקוי כלים סנו ספארק Spark בניחוח לימון רענן,החברה הדרומית לשיווק בעמ,IL,נוזל לכלים לימון 700מל,מיליליטרים,700.00,"100 מ""ל",false,,9.90,0.0141,true,1,1366924
7290107280730,false,נוזל לניקוי כלים סנו ספארק Spark בניחוח לבנדר,החברה הדרומית לשיווק בעמ,IL,"נוזל לכלים לבנדר 700 מ""ל",מיליליטרים,700.00,"100 מ""ל",false,,9.90,0.0141,true,1,1366925
7290107280747,false,נוזל לניקוי כלים סנו ספארק Spark קלאסי,החברה הדרומית לשיווק בעמ,IL,"נוזל לכלים קלאסי 700מ""ל",מיליליטרים,700.00,"100 מ""ל",false,,9.90,0.0141,true,1,1366926
7290107280754,false,נוזל כלים סנו ספארק Spark היפואלרגני פריחת השקד,החברה הדרומית לשיווק בעמ,IL,"נוזל לכלים שקד 700 מ""ל",מיליליטרים,700.00,"100 מ""ל",false,,9.90,0.0141,true,1,1366927
7290107280761,false,נוזל לניקוי כלים בניחוח לימון רענן סנו ספארק Spark,החברה הדרומית לשיווק בעמ,IL,סנו ספארק לכלים לימון1ל,ליטרים,1.00,ליטר,false,,12.90,12.9000,true,1,1366928
7290107280822,false,סנו ריצפז פרש הום 2 ליטר בניחוח ספא,החברה הדרומית לשיווק בעמ,IL,ריצפז פרש הום ספא 2 ליטר,ליטרים,2.00,ליטר,false,,19.90,9.9500,true,1,1366929
7290107523400,false,חנוכיה מתכת עמודים 1,,,חנוכיה מתכת צבעונית,יחידה,0.00,יחידה,false,,14.90,0.0000,true,1,2327178
7290107544467,false,שעווה קרה להסרת שיער מיוחד למיקרוגל,אלפא קוסמטיקה,,דפילטור אורנה 19 שעו,גרמים,500.00,100 גרם,false,,14.90,0.0298,true,1,2312646
7290107544481,false,אורנה 19קרם להסרת שיער קלאסי 80 מל,אלפא קוסמטיקה,,דפילטור-קרם אורנה 19,גרמים,80.00,100 גרם,false,,14.90,0.1863,true,1,2312637
7290107544504,false,קרם להסרת שיער לעור רגיש אורנה 19 80 ג',אלפא קוסמטיקה,,דפילטור אורנה 19 לעו,גרמים,80.00,100 גרם,false,,14.90,0.1863,true,1,2312639
7290107544528,false,אורנה 19 דפילטור לפנים 2021,אלפא,,אורנה 19 קרם להסרת ש,מטרים,17.00,100 מ'ל,false,,14.90,0.8765,true,1,2312641
7290107645584,false,אבקת מרק עוף אמיתי רכיבים טבעיים 400 גרם - רבנות,יוניליוור ישראל שיווק בע`מ,,מרק עוף אמיתי 400 גר,גרמים,400.00,100 גרם,false,,24.90,0.0622,true,1,1924894
7290107645591,false,אבקת מרק בטעם עוף 100% רכיבים טבעיים 400 גרם,יוניליוור ישראל שיווק בע`מ,,מרק בטעם עוף רכיבים,גרמים,400.00,100 גרם,false,,18.90,0.0472,true,1,1924912
7290107646062,false,אבקת מרק בצל רכיבים טבעיים קנור 400 ג',יוניליוור ישראל שיווק בע`מ,,מרק בצל 400 גר רכיבי,גרמים,400.00,100 גרם,false,,24.90,0.0622,true,1,1924896
7290107646147,false,"חטיף שוגי קורנפלקס תלמה 156 גרם מארז 6 יחידות בד""צ",יוניליוור ישראל שיווק בע`מ,,מאגדת חטיפי שוגי קור,גרמים,156.00,100 גרם,false,,12.90,0.0827,true,1,1906894
7290107646154,false,"חטיף קוקומן פצפוצים תלמה 126 גרם מארז 6 יחידות בד""צ","יוניליוור ישראל שיווק בע""מ",,מאגדת חטיפי קוקומן ק,גרמים,126.00,100 גרם,false,,12.90,0.1024,true,1,1906895
7290107646826,false,"חטיף שוגי שוקו תלמה 156 גרם מארז 6 יחידות בד""צ","יוניליוור ישראל שיווק בע""מ",,מאגדת חטיפי שוגי בטע,גרמים,156.00,100 גרם,false,,12.90,0.0827,true,1,1906904
7290107646895,false,קנור - רוטב פסטה נפוליטנה 415 גרם חתם סופר,יוניליוור ישראל שיווק בע`מ,,רוטב עגבניות נפוליטנ,גרמים,415.00,100 גרם,false,,12.90,0.0311,true,1,1934037
7290107646918,false,רוטב עגבניות ופלפלים לשקשוקה 415 ג' קנור,יוניליוור ישראל שיווק בע`מ,,רוטב עגבניות לשקשוקה,גרמים,415.00,100 גרם,false,,12.90,0.0311,true,1,1934031
7290107646963,false,מיונז מתובל עם פלפל צ`ילי 250 גרם,יוניליוור ישראל שיווק בע`מ,,ממרח ספייסי מיו תלמה,גרמים,250.00,100 גרם,false,,7.90,0.0316,true,1,2369544
7290107647816,false,"ברנפלקס ללא תוספת סוכר תלמה בד""ץ 500 גרם","יוניליוור ישראל שיווק בע""מ",,ברנפלקס ללא סוכר 500,גרמים,500.00,100 גרם,false,,22.90,0.0458,true,1,1858886
7290107647823,false,"ברנפלקס פתיתי חיטה מלאה וסובין 500 גרם ""תלמה""",יוניליוור ישראל שיווק בע`מ,,תלמה ברנפלקס 500 גרם,גרמים,500.00,100 גרם,false,,22.90,0.0458,true,1,1858887
7290107647854,false,"שוגי מופחת סוכר תלמה 500 ג' בד""צ",יוניליוור ישראל שיווק בע`מ,,דגני שוגי מופחת סוכר,גרמים,500.00,100 גרם,false,,21.90,0.0438,true,1,1818148
7290107648974,false,קנור רוטב לפסטה עגבניות עם בזיליקום,יוניליוור ישראל שיווק בע`מ,,רוטב עגבניות בזיליקו,גרמים,415.00,100 גרם,false,,12.90,0.0311,true,1,1949274
7290107648981,false,רוטב עגבניות קלאסי פומודורו 415 ג' קנור,יוניליוור ישראל שיווק בע`מ,,רוטב עגבניות פומודור,גרמים,415.00,100 גרם,false,,12.90,0.0311,true,1,1934032
7290107649100,false,בייגלה טבעות שומשום 300 גרם.,"יוניליוור ישראל שיווק בע""מ",,בייגלה טבעות שומשום,גרמים,300.00,100 גרם,false,,9.90,0.0330,true,1,2074184
7290107871297,false,אוסם - מיני פריכונים עשבי תיבול 25 גרם,קבוצת אוסם סחר שותפות מוגבלת,IL,אסם פריכונים מיני עשבי תי,גרמים,23.00,100 גרם,false,,3.90,0.1696,true,1,1350246
7290107871990,false,פסטה צינורות מהדרין אסם (500 גרם),קבוצת אוסם סחר שותפות מוגבלת,IT,אסם פסטה צינורות 500 גרם,גרמים,500.00,100 גרם,false,,5.90,0.0118,true,1,1350259
7290107874427,false,מיני פריכונים בטעם זעתר אסם (25 גרם),קבוצת אוסם סחר שותפות מוגבלת,IL,אסם אסם פריכונים מיני זעת,גרמים,25.00,100 גרם,false,,3.90,0.1560,true,1,1350298
7290107874441,false,פריכונים מיני בצל מקורמל אסם (25 גרם),קבוצת אוסם סחר שותפות מוגבלת,IL,אסם פריכונים מיני בצל מקו,גרמים,25.00,100 גרם,false,,3.90,0.1560,true,1,1350299
7290107879132,false,פריכיות פיטנס מיני פריכיות שוקולד חלב 22 ג',קבוצת אוסם סחר שותפות מוגבלת,,פירכיות מיני שוקולד,גרמים,22.00,100 גרם,false,,4.90,0.2227,true,1,1492409
7290107879521,false,קרחון לה פרוטה שרבט תות מאגדת 5יח',נגה גלידות שותפות מוגבלת,,מאגדת שלגוני לה פרוט,יח',5.00,יח',false,,22.90,4.5800,true,1,1438309
7290107879569,false,קרחון לה פרוטה שרבט מנגו מאגדת 5יח',נגה גלידות שותפות מוגבלת,,מאגדת שלגוני לה פרוט,גרמים,350.00,100 גרם,false,,22.90,0.0654,true,1,1438310
7290107905404,false,קופסא 2.8 ליטר פירו,,,קופסא 2.8 ליטר פירו,יחידה,0.00,יחידה,false,,16.90,0.0000,true,1,2329739
7290107930321,false,קונפיטורת דובדבן יד מרדכי (340 גרם),"שטראוס גרופ בע""מ",IL,קונפיטורת תות 340 גרם,גרמים,340.00,100 גרם,false,,12.90,0.0379,true,1,1390740
7290107931397,false,כיף כף פצפוצים במילוי שוקולד 40 גרם,שולן צ'\יקולטה גידה סאן.,,חטיף כיף כף פצפצים,גרמים,40.00,100 גרם,false,,4.90,0.1225,true,1,1442835
7290107932080,false,חלב 3% מועשר בבקבוק יטבתה (1 ליטר),שטראוס גרופ בעמ/מצונן,,חלב 1ליטר בבקבוק 3%,ליטרים,1.00,ליטר,false,,7.40,7.4000,true,1,1421403
7290107932134,false,חלב מועשר 1% בבקבוק יטבתה (1 ליטר),שטראוס גרופ בעמ/מצונן,,חלב 1 ליטר בבקבוק 1%,ליטרים,1.00,ליטר,false,,7.40,7.4000,true,1,1421405
7290107933155,false,לקט סלנובה 200 גר ירקות שטראוס טעם הטבע,שטראוס בריאות ירקות טריי,,לקט סלנובה 200 גרם ש,גרמים,200.00,100 גרם,false,,12.90,0.0645,true,1,1499052
7290107934473,false,שמינייה יוגורט לבן אקטיביה 1.5% דנונה 150 גרם,שטראוס גרופ בעמ/מצונן,IL,מ.אקטיביה שמינייה 1.5% חג,גרמים,1200.00,100 גרם,false,,18.90,0.0157,true,1,1389815
7290107936460,false,מארז 8 יח' דנכול משקה יוגורט בטעם מעודן,שטראוס גרופ בעמ/מצונן,,מארז 8 דנכול בטעם מע,גרמים,800.00,100 גרם,false,,27.90,0.0349,true,1,1447037
7290107936958,false,עד חצות ביסקוויט אצבעות שוקולד 125 גרם,ביסקוויטס טור ד'\אלבון,,ביסקויט עד חצות אצבע,גרמים,125.00,100 גרם,false,,9.90,0.0792,true,1,1840671
7290107936965,false,עיגולים עד חצות עם שוקולד חלב 225 גר,ביסקווטרי עוגיות סנט,,ביסקויט עד חצות עיגו,גרמים,225.00,100 גרם,false,,12.90,0.0573,true,1,1840672
7290107937542,false,משקה יוגורט אקטיביה עם תות 1.2% שומן,שטראוס גרופ בעמ/מצונן,,משקה אקטיביה תות 1.2,מיליליטרים,265.00,"100 מ""ל",false,,4.90,0.0185,true,1,1448065
7290107937627,false,מסטיק מאסט Must קוביות ללא סוכר בטעם מנטה עדינה,שטראוס גרופ בע`מ,,קופסא מסטיק קוביות ס,גרמים,58.00,100 גרם,false,,8.90,0.1534,true,1,1492420
7290107937641,false,צנצנת קוביות בזוקה גומי לעיסה 58גר,אסקום קונפקשיין,,קופסא מסטיק בזוקה קו,גרמים,58.00,100 גרם,false,,8.90,0.1534,true,1,1492422
7290107937856,false,קפסולות 11חזק למכונות נספרסו עלית 10יח',הנסיך- מפעל לייצור ט,,קפסולות למכונות נספר,גרמים,50.00,100 גרם,false,,16.50,0.3300,true,1,1487665
7290107938396,false,שמיניית אקטימל תות דיסני בנים 108 גרם,שטראוס גרופ בעמ/מצונן,,מארז 8 אקטימל תות,גרמים,864.00,100 גרם,false,,19.90,0.0230,true,1,1473014
7290107939027,false,גזר דק דק 250 גר שטראוס ירקות טעם הטבע,ביכורי השדה הצפון בעמ` 1964,,גזר דק דק 250 גר שטר,גרמים,250.00,100 גרם,false,,6.90,0.0276,true,1,1499053
7290107940467,false,אקטיביה יוגורט קרמי 1.5% דנונה (200 גרם),שטראוס גרופ בעמ/מצונן,,אקטיבייה 1.5% 200 גר,גרמים,200.00,100 גרם,false,,3.90,0.0195,true,1,1473779
7290107941273,false,טעם הטבע חומוס מבושל שטראוס (475 גרם),ביכורי השדה הצפון בעמ` 1964,,חומוס מבושל 475 גרם,גרמים,475.00,100 גרם,false,,8.90,0.0187,true,1,1499060
7290107943192,false,"שמנת חמוצה מהערבה 27% שומן 200 מ""ל יטבתה",שטראוס גרופ בעמ/מצונן,,שמנת חמוצה מהערבה 27,מיליליטרים,200.00,"100 מ""ל",false,,3.90,0.0195,true,1,1843834
7290107943369,false,קוואקר שיבולת שועל ללא גלוטן 511 גר'.,שטראוס פריטו ליי בע`מ,,קוואקר שיבולת שועל ל,גרמים,511.00,100 גרם,false,,16.90,0.0331,true,1,1814880
7290107944243,false,אפיפיות בטעם שוקולד 200 גרם כשר לפסח,"שטראוס גרופ בע""\מ",,"אפיפית 200 גרם בד""צ",גרמים,200.00,100 גרם,false,,6.90,0.0345,true,1,1819803
7290107944472,false,סימפוניה גבינה במרקם שמנת 5% שום שמיר,שטראוס גרופ בעמ/מצונן,,סימפוניה שום שמיר 5%,גרמים,200.00,100 גרם,false,,10.90,0.0545,true,1,1501576
7290107945165,false,קונפיטורת משמש יד מרדכי 340 גרם,אף.סי תבליני בגליל ב,,קונפיטורת משמש 340 ג,גרמים,340.00,100 גרם,false,,12.90,0.0379,true,1,1698007
7290107950190,false,מעדן חלב דל קלוריות בטעם שוקולד מריר 0.5% שומן,שטראוס גרופ בעמ/מצונן,,מעדן שטראוס דיאט שוק,גרמים,130.00,100 גרם,false,,2.90,0.0223,true,1,1490758
7290107950206,false,מעדן דיאט שוקולד שטראוס 130 גרם,שטראוס גרופ בעמ/מצונן,,מעדן שטראוס בטעם שוק,גרמים,130.00,100 גרם,false,,2.90,0.0223,true,1,1490759
7290107951104,false,בפלות ופלים ארוכים בטעם שוקולד,"שטראוס גרופ בע""\מ",,בפלות בטעם שוקולד 20,גרמים,200.00,100 גרם,false,,3.90,0.0195,true,1,1502143
7290107951111,false,בפלות ופלים ארוכים בטעם לימון,שטראוס גרופ בע`מ,,בפלות בטעם לימון 200,גרמים,200.00,100 גרם,false,,3.90,0.0195,true,1,1502144
7290107951715,false,צנצנת מסטיק מאסט קוביות בטעם ענבים 58 ג' עלית,"שטראוס גרופ בע""מ",,קופסא מסטיק קוביות ע,גרמים,58.00,100 גרם,false,,8.90,0.1534,true,1,1697998
7290107953559,false,"מארז קפה טורקי עלית לדרך כשל""פ 168 גרם",הנסיך- מפעל לייצור ט,,מארז קפה טורקי אישי,גרמים,168.00,100 גרם,false,,17.90,0.1065,true,1,1506909
7290107954709,false,"קונפיטורת פירות יער ""יד מרדכי"" 340 גר'",שטראוס גרופ בע`מ,,קונפיטורת פירות יער,גרמים,340.00,100 גרם,false,,12.90,0.0379,true,1,1752898
7290107954976,false,משקה חלב PRO עם קפה 1.5% 25 גרם חלבון בבקבוק,שטראוס גרופ בעמ/מצונן,,משקה יטבתה פרו בטעם,מיליליטרים,350.00,"100 מ""ל",false,,5.90,0.0169,true,1,1788573
7290107956642,false,"תרסיס שמן זית 150 מ""ל יד מרדכי כשלפ",פארייפאבה אגרואינדוס,,"תרסיס שמן זית 150 מ""",מיליליטרים,150.00,"100 מ""ל",false,,17.90,0.1193,true,1,1879331
7290107956895,false,קפסולות טעם קרמל למכונות נספרסו 50גר,שטראוס קפה בי.וי.,,קפסולות למכונות נספר,גרמים,50.00,100 גרם,false,,16.50,0.3300,true,1,1913670
7290107956901,false,קפסולות בטעם אגוזים למכונת נספרסו עלית 10 יחידות,שטראוס קפה בי.וי.,,קפסולות למכונות נספר,גרמים,50.00,100 גרם,false,,16.50,0.3300,true,1,1853855
7290107956925,false,קפסולות 13 אוגנדה למכונת נספרסו עלית 10יח',שטראוס קפה בי.וי.,,קפסולות למכונות נספר,גרמים,50.00,100 גרם,false,,16.50,0.3300,true,1,2043063
7290107956932,false,קפסולות אינדונזיה מס 12 למכונת אספרסו,שטראוס קפה בי.וי.,,קפסולות למכונות נספר,גרמים,50.00,100 גרם,false,,16.50,0.3300,true,1,1840691
7290107957069,false,"מסטיק ע""למה ""בטעם אוכניות 66 גרם צנצנת ""עלית""","שטראוס גרופ בע""\מ",,קופסא מסטיק עלמה אוכ,גרמים,66.00,100 גרם,false,,8.90,0.1348,true,1,1840692
7290107957076,false,"מסטיק ""עלמה"" בטעם ספירמנט 66 גרם צנצנת ""עלית""","שטראוס גרופ בע""\מ",,קופסא מסטיק עלמה ספי,גרמים,66.00,100 גרם,false,,8.90,0.1348,true,1,1840693
7290107957229,false,שוקולד צ'יפס מריר מעולה לאפיה עלית 250 ג',"שטראוס גרופ בע""מ",,נטיפי שוקולד צ'יפס מ,גרמים,250.00,100 גרם,false,,10.90,0.0436,true,1,1913671
7290107957991,false,מילקי CAKE מיניס קרם חלב בציפוי שוקולד חלב שקית 16X9ג',בובארד איטליה אס.פי.איי,,מילקי CAKE מיניס,גרמים,144.00,100 גרם,false,,12.90,0.0896,true,1,2001950
7290107971539,false,חטיף בוטנים וקשיו עם שוקולד מריר ללא גלוטן,אמקו סאם מילס ספול.,,חטיף בוטנים וקשיו עם,גרמים,140.00,100 גרם,false,,14.90,0.1064,true,1,1491680
7290107971744,false,"קולגייט - מי פה טוטל ירוק ספרמינט 500 מ""ל",יבואן ומשווק: ש. שסט,,מי פה קולגייט טוטל י,מיליליטרים,500.00,"100 מ""ל",false,,29.90,0.0598,true,1,1491681
7290107971751,false,מי פה קולגייט טוטל ללא אלכוהול פפרמינט,יבואן ומשווק: ש. שסט,,מי פה קולגייט טוטל כ,מיליליטרים,500.00,"100 מ""ל",false,,29.90,0.0598,true,1,1491682
7290107973014,false,"סבון ידיים משאבה פלמוליב חלב ודבש 300 מ""ל",הנסיך- מפעל לייצור ט,,סבון ידיים פלמוליב ח,מיליליטרים,300.00,"100 מ""ל",false,,10.90,0.0363,true,1,1767185
7290107973038,false,"סבון ידיים משאבה פלמוליב אקווריום 300 מ""ל",הנסיך- מפעל לייצור ט,,סבון ידיים פלמוליב 3,מיליליטרים,300.00,"100 מ""ל",false,,10.90,0.0363,true,1,1767186
7290107973311,false,קולגייט מברשת שיניים 360 פחם זהב זוג,הנסיך- מפעל לייצור ט,,זוג מברשת שיניים קול,יח',2.00,יח',false,,24.90,12.4500,true,1,2335741
7290107973793,false,שימורי עגבניות שלמות 400 ג' מאסטר שף,פראנו אריקו ופיגלי ס,,עגבניות שלמות 400 גר,גרמים,400.00,100 גרם,false,,5.00,0.0125,true,1,1694185
7290107973809,false,שימורי עגבניות קוביות 400 ג' מאסטר שף,פראנו אריקו ופיגלי ס.פ.א,,עגבניות קוביות 400 ג,גרמים,400.00,100 גרם,false,,5.00,0.0125,true,1,1694191
7290107973861,false,מאסטר שף עגבניות קצוצות דק שלישיה 400ג*3 כשלפ,קונסרזיו קאסאלאסקו ד,,עגבניות קצוצות דק מא,גרמים,1200.00,100 גרם,false,,15.90,0.0133,true,1,1694186
7290107974066,false,"עלי טורטיה קמח מלא 20ס""מ 8יח' מאסטר שף 320ג'",אלקאטי קורביישיסי גי,,עלי טורטיה 5 דגנים מ,גרמים,320.00,100 גרם,false,,7.90,0.0247,true,1,1777937
7290107974073,false,מנה עלי טורטיה קמח לבן מ.שף 20 סמ 320 גר,אלקאטי קורביישיסי גי,,עלי טורטיה מקמח לבן,גרמים,320.00,100 גרם,false,,7.90,0.0247,true,1,1777938
7290107974080,false,עלי טורטיה קמח לבן 744 גר`מנה מאסטר שף,אלקאטי קורביישיסי גי,,עלי טורטיה מקמח לבן,גרמים,746.00,100 גרם,false,,15.90,0.0213,true,1,1777939
7290107974301,false,ליידי ספיד סטיק - דאודורנט ג'ל לאישה אלוורה 45 גרם,ליידי ספיד סטיק Lady Speed Stick,US,ליידי ספיד סטיק 24/7 גל ו,גרמים,65.00,100 גרם,false,,19.90,0.3062,true,1,1749170
7290107974646,false,מרידול נשימה רעננה שטיפת פה 400 מל,הנסיך- מפעל לייצור ט,,מרידול מי פה נשימה ר,מיליליטרים,400.00,"100 מ""ל",false,,32.90,0.0822,true,1,1491694
7290107974806,false,"אורז בסגנון בסמטי 1ק""ג מאסטר שף",דווה סינג שיהם סינג,,אורז בסמטי מאסטר שף,קילוגרמים,1.00,"ק""ג",false,,11.90,11.9000,true,1,1777953
7290107974813,false,"אורז יסמין 1 ק""ג מאסטר שף",טאומי אינטרפרייד,,אורז יסמין מאסטר שף,קילוגרמים,1.00,"ק""ג",false,,10.90,10.9000,true,1,1777941
7290107974820,false,ממרח בטעם ספייסי מיונז מאסטר שף 250 גרם,רמיה סי.וי.הולנד,,ממרח מתובל ספייסי מא,גרמים,250.00,100 גרם,false,,6.90,0.0276,true,1,1777930
7290107974837,false,ממרח מתובל שום 253 גר מנה מאסטר שף,רמיה סי.וי.הולנד,,ממרח מתובל שום מאסטר,גרמים,250.00,100 גרם,false,,6.90,0.0276,true,1,1777931
7290107975285,false,דאו לנערות תות מתוק ליידי ספיד סטיק 65 ג,ליידי ספיד סטיק Lady Speed Stick,,דאודורנט ליידי ספיד,מיליליטרים,65.00,"100 מ""ל",false,,19.90,0.3062,true,1,1804969
7290107975292,false,ליידי ספיד סטיק - דאודורנט סטיק נערות ורוד 65 גרם,ליידי ספיד סטיק Lady Speed Stick,,דאודורנט ליידי ספיד,מיליליטרים,65.00,"100 מ""ל",false,,19.90,0.3062,true,1,1804970
7290107975346,false,ספיד סטיק - דאודורנט ג'ל לגבר כוח הטבע 85 גרם,קולגייט-פלמוליב,,דאודורנט סטיק גל-כח,גרמים,50.00,100 גרם,false,,19.90,0.3980,true,1,1843081
7290107975360,false,ליידי ספיד סטיק פיור פרשנס ג'ל נשים 65ג',ליידי ספיד סטיק Lady Speed Stick,,דאודורנט ג'ל ספיד סט,גרמים,65.00,100 גרם,false,,19.90,0.3062,true,1,1762259
7290107975544,false,"קולגייט משחת שיניים סמיילס ברבי לגילאי 6 50מ""ל",קולגייט- פלמוליב,,משחת שיניים קולגייט,מיליליטרים,50.00,"100 מ""ל",false,,12.90,0.2580,true,1,1762253
7290107976589,false,"שטיפת פה קולגייט אופטיק וייט 250 מ""ל",ש.שסטוביץ בעמ,,מיי פה קולגייט אופטי,מיליליטרים,250.00,"100 מ""ל",false,,14.90,0.0596,true,1,1905044
7290107976848,false,פלמוליב סבון מוצק קמומיל רביעייה 360 ג,קולגייט-פלמוליב,,סבון מוצק רביעייה פל,גרמים,400.00,100 גרם,false,,16.90,0.0422,true,1,1854032
7290107976916,false,"סבון ידיים משאבה פלמוליב זיתים 300 מ""ל",קולגייט פלמוליב,,סבון ידיים פלמוליב ח,מיליליטרים,300.00,"100 מ""ל",false,,10.90,0.0363,true,1,1798965
7290107977456,false,"פלמוליב - ג'ל רחצה ושמפו ספורט לגבר 750 מ""ל",קולגייט פלמוליב,,ג'ל רחצה ושמפו לגבר,מיליליטרים,750.00,"100 מ""ל",false,,17.90,0.0239,true,1,2228393
7290107977753,false,"משחת שיניים פרודונט אקספרס 75 מ""ל ""מרידול""",קולגייט פלמוליב,,מרידול משחת שיניים פ,גרמים,75.00,100 גרם,false,,25.90,0.3453,true,1,2250443
7290107978101,false,מש.שיניים קולגייט א.וויט אקסטרה פאוור 75,קולגייט-פלמוליב,,משחת שינים קולגייט א,מיליליטרים,75.00,"100 מ""ל",false,,29.90,0.3987,true,1,1958144
7290107978323,false,איטריות דקיקות מאסטר שף 400 גרם,הדקלאים אגודת שיתופי,,איטריות דקיקות מאסטר,גרמים,400.00,100 גרם,false,,5.00,0.0125,true,1,1767219
7290107978330,false,איטריות דקות מאסטר שף 400 גרם,הדקלאים אגודת שיתופי,,איטריות דקות מאסטר ש,גרמים,400.00,100 גרם,false,,5.00,0.0125,true,1,1767220
7290107978347,false,איטריות בינוניות מאסטר שף 400 גרם,הדקלאים אגודת שיתופי,,איטריות בנוניות מאסט,גרמים,400.00,100 גרם,false,,5.00,0.0125,true,1,1767221
7290107978453,false,חטיף בטעם גריל קראנצ,ש. שסטוביץ בע`מ,,חטיף קראנצ'וס גריל 5,גרמים,55.00,100 גרם,false,,3.90,0.0709,true,1,1810527
7290107978460,false,קראנצ וס פלאפל 60ג חדש,ש. שסטוביץ בע`מ,,חטיף קראנצ'וס פלאפל,גרמים,55.00,100 גרם,false,,3.90,0.0709,true,1,1810528
7290107978637,false,משחת שיניים לחניכיים רגישות,קולגייט פלמוליב,,מרידול משחת שיניים 7,גרמים,75.00,100 גרם,false,,19.90,0.2653,true,1,1900817
7290107979184,false,קוקי תבנית אלומיניום עם נייר אפייה גדול 3,ש.שסטוביץ בעמ,,תבנית אלומיניום עם נ,יח',3.00,יח',false,,12.90,4.3000,true,1,1795773
7290107979191,false,"תבנית אלומיניום עם נייר אפייה ענק 2 ""קוקי""",ש.שסטוביץ בעמ,,תבנית אלומיניום עם נ,יח',2.00,יח',false,,12.90,6.4500,true,1,1795774
7290108201284,false,איירוויק מקלות ריחניים בניחוח לבנדר מתוק,רקיט בנקיזר (ניר איסט) בעמ,,מקלות ריחניים לבנדר,מיליליטרים,30.00,"100 מ""ל",false,,24.90,0.8300,true,1,1704119
7290108201437,false,"אבקת כביסה קולון 101 2.5 ק""ג",רקיט בנקיזר (ניר איסט) בעמ,,"אבקת כביסה 2.5 ק""ג -",קילוגרמים,2.50,"ק""ג",false,,24.90,9.9600,true,1,2135203
7290108201802,false,"ספריי דטול לחיטוי בניחוח כביסה 400 מ""ל",רקיט בנקיזר (ניר איסט) בעמ,,ספריי חיטוי דטול בני,מיליליטרים,400.00,"100 מ""ל",false,,14.90,0.0373,true,1,2049514
7290108201864,false,קולון קפסולות גל לכביסה 28 יחידות,רקיט בנקיזר (ניר איסט) בעמ,,קפסולות ג'ל לכביסה -,יח',28.00,יח',false,,29.90,1.0679,true,1,1960327
7290108350128,false,סנו סושי שקיות אשפה חזקות במיוחד 40 יח',החברה הדרומית לשיווק בעמ,IL,שקיות אשפה חזקות 40יח,יח',40.00,יח',false,,22.90,0.5725,true,1,1366939
7290108350180,false,סנו סופט מפיות מודפסות 100 יח`,החב. הדרומית לשיווק,,מפיות מודפסות 100 יח,יח',100.00,יח',false,,6.90,0.0690,true,1,1421214
7290108350203,false,"סנו סושי כריות קרצוף+ספוג מקציף 6 יחידות 12X9 ס""מ",החברה הדרומית לשיווק בעמ,,כריות קרצוף עם ספוג,יח',6.00,יח',false,,9.90,1.6500,true,1,1467871
7290108350500,false,סנובון מוצק דאבל אקשן בניחוח תפוז שלישייה,החברה הדרומית לשיווק בעמ,,שלישייה סנובון לאסלה,גרמים,165.00,100 גרם,false,,11.90,0.0721,true,1,1421259
7290108350524,false,ארון פרש בניחוח לוונדר סנו,"סנו מפעלי ברונוס בע""",,ריח לארון פרש בניחוח,יח',4.00,יח',false,,18.90,4.7250,true,1,1496778
7290108350531,false,סנו ספארק נוזל כלים בניחוח קלאסי עם משאבה 1 ל',מיוצר עי קונדיטוריית,IL,סנו ספארק לכלים לימון1ל,ליטרים,1.00,ליטר,false,,12.90,12.9000,true,1,1366941
7290108350548,false,סנו ספארק נוזל כלים בניחוח לבנדר עם משאבה 1 ל',החברה הדרומית לשיווק בעמ,IL,סנו ספארק לכלים לימון1ל,ליטרים,1.00,ליטר,false,,12.90,12.9000,true,1,1366942
7290108350555,false,נוזל כלים סנו ספארק Spark היפואלרגני פריחת השקד,החברה הדרומית לשיווק בעמ,IL,סנו ספארק לכלים לימון1ל,ליטרים,1.00,ליטר,false,,12.90,12.9000,true,1,1366943
7290108350586,false,נוזל לניקוי כלים סנו ספארק Spark בניחוח לימון רענן,החברה הדרומית לשיווק בעמ,,נוזל לכלים סנו ספארק,ליטרים,1.50,ליטר,false,,14.90,9.9333,true,1,1421206
7290108350616,false,סנו - מקסימה מרכך כביסה מרוכז פריחה כחולה 1 ליטר,החברה הדרומית לשיווק בעמ,,מרכך כביסה מקסימה סו,ליטרים,1.00,ליטר,false,,19.90,19.9000,true,1,1467916
7290108350623,false,מרכך כביסה סופר מרוכז סופט סילק מקסימה 1 ל' סנו,החברה הדרומית לשיווק בעמ,,מרכך כביסה מקסימה סו,ליטרים,1.00,ליטר,false,,19.90,19.9000,true,1,1467917
7290108350647,false,"כיף פיות קרם מתיר קשרים 350 מ""ל-מרכז",החברה הדרומית לשיווק בעמ,,קרם להתרת קשרים כיף,מיליליטרים,350.00,"100 מ""ל",false,,19.90,0.0569,true,1,1437408
7290108350685,false,"מנקה למדיח כלים סנו ספארק 250 מ""ל",סנו,,מנקה למדיח כלים סנו,מיליליטרים,250.00,"100 מ""ל",false,,14.90,0.0596,true,1,1950055
7290108350746,false,אורביטול מברשת שיניים פיות חשמלית,החברה הדרומית,,מברשת שיניים חשמלית,יחידה,0.00,יחידה,false,,39.90,0.0000,true,1,1769620
7290108350753,false,"אורביטול משחת שיניים פרוטקט פרש, 145 גרם",גוד פוד פרודקטס S.p,,משחת שיניים אורביטול,גרמים,145.00,100 גרם,false,,14.90,0.1028,true,1,2057115
7290108350777,false,אל סבון מיניונים ליד,החב הדרומית לשיווק,,שלישייה סבון נוזלי נ,מיליליטרים,1500.00,"100 מ""ל",false,,17.90,0.0119,true,1,1985036
7290108350791,false,אורביטול מברשות שיניים כדורגל +8,z.h. plastic,,מברשת שיניים לילדים,יחידה,0.00,יחידה,false,,12.90,0.0000,true,1,2090711
7290108351149,false,ג'ל ניקוי כללי בתוספת אבקת סודה ריח כביסה סנו ג'ט 1.5 ליטר,החברה הדרומית לשיווק בעמ,,סנו ג'ט ניקוי כללי ו,ליטרים,1.50,ליטר,false,,19.90,13.2667,true,1,1515580
7290108351156,false,ג'ל ניקוי כללי בתוספת חומץ בריח לבנדר סנו ג'ט 1.5 ליטר,החברה הדרומית לשיווק בעמ,,סנו ג'ט ניקוי כללי ו,ליטרים,1.50,ליטר,false,,19.90,13.2667,true,1,1508753
7290108351521,false,סנו מקסימה ג`ל כביסה מרוכז 5 ל`מאסק,החברה הדרומית לשיווק בעמ,,ג'ל כביסה מרוכז סנו,ליטרים,5.00,ליטר,false,,44.90,8.9800,true,1,1504093
7290108351545,false,מטהר אוויר סנו פרש הום בניחוח מרכך,סנו מפעלי ברונוס בעמn,,מבשם אוויר פרש הום י,מיליליטרים,200.00,"100 מ""ל",false,,12.90,0.0645,true,1,1985042
7290108351569,false,מבשם ומרכך למייבש כביסה Baby לתינוקות ולעור רגיש,החברה הדרומית לשיווק בעמ,,מרסס למייבש כביסה סנ,מיליליטרים,750.00,"100 מ""ל",false,,17.90,0.0239,true,1,1776357
7290108351583,false,"סנו - ג'ט פלוס חומץ ג'ל לניקוי אסלות לבנדר 750 מ""ל",החברה הדרומית לשיווק בעמ,,סנו ג'ט + לניקוי אסל,מיליליטרים,750.00,"100 מ""ל",false,,9.90,0.0132,true,1,1950627
7290108351590,false,"סנופרש הום בלו בלוסון בניחוח מרכך כביסה 350 מ""ל",החברה הדרומית לשיווק בעמ,,מבשם אוויר פרש הום נ,מיליליטרים,350.00,"100 מ""ל",false,,10.90,0.0311,true,1,1769621
7290108351606,false,מטהר אוויר בלו בלוסום סנו פרש הום 350 מל,החברה הדרומית לשיווק בעמ,,מבשם אוויר פרש הום נ,מיליליטרים,350.00,"100 מ""ל",false,,10.90,0.0311,true,1,1769622
7290108351613,false,סנו ריצפז פרש הום 2 ליטר בניחוח מלון חלומי,החברה הדרומית לשיווק בעמ,,ריצפז פרש הום תרכיז,ליטרים,2.00,ליטר,false,,19.90,9.9500,true,1,1725104
7290108351620,false,מטהר אוויר להתזה באסלה no2 סנו פרש 60 מל,"סנו מפעלי ברונוס בע""\מ",,סנו פרש לוכד ריחות ר,"י""ח",1.00,"י""ח",false,,12.90,12.9000,true,1,1810576
7290108351637,false,מקסימה אבקת כביסה סמארט סנו (5 קג),החברה הדרומית לשיווק בעמ,,אבקת כביסה SMART מקס,קילוגרמים,5.00,"ק""ג",false,,49.90,9.9800,true,1,1810584
7290108351668,false,מטליות לחות לניקוי כללי בתוספת חומץ בניחוח לבנדר,טרופיקל דיגל- תעשיות,,מטליות לחות לניקוי כ,יח',50.00,יח',false,,8.90,0.1780,true,1,1985049
7290108351675,false,סנו מקסימה ג`ל כביסה מרוכז 5 ל`צבעוני,החברה הדרומית לשיווק בעמ,,ג'ל כביסה מרוכז 5 לי,ליטרים,5.00,ליטר,false,,44.90,8.9800,true,1,2011567
7290108351682,false,גל כביסה סנו מקסימה ביו קולד ווטר 5 ל,"סנו מפעלי ברונוס בע""\מ",,ג'ל כביסה מרוכז סנו,ליטרים,5.00,ליטר,false,,44.90,8.9800,true,1,2011568
7290108351699,false,סנו - ג'ט מטליות לחות לניקוי כללי בתוספת חומץ לבנדר שלישיה,החברה הדרומית לשיווק בעמ,,מגבונים לניקוי ג'ט+ח,יח',150.00,יח',false,,19.90,0.1327,true,1,2011573
7290108351705,false,פניני בישום לכביסה275 גר` fresh linen,החברה הדרומית לשיווק בעמ,,פניני בישום מקסימה ל,גרמים,275.00,100 גרם,false,,29.90,0.1087,true,1,2228627
7290108351712,false,פניני בישום לכביסה 275 ג' מקסימה,החברה הדרומית לשיווק בעמ,,פניני בישום מקסימה ל,גרמים,275.00,100 גרם,false,,29.90,0.1087,true,1,2228628
7290108351729,false,נ.לניקוי אסלות סנו גרין פאוור אקולוגי750,החברה הדרומית לשיווק בעמ,,נוזל לניקוי אסלות אק,מיליליטרים,750.00,"100 מ""ל",false,,12.90,0.0172,true,1,2252251
7290108351736,false,"סנו נוזל לניקוי חלונות אקולוגי 750 מ""ל GREEN POWER",סנו מפעלי ברונוס בעמ,,נוזל לניקוי חלונות א,מיליליטרים,750.00,"100 מ""ל",false,,12.90,0.0172,true,1,2252252
7290108351750,false,נ.לניקוי רצפות סנו גרין פאוור אקולוגי 2ל,סנו מפעלי ברונוס בעמ,,נוזל לרצפות אקולוגי,ליטרים,2.00,ליטר,false,,19.90,9.9500,true,1,2252264
7290108351774,false,מרסס סנו לניקוי וטיפול במוצרי עור 500 מל,החברה הדרומית לשיווק בעמ,,מתז לניקוי וטיפול במ,מיליליטרים,500.00,"100 מ""ל",false,,29.90,0.0598,true,1,2050123
7290108351781,false,ג'ל לניקוי אסלות + חומץ ומלח לימון בריח הדרים,החברה הדרומית לשיווק בעמ,,סנו ג'ט + לניקוי אסל,מיליליטרים,750.00,"100 מ""ל",false,,9.90,0.0132,true,1,2063583
7290108351804,false,מרכך כביסה סופר מרוכז Gentl Breeze סנו מקסימה 1 ליטר,החברה הדרומית לשיווק בעמ,,מרכך כביסה מרוכז מקס,ליטרים,1.00,ליטר,false,,19.90,19.9000,true,1,2217739
7290108351842,false,"סנו מקסימה בושם מרוכז לכביסה FOREVER כחול 600 מ""ל",החברה הדרומית לשיווק בעמ,,בושם מרוכז לכביסה FO,מיליליטרים,600.00,"100 מ""ל",false,,19.90,0.0332,true,1,2111963
7290108351859,false,"סנו מקסימה בושם מרוכז לכביסה FOREVER ורוד 600 מ""ל",הורביץ סחר,,בושם מרוכז לכביסה FO,מיליליטרים,600.00,"100 מ""ל",false,,19.90,0.0332,true,1,2111964
7290108351866,false,"סנו מקסימה בושם מרוכז לכביסה FOREVER בורדו 600 מ""ל",החב. הדרומית לשיווק,,בושם מרוכז לכביסה FO,מיליליטרים,600.00,"100 מ""ל",false,,19.90,0.0332,true,1,2111965
7290108351910,false,סנו ספארק טבליות למדיח 30 יחידות,החברה הדרומית לשיווק בעמ,,טבליות למדיח סנו ספא,יח',30.00,יח',false,,19.90,0.6633,true,1,2101201
7290108351927,false,סנו ספארק טבליות למדיח 70 יחידות,החברה הדרומית לשיווק בעמ,,טבליות למדיח סנו ספא,יח',70.00,יח',false,,39.90,0.5700,true,1,2101202
7290108351934,false,סנובון סבון אסלה מוצק RINGS בניחוח לימון שלישיה,החברה הדרומית לשיווק בעמ,,שלישייה סנובון מוצק,יח',3.00,יח',false,,19.90,6.6333,true,1,2217741
7290108351965,false,סנו ג'ט סבון אסלה בחומץ שלישיה,סנו מפעלי ברונוס בעמ,,ג'ט סבון אסלה מוצק ש,יח',3.00,יח',false,,11.90,3.9667,true,1,2136013
7290108351972,false,סנופרש הום מבשם לבית בניחוח מלון בוטיק,החברה הדרומית לשיווק בעמ,,מבשם אוויר פרש הום י,מיליליטרים,200.00,"100 מ""ל",false,,12.90,0.0645,true,1,2227491
7290108351989,false,"מטהר אוויר סנו פרש הום מלון מפנק 200 מ""ל",החברה הדרומית לשיווק בעמ,,מבשם אוויר פרש הום י,מיליליטרים,200.00,"100 מ""ל",false,,12.90,0.0645,true,1,2227492
7290108351996,false,"חיטוי בייבי 99.9% לחיטוי וניקוי בסביבת תינוקות 750 מ""ל",החברה הדרומית לשיווק בעמ,,מתז בייבי לחיטוי משט,מיליליטרים,750.00,"100 מ""ל",false,,18.90,0.0252,true,1,2175199
7290108352009,false,סנו ספארק קפסולות למדיח כלים 50 יחידות,החברה הדרומית לשיווק בעמ,,קפסולות ג'ל למדיח סנ,יח',50.00,יח',false,,49.90,0.9980,true,1,2248960
7290108352016,false,סנובון Design שלישייה בניחוח מרכך כביס,החברה הדרומית לשיווק בעמ,,שלישייה סנובון מוצק,יח',3.00,יח',false,,19.90,6.6333,true,1,2214189
7290108352023,false,שלישיית סנובון מוצק לאסלה DESIGN בניחוח ספא,החברה הדרומית לשיווק בעמ,,שלישייה סנובון מוצק,יח',3.00,יח',false,,19.90,6.6333,true,1,2214190
7290108352047,false,אורביטול - צמד מברשות שיניים 808 + חוט דנטלי במתנה,החברה הדרומית לשיווק בעמ,,צמד מברשות שיניים או,יח',2.00,יח',false,,14.90,7.4500,true,1,2335630
7290108352054,false,אורביטול - צמד מברשות שיניים 980 + חוט דנטלי במתנה,החברה הדרומית לשיווק בעמ,,צמד מברשות שיניים או,יח',2.00,יח',false,,14.90,7.4500,true,1,2335631
7290108352061,false,משחת שיניים Go White אורביט 145 גרם עם פחם,טרופיקל דגיל תעשיות קוסמ,,משחת שיניים אורביטול,גרמים,145.00,100 גרם,false,,9.90,0.0683,true,1,2355331
7290108352078,false,"אורביטול שטיפת פה 500 מ""ל Protective Salt",החברה הדרומית לשיווק בעמ,,אורביטול מי-פה פרוטק,מיליליטרים,500.00,"100 מ""ל",false,,14.90,0.0298,true,1,2258879
7290108352085,false,"מי פה אורביטול רעננות חריפה 500 מ""ל",החברה הדרומית לשיווק בעמ,,שטיפת פה שוקינג פרש,מיליליטרים,500.00,"100 מ""ל",false,,14.90,0.0298,true,1,2258887
7290108352092,false,משחת שיניים אורביטול פרוטקטיב סולט בטעם מנטה,החברה הדרומית לשיווק בעמ,,משחת שיניים אורביטול,גרמים,145.00,100 גרם,false,,9.90,0.0683,true,1,2259088
7290108352139,false,ג'ל כביסה גרין פוויר אקולוגי 3 ל' סנו,החברה הדרומית לשיווק בעמ,,ג'ל כביסה אקולוגי 3,ליטרים,3.00,ליטר,false,,34.90,11.6333,true,1,2252309
7290108352146,false,"סנובון נוזלי בניחוח מנגוליה ונרולי סנו 750 מ""ל",החברה הדרומית לשיווק בעמ,,סנובון נוזלי סנסורי,מיליליטרים,750.00,"100 מ""ל",false,,11.90,0.0159,true,1,2248961
7290108352153,false,"סנובון נוזלי בניחוח לוטוס וסחלב סנו 750 מ""ל",החברה הדרומית לשיווק בעמ,,סנובון נוזלי סנסורי,מיליליטרים,750.00,"100 מ""ל",false,,11.90,0.0159,true,1,2248962
7290108352207,false,מקסימה 40 קפסולות לכביסה בניחוח fresh burst,החברה הדרומית לשיווק בעמ,,קפסולות ג'ל לכביסה מ,יח',40.00,יח',false,,29.90,0.7475,true,1,2252253
7290108352214,false,סנו - מקסימה קפסולות כביסה בניחוח בריזה מרעננת 40 יח',החברה הדרומית לשיווק בעמ,,קפסולות ג'ל לכביסה מ,יח',40.00,יח',false,,29.90,0.7475,true,1,2252254
7290108352221,false,סנופרש הום מבשם נוזלי בניחוח מלון מפנק,החברה הדרומית לשיווק בעמ,,מבשם אוויר פרש הום נ,מיליליטרים,350.00,"100 מ""ל",false,,10.90,0.0311,true,1,2252583
7290108352252,false,נוזל לניקוי כלים מתאים לניקוי ירקות ופירות סנו ספארק,החברה הדרומית לשיווק בעמ,,נוזל לכלים סנו ספארק,ליטרים,1.00,ליטר,false,,12.90,12.9000,true,1,2258925
7290108352269,false,סנו מטליות לחיטוי ולניקוי בדלי 400 יחידו,החברה הדרומית לשיווק בעמ,,מטליות לחיטוי וניקוי,יח',400.00,יח',false,,34.90,0.0872,true,1,2252255
7290108352276,false,מגבונים לניקוי וחיטוי יסודי לרצפה 10 יח 99.9%,החברה הדרומית לשיווק בעמ,,מטליות לחיטויי וניקו,יח',10.00,יח',false,,14.90,1.4900,true,1,2248973
7290108352283,false,נוזל לחיטוי וניקוי רצפות- סדרת 99.9% סנו 2 ליטר,החברה הדרומית לשיווק בעמ,,נוזל לחיטוי וניקוי ר,ליטרים,2.00,ליטר,false,,19.90,9.9500,true,1,2248974
7290108352313,false,שקית מילוי 99.9% מחטא ומשמיד חיידקים למשטחים,החברה הדרומית לשיווק בעמ,,שקית מילוי למתז חיטו,מיליליטרים,750.00,"100 מ""ל",false,,9.90,0.0132,true,1,2252256
7290108352320,false,"מבשם אויר סנו פרש הום בניחוח כותנה מלטפת 350 מ""ל",החברה הדרומית לשיווק בעמ,,מבשם אוויר פרש הום נ,מיליליטרים,350.00,"100 מ""ל",false,,10.90,0.0311,true,1,2252584
7290108352337,false,"מטהר אויר פרש הום אוטומטיק מלון מפנק 250 מ""ל",החברה הדרומית לשיווק בעמ,,מטהר אוויר פרש אוטומ,מיליליטרים,250.00,"100 מ""ל",false,,12.90,0.0516,true,1,2252585
7290108352344,false,"פרש מבשם אויר אוטומטי בניחוח לבנדר סנו 250 מ""ל",החברה הדרומית לשיווק בעמ,,מטהר אוויר פרש אוטומ,מיליליטרים,250.00,"100 מ""ל",false,,12.90,0.0516,true,1,2252586
7290108352351,false,"סנו תרסיס לחיטוי משטחים 99.9% - 400 מ""ל",החברה הדרומית לשיווק בעמ,,תרסיס לחיטוי משטחים,מיליליטרים,400.00,"100 מ""ל",false,,19.90,0.0497,true,1,2252257
7290108352368,false,תוסף לחיטוי כביסה 99.9% סנו מקסימה 3 ל',החברה הדרומית לשיווק בעמ,,תוסף לחיטוי כביסה 99,ליטרים,3.00,ליטר,false,,29.90,9.9667,true,1,2314828
7290108352382,false,מטליות לחות אישיות לחיטוי משטחים ואביזרים 99.9 % 20 יחי,החברה הדרומית לשיווק בעמ,,מגבונים הגיינים לחיט,יח',20.00,יח',false,,9.90,0.4950,true,1,2267787
7290108352405,false,מטהר אוויר סנו פרש הום נוזלי ירוק ארומטי,סנו מפעלי ברונוס בעמ,,מבשם אוויר פרש הום v,מיליליטרים,300.00,"100 מ""ל",false,,10.90,0.0363,true,1,2258936
7290108352412,false,"סנו - פרש הום מבשם לבית ולטקסטיל ורד אנגלי ועלים 300 מ""ל",מיוצר עי קונדיטוריית,,מבשם אוויר פרש הום e,מיליליטרים,300.00,"100 מ""ל",false,,10.90,0.0363,true,1,2258937
7290108352429,false,מטהר אוויר סנו פרש הום נוזלי כחול ארומטי,סנו מפעלי ברונוס בעמ,,מבשם אוויר פרש הום w,מיליליטרים,300.00,"100 מ""ל",false,,10.90,0.0363,true,1,2258938
7290108352450,false,ריצפז פרש הום בניחוח מרכך כביסה בלו בלוסום,החברה הדרומית לשיווק בעמ,,ריצפז פרש הום תרכיז,ליטרים,2.00,ליטר,false,,19.90,9.9500,true,1,2274127
7290108352474,false,"סנומוד מטהר אוויר ליידי קוקו סנו 150 מ""ל",החברה הדרומית לשיווק בעמ,,מטהר אויר סנומוד ליי,מיליליטרים,150.00,"100 מ""ל",false,,10.90,0.0727,true,1,2281837
7290108352481,false,מטהר אויר סנומוד נרסיסוס נטול גז 150,החברה הדרומית לשיווק בעמ,,מטהר אויר סנומוד נרס,מיליליטרים,150.00,"100 מ""ל",false,,10.90,0.0727,true,1,2281838
7290108352528,false,"מתז לחיטוי וניקוי חדר האמבטיה 99.9% 750 מ""ל",החברה הדרומית לשיווק בעמ,,מתז לחיטוי וניקוי חד,מיליליטרים,750.00,"100 מ""ל",false,,18.90,0.0252,true,1,2299245
7290108352535,false,דפי בישום לחים למייבש הכביסה בניחוח מרכך כביסה 20 יח' מקסימה,החברה הדרומית לשיווק בעמ,,דפי בישום למייבש כבי,יח',20.00,יח',false,,12.90,0.6450,true,1,2330081
7290108352573,false,מרכך כביסה סנו מקסימה בבישום עוצמתי 4 ליטר,החברה הדרומית לשיווק בעמ,,מרכך כביסה מקסימה CA,ליטרים,4.00,ליטר,false,,22.90,5.7250,true,1,2343807
7290108352641,false,סנו סושי מטלית הפלא לניקוי כללי במארז שלישייה,החברה הדרומית לשיווק בעמ,,שלישיית מטליות הפלא,יח',3.00,יח',false,,14.90,4.9667,true,1,1810585
7290108352689,false,כריות קרצוף ללכלוך קשה סנו סושי 9 יחידות,החברה הדרומית לשיווק בעמ,,כריות קרצוף לליכלוך,יח',9.00,יח',false,,9.90,1.1000,true,1,1467874
7290108352696,false,"סנו סושי- ניילון נצמד+ רחב במיוחד 45 ס""מ",החברה הדרומית לשיווק בעמ,,ניילון נצמד רחב במיו,מטרים,100.00,מטר,false,,30.90,0.3090,true,1,1985050
7290108352702,false,סנו סופט שלישיית מגבוני טואלט נשטפים בוב ספוג 48 יחידות,החברה הדרומית לשיווק בעמ,,מארז שלישייה מגבוני,יח',144.00,יח',false,,15.90,0.1104,true,1,1447673
7290108352788,false,סנו סושי שקיות זיפר לאוכל L 20 יחידות,החברה הדרומית לשיווק בעמ,,שקיות זיפר 20 יח' מי,יח',20.00,יח',false,,12.90,0.6450,true,1,2101382
7290108352795,false,שקיות זיפר 50 יח`במידה M סנו סושי,החברה הדרומית לשיווק בעמ,,שקיות זיפר 50 יח' מי,יח',50.00,יח',false,,12.90,0.2580,true,1,2101387
7290108352801,false,"שקיות אשפה לפחים קטנים 45 * 56 ס""מ סנו סושי 100 יחידות",החברה הדרומית לשיווק בעמ,,סושי שקיות אשפה 45*5,יח',100.00,יח',false,,19.90,0.1990,true,1,1950629
7290108352818,false,מטלית במבוק לניקוי דוחה ריחות רעים,החברה הדרומית לשיווק בעמ,,מטלית במבוק לניקוי ס,יח',1.00,יח',false,,8.90,8.9000,true,1,2101363
7290108352825,false,ספוג הפלא נירוסטה סנו סושי 3יח',החברה הדרומית לשיווק בעמ,,ספוג הפלא נירוסטה סנ,יח',3.00,יח',false,,9.90,3.3000,true,1,1985051
7290108352849,false,שלישיית מטליות הפלא לניקוי כללי דקור סנו סושי,החברה הדרומית לשיווק בעמ,,שלישיית מטליות הפלא,יח',3.00,יח',false,,14.90,4.9667,true,1,2258926
7290108352870,false,סנו סושי שקיות צלייה 10יח' מידה XL,החברה הדרומית לשיווק בעמ,,שקיות צליה סנו סושי,יח',10.00,יח',false,,7.90,0.7900,true,1,2050136
7290108352887,false,"זוג מפות שולחן עשויות מבד בלתי ארוג 180*120 ס""מ",החברה הדרומית לשיווק בעמ,,זוג מפות שולחן לבנות,יח',2.00,יח',false,,9.90,4.9500,true,1,2050124
7290108352894,false,סנו סושי מפת שולחן חגיגית,החב הדרומית לשיווק,,מפת שולחן חגיגית סנו,יח',1.00,יח',false,,7.90,7.9000,true,1,2101357
7290108352917,false,כפפות ניטריל כחולות 80 יח' S סנו סושי,החב. הדרומית לשיווק,,כפפות ניטריל כחולות,יח',80.00,יח',false,,28.90,0.3612,true,1,2111966
7290108352931,false,כפפות ניטריל כחולות 80 יח' L סנו סושי,החב. הדרומית לשיווק,,כפפות ניטריל כחולות,יח',80.00,יח',false,,28.90,0.3612,true,1,2111968
7290108352948,false,"סנו סושי 7 תבניות מאפינס אקסטרה חזקות 16*24 ס""מ",יויו טינואט,,7 תבניות מאפינס סנו,יח',7.00,יח',false,,14.90,2.1286,true,1,2111969
7290108352962,false,"סנו סושי 3 תבניות עמוקות אקסטרה חזקות 25*30 ס""מ",יויו טינואט,,3 תבניות עמוקות סנו,יח',3.00,יח',false,,14.90,4.9667,true,1,2111971
7290108352986,false,"3 תבניות XL אקסטרא חזקות 40*29ס""מ סנו",יויו טינואט,,3 תבניות XL סנו סושי,יח',3.00,יח',false,,14.90,4.9667,true,1,2111973
7290108352993,false,"סנו סושי 2 תבניות XL אקסטרא חזקות 43*31ס""מ",יויו טינואט,,2 תבניות XL עמוקות ס,יח',2.00,יח',false,,14.90,7.4500,true,1,2111974
7290108353006,false,סנו סושי - שקיות אוכל נקשרות 250 יחידות XL,החברה הדרומית לשיווק בעמ,,שקיות מזון נקשרות סנ,יח',250.00,יח',false,,12.90,0.0516,true,1,2196395
7290108353020,false,4 תבניות אפייה מנייר מלבנית גדולה סנו סו,החברה הדרומית לשיווק בעמ,,תבנית אפייה מלבנית מ,יח',4.00,יח',false,,11.90,2.9750,true,1,2222145
7290108353037,false,"תבניות אפיה עגולות מנייר קוטר 21 ס""מ",החברה הדרומית לשיווק בעמ,,תבנית אפייה עגולה מנ,יח',4.00,יח',false,,11.90,2.9750,true,1,2222146
7290108353068,false,ספוג הפלא נירוסטה עם סיבי קירצוף סנו סושי 2 יח',החברה הדרומית לשיווק בעמ,,כרית קירצוף עם סיבי,יח',2.00,יח',false,,9.90,4.9500,true,1,2222153
7290108353082,false,ממחטות אף בקופסה 2 שכבות סנו סופט 120 דף,החברה הדרומית לשיווק בעמ,,מגבוני אף סנו סופט ב,יח',120.00,יח',false,,6.90,0.0575,true,1,2222154
7290108353099,false,ממחטות אף במארז ניילון סנו סופט 5 יח' * 100 דף,החברה הדרומית לשיווק בעמ,,מארז חמישייה ממחטות,יח',500.00,יח',false,,11.90,0.0238,true,1,2231881
7290108353334,false,"כיף שמפו למניעת קשקשים עם שמן עץ התה ואסאי 700 מ""ל",החברה הדרומית לשיווק בעמ,,"שמפו כיף 700 מ""ל עם",מיליליטרים,700.00,"100 מ""ל",false,,14.90,0.0213,true,1,2227562
7290108353341,false,"מרכך למניעת קשקשים עם שמן עץ התה ואסאי 700 מ""ל כיף",החברה הדרומית לשיווק בעמ,,"מרכך כיף 700 מ""ל עם",מיליליטרים,700.00,"100 מ""ל",false,,14.90,0.0213,true,1,2227563
7290108353402,false,צמד מברשות שיניים עם סיבי פחם דקים במיוחד,יבואן ומשווק: ש. שסט,,צמד מברשות שיניים או,יח',2.00,יח',false,,14.90,7.4500,true,1,2242745
7290108353426,false,צמד מברשות שיניים לחניכיים ושיניים רגישות,יבואן ומשווק: ש. שסט,,צמד מברשות שיניים או,יח',2.00,יח',false,,14.90,7.4500,true,1,2242747
7290108353440,false,אורביטול מברשות שיניים נאנו לחניכיים 2יח,החברה הדרומית לשיווק בעמ,,מברשת שיניים NANO או,יח',2.00,יח',false,,29.90,14.9500,true,1,2315164
7290108353495,false,אורביטול - חוט דנטאלי 50 מטר בתוספת שעווה ופלואוריד,החב הדרומית לשיווק,,חוט דנטלי עם שעווה א,מטרים,50.00,מטר,false,,9.90,0.1980,true,1,2363148
7290108353501,false,"שקיות אשפה ענקיות עם ידיות ענקיות 75*90 ס""מ סנו סושי 25 יחידות",החברה הדרומית לשיווק בעמ,,סושי שקיות אשפה 75*9,יח',25.00,יח',false,,21.90,0.8760,true,1,2236527
7290108353518,false,"תבניות אלומיניום עם ידיות אחיזה 34*29 ס""מ",החברה הדרומית לשיווק בעמ,,2 תבניות אלומיניום ע,יח',2.00,יח',false,,9.90,4.9500,true,1,2231846
7290108353525,false,סנו סושי - תבניות אלומיניום עם ידיות אחיזה,החברה הדרומית לשיווק בעמ,,4 תבניות אלומיניום ע,יח',4.00,יח',false,,9.90,2.4750,true,1,2231847
7290108353549,false,נייר אפיה 100 דפים סנו סושי,החברה הדרומית לשיווק בעמ,,נייר אפיה סנו סושי 1,יח',100.00,יח',false,,19.90,0.1990,true,1,2236529
7290108353563,false,צלחות מקנה סוכר טבעי סנו סושי - 10'' *25,החברה הדרומית לשיווק בעמ,,צלחות מקנה סוכר טבעי,יח',25.00,יח',false,,19.90,0.7960,true,1,2259121
7290108353570,false,צלחות מקנה סוכר(קטן)25 יח סנו סושי,החברה הדרומית לשיווק בעמ,,צלחות מקנה סוכר טבעי,יח',25.00,יח',false,,9.90,0.3960,true,1,2259122
7290108353587,false,"קעריות מעוטרות מקנה סוכר בקוטר 15 ס""מ",החברה הדרומית לשיווק בעמ,,קעריות מקנה סוכר טבע,יח',25.00,יח',false,,13.90,0.5560,true,1,2259123
7290108353594,false,סלטייה אובלית מקנה סוכר 25 יח סנו סושי,החברה הדרומית לשיווק בעמ,,צלוחיות מקנה סוכר טב,יח',25.00,יח',false,,9.90,0.3960,true,1,2259124
7290108353655,false,"סנו סושי - 50 מפיות אירוח איכותיות גדולות ועבות 3 שכבות לבנות """,החברה הדרומית לשיווק בעמ,,מפיות אירוח סנו סושי,יח',50.00,יח',false,,9.90,0.1980,true,1,2236550
7290108353679,false,מפות ניילוון שקופות סנו סושי 10 יח,החברה הדרומית לשיווק בעמ,,מפות ניילון שקופות 1,יח',10.00,יח',false,,14.90,1.4900,true,1,2252258
7290108353686,false,מטלית חלומית לרצפה סנו סושי 1 יחידה,החברה הדרומית לשיווק בעמ,,מטלית חלומית לרצפה ס,יח',1.00,יח',false,,16.90,16.9000,true,1,2258920
7290108353693,false,"צלחות מעוטרות מקנה סוכר בקוטר 19 ס""מ",החברה הדרומית לשיווק בעמ,,צלחות מקנה סוכר טבעי,יח',25.00,יח',false,,14.90,0.5960,true,1,2259125
7290108353747,false,"תחליב רחצה אירוודה, בניחוח טונקה 600 מ""ל קרימה",החברה הדרומית לשיווק בעמ,,תחליב רחצה קרמה אירו,מיליליטרים,600.00,"100 מ""ל",false,,17.90,0.0298,true,1,2363134
7290108353754,false,"קרם גוף קרמה אשכולית ולמון גראס 500 מ""ל",החב הדרומית לשיווק,,קרם גוף קרמה אשכולית,מיליליטרים,500.00,"100 מ""ל",false,,24.90,0.0498,true,1,2267810
7290108353761,false,"תחליב רחצה זן, בניחוח קשמיר 600 מ""ל קרימה",החברה הדרומית לשיווק בעמ,,תחליב רחצה קרמה זן 6,מיליליטרים,600.00,"100 מ""ל",false,,17.90,0.0298,true,1,2363135
7290108353778,false,"נקה 7 - תחליב רחצה שוודיה בניחוח פיטנגו 750 מ""ל",החברה הדרומית לשיווק בעמ,,תחליב רחצה נקה 7 שוו,מיליליטרים,750.00,"100 מ""ל",false,,12.90,0.0172,true,1,2267804
7290108353785,false,תחליב רחצה נקה 7 מרוקו בניחוח טונקה 750,החברה הדרומית לשיווק בעמ,,תחליב רחצה נקה 7 מרו,מיליליטרים,750.00,"100 מ""ל",false,,12.90,0.0172,true,1,2271223
7290108353792,false,"נקה 7 - תחליב רחצה יפן בניחוח פריחת הדובדבן 750 מ""ל",החברה הדרומית לשיווק בעמ,,תחליב רחצה נקה 7 פרי,מיליליטרים,750.00,"100 מ""ל",false,,12.90,0.0172,true,1,2267799
7290108353808,false,"תחליב רחצה מדגסקר נקה 7 בניחוח אמבר 750 מ""ל",החברה הדרומית לשיווק בעמ,,תחליב רחצה נקה 7 מדג,מיליליטרים,750.00,"100 מ""ל",false,,12.90,0.0172,true,1,2267805
7290108353846,false,סושי כפפות ניטריל שחורות 80 יחידות L,החברה הדרומית לשיווק בעמ,,כפפות ניטריל שחורות,יח',80.00,יח',false,,28.90,0.3612,true,1,2348843
7290108353891,false,"קרמה - דאודורנט רול און לאישה קרמה מאסק 75 מ""ל",החברה הדרומית לשיווק בעמ,,דאודרנט קרמה רול און,מיליליטרים,75.00,"100 מ""ל",false,,12.90,0.1720,true,1,2258905
7290108353983,false,"קרמה - קרם גוף קרמה קלאסי 500 מ""ל",החברה הדרומית לשיווק בעמ,,קרם גוף קרמה קלאסי,מיליליטרים,500.00,"100 מ""ל",false,,24.90,0.0498,true,1,2268867
7290108353990,false,"קרמה - קרם גוף קרמה מאסק 500 מ""ל",החברה הדרומית לשיווק בעמ,,קרם גוף קרמה מאסק,מיליליטרים,500.00,"100 מ""ל",false,,24.90,0.0498,true,1,2268868
7290108354034,false,"סבון ידיים קרמה חמאת שיאה וקוקוי 300 מ""ל",החברה הדרומית לשיווק בעמ,,סבון ידיים קרמה חמאת,מיליליטרים,300.00,"100 מ""ל",false,,9.90,0.0330,true,1,2259089
7290108354065,false,קרמה מן גל רחצה פילינג 700 מל לגבר,החברה הדרומית לשיווק בעמ,,קרמה מן ג'ל רחצה פיל,מיליליטרים,700.00,"100 מ""ל",false,,18.90,0.0270,true,1,2335602
7290108354157,false,קרליין - נושם מגבוני דיאורדורנט סאן רייס כתום,החב הדרומית לשיווק,,מגבוני דאודורנט סאנר,יח',20.00,יח',false,,9.90,0.4950,true,1,2259116
7290108354355,false,סנו מגבוני היגיינים לניקוי הידיים 70 % אלכוהול 20 יח',החברה הדרומית לשיווק בעמ,,מגבונים הגיינים לחיט,יח',20.00,יח',false,,9.90,0.4950,true,1,2266416
7290108354362,false,אל סבון היגניי לידיים בתוספת אלוורה,החברה הדרומית לשיווק בעמ,,אל סבון הגייני לידיי,מיליליטרים,500.00,"100 מ""ל",false,,9.90,0.0198,true,1,2277012
7290108354416,false,"תחליב רחצה יוגה, בניחוח ברגמוט 600מ""ל קרימה",החברה הדרומית לשיווק בעמ,,תחליב רחצה קרמה יוגה,מיליליטרים,600.00,"100 מ""ל",false,,17.90,0.0298,true,1,2363136
7290108354430,false,"כיף שמפו לשיקום והזנה,שמן קוקוס וקרטין 700 מ""ל",החברה הדרומית לשיווק בעמ,,שמפו כיף שמן קוקוס ו,מיליליטרים,700.00,"100 מ""ל",false,,14.90,0.0213,true,1,2284659
7290108354447,false,"כיף מרכך לשיקום והזנה שמן קוקוס וקרטין 700 מ""ל",החברה הדרומית לשיווק בעמ,,מרכך כיף שמן קוקוס ו,מיליליטרים,700.00,"100 מ""ל",false,,14.90,0.0213,true,1,2284660
7290108354591,false,"תחליב רחצה בניחוח מי קקטוס ושמן באבאסו 750 מ""ל נקה 7",החברה הדרומית לשיווק בעמ,,תחליב רחצה נקה 7 ביו,מיליליטרים,750.00,"100 מ""ל",false,,11.90,0.0159,true,1,2351572
7290108354614,false,"מרכך בניחוח מי קקטוס ושמן באבאסו 750 מ""ל נקה 7",החברה הדרומית לשיווק בעמ,,נקה 7 מרכך ביו 750 מ,מיליליטרים,750.00,"100 מ""ל",false,,11.90,0.0159,true,1,2351574
7290108354706,false,"קרמה - תחליב רחצה מאסק 500 מ""ל",החברה הדרומית לשיווק בעמ,,תחליב רחצה קרמה מאסק,מיליליטרים,500.00,"100 מ""ל",false,,16.90,0.0338,true,1,2317600
7290108354713,false,"קרמה - תחליב רחצה קלאסי 500 מ""ל",החברה הדרומית לשיווק בעמ,,תחליב רחצה קרמה קלאס,מיליליטרים,500.00,"100 מ""ל",false,,16.90,0.0338,true,1,2317601
7290108354751,false,"סנו - ג'ט מרסס לניקוי כללי בתוספת אבקת סודה 750 מ""ל",החברה הדרומית לשיווק בעמ,,מתז לניקוי כללי ג'ט+,מיליליטרים,750.00,"100 מ""ל",false,,19.90,0.0265,true,1,2063584
7290108354782,false,"קרם גוף קרמה ג'ינג'ר ולמון גראס 500 מ""ל",החב הדרומית לשיווק,,קרם גוף קרמה ג'ינג'ר,מיליליטרים,500.00,"100 מ""ל",false,,24.90,0.0498,true,1,2267811
7290108354829,false,"קרם ידיים קרמה ורד וניל 100 מ""ל מ""ל",החברה הדרומית לשיווק בעמ,,קרם ידיים קרמה ורד ו,מיליליטרים,100.00,"100 מ""ל",false,,8.90,0.0890,true,1,2267597
7290108354836,false,קרם ידיים מרוכז לידיים יבשות מאוד בבישום עדין,החברה הדרומית לשיווק בעמ,,קרם ידיים קרמה מרוכז,מיליליטרים,50.00,"100 מ""ל",false,,15.90,0.3180,true,1,2277879
7290108354850,false,"דאורדוראנט רול און קרמה בריזת ים 75 מ""ל",החברה הדרומית לשיווק בעמ,,דאודרנט קרמה רול און,מיליליטרים,75.00,"100 מ""ל",false,,12.90,0.1720,true,1,2258895
7290108354911,false,"שמפו, ג'ל רחצה וגילוח מועשר בתמצית אלוורה",החברה הדרומית לשיווק בעמ,,קרמה מן 3 ב-1 שמפו/ג,מיליליטרים,700.00,"100 מ""ל",false,,18.90,0.0270,true,1,2248981
7290108354980,false,קרם ידיים מרוכז לידיים יבשות מאוד ללא בישום,החברה הדרומית לשיווק בעמ,,קרם ידיים קרמה מרוכז,מיליליטרים,50.00,"100 מ""ל",false,,15.90,0.3180,true,1,2277880
7290108355000,false,שמפו לילדים מיניונים נקה 7 (750 מל),החברה הדרומית לשיווק בעמ,,שמפו נקה 7 קידס מיני,מיליליטרים,750.00,"100 מ""ל",false,,14.90,0.0199,true,1,1437410
7290108355017,false,מרכך לילדים מיניונים נקה 7 (750 מל),החברה הדרומית לשיווק בעמ,,מרכך נקה 7 קידס מיני,מיליליטרים,750.00,"100 מ""ל",false,,14.90,0.0199,true,1,1437411
7290108355024,false,"נקה 7 שמפו ומרכך לילדים מיניונים 750 מ""ל",החברה הדרומית לשיווק בעמ,,שמפו+מרכך נקה 7 קידס,מיליליטרים,750.00,"100 מ""ל",false,,14.90,0.0199,true,1,1437412
7290108355031,false,"נקה 7 אל סבון לילדים מיניונים 750 מ""ל",החברה הדרומית לשיווק בעמ,,אל סבון נקה 7 קידס מ,מיליליטרים,750.00,"100 מ""ל",false,,14.90,0.0199,true,1,1437413
7290108355079,false,לחו.לשיער מקצועי קוקוס נטורל פורמולה 400,החברה הדרומית לשיווק בעמ,,לחות לשיער עם קוקוס,מיליליטרים,400.00,"100 מ""ל",false,,29.90,0.0747,true,1,1752982
7290108355123,false,בייבי כיף קרם גוף לפני השינה 500 מל,החברה הדרומית,,קרם גוף בייבי כיף לפ,מיליליטרים,500.00,"100 מ""ל",false,,24.90,0.0498,true,1,2050110
7290108355147,false,תחליב רחצה שמנהי הזנה נקה (7507 מל),טרופיקל דגיל תעשיות קוסמ,,תחליב רחצה נקה 7 שמנ,מיליליטרים,750.00,"100 מ""ל",false,,12.90,0.0172,true,1,1949270
7290108355154,false,נקה 7 שמפו לשיער שמני הזנה 750 מל,החברה הדרומית לשיווק בעמ,,נקה 7 שמפו שמני הזנה,מיליליטרים,750.00,"100 מ""ל",false,,11.90,0.0159,true,1,1949271
7290108355161,false,"מרכך שיער שמני הזנה 750 מ""ל נקה 7",החברה הדרומית לשיווק בעמ,,מרכך שיער נקה 7 שמני,מיליליטרים,750.00,"100 מ""ל",false,,11.90,0.0159,true,1,1949272
7290108355178,false,"קרמה - קרם ידיים חמאת שיאה וקוקוי 100 מ""ל",החברה הדרומית לשיווק בעמ,,קרם ידיים קרמה חמאת,מיליליטרים,100.00,"100 מ""ל",false,,8.90,0.0890,true,1,2267788
7290108355185,false,"נטורל מסיכת קרטין אינטנס למניעת קשקשים 350 מ""ל",החברה הדרומית לשיווק בעמ,,מסיכה לשיער קרטין אי,מיליליטרים,350.00,"100 מ""ל",false,,39.90,0.1140,true,1,1876170
7290108355192,false,"מרכך קרטין אינטנס למניעת קשקשים נטורל פורמולה 400 מ""ל",החברה הדרומית לשיווק בעמ,,מרכך קרטין אינטנס למ,מיליליטרים,400.00,"100 מ""ל",false,,29.90,0.0747,true,1,1876171
7290108355208,false,"שמפו קרטין אינטנס למניעת קשקשים נטורל 400 מ""ל",החברה הדרומית לשיווק בעמ,,שמפו קרטין אינטנס למ,מיליליטרים,400.00,"100 מ""ל",false,,29.90,0.0747,true,1,1876172
7290108355215,false,נ.פורמולה קרטין אינטנס מסכה לשיער +משאבה,החב הדרומית לשיווק,,מסיכה לשיער קרטין אי,מיליליטרים,450.00,"100 מ""ל",false,,49.90,0.1109,true,1,1876179
7290108355253,false,ג'ל רחצה לגבר אקסטרה פרש 800 גם נקה 7 men,"אמיליה קוסמטיקס בע""מ",,נקה 7 ג'ל רחצה לגבר,מיליליטרים,750.00,"100 מ""ל",false,,11.90,0.0159,true,1,2049559
7290108355260,false,"נקה 7-שמפו 3ב1 שמפו ג'ל רחצה וסבון פנים לגבר 750 מ""ל",החברה הדרומית לשיווק בעמ,,נקה 7 שמפו+ג'ל רחצה+,מיליליטרים,750.00,"100 מ""ל",false,,11.90,0.0159,true,1,2049560
7290108355277,false,"נקה 7 - שמפו ומרכך לגבר 2 ב-1 750 מ""ל",החברה הדרומית לשיווק בעמ,,נקה 7 שמפו 2 ב-1 לגב,מיליליטרים,750.00,"100 מ""ל",false,,11.90,0.0159,true,1,2049561
7290108355291,false,"קרם לשיער נקה 7 להתרת קשרים 750 מ""ל",החברה הדרומית לשיווק בעמ,,קרם להתרת קשרים נקה,מיליליטרים,350.00,"100 מ""ל",false,,15.90,0.0454,true,1,2196398
7290108355307,false,"נקה 7 - שמפו סירוק קל רוזמרין 750 מ""ל",החברה הדרומית לשיווק בעמ,,נקה 7 שמפו לשיער רגי,מיליליטרים,750.00,"100 מ""ל",false,,11.90,0.0159,true,1,2196399
7290108355314,false,מרכך לסירוק קל בתוספת רוזמרין,החברה הדרומית לשיווק בעמ,,מרכך שיער נקה 7 לשיע,מיליליטרים,750.00,"100 מ""ל",false,,11.90,0.0159,true,1,2196400
7290108355451,false,"קרמה - דאודורנט רול און לאישה קרמה ורד ווניל 75 מ""ל",החב הדרומית לשיווק,,דאודרנט קרמה רול און,מיליליטרים,75.00,"100 מ""ל",false,,12.90,0.1720,true,1,2258896
7290108355482,false,"קרמה - דאודורנט רול און לאישה קרמה לבנדר ואקליפטוס 75 מ""ל",החברה הדרומית לשיווק בעמ,,דאודרנט קרמה רול און,מיליליטרים,75.00,"100 מ""ל",false,,12.90,0.1720,true,1,2258899
7290108355536,false,"קרמה - דאודורנט ספריי לאישה קרמה ורד וניל 150 מ""ל",החברה הדרומית לשיווק בעמ,,דאודורנט קרמה ספריי,מיליליטרים,150.00,"100 מ""ל",false,,12.90,0.0860,true,1,2314832
7290108355598,false,מרכך פיור אסנס רגיל600,קוסמופארם,,מרכך פיור אסנס לשיער,מיליליטרים,600.00,"100 מ""ל",false,,14.90,0.0248,true,1,2222188
7290108355727,false,"קרליין קרם גוף מבושם PURE LOVE שפופרת 250 מ""ל",החברה הדרומית,,"קרם גוף מבושם 250 מ""",מיליליטרים,250.00,"100 מ""ל",false,,24.90,0.0996,true,1,2252313
7290108355734,false,"קרליין - קרם גוף מבושם סטולן קיס 250 מ""ל",החברה הדרומית,,"קרם גוף מבושם 250 מ""",מיליליטרים,250.00,"100 מ""ל",false,,24.90,0.0996,true,1,2252314
7290108355802,false,"תחליב רחצה קרמה ורד ווניל 700 מ""ל",החברה הדרומית לשיווק בעמ,,תחליב רחצה קרמה ורד,מיליליטרים,700.00,"100 מ""ל",false,,19.90,0.0284,true,1,2258914
7290108356007,false,"כיף תחליב רחצה בניחות גלידת מרשמ""לו 700 מ""ל",החב. הדרומית לשיווק,,תחליב רחצה כיף בניחו,מיליליטרים,700.00,"100 מ""ל",false,,12.90,0.0184,true,1,2101364
7290108356021,false,כיף תחליב רחצה בניחוח גלידת קרם עוגיות,החברה הדרומית לשיווק בעמ,,תחליב רחצה כיף בניחו,מיליליטרים,700.00,"100 מ""ל",false,,12.90,0.0184,true,1,2101365
7290108356045,false,"כיף תחליב רחצה בניחוח גלידת סוכריות ג'לי 700 מ""ל",החברה הדרומית לשיווק בעמ,,תחליב רחצה כיף בניחו,מיליליטרים,700.00,"100 מ""ל",false,,12.90,0.0184,true,1,2101367
7290108356106,false,כיף תחליב רחצה חלב שקדים 700 מל,החברה הדרומית לשיווק בעמ,,תחליב רחצה כיף שקד 7,מיליליטרים,700.00,"100 מ""ל",false,,12.90,0.0184,true,1,2057136
7290108356113,false,תחליב רחצה כיף ניחוח דבש 700 מל,החברה הדרומית לשיווק בעמ,,תחליב רחצה כיף דבש 7,מיליליטרים,700.00,"100 מ""ל",false,,12.90,0.0184,true,1,2057137
7290108356120,false,תחליב רחצה כיף ניחוח קוקוס וניל700 מל,החברה הדרומית לשיווק בעמ,,תחליב רחצה כיף קוקוס,מיליליטרים,700.00,"100 מ""ל",false,,12.90,0.0184,true,1,2057138
7290108356137,false,תחליב רחצה כיף ניחוח לבנדר 700 מל,החברה הדרומית לשיווק בעמ,,תחליב רחצה כיף לבנדר,מיליליטרים,700.00,"100 מ""ל",false,,12.90,0.0184,true,1,2057139
7290108356151,false,תחליב רחצה כיף ניחוחמאסק יסמין 700 מל,החברה הדרומית לשיווק בעמ,,תחליב רחצה כיף מאסק,מיליליטרים,700.00,"100 מ""ל",false,,12.90,0.0184,true,1,2057140
7290108356168,false,תחליב רחצה כיף ניחוח אוקיינס700 מל,החברה הדרומית לשיווק בעמ,,תחליב רחצה כיף אוקיי,מיליליטרים,700.00,"100 מ""ל",false,,12.90,0.0184,true,1,2057141
7290108356274,false,"כיף - מוס רחצה בניחוח תותים ושמנת 150 מ""ל",החברה הדרומית לשיווק בעמ,,מוס רחצה כיף בניחוח,מיליליטרים,150.00,"100 מ""ל",false,,12.90,0.0860,true,1,2330082
7290108356298,false,"כיף - מוס רחצה בניחוח קרם עוגיות 150 מ""ל",החברה הדרומית לשיווק בעמ,,מוס רחצה כיף בניחוח,מיליליטרים,150.00,"100 מ""ל",false,,12.90,0.0860,true,1,2330083
7290108356359,false,"קרמה - מן קרם לחות לגוף לאחר גילוח 400 מ""ל",החברה הדרומית לשיווק בעמ,,קרם לחות לגוף לאחר ג,מיליליטרים,400.00,"100 מ""ל",false,,24.90,0.0622,true,1,2248982
7290108356489,false,"כיף - תחליב רחצה אפרסק וחמאת מורומורו 700 מ""ל",החברה הדרומית לשיווק בעמ,,תחליב רחצה כיף אפרסק,מיליליטרים,700.00,"100 מ""ל",false,,14.90,0.0213,true,1,2343808
7290108356519,false,קרליין שמפו 10למניעת קשקשים 700מל,החברה הדרומית לשיווק בעמ,,שמפו קרליין 10 לשיער,מיליליטרים,700.00,"100 מ""ל",false,,14.90,0.0213,true,1,2335609
7290108356526,false,"קרליין - שמפו 10 לשיער יבש 700 מ""ל",החברה הדרומית לשיווק בעמ,,שמפו קרליין 10 לשיער,מיליליטרים,700.00,"100 מ""ל",false,,14.90,0.0213,true,1,2335610
7290108356533,false,קרוליין 10 שמפו לשיער מתולתל 700 מל,החברה הדרומית לשיווק בעמ,,שמפו קרליין 10 לשיער,מיליליטרים,700.00,"100 מ""ל",false,,14.90,0.0213,true,1,2335611
7290108356557,false,"שמפו 10 לשיער למניעת קשקשים 700 מ""ל קרליין",החברה הדרומית לשיווק בעמ,,שמפו קרליין 10 למניע,מיליליטרים,700.00,"100 מ""ל",false,,14.90,0.0213,true,1,2335613
7290108356564,false,"קרליין - מרכך 10 לשיער רגיל 700 מ""ל",החברה הדרומית לשיווק בעמ,,מרכך קרליין 10 לשיער,מיליליטרים,700.00,"100 מ""ל",false,,14.90,0.0213,true,1,2335614
7290108356571,false,"קרליין - מרכך 10 לשיער יבש 700 מ""ל",החברה הדרומית לשיווק בעמ,,מרכך קרליין 10 לשיער,מיליליטרים,700.00,"100 מ""ל",false,,14.90,0.0213,true,1,2335615
7290108356595,false,קרוליין 10 מרכך לשיער צבוע 700 מל,החברה הדרומית לשיווק בעמ,,מרכך קרליין 10 לשיער,מיליליטרים,700.00,"100 מ""ל",false,,14.90,0.0213,true,1,2335617
7290108356809,false,סבון בוטני ורד ומרווה לניקוי וטיפוח הידיים טבעוני 1 ל' כיף,החברה הדרומית לשיווק בעמ,,אל סבון כיף + משאבה,ליטרים,1.00,ליטר,false,,14.90,14.9000,true,1,2363128
7290108356816,false,"סבון בוטני גרניום ופטצ'ולי לניקוי וטיפוח הידיים, טבעוני 1 ל' כיף",החברה הדרומית לשיווק בעמ,,אל סבון כיף + משאבה,ליטרים,1.00,ליטר,false,,14.90,14.9000,true,1,2363129
7290108356854,false,מגבונים לחים בניחוח עדין - 5 יחידות במארז,החברה הדרומית לשיווק בעמ,,מגבונים לחים חמישייה,יח',320.00,יח',false,,19.90,0.0622,true,1,2298239
7290108356861,false,מגבוני בייבי כיף ללא בישום מארז חמישייה,החברה הדרומית לשיווק בעמ,,מגבונים לחים חמישייה,יח',320.00,יח',false,,19.90,0.0622,true,1,2298240
7290108357004,false,כיף שמפו ורד ושמן קוקוי לרכות וברק,החברה הדרומית לשיווק בעמ,,"שמפו כיף 700 מ""ל ורד",מיליליטרים,700.00,"100 מ""ל",false,,14.90,0.0213,true,1,2231887
7290108357011,false,כיף קונדישינר לשיער שמן קוקוי 700 מל,החברה הדרומית לשיווק בעמ,,"מרכך כיף 700 מ""ל ורד",מיליליטרים,700.00,"100 מ""ל",false,,14.90,0.0213,true,1,2231888
7290108357042,false,"קרליין - נושם ביו דאודורנט רול און 75 מ""ל Citrus Blossoms לאישה",החברה הדרומית לשיווק בעמ,,דאודורנט רול און נו,מיליליטרים,75.00,"100 מ""ל",false,,12.90,0.1720,true,1,2344096
7290108357059,false,"קרליין - נושם ביו דאודורנט רול און 75 מ""ל Secret Garden לאישה",החברה הדרומית לשיווק בעמ,,דאודורנט רול און נו,מיליליטרים,75.00,"100 מ""ל",false,,12.90,0.1720,true,1,2344097
7290108357073,false,"קרליין - נושם ביו דאודורנט ספריי 150 מ""ל Blossoms Citrus לאישה",החברה הדרומית לשיווק בעמ,,דאודורנט ספריי נושם,מיליליטרים,150.00,"100 מ""ל",false,,12.90,0.0860,true,1,2344098
7290108357080,false,"קרליין - נושם ביו דאודורנט ספריי 150 מ""ל Secret Garden לאישה",החברה הדרומית לשיווק בעמ,,דאודורנט ספריי נושם,מיליליטרים,150.00,"100 מ""ל",false,,12.90,0.0860,true,1,2344099
7290108357097,false,"קרליין - נושם ביו דאודורנט ספריי 150 מ""ל Velvet Rose לאישה",החברה הדרומית לשיווק בעמ,,דאודורנט ספריי נושם,מיליליטרים,150.00,"100 מ""ל",false,,12.90,0.0860,true,1,2344100
7290108357189,false,"מבשם ומרכך למייבש הכביסה מקסימה פלורל 750 מ""ל סנו",החברה הדרומית לשיווק בעמ,,מרסס למייבש כביסה סנ,מיליליטרים,750.00,"100 מ""ל",false,,17.90,0.0239,true,1,2232739
7290108357196,false,"ג'ט פלוס לניקוי כללי בתוספת תמצית עץ התה 750 מ""ל סנו",החברה הדרומית לשיווק בעמ,,מתז לניקוי כללי ג'ט+,מיליליטרים,750.00,"100 מ""ל",false,,19.90,0.0265,true,1,2304070
7290108357202,false,סנוקליר לניקוי בניחוח בלו בלוסום 1 ליטר,החברה הדרומית לשיווק בעמ,,סנוקליר רב תכליתי בנ,ליטרים,1.00,ליטר,false,,12.90,12.9000,true,1,2281843
7290108357226,false,"אוקסיגן POWER אבקה לכביסה לבנה והסרת כתמים 1.4 ק""ג סנו",החברה הדרומית לשיווק בעמ,,אוקסיג'ן מסיר כתמים,גרמים,1400.00,100 גרם,false,,29.90,0.0214,true,1,2337609
7290108357233,false,סנו קליר מטליות לחות לניקוי והברקה 50 יח,החברה הדרומית לשיווק בעמ,,מטליות לחות לניקוי ו,יח',50.00,יח',false,,10.90,0.2180,true,1,2335603
7290108357271,false,סנובון ג'ל לניקוי אסלות עם חמצן פעיל לניקוי עוצמתי,החברה הדרומית לשיווק בעמ,,סנובון נוזלי עם כח ה,מיליליטרים,750.00,"100 מ""ל",false,,11.90,0.0159,true,1,2353134
7290108357288,false,אקונומיקה ז'אוול בניחוח פריחה לבנה 4 ל' סנו,החברה הדרומית לשיווק בעמ,,אקונומיקה סנו ז'אוול,ליטרים,4.00,ליטר,false,,16.90,4.2250,true,1,2335604
7290108357295,false,"מרסס אוקסיג'ן מסיר כתמים סנו לכביסה לבנה 750 מ""ל",החברה הדרומית לשיווק בעמ,,מרסס כביסה מסיר כתמי,מיליליטרים,750.00,"100 מ""ל",false,,17.90,0.0239,true,1,2352980
7290108357301,false,"סנו - K300 קוטל חרקים תיקנים ונמלים 300 מ""ל",החברה הדרומית לשיווק בעמ,,K-300 קוטל חרקים מיי,מיליליטרים,300.00,"100 מ""ל",false,,14.90,0.0497,true,1,2348846
7290108357394,false,"תחליב רחצה וניל ופלפל ורוד קרמה 700מ""ל",החברה הדרומית לשיווק בעמ,,תחליב רחצה קרמה חלב,מיליליטרים,700.00,"100 מ""ל",false,,19.90,0.0284,true,1,2284457
7290108357400,false,"תחליב רחצה קרמה לבנדר ואקליפטוס 700 מ""ל",החברה הדרומית לשיווק בעמ,,תחליב רחצה קרמה לבנד,מיליליטרים,700.00,"100 מ""ל",false,,19.90,0.0284,true,1,2258915
7290108357448,false,"קרמה - קרם גוף קרמה לבנדר ואקליפטוס 500 מ""ל",החברה הדרומית לשיווק בעמ,,קרם גוף קרמה לבנדר ו,מיליליטרים,500.00,"100 מ""ל",false,,24.90,0.0498,true,1,2267817
7290108357493,false,"תחליב רחצה קרמה וניל ופלפל ורוד 700 מ""ל",החברה הדרומית לשיווק בעמ,,תחליב רחצה קרמה וניל,מיליליטרים,700.00,"100 מ""ל",false,,19.90,0.0284,true,1,2284458
7290108357578,false,"קרם ידיים קרמה וניל ופלפל ורוד 100מ""ל",החב הדרומית לשיווק,,קרם ידיים קרמה וניל,מיליליטרים,100.00,"100 מ""ל",false,,8.90,0.0890,true,1,2317603
7290108357653,false,סנובון ג'ל לאסלה שלישיה בניחוח אוקיינוס,החברה הדרומית לשיווק בעמ,,שלישייה סנובון מוצק,יח',3.00,יח',false,,19.90,6.6333,true,1,2364203
7290108357660,false,סנובון Bubbles שלישיית כדוריות ג'ל אסלה ניחוח לבנדר,החברה הדרומית לשיווק בעמ,,שלישייה סנובון מוצק,יח',3.00,יח',false,,19.90,6.6333,true,1,2364204
7290108357707,false,"כיף שמפו לשיער רגיל- תפוח זרעי צ'יה 700 מ""ל",החברה הדרומית לשיווק בעמ,,"שמפו כיף 700 מ""ל תפו",מיליליטרים,700.00,"100 מ""ל",false,,14.90,0.0213,true,1,2102763
7290108357714,false,"כיף שמפו לשיער יבש -רימונים ושמן ארגן 700 מ""ל",החברה הדרומית לשיווק בעמ,,"שמפו כיף 700 מ""ל רימ",מיליליטרים,700.00,"100 מ""ל",false,,14.90,0.0213,true,1,2102764
7290108357769,false,"מרכך לשיער רגיל תפוח וזרעי צ'יה 700 מ""ל כיף",החברה הדרומית לשיווק בעמ,,"מרכך כיף 700 מ""ל תפו",מיליליטרים,700.00,"100 מ""ל",false,,14.90,0.0213,true,1,2102765
7290108357783,false,"כיף מרכך לשיער דק ושביר גוג'י ברי ומורינגה 700 מ""ל",החברה הדרומית לשיווק בעמ,,"מרכך כיף 700 מ""ל גוג",מיליליטרים,700.00,"100 מ""ל",false,,14.90,0.0213,true,1,2102778
7290108357837,false,כיף אל סבון 1 ליטר ג'נסינג שקית מילוי + פקק,החברה הדרומית לשיווק בעמ,,אל סבון כיף שקית מי,ליטרים,1.00,ליטר,false,,9.90,9.9000,true,1,2347811
7290108357844,false,כיף אל סבון 1 ליטר אצות ים שקית מילוי + פקק,החברה הדרומית לשיווק בעמ,,אל סבון כיף שקית מי,ליטרים,1.00,ליטר,false,,9.90,9.9000,true,1,2347812
7290108357851,false,"כיף - ג'ל רחצה אליקסיר אוילס מועשר בשמן קוקוס 700 מ""ל",החברה הדרומית לשיווק בעמ,,תחליב רחצה כיף ELIXI,מיליליטרים,700.00,"100 מ""ל",false,,12.90,0.0184,true,1,2330892
7290108357882,false,"כיף - מרכך לחות מוגברת עם אפרסק וחמאת מורומורו 700 מ""ל",החברה הדרומית לשיווק בעמ,,מרכך כיף לחות מוגברת,מיליליטרים,700.00,"100 מ""ל",false,,14.90,0.0213,true,1,2343810
7290108358070,false,"תחליב רחצה קלאסי קרמה 700מ""ל.",החברה הדרומית לשיווק בעמ,,תחליב רחצה קרמה קלאס,מיליליטרים,700.00,"100 מ""ל",false,,19.90,0.0284,true,1,2268999
7290108358087,false,"תחליב רחצה מאסק קרמה 700מ""ל.",החברה הדרומית לשיווק בעמ,,תחליב רחצה קרמה מאסק,מיליליטרים,700.00,"100 מ""ל",false,,19.90,0.0284,true,1,2269000
7290108358094,false,"קרמה - תחליב רחצה חמאת שיאה וקוקוי 500 מ""ל",החברה הדרומית לשיווק בעמ,,תחליב רחצה קרמה שיאה,מיליליטרים,500.00,"100 מ""ל",false,,16.90,0.0338,true,1,2317604
7290108358100,false,"פרש הום מקלות ריחניים לבית בניחוח בייבי 100 מ""ל",החברה הדרומית לשיווק בעמ,,מקלות ריחניים לבית ב,מיליליטרים,100.00,"100 מ""ל",false,,24.90,0.2490,true,1,2337603
7290108358117,false,"פרש הום מקלות ריחניים לבית בניחוח כביסה רעננה 100 מ""ל",החברה הדרומית לשיווק בעמ,,מקלות ריחניים לבית פ,מיליליטרים,100.00,"100 מ""ל",false,,24.90,0.2490,true,1,2337604
7290108359015,false,סושי שקיות זיפר עם סליידר 20 יח מדיום,החברה הדרומית לשיווק בעמ,,שקיות זיפר סליידר M,יח',20.00,יח',false,,14.90,0.7450,true,1,2334590
7290108359060,false,סנו סושי כריות הפלא רב תכלתיות *4 לשבת,החברה הדרומית לשיווק בעמ,,כריות ניקוי לשבת סנו,יח',4.00,יח',false,,12.90,3.2250,true,1,2318779
7290108359077,false,סנו - סופט לושן ממחטות אף בקופסא 3 שכבות 120 יח',החברה הדרומית לשיווק בעמ,,ממחטות סנו סופט לושן,יח',120.00,יח',false,,9.90,0.0825,true,1,2334595
7290108359084,false,סנו סושי כיסוי ניילון עם גומי 30 יחידות M,החברה הדרומית לשיווק בעמ,,כיסוי ניילון עם גומי,יח',30.00,יח',false,,9.90,0.3300,true,1,2363142
7290108359091,false,סנו סושי כיסוי ניילון עם גומי 30 יחידות L,החברה הדרומית לשיווק בעמ,,כיסוי ניילון עם גומי,יח',30.00,יח',false,,9.90,0.3300,true,1,2363143
7290108359114,false,סנו סושי – 10 חמגשית אלומיניום עם מכסה,החברה הדרומית לשיווק בעמ,,חמגשית אלומיניום עם,יח',10.00,יח',false,,10.90,1.0900,true,1,2338663
7290108359152,false,"תבנית אלומיניום עגולה 25 ס""מ -6 יחי סנו סושי",החברה הדרומית לשיווק בעמ,,תבניות אלומינים עגול,יח',6.00,יח',false,,11.90,1.9833,true,1,2364197
7290108359169,false,"תבנית אלומיניום עגולה 628 ס""מ יחי סנו סושי",החברה הדרומית לשיווק בעמ,,תבניות אלומינים עגול,יח',6.00,יח',false,,11.90,1.9833,true,1,2364198
7290108359824,false,"כיף - בייבי כיף קרם 500 מ""ל",החברה הדרומית לשיווק בעמ,,קרם גוף בייבי כיף 50,מיליליטרים,500.00,"100 מ""ל",false,,24.90,0.0498,true,1,2050112
7290108359831,false,בייבי שמן לתינוק לעור עדין כיף (500 מל),החברה הדרומית לשיווק בעמ,,שמן גוף בייבי כיף 50,מיליליטרים,500.00,"100 מ""ל",false,,24.90,0.0498,true,1,2050113
7290108359848,false,בייבי כיף שמפו אל דמע (1 ליטר),החברה הדרומית לשיווק בעמ,,שמפו בייבי כיף אל דמ,ליטרים,1.00,ליטר,false,,19.90,19.9000,true,1,2050114
7290108359855,false,"שמפו אל דמע בייבי כיף+משאבה 750 מ""ל",החברה הדרומית לשיווק בעמ,,שמפו בייבי כיף אל דמ,מיליליטרים,750.00,"100 מ""ל",false,,17.90,0.0239,true,1,2050115
7290108359862,false,בייבי כיף אל סבון 1 ליטר,החברה הדרומית לשיווק בעמ,,אל סבון בייבי כיף 1,ליטרים,1.00,ליטר,false,,19.90,19.9000,true,1,2050116
7290108359886,false,תחליב רחצה בייבי כיף 1 ליטר,החברה הדרומית לשיווק בעמ,,תחליב רחצה בייבי כיף,ליטרים,1.00,ליטר,false,,19.90,19.9000,true,1,2050117
7290108359893,false,"תחליב רחצה בייבי כיף+משאבה 750 מ""ל",החברה הדרומית לשיווק בעמ,,תחליב רחצה בייבי כיף,מיליליטרים,750.00,"100 מ""ל",false,,17.90,0.0239,true,1,2050118
7290108359985,false,סנו - ז'אוול מרסס קצף לניקוי וחינו בניחוח פריחה לבנה 1 ליטר,החברה הדרומית לשיווק בעמ,,תרסיס סנו ז'אוול קצף,ליטרים,1.00,ליטר,false,,19.90,19.9000,true,1,2335597
7290108500677,false,כבד דג שיבוט בשמן דג וילי פוד 115 גרם,ג. וילי-פוד אינטרנשיונל בע`מ,,כבד דג שיבוט,גרמים,120.00,100 גרם,false,,8.90,0.0742,true,1,1475530
7290108501346,false,גבינה מגורדת גאודה 28% שומן EURO CHEESE ויליפוד 500 גרם,ג.וילי-פוד אינטרנשיונל **גבינו,,גבינת גאודה מגורדת 5,גרמים,500.00,100 גרם,false,,24.90,0.0498,true,1,1853657
7290108501490,false,גבינת מוצרלה פרוסות 150 גר`וילי פוד,ג.וילי-פוד אינטרנשיונל **גבינו,,גבינת מוצרלה פרוסות,גרמים,150.00,100 גרם,false,,13.90,0.0927,true,1,1895566
7290108501827,false,קדאיף שערות בצק ויליפוד 450 גרם,ג.וילי-פוד אינטרנשיונל **גבינו,,קדאיף שערות בצק 450ג,גרמים,450.00,100 גרם,false,,19.90,0.0442,true,1,1978347
7290108501964,false,חטיף אגוזים וצימוקים הפי נאטס מארז 35X4ג',ג.וילי פוד אינטרנשיונל בעמ,,חטיף שקדים וצימוקים,גרמים,140.00,100 גרם,false,,10.00,0.0714,true,1,1978361
7290108501971,false,חטיף בוטנים ומשמש הפי נאטס מארז 35X4ג',ג.וילי פוד אינטרנשיונל בעמ,,חטיף שקדים ומשמש HAP,יחידה,0.00,יחידה,false,,10.00,0.0000,true,1,1978362
7290108501988,false,חטיף שקדים וחמוציות הפי נוטס מארז 35X4ג',ג. וילי-פוד אינטרנשיונל בע`מ,,חטיף שקדים וחמוציות,גרמים,140.00,100 גרם,false,,10.00,0.0714,true,1,1978363
7290108502329,false,רביעיית טונה בשמן זית ויליפוד 4*160 גרם,ג. וילי-פוד אינטרנשיונל בע`מ,,רביעית נתחי טונה בשמ,גרמים,640.00,100 גרם,false,,29.90,0.0467,true,1,1995911
7290108502381,false,בסיסים להכנת פיצה קוטר 26 וילי פוד 480ג',ג. וילי-פוד אינטרנשיונל בע`מ,,תחתיות לפיצה (קוטר 2,גרמים,480.00,100 גרם,false,,12.90,0.0269,true,1,2078069
7290108502558,false,גבינת שמנת טעם טבעי לייט ויליפוד 200 גרם,ג.וילי-פוד אינטרנשיונל **גבינו,,גבינה במרקם שמנת ליי,גרמים,200.00,100 גרם,false,,12.90,0.0645,true,1,2023380
7290108502596,false,גבינת שמנת לייט שום 200 גר`EURO CHEESE,ג.וילי-פוד אינטרנשיונל **גבינו,,גבינת שמנת לייט שום,גרמים,200.00,100 גרם,false,,12.90,0.0645,true,1,2023384
7290108502725,false,גבינת גאודה פרוסות ויליפוד 400 גרם,ג.וילי-פוד אינטרנשיונל **גבינו,,גבינת גאודה פרוסות 4,גרמים,400.00,100 גרם,false,,19.90,0.0497,true,1,1995940
7290108502763,false,גבינת קממבר ויליפוד 200 גרם,ג.וילי-פוד אינטרנשיונל **גבינו,,גבינת קממבר 200גרם,גרמים,200.00,100 גרם,false,,22.90,0.1145,true,1,1995935
7290108502862,false,מלפפונים כבושים במלח 18-25 קטנים ויליפוד 600 גרם,ג. וילי-פוד אינטרנשיונל בע`מ,,מלפפונים כבושים במלח,גרמים,600.00,100 גרם,false,,11.90,0.0198,true,1,2096612
7290108503043,false,תפוחונים חטיף פלחים מיובשים מארז 22X4ג',ג. וילי-פוד אינטרנשיונל בע`מ,,מארז תפוחונים 4 יח',גרמים,88.00,100 גרם,false,,13.90,0.1580,true,1,2096615
7290108503067,false,פרמז'נו משולש ויליפוד 150 גרם,ג.וילי-פוד אינטרנשיונל **גבינו,,פרמז'נו משולש,גרמים,150.00,100 גרם,false,,14.90,0.0993,true,1,2054051
7290108503159,false,גבינה כחולה עם עובש 31% ויליפוד 100 גרם,ג.וילי-פוד אינטרנשיונל **גבינו,,גבינה כחולה עם עובש,גרמים,100.00,100 גרם,false,,14.90,0.1490,true,1,2071169
7290108503692,false,פיצה מרגריטה ויליפוד 380 גרם,ג.וילי-פוד אינטרנשיונל **גבינו,,פיצה מרגריטה 380 גרם,גרמים,380.00,100 גרם,false,,15.90,0.0418,true,1,2214253
7290108504392,false,גבינת שמנת לייט עם זיתים 200 ג' - EURO CHEESE,ג. וילי-פוד אינטרנשיונל בע`מ,,גבינה במרקם שמנת ליי,גרמים,200.00,100 גרם,false,,12.90,0.0645,true,1,2229055
7290108504934,false,"דפי אורז למילוי 22 ס""מ 300 גרם בית יוסף",ג.וילי פוד אינטרנשיונל בעמ,,דפי אורז למילוי קוטר,גרמים,300.00,100 גרם,false,,7.90,0.0263,true,1,2330270
7290108505719,false,גבינת מוצרלה מגורדת EURO CHEESE ויליפוד 200 גרם,ג.וילי-פוד אינטרנשיונל **גבינו,,גבינה מוצרלה מגורדת,גרמים,200.00,100 גרם,false,,19.90,0.0995,true,1,2248374
7290108505726,false,אצבעות גבינת חצי קשה EURO CHEESE ויליפוד 200 גרם,ג.וילי-פוד אינטרנשיונל **גבינו,,גבינה חצי קשה-אצבעות,גרמים,200.00,100 גרם,false,,19.90,0.0995,true,1,2248375
7290108505733,false,צמות -גבינה חצי קשה 25% שומן ( 200 גר) ו,ג.וילי-פוד אינטרנשיונל **גבינו,,גבינה חצי קשה-צמות 2,גרמים,200.00,100 גרם,false,,19.90,0.0995,true,1,2248376
7290108505962,false,שזיפים מיובשים וילי פוד 400 גרם,ג.וילי פוד אינטרנשיונל בעמ,,שזיפים יבשים 400 גרם,גרמים,400.00,100 גרם,false,,24.90,0.0622,true,1,2250781
7290108506426,false,סימיט בייגלה קפוא 400 גר` פינוקים וילי פ,ג.וילי-פוד אינטרנשיונל **גבינו,,בייגלה קפוא סימיט 40,גרמים,400.00,100 גרם,false,,9.90,0.0248,true,1,2249974
7290108506488,false,סופלה שוקולד קפוא 200 גר` וילי פוד,ג.וילי-פוד אינטרנשיונל **גבינו,,סופלה שוקולד קפוא,גרמים,200.00,100 גרם,false,,8.90,0.0445,true,1,2250176
7290108506495,false,"כנאפה מאפה בצק ""שערות"" קדאיף וגבינה",ג.וילי-פוד אינטרנשיונל **גבינו,,כנאפה קפוא,גרמים,192.50,100 גרם,false,,12.90,0.0670,true,1,2249975
7290108506518,false,אצבעות בצק פילו ממולאות גבינה ותרד 500 ג' ויליפוד,ג.וילי-פוד אינטרנשיונל **גבינו,,אצבעות בצק פילו ממול,גרמים,500.00,100 גרם,false,,17.90,0.0358,true,1,2325873
7290108506532,false,גליליות וופל במילוי קרם בטעם אגוזי לוז 400ג' ויליפוד,ג. וילי-פוד אינטרנשיונל בע`מ,,גליליות וופל במילוי,גרמים,400.00,100 גרם,false,,12.90,0.0323,true,1,2249926
7290108506549,false,גליליות וופל במילוי קרם וניל פינוקים 400 גרם,ג. וילי-פוד אינטרנשיונל בע`מ,,גליליות וופל במילוי,גרמים,400.00,100 גרם,false,,12.90,0.0323,true,1,2249927
7290108506648,false,רביולי דלעת ויליפוד 250 גרם,ארמנדו,,רביולי דלעת 250 גרם,גרמים,250.00,100 גרם,false,,12.90,0.0516,true,1,2250086
7290108506709,false,גבינת פרמג`אנו ר`גיאנו 150 גר וילי פוד,ג.וילי-פוד אינטרנשיונל **גבינו,,גבינת פרמג'יאנו רג'י,גרמים,150.00,100 גרם,false,,22.90,0.1527,true,1,2258862
7290108506969,false,מאפה בורקס מים תורכי גבינה ויליפוד 300 גרם,ג.וילי-פוד אינטרנשיונל **גבינו,,מאפה בורקס מים תורכי,גרמים,300.00,100 גרם,false,,14.90,0.0497,true,1,2256461
7290108507010,false,מאפה בורקס מים תורכי תרד וגבינה ויליפוד 300 גרם,ג.וילי-פוד אינטרנשיונל **גבינו,,מאפה בורקס מים תורכי,גרמים,300.00,100 גרם,false,,14.90,0.0497,true,1,2256462
7290108507058,false,ביסקויט פריך בשוקולד חלב 100 גרם -קהילות,ג. וילי-פוד אינטרנשיונל בע`מ,,ביסקוויט פריך בשוקול,גרמים,100.00,100 גרם,false,,6.90,0.0690,true,1,2332185
7290108507645,false,ביסקויט פריך בשוקולד מריר 100 גרם -קהילות,ג. וילי-פוד אינטרנשיונל בע`מ,,ביסקוויט פריך בשוקול,גרמים,100.00,100 גרם,false,,6.90,0.0690,true,1,2332186
7290108507652,false,ביסקויט פריך בשוקולד לבן 100 גרם -קהילות,ג. וילי-פוד אינטרנשיונל בע`מ,,ביסקוויט פריך בשוקול,גרמים,100.00,100 גרם,false,,6.90,0.0690,true,1,2332187
7290108508031,false,אננס שלם 830 גרם ויליפוד,ג. וילי-פוד אינטרנשיונל בע`מ,,אננס שלם 830 גרם,גרמים,830.00,100 גרם,false,,10.90,0.0131,true,1,2347981
7290108508130,false,עגבניות איטלקיות מרוסקות 390 גרם,ג.וילי פוד אינטרנשיונל בעמ,,עגבניות איטלקיות מרו,גרמים,390.00,100 גרם,false,,9.90,0.0254,true,1,2316558
7290108508147,false,מחית עגבניות איטלקיות ויליפוד 500 גרם,ג.וילי פוד אינטרנשיונל בעמ,,מחית עגבניות איטלקיו,גרמים,500.00,100 גרם,false,,9.90,0.0198,true,1,2327747
7290108508451,false,"משקה יוגורט טבעי 3.2% שומן יורו 200 מ""ל",ג.וילי-פוד אינטרנשיונל **גבינו,,משקה יוגורט טבעי 200,מיליליטרים,200.00,"100 מ""ל",false,,5.90,0.0295,true,1,2293725
7290108508468,false,משקה יוגורט אננס2.6% 200,אקר,,משקה יוגורט עם אננס,מיליליטרים,200.00,"100 מ""ל",false,,5.90,0.0295,true,1,2293726
7290108508482,false,"משקה יוגורט עם אפרסק 200מ""ל 2.6%",ג.וילי פוד אינטרנשיונל בעמ,,משקה יוגורט עם אפרסק,מיליליטרים,200.00,"100 מ""ל",false,,5.90,0.0295,true,1,2293728
7290108508703,false,טורטיה ללא גלוטן 270 גרם ויליפוד,ג.וילי-פוד אינטרנשיונל בעמ,,טורטייה ללא גלוטן 2,גרמים,270.00,100 גרם,false,,9.90,0.0367,true,1,2291866
7290108508765,false,קונכיות פתיתים 400 גרם וילי פוד,ג. וילי-פוד אינטרנשיונל בע`מ,,קונכיות פתיתים 400 ג,גרמים,400.00,100 גרם,false,,7.90,0.0198,true,1,2303742
7290108508772,false,קונכיות פתיתים עם תרד 400 גרם וילי פוד,ג. וילי-פוד אינטרנשיונל בע`מ,,קונכיות פתיתים עם תר,גרמים,400.00,100 גרם,false,,7.90,0.0198,true,1,2303743
7290108509106,false,"גבינה בולגרית מעודנת בקוביות 13% שומן 200 ג' חת""ס פ""ת",ג.וילי-פוד אינטרנשיונל **גבינו,,גבינת בולגרית מעודנת,גרמים,200.00,100 גרם,false,,12.90,0.0645,true,1,2313338
7290108509113,false,"גבינה בולגרית מעודנת 18% שומן 250 גרם חת""ס פ""ת",ג.וילי-פוד אינטרנשיונל **גבינו,,גבינת בולגרית מעודנת,גרמים,250.00,100 גרם,false,,12.90,0.0516,true,1,2313332
7290108509120,false,גבינה בולגרית מעודנת 18% שומן יורו 500 ג',ג.וילי-פוד אינטרנשיונל **גבינו,,גבינה בולגרית מעודנת,גרמים,500.00,100 גרם,false,,19.90,0.0398,true,1,2316559
7290108509144,false,שלישיית עגבניות שלמות מרוסקות במיץ עגבני,ג.וילי-פוד אינטרנשיונל בעמ,,שלישיית עגבניות מרוס,גרמים,1200.00,100 גרם,false,,14.90,0.0124,true,1,2305929
7290108509168,false,שלישיית עגבניות קוביות במיץ עגבניות ויליפוד 3*400,ג.וילי-פוד אינטרנשיונל בעמ,,שלישיית עגבניות קובי,גרמים,1200.00,100 גרם,false,,14.90,0.0124,true,1,2305931
7290108509205,false,ויליפוד חטיף אורז אפוי בטעם טבעי לתינוקות 50 גר',ג. וילי-פוד אינטרנשיונל בע`מ,,חטיף אורז אפוי בטעם,גרמים,50.00,100 גרם,false,,12.90,0.2580,true,1,2330279
7290108509212,false,ויליפוד חטיף אורז אפוי בטעם ירקות לתינוקות 50 גר',ג. וילי-פוד אינטרנשיונל בע`מ,,חטיף אורז אפוי בטעם,גרמים,50.00,100 גרם,false,,12.90,0.2580,true,1,2330280
7290108509250,false,"אנטיפסטי ארטישוק+עגבניות מיובשות וצלפים בשמן חמניות 380 מ""ל",ג. וילי-פוד אינטרנשיונל בע`מ,,אנטיפסטי ארטישוק תחת,גרמים,530.00,100 גרם,false,,24.90,0.0470,true,1,2305708
7290108509267,false,ארוחת פסטה עם רוטב גבינה ויליפוד 206 גרם,ג. וילי-פוד אינטרנשיונל בע`מ,,ארוחת פסטה עם רוטב ג,גרמים,206.00,100 גרם,false,,9.90,0.0481,true,1,2305788
7290108509359,false,פופקורן בציפוי בטעם קרמל ויליפוד 90 גרם,ג. וילי-פוד אינטרנשיונל בע`מ,,פופקורן בציפוי בטעם,גרמים,90.00,100 גרם,false,,5.00,0.0556,true,1,2330282
7290108509397,false,עלי בצק פילו(משולשים )360גרם ויליפוד,ג.וילי-פוד אינטרנשיונל **גבינו,,עלי בצק פילו (משולשי,גרמים,360.00,100 גרם,false,,10.90,0.0303,true,1,2304428
7290108509540,false,רוטב ברביקיו ויליפוד 350 גרם,וילי פוד,,רוטב ברביקיו 350 גרם,גרמים,290.00,100 גרם,false,,9.90,0.0341,true,1,2313434
7290108509700,false,אורז פרסי 1 קג`DAAWAT וילי פוד,ג. וילי-פוד אינטרנשיונל בע`מ,,אורז פרסי DAAWAT 1 ק,קילוגרמים,1.00,"ק""ג",false,,9.90,9.9000,true,1,2313880
7290108509755,false,EURO גבינת חלומי 23% שומן 250 גרם,ג.וילי-פוד אינטרנשיונל **גבינו,,גבינת חלומי 250 גרם,גרמים,250.00,100 גרם,false,,22.90,0.0916,true,1,2375687
7290108509816,false,גבינת בייבי מוצרלה EURO CHEESE ויליפוד 200 גרם,ג.וילי-פוד אינטרנשיונל **גבינו,,גבינה בייבי מוצרלה 2,גרמים,200.00,100 גרם,false,,19.90,0.0995,true,1,2307457
7290108509908,false,"מנת השף בשקית-איטריות בטעם ירקות 85 ג' חתם סופר ב""ב",ג. וילי-פוד אינטרנשיונל בע`מ,,מנת השף-אטריות להכנה,גרמים,85.00,100 גרם,false,,3.90,0.0459,true,1,2317276
7290108509915,false,"מנת השף בשקית-איטריות בטעם סיני פיקנטי 85 ג' חתם סופר ב""ב",ג. וילי-פוד אינטרנשיונל בע`מ,,מנת השף-אטריות להכנה,גרמים,85.00,100 גרם,false,,3.90,0.0459,true,1,2317277
7290108509922,false,מנתהשף אטריות להכנה מהירה טעם עוף ויליפוד 85 גרם,ג. וילי-פוד אינטרנשיונל בע`מ,,מנת השף-אטריות להכנה,גרמים,85.00,100 גרם,false,,3.90,0.0459,true,1,2317278
7290108509953,false,פולי קפה 100% קלויים,,,פולי קפה 100% פולי ק,גרמים,250.00,100 גרם,false,,14.90,0.0596,true,1,2362973
7290108509984,false,"רוטב סויה 300 מ""ל וילי פוד",ג.וילי-פוד אינטרנשיונל בעמ,,"רוטב סויה 300 מ""ל",מיליליטרים,300.00,"100 מ""ל",false,,9.90,0.0330,true,1,2317283
7290108509991,false,"רוטב טריאקי 300 מ""ל וילי פוד",ג.וילי-פוד אינטרנשיונל בעמ,,"רוטב טריאקי 300 מ""ל",מטרים,300.00,100 מ'ל,false,,9.90,0.0330,true,1,2317284
7290109060132,false,מגבת נייר ג'מבו ענק,,,מגבת נייר ג'מבו ענק,מטרים,63.50,מטר,false,,10.90,0.1717,true,1,1448481
7290109060293,false,ניירות אפיה נשלפים אחד אחד,פרפקט Perfect,,נייר אפייה 50 יח פרפ,יח',50.00,יח',false,,9.90,0.1980,true,1,1473323
7290109060378,false,מטליות רב שימושיות לכל סוגי המשטחים,פרפקט Perfect,,מטליות רב שימושיות 4,יח',40.00,יח',false,,19.90,0.4975,true,1,1477858
7290109060385,false,מטליות לחות לניקוי רצפות,פרפקט Perfect,,מטליות לחות לניקוי ר,יח',10.00,יח',false,,14.90,1.4900,true,1,1486957
7290109060392,false,מטליות רב שימושיות ת,פרפקט Perfect,,מטליות רב שימושיות ת,יח',9.00,יח',false,,8.90,0.9889,true,1,1488399
7290109060408,false,מטלית מיקרופייבר ריצ,,,מטלית מיקרופייבר ריצ,יחידה,0.00,יחידה,false,,9.90,0.0000,true,1,1482361
7290109060415,false,מטליות מיקרופייבר לרצפה,פרפקט Perfect,,מטליות מיקרופייבר לר,יח',3.00,יח',false,,19.90,6.6333,true,1,1482362
7290109060422,false,מטלית מיקרופייבר למשטחים,פרפקט Perfect,,מטלית מיקרופייבר לני,יחידה,0.00,יחידה,false,,8.90,0.0000,true,1,1482363
7290109060439,false,מטליות מיקרופייבר למשטחים,פרפקט Perfect,,מטליות מיקרופייבר לנ,יח',3.00,יח',false,,14.90,4.9667,true,1,1482364
7290109060446,false,מטלית מיקרופייבר למשטחים XL,פרפקט Perfect,,מטלית מיקרופייבר לני,יחידה,0.00,יחידה,false,,9.90,0.0000,true,1,1482365
7290109060453,false,ספוג הפלא 6 יח'-פרפק,פרפקט Perfect,,ספוג הפלא 6 יח'-פרפק,יח',6.00,יח',false,,8.90,1.4833,true,1,1504792
7290109060460,false,סחבה לבנה זיג זג 3 י,פרפקט Perfect,,סחבה לבנה זיג זג 3 י,יח',3.00,יח',false,,9.90,3.3000,true,1,1490098
7290109060613,false,מפיות לבן דו שכבתי 1,פרפקט Perfect,,מפיות לבן דו שכבתי 1,יח',180.00,יח',false,,7.90,0.0439,true,1,1497148
7290109060651,false,משטח מיקרופייבר לייבוש כלים,פרפקט Perfect,,משטח ייבוש כלים מיקר,יח',1.00,יח',false,,14.90,14.9000,true,1,1738378
7290109060828,false,אטבי כביסה איכותיים בשלל צבעים,פרפקט Perfect,,9 אטבים מעוצבים-בשלל,יח',9.00,יח',false,,8.90,0.9889,true,1,1764128
7290109060835,false,אטבי כביסה גדולים וחזקים עם גומי- מארז 10 יח',פרפקט Perfect,,10 אטבים גדולים וחזק,יח',10.00,יח',false,,8.90,0.8900,true,1,1764129
7290109060842,false,אטבי כביסה איכותיים - מארז 10 יח',פרפקט Perfect,,10 אטבים מילניום הזר,יח',10.00,יח',false,,8.90,0.8900,true,1,1764130
7290109060873,false,מפיות אירוח בצבעים כהים,פרפקט Perfect,,מפיות אירוח 100 יח',יח',100.00,יח',false,,5.90,0.0590,true,1,1764852
7290109060880,false,מפיות אירוח בצבעי פסטל,פרפקט Perfect,,מפיות אירוח 100 יח',יח',100.00,יח',false,,5.90,0.0590,true,1,1764853
7290109061054,false,מגבונים לחים לתינוק בניחוח עדין- מארז רביעיה,פרפקט Perfect,,רביעיית מגבונים בביש,יח',288.00,יח',false,,14.90,0.0517,true,1,1853100
7290109061061,false,מגבונים לחים לתינוק ללא בישום- מארז רביעיה,פרפקט Perfect,,רביעיית מגבונים ללא,יח',288.00,יח',false,,14.90,0.0517,true,1,1853101
7290109061146,false,כוסות שתייה חמה 50 י,,,כוסות שתייה חמה 50 י,יח',50.00,יח',false,,6.90,0.1380,true,1,2033894
7290109061320,false,ספוג הפלא לנירוסטה פ,פרפקט Perfect,,ספוג הפלא לנירוסטה פ,יח',3.00,יח',false,,10.90,3.6333,true,1,2033925
7290109061405,false,"כוסות לשתיה חמה 250 מ""ל+ מכסים - מארז 16 יח'",פרפקט Perfect,,כוסות נייר+מכסים 16,יח',16.00,יח',false,,12.90,0.8063,true,1,2144130
7290109061412,false,קיסמי שיניים דנט,,,קיסמי שיניים דנט,יח',200.00,יח',false,,7.90,0.0395,true,1,2130829
7290109061450,false,צמרוני אוזניים עם שסתום ביטחון לתינוקות,פרפקט Perfect,,צימרוני אוזניים שסתו,יח',55.00,יח',false,,3.90,0.0709,true,1,2201020
7290109061474,false,זוג צמר גפן פרפקט,פרפקט Perfect,,זוג צמר גפן פרפקט,גרמים,200.00,100 גרם,false,,9.90,0.0495,true,1,2201022
7290109061863,false,צלחות עבות במיוחד 66,פרפקט Perfect,,צלחות עבות במיוחד 66,יח',66.00,יח',false,,39.90,0.6045,true,1,2246536
7290109062068,false,שמיכת פוך יחיד 200*150,SK home fashion,,שמיכת פוך יחיד 200*1,יחידה,0.00,יחידה,false,,179.90,0.0000,true,1,2271682
7290109062075,false,שמיכת פוך זוגית 220*200,SK home fashion,,שמיכת פוך זוגית 220*,יחידה,0.00,יחידה,false,,229.90,0.0000,true,1,2271683
7290109062129,false,סל קניה כחול,,,סל קניה כחול,יחידה,0.00,יחידה,false,,5.00,0.0000,true,1,2291891
7290109062136,false,מפת שולחן ג'קארד 14,,,מפת שולחן ג'קארד 14,יחידה,0.00,יחידה,false,,29.90,0.0000,true,1,2284579
7290109062211,false,מפת שולחן עגולה ג'ק,,,מפת שולחן עגולה ג'ק,יחידה,0.00,יחידה,false,,39.90,0.0000,true,1,2317114
7290109062334,false,כפפות ויניל S פרפקט,,,כפפות ויניל S פרפקט,יח',100.00,יח',false,,24.90,0.2490,true,1,2330343
7290109062341,false,כפפות ויניל M פרפקט,,,כפפות ויניל M פרפקט,יח',100.00,יח',false,,24.90,0.2490,true,1,2330344
7290109062358,false,כפפות ויניל L פרפקט,,,כפפות ויניל L פרפקט,יח',100.00,יח',false,,24.90,0.2490,true,1,2330345
7290109062365,false,כפפות ויניל XL פרפקט,,,כפפות ויניל XL פרפקט,יח',100.00,יח',false,,24.90,0.2490,true,1,2330346
7290109062396,false,"כרית ויסקו ממורי במידות 40/60/12 ס""מ",SK home fashion,,כרית ויסקו ממורי 40/,יחידה,0.00,יחידה,false,,89.90,0.0000,true,1,2325040
7290109062464,false,שמן זית כתית מעולה אוליבה,אוליבה Oliva,,שמן זית כתית מעולה א,מיליליטרים,750.00,"100 מ""ל",false,,26.90,0.0359,true,1,2332456
7290109062471,false,"שטיחון אמבט במידות ס""מ 50*70 -גוון לפי בחירה",SK home fashion,,שטיחון אמבט SK 50*70,יחידה,0.00,יחידה,false,,19.90,0.0000,true,1,2331103
7290109062488,false,סט 3 קולבים עץ טבעי,SK home fashion,,סט 3 קולבים עץ טבעי,יחידה,0.00,יחידה,false,,19.90,0.0000,true,1,2337227
7290109062495,false,סט 3 קולבים עץ צבוע,SK home fashion,,סט 3 קולבים עץ צבוע,יחידה,0.00,יחידה,false,,19.90,0.0000,true,1,2337228
7290109062501,false,סט 3 קולבים עץ ציפוי סיליקון,SK home fashion,,סט 3 קולבים עץ ציפוי,יחידה,0.00,יחידה,false,,29.90,0.0000,true,1,2337229
7290109062518,false,סט קולבי קטיפה - 5 יחידות,SK home fashion,,סט 5 קולבים קטיפה,יחידה,0.00,יחידה,false,,14.90,0.0000,true,1,2337230
7290109062525,false,סט 3 קולבים צבעוניים לילדים,SK home fashion,,סט 3 קולבים צבעוניים,יחידה,0.00,יחידה,false,,19.90,0.0000,true,1,2337235
7290109062549,false,"שטיחון כניסה לבית 75*45 ס""מ SK",SK home fashion,,שטיחון כניסה לבית 75,יחידה,0.00,יחידה,false,,39.90,0.0000,true,1,2335674
7290109062556,false,"סט 2 מגבות מטבח פרימיום פסים 60*40 ס""מ",SK home fashion,,סט 2 מגבות מטבח פרימ,יח',2.00,יח',false,,24.90,12.4500,true,1,2343752
7290109062563,false,"שמיכת מיקרו פלנל פסים 180*130 ס""מ - בצבע לבחירה",SK home fashion,,שמיכת מיקרו פלנל פסי,יחידה,0.00,יחידה,false,,59.90,0.0000,true,1,2345129
7290109062587,false,סל קניה כחול בד,,,סל קניה כחול בד,יחידה,0.00,יחידה,false,,5.00,0.0000,true,1,2347960
7290109062617,false,מגבת ידיים 50*30 פרמיום כותנה סרוקה,SK home fashion,,מגבת ידיים 50*30 פרמ,יחידה,0.00,יחידה,false,,9.90,0.0000,true,1,2351550
7290109062624,false,מגבת פנים 90*50 פרמיום כותנה סרוקה,SK home fashion,,מגבת פנים 90*50 פרמי,יחידה,0.00,יחידה,false,,19.90,0.0000,true,1,2351551
7290109062631,false,מגבת רחצה 130*70 פרמיום כותנה סרוקה,SK home fashion,,מגבת רחצה 130*70 פרמ,יחידה,0.00,יחידה,false,,39.90,0.0000,true,1,2351552
7290109062648,false,מגבת רחצה ענקית 140*90 פרמיום כותנה סרוקה,SK home fashion,,מגבת רחצה ענקית 140*,יחידה,0.00,יחידה,false,,49.90,0.0000,true,1,2351553
7290109062655,false,טורטייה בתוספת קמח כ,,,טורטייה בתוספת קמח כ,גרמים,360.00,100 גרם,false,,9.90,0.0275,true,1,2373283
7290109134604,false,סוחט הדרים קטן אלומיניום צהוב,,,סוחט הדרים קטן אלומי,יחידה,0.00,יחידה,false,,19.90,0.0000,true,1,2263261
7290109136660,false,"מסננת נירוסטה 10 ס""מ",,,"מסננת נירוסטה 10 ס""מ",יחידה,0.00,יחידה,false,,10.90,0.0000,true,1,2148948
7290109136684,false,"מסננת נירוסטה 18 ס""מ Bake-it up",,,"מסננת נירוסטה 18 ס""מ",יחידה,0.00,יחידה,false,,19.90,0.0000,true,1,2148950
7290109136691,false,"מטרפה נירוסטה 15 ס""מ",,,"מטרפה נירוסטה 15 ס""מ",יחידה,0.00,יחידה,false,,9.90,0.0000,true,1,2292668
7290109136714,false,"מטרפה נירוסטה 30.5 ס""מ Bake-it","סולתם - רדד (כלי בית) בע""מ",,מטרפה נירוסטה 30.5 ס,יחידה,0.00,יחידה,false,,19.90,0.0000,true,1,2292669
7290109137018,false,"כף עץ במבוק קצה מחודד 30 ס""מ סולתם",,,כף עץ במבוק קצה מחוד,יחידה,0.00,יחידה,false,,9.90,0.0000,true,1,2263273
7290109137032,false,"תרווד עץ במבוק קצה מחודד 30 ס""מ סולתם",,,תרווד עץ במבוק קצה מ,יחידה,0.00,יחידה,false,,9.90,0.0000,true,1,2263275
7290109139975,false,קולפנים (24) בדיספליי מעורב משונן/ג'וליאן/חלק נירוסטה,,,קולפן צבעוני מש,יחידה,0.00,יחידה,false,,19.90,0.0000,true,1,2263295
7290109351025,false,מלך החומוס חומוסטחינה 40% טחינה גולמית,קבוצת אוסם סחר שותפות מוגבלת,,חומוסטחינה מלך החומו,גרמים,400.00,100 גרם,false,,11.90,0.0298,true,1,1424697
7290109351957,false,פריכיות פיטנס מיני גדולות שוקולד חלב 100ג',קבוצת אוסם סחר שותפות מוגבלת,,פירכיות גדולות שוקול,גרמים,100.00,100 גרם,false,,7.90,0.0790,true,1,1492410
7290109351971,false,פריכיות דגנים פיטנס מצופות שוקולד חלב,קבוצת אוסם סחר שותפות מוגבלת,,פירכיות פיטנס שוקולד,גרמים,84.00,100 גרם,false,,11.90,0.1417,true,1,1475021
7290109352916,false,פריכיות דגנים פיטנס מצופות שוקולד לבן,קבוצת אוסם סחר שותפות מוגבלת,,פירכיות פיטנס שוקולד,גרמים,84.00,100 גרם,false,,11.90,0.1417,true,1,1475022
7290109354057,false,קרחון לה פרוטה שרבט אננס תפוז מאגדת 5 יח',נגה גלידות שותפות מוגבלת,,מאגדת שלגוני לה פרוט,גרמים,350.00,100 גרם,false,,22.90,0.0654,true,1,1448667
7290109358765,false,דגני בוקר קראנץ' רולס נוגט 450 גרם,קבוצת אוסם סחר-שות.מוגבלת,,דגני בוקר קראנץ' רול,גרמים,450.00,100 גרם,false,,23.90,0.0531,true,1,1695066
7290109580043,false,"שניצל תירס קלאסי זוגלובק 1.75 ק""ג",נקניק זוגלובק נהריה,,"שניצל תירס 1.750 ק""ג",קילוגרמים,1.75,"ק""ג",false,,49.90,28.5143,true,1,2279845
7290109580104,false,זוגלובק פרימיום רוסטביף 150 גרם,נקניק זוגלובק נהריה,,רוסטביף זוגלובק פרימ,גרמים,150.00,100 גרם,false,,19.90,0.1327,true,1,2287132
7290109580111,false,צלעות אסאדו מעושנות פרימיום זוגלובק 120 גרם,נקניק זוגלובק נהריה,,צלעות אסאדו מעושנות,גרמים,120.00,100 גרם,false,,19.90,0.1658,true,1,2334725
7290109580135,false,זוגלובק פרימיום קורנדביף 180 גרם,נקניק זוגלובק נהריה,,קורנדביף זוגלובק פרי,גרמים,180.00,100 גרם,false,,19.90,0.1106,true,1,2287134
7290109580166,false,סרוולד קלאסי פרימיום 150 גרם זוגלובק,נקניק זוגלובק נהריה,,סרוולד קלאסי זוגלובק,גרמים,150.00,100 גרם,false,,19.90,0.1327,true,1,2287136
7290109580432,false,פסטרמה חזה הודו מעושן דק דק זוגלובק 120 גרם,נקניק זוגלובק נהריה,,פסטרמה הודו 120 גרם,גרמים,120.00,100 גרם,false,,11.90,0.0992,true,1,2353078
7290109640198,false,מגורדת לפיצה ולאפיה 20% שומן 200 גרם - משומשו,קפוא זן תעשיות מזון בעמ,,גבינה מגורדת לפיצה ו,גרמים,200.00,100 גרם,false,,19.90,0.0995,true,1,1968928
7290109640204,false,גוש בסגנון חלומי 18% משומשו 250 גרם,קפוא זן תעשיות מזון בעמ,,גוש גבינה מעודנת לאפ,גרמים,300.00,100 גרם,false,,19.90,0.0663,true,1,1968929
7290109640396,false,ממרח שום שמיר על בסיס קוקוס 9% שומן 200 גרם - משומשו,קפוא זן תעשיות מזון בעמ,,ממרח שום שמיר 9% שומ,גרמים,200.00,100 גרם,false,,14.90,0.0745,true,1,2101821
7290109640648,false,ממרח בטעם חמאה 150 גרם - משומשו,קפוא זן תעשיות מזון בעמ,,ממרח בטעם חמאה,גרמים,150.00,100 גרם,false,,9.90,0.0660,true,1,2305665
7290109920061,false,ספריי מסיר מדבקות שומן וחומרים נדבקים,"יעקב יעקבי ובניו בע""מ",,ספריי מסיר מדבקות שו,מיליליטרים,450.00,"100 מ""ל",false,,29.90,0.0664,true,1,2335865
7290109920146,false,"דורגול מסיר אבנית מקומקומים 750 מ""ל",יעקב יעקבי ובניו בע`מ,,דורגול מסיר אבנית מק,מיליליטרים,750.00,"100 מ""ל",false,,18.90,0.0252,true,1,2335859
7290109920153,false,"מלבין לכביסה לבנה לובן צח, 790 גרם יעקבי","יעקב יעקבי ובניו בע""מ",,מלבין כביסה לבנה,גרמים,790.00,100 גרם,false,,29.90,0.0378,true,1,1903872
7290109920313,false,"אסטוניש מרסס לניקוי חלונות 750 מ""ל","יעקב יעקבי ובניו בע""מ",,אסטוניש מרסס מבריק ש,מיליליטרים,750.00,"100 מ""ל",false,,11.90,0.0159,true,1,1894622
7290109920597,false,"אסטוניש - מרסס לניקוי המקלחון 750 מ""ל","יעקב יעקבי ובניו בע""מ",,אסטוניש מרסס למקלחון,מיליליטרים,750.00,"100 מ""ל",false,,11.90,0.0159,true,1,1894625
7290109920627,false,"אסטוניש קרם ואקונומיקה לניקוי אמבטיות 500 מ""ל","יעקב יעקבי ובניו בע""מ",,אסטוניש קרם אמבט אקו,יחידה,0.00,יחידה,false,,11.90,0.0000,true,1,1894627
7290109920658,false,"אסטוניש - מרסס אנטי בקטריאלי למטבח 750 מ""ל","יעקב יעקבי ובניו בע""מ",,אסטוניש מרסס אנטי בק,מיליליטרים,750.00,"100 מ""ל",false,,11.90,0.0159,true,1,1894628
7290109920665,false,אסטוניש מרסס מסיר אוכל שרוף במטבח יעקובי,יעקב יעקבי ובניו בע`מ,,אסטוניש מרסס מסיר או,מיליליטרים,750.00,"100 מ""ל",false,,11.90,0.0159,true,1,1894629
7290109920825,false,צמד-דורגול אספרסו + דורגול מקציף חלב מתנה,"יעקב יעקבי ובניו בע""מ",,דורגול לניקוי מכונת,מיליליטרים,500.00,"100 מ""ל",false,,28.90,0.0578,true,1,2090693
7290109920870,false,גל כביסה הפי מיוחד לכביסה שחורה וכהה,יעקובי הפי,,הפי לכביסה כהה,ליטרים,1.00,ליטר,false,,14.90,14.9000,true,1,1968895
7290109920917,false,"ג'ל לניקוי אסלה עם כלור הפי 750 מ""ל","יעקב יעקבי ובניו בע""מ",,ג'ל לניקוי האסלה,מיליליטרים,750.00,"100 מ""ל",false,,7.90,0.0105,true,1,1998234
7290109921303,false,טורבול SLIM סופג לחות 2 מגשיות יעקבי,יעקב יעקבי ובניו בעמ,,סופג לחות 2 מגשיות,יחידה,0.00,יחידה,false,,24.90,0.0000,true,1,2270594
7290109921372,false,אסטוניש משחה לניקוי תנורים וגריל+ספוג 250 גרם,"יעקב יעקבי ובניו בע""מ",,אסטוניש משחה לניקוי,גרמים,250.00,100 גרם,false,,14.90,0.0596,true,1,2270577
7290109921488,false,"דורגול לניקוי וחיטוי מכונת הכביסה יעקבי 500 מ""ל","יעקב יעקבי ובניו בע""מ",,דורגול למכונות הכביס,מיליליטרים,500.00,"100 מ""ל",false,,28.90,0.0578,true,1,2270578
7290109921686,false,פוליבוי מטליות לחות לניקוי רהיטים 24 יח,יעקב יעקבי ובניו בעמ,,מטליות עם חומר לניקו,יחידה,0.00,יחידה,false,,9.90,0.0000,true,1,2270583
7290109921853,false,אסטוניש המשחה המקורית לניקוי עם עוצמה,"יעקב יעקבי ובניו בע""מ",,אסטוניש משחת פרימיום,גרמים,150.00,100 גרם,false,,17.90,0.1193,true,1,2276625
7290109921952,false,ג'ל כביסה סופרו אקטיב יעקובי ירוק 2.5 ליטר,יעקב יעקבי ובניו בעמ,,ג'ל כביסה מסיר כתמים,ליטרים,2.50,ליטר,false,,24.90,9.9600,true,1,2291648
7290109921969,false,ג'ל כביסה סופרו אקטיב יעקובי כחול 2.5 ליטר,יעקב יעקבי ובניו בעמ,,ג'ל הפי לכביסה,ליטרים,2.50,ליטר,false,,24.90,9.9600,true,1,2291649
7290109921976,false,ג'ל כביסה סופרו אקטיב יעקובי לבן 2.5 ליטר,"יעקב יעקבי ובניו בע""מ",,ג'ל כביסה לתינוקות,ליטרים,2.50,ליטר,false,,24.90,9.9600,true,1,2291650
7290109923031,false,"אסטוניש מרסס פרימיום ארומטיק למקלחון 750 מ""ל","יעקב יעקבי ובניו בע""מ",,אסטוניש מרסס פרמיום,מיליליטרים,750.00,"100 מ""ל",false,,12.90,0.0172,true,1,2346012
7290109923147,false,אסטוניש מהדורה פרימיום פלא של אקונומיקה,יעקב יעקבי ובניו בע`מ,,אסטוניש מרסס פרמיום,מיליליטרים,750.00,"100 מ""ל",false,,14.90,0.0199,true,1,2362629
7290110000493,false,חמאת בוטנים טבעית קרנצ`י 350 גרם),"בטר אנד דיפרנט בע""מ",,חמאת בוטנים טבעית עם,גרמים,350.00,100 גרם,false,,12.90,0.0369,true,1,2182491
7290110058555,false,שוקולד,,,שוקולד,גרמים,42.00,100 גרם,false,,6.90,0.1643,true,1,1505425
7290110058821,false,מארז שלישיית ביצי שוקולד הלו קיטי,שמחה זה אנחנו בעמ,,מארז שלישיית ביצי שו,גרמים,60.00,100 גרם,false,,12.90,0.2150,true,1,1516481
7290110058869,false,מארז שלישיית ביצי שוקולד סמי הכבאי,שמחה זה אנחנו בע`מ,,מארז שלישיית ביצי שו,גרמים,60.00,100 גרם,false,,12.90,0.2150,true,1,1516484
7290110110024,false,פחית פאנטה תות 330 מל סילק,החברה המרכזית להפצת משקאות בעמ,,פאנטה תות פחית 330 מ,מיליליטרים,330.00,"100 מ""ל",false,,4.50,0.0136,true,1,1771867
7290110110277,false,"סומרסבי סיידר תפוחים אלכוהולי 4*300 מ""ל",החברה המרכזית להפצת משקאות בעמ,,רביעיית סומרסבי סייד,ליטרים,1.32,ליטר,false,,29.90,22.6515,true,1,1948142
7290110110369,false,"שישייה בירה קרלסברג LUMA בקבוק 330 מ""ל",החברה המרכזית להפצת משקאות בעמ,,שישיית בירה קרלסברג,ליטרים,1.98,ליטר,false,,37.90,19.1414,true,1,2259379
7290110110451,false,פריגת צלול ענבים 0.5 ליטר,החברה המרכזית להפצת משקאות בעמ,,פריגת צלול ענבים 500,מיליליטרים,500.00,"100 מ""ל",false,,6.90,0.0138,true,1,1908997
7290110110475,false,"פריגת צלול אננס מ""ל 500 מ""ל",החברה המרכזית להפצת משקאות בעמ,,פריגת צלול אננס 500,מיליליטרים,500.00,"100 מ""ל",false,,6.90,0.0138,true,1,1908999
7290110110574,false,פחית קוקה קולה סליק זירו לימון 330 מל,החברה המרכזית להפצת משקאות בעמ,,קולה זירו לימון פחית,מיליליטרים,330.00,"100 מ""ל",false,,4.50,0.0136,true,1,1965623
7290110110659,false,"ספרייט לימון ליים פחית 330מ""ל",החברה המרכזית להפצת משקאות בעמ,,"ספרייט פחית 330 מ""ל",מיליליטרים,330.00,"100 מ""ל",false,,4.50,0.0136,true,1,1909620
7290110110703,false,מארז ספרייט שישייה פחיות FRIDGE PACK,החברה המרכזית להפצת משקאות בעמ,,מארז שישיית פחיות ספ,ליטרים,1.98,ליטר,false,,23.90,12.0707,true,1,1909621
7290110111557,false,"משקה ספורט איזוטוני בטעם פירות 500 מ""ל פאוורייד",החברה המרכזית להפצת משקאות בעמ,,פאוורייד בטעם פירות,מיליליטרים,500.00,"100 מ""ל",false,,9.90,0.0198,true,1,2351848
7290110111564,false,"משקה ספורט איזוטוני בטעם הדרים ליין 500 מ""ל פאוורייד",החברה המרכזית להפצת משקאות בעמ,,פאוורייד סיטרוס הדרי,מיליליטרים,500.00,"100 מ""ל",false,,9.90,0.0198,true,1,2351849
7290110111809,false,"מארז פחיות פאנטה אורנג' שישייה 330 מ""ל",החברה המרכזית לייצור משק,,מארז שישיית פחיות פא,ליטרים,1.98,ליטר,false,,22.90,11.5657,true,1,2179309
7290110113261,false,נקטר חמוציות 19 קלוריות SPRAY OCEAN פריגת 1 ליטר,החברה המרכזית להפצת משקאות בעמ,,נקטר חמוציות 1 ליטר,ליטרים,1.00,ליטר,false,,11.90,11.9000,true,1,2328610
7290110113377,false,קוקה קולה 1 ליטר מארז רביעייה,החברה המרכזית להפצת משקאות בעמ,,מארז רביעיית קוקה קו,ליטרים,4.00,ליטר,false,,26.90,6.7250,true,1,2293759
7290110113384,false,קוקה קולה זירו מארז רביעיה 1X4 ליטר,החברה המרכזית להפצת משקאות בעמ,,מארז רביעיית קוקה קו,ליטרים,4.00,ליטר,false,,26.90,6.7250,true,1,2293760
7290110113476,false,בירה קרלסברג ללא אלכוהול - שישייה,החברה המרכזית להפצת משקאות בעמ,,שישייה בירה קרלסברג,ליטרים,1.98,ליטר,false,,32.90,16.6162,true,1,2243102
7290110113605,false,בירה שקמה אי פי איי,מבשלות בירה בינלאומי,,בירה שקמה IPA בקבוק,מיליליטרים,330.00,"100 מ""ל",false,,10.90,0.0330,true,1,2362430
7290110113629,false,"בירה שקמה אייל ענברי בק 330 מ""ל",מבשלות בירה בינלאומי,,בירה שקמה אייל ענברי,מיליליטרים,330.00,"100 מ""ל",false,,10.90,0.0330,true,1,2362431
7290110113636,false,"בירה שקמה מרצן לאגר בק 330 מ""ל",מבשלות בירה בינלאומי,,בירה שקמה מרצן לאגר,מיליליטרים,330.00,"100 מ""ל",false,,10.90,0.0330,true,1,2362432
7290110114787,false,נביעות+ מים מינרליים בטעם תפוח 1.5 ליטר,החברה המרכזית להפצת משקאות בעמ,,נביעות בטעמים 1.5 לי,ליטרים,1.50,ליטר,false,,8.90,5.9333,true,1,2329617
7290110114794,false,נביעות+ מים מינרליים בטעם אפרסק 1.5 ליטר,החברה המרכזית להפצת משקאות בעמ,,נביעות בטעמים 1.5 לי,ליטרים,1.50,ליטר,false,,8.90,5.9333,true,1,2329618
7290110114800,false,נביעות+ מים מינרליים בטעם ענבים 1.5 ליטר,החברה המרכזית להפצת משקאות בעמ,,נביעות בטעמים 1.5 לי,ליטרים,1.50,ליטר,false,,8.90,5.9333,true,1,2329619
7290110114855,false,"נביעות מים מינרליים, שישיה 6 * 1.5 ליטר פקדון",החברה המרכזית להפצת משקאות בעמ,,נביעות שישייה מים 1.,ליטרים,9.00,ליטר,false,,11.90,1.3222,true,1,2329851
7290110114893,false,מיץ תפוזים מפוסטר סחוט 2 ליטר,*החברה המרכזית להפצת משקאותבעמ,,מיץ תפוזים סחוט 2 לי,ליטרים,2.00,ליטר,false,,26.90,13.4500,true,1,2329862
7290110114961,false,משקה קל בטעם תפוזים פריגת (1.5 ליטר),החברה המרכזית להפצת משקאות בעמ,,פריגת תפוזים 1.5 ליט,ליטרים,1.50,ליטר,false,,8.90,5.9333,true,1,2329874
7290110114985,false,משקה קל בטעם אשכוליות פריגת (1.5 ליטר),החברה המרכזית להפצת משקאות בעמ,,פריגת אשכוליות 1.5 ל,ליטרים,1.50,ליטר,false,,8.90,5.9333,true,1,2329876
7290110114992,false,משקה קל בטעם אשכוליות לייט פריגת (1.5 לי,החברה המרכזית להפצת משקאות בעמ,,פריגת אשכוליות דיאט,ליטרים,1.50,ליטר,false,,8.90,5.9333,true,1,2329881
7290110115005,false,משקה קל בטעם ענבים פריגת (1.5 ליטר),החברה המרכזית להפצת משקאות בעמ,,פריגת ענבים 1.5 ליטר,ליטרים,1.50,ליטר,false,,8.90,5.9333,true,1,2329890
7290110115036,false,משקה קל בטעם מנגו פריגת (1.5 ליטר),החברה המרכזית להפצת משקאות בעמ,,פריגת מנגו 1.5 ליטר,ליטרים,1.50,ליטר,false,,8.90,5.9333,true,1,2329898
7290110115043,false,משקה קל בטעם לימונענע פריגת (1.5 ליטר),החברה המרכזית להפצת משקאות בעמ,,פריגת לימונענע 1.5 ל,ליטרים,1.50,ליטר,false,,8.90,5.9333,true,1,2329899
7290110115050,false,משקה קל בטעם תות בננה פריגת (1.5 ליטר),החברה המרכזית להפצת משקאות בעמ,,פריגת תות בננה 1.5 ל,ליטרים,1.50,ליטר,false,,8.90,5.9333,true,1,2329904
7290110115081,false,פריגת צלול ענבים 1.5 ליטר פיקדון,החברה המרכזית להפצת משקאות בעמ,,פריגת צלול ענבים 1.5,ליטרים,1.50,ליטר,false,,8.90,5.9333,true,1,2329945
7290110115104,false,פריגת צלול אפרסק 1.5 ליטר פיקדון,החברה המרכזית להפצת משקאות בעמ,,פריגת צלול אפרסק 1.5,ליטרים,1.50,ליטר,false,,8.90,5.9333,true,1,2329953
7290110115111,false,פריגת צלול אננס 1.5 ליטר פיקדון,החברה המרכזית להפצת משקאות בעמ,,פריגת צלול אננס 1.5,ליטרים,1.50,ליטר,false,,8.90,5.9333,true,1,2329954
7290110115180,false,נביעות מים מינרלים שקט 1.5 ליטר פיקדון,החברה המרכזית להפצת משקאות בעמ,,מים נביעות 1.5 ליטר,ליטרים,1.50,ליטר,false,,3.80,2.5333,true,1,2332637
7290110115203,false,קוקה קולה 1.5 ליטר פיקדון,החברה המרכזית להפצת משקאות בעמ,,קוקה קולה 1.5 ליטר,ליטרים,1.50,ליטר,false,,8.60,5.7333,true,1,2329973
7290110115210,false,קוקה קולה דיאט 1.5 ליטר פיקדון,החברה המרכזית להפצת משקאות בעמ,,דיאט קוקה קולה 1.5 ל,ליטרים,1.50,ליטר,false,,8.60,5.7333,true,1,2329974
7290110115227,false,קוקה קולה Zero בקבוק 1.5 ליטר פיקדון,החברה המרכזית להפצת משקאות בעמ,,קולה זירו 1.5 ליטר,ליטרים,1.50,ליטר,false,,8.60,5.7333,true,1,2329981
7290110115234,false,קוקה קולה דיאט זירו 1.5 ליטר פיקדון,החברה המרכזית להפצת משקאות בעמ,,קולה זירו נטול 1.5לי,ליטרים,1.50,ליטר,false,,8.60,5.7333,true,1,2329982
7290110115241,false,קוקה קולה דיאט לימון 1.5 ליטר פיקדון,החברה המרכזית להפצת משקאות בעמ,,קולה זירו לימון 1.5ל,ליטרים,1.50,ליטר,false,,8.60,5.7333,true,1,2329983
7290110115265,false,ספרייט לימון ליים 1.5 ליטר-,החברה המרכזית להפצת משקאות בעמ,,ספרייט 1.5 ליטר,ליטרים,1.50,ליטר,false,,8.50,5.6667,true,1,2329985
7290110115272,false,ZERO ספרייט 1.5 ליטר פיקדון,החברה המרכזית להפצת משקאות בעמ,,ZERO ספרייט 1.5 ליטר,ליטרים,1.50,ליטר,false,,8.50,5.6667,true,1,2331445
7290110115289,false,ספרייט 19 קל' לימון-נענע 1.5 ליטר פיקדון,החברה המרכזית להפצת משקאות בעמ,,ספרייט 1.5 ליטר לימו,ליטרים,1.50,ליטר,false,,8.50,5.6667,true,1,2330020
7290110115302,false,משקה מוגז אורנג' זירו פאנטה 1.5 ליטר,החברה המרכזית להפצת משקאות בעמ,,פאנטה זירו אורנג' 1.,ליטרים,1.50,ליטר,false,,8.80,5.8667,true,1,2330028
7290110115319,false,פאנטה אקזוטי פירות טרופיים 1.5ל פיקדון,החברה המרכזית להפצת משקאות בעמ,,פאנטה אקזוטי 1.5 ליט,ליטרים,1.50,ליטר,false,,8.80,5.8667,true,1,2330034
7290110115326,false,פאנטה אורנג`מנגו מוגז 1.5 ליטר פיקדון,החברה המרכזית להפצת משקאות בעמ,,פאנטה אורנג-מנגו 1.5,ליטרים,1.50,ליטר,false,,8.80,5.8667,true,1,2330035
7290110115333,false,גזוז בטעם תות פאנטה 1.5 ליטר פיקדון,החברה המרכזית להפצת משקאות בעמ,,פאנטה תות 1.5 ליטר,ליטרים,1.50,ליטר,false,,8.80,5.8667,true,1,2330036
7290110115340,false,פאנטה ענבים 1.5 ליטר פיקדון,החברה המרכזית להפצת משקאות בעמ,,פאנטה ענבים 1.5 ליטר,ליטרים,1.50,ליטר,false,,8.80,5.8667,true,1,2330037
7290110115357,false,קינלי סודה 1.5 ליטר פיקדון,החברה המרכזית להפצת משקאות בעמ,,סודה קינלי 1.5ליטר,ליטרים,1.50,ליטר,false,,3.80,2.5333,true,1,2330088
7290110115364,false,קוקה קולה שישיות 1.5 ליטר פיקדון,החברה המרכזית להפצת משקאות בעמ,,קוקה קולה שישייה 1.5,ליטרים,9.00,ליטר,false,,49.90,5.5444,true,1,2329986
7290110115371,false,דיאט קוקה קולה שישיות 1.5 ליטר פיקדון,החברה המרכזית להפצת משקאות בעמ,,קוקה קולה דיאט שישיי,ליטרים,9.00,ליטר,false,,46.50,5.1667,true,1,2329987
7290110115388,false,ספרייט לימון ליים 1.5 ליטר מארז שישייה,החברה המרכזית להפצת משקאות בעמ,,ספרייט שישייה 1.5 לי,ליטרים,9.00,ליטר,false,,49.90,5.5444,true,1,2330021
7290110115395,false,ספרייט זירו שישיות 1.5 ליטר פיקדון,החברה המרכזית להפצת משקאות בעמ,,שישיית ZERO ספרייט 1,ליטרים,9.00,ליטר,false,,46.50,5.1667,true,1,2330022
7290110115401,false,קינלי סודה שישייה 1.5 ליטר פיקדון,החברה המרכזית להפצת משקאות בעמ,,שישיית סודה קינלי 1.,ליטרים,9.00,ליטר,false,,14.90,1.6556,true,1,2330089
7290110115418,false,קוקה קולה זירו 1.5 ליטר מארז שישייה,החברה המרכזית להפצת משקאות בעמ,,ZERO קולה שישייה 1.5,ליטרים,9.00,ליטר,false,,46.50,5.1667,true,1,2329988
7290110115425,false,FUZE TEA גרין לימונענע -נענע 1.5 ליטר פיקדון,החברה המרכזית להפצת משקאות בעמ,,FUZE-T לימון נענע 1.,ליטרים,1.50,ליטר,false,,8.90,5.9333,true,1,2330090
7290110115449,false,פיוז-טי תה מנגו אננס 1.5 ליטר פיקדון,החברה המרכזית להפצת משקאות בעמ,,FUZE-T מנגו אננס 1.5,ליטרים,1.50,ליטר,false,,8.90,5.9333,true,1,2330096
7290110115456,false,פיוז-טי תה אפרסק 1.5 ליטר 19 קל פיקדון,החברה המרכזית להפצת משקאות בעמ,,FUZE-T אפרסק 1.5 ליט,ליטרים,1.50,ליטר,false,,8.90,5.9333,true,1,2330097
7290110115463,false,פיוז-טי תה אפרסק 1.5 ליטר פיקדון,החברה המרכזית להפצת משקאות בעמ,,FUZE-T אפרסק 1.5 ליט,ליטרים,1.50,ליטר,false,,8.90,5.9333,true,1,2330102
7290110115494,false,תה קר בטעם ענבים פיוז טי 1.5 ליטר,החברה המרכזית להפצת משקאות בעמ,,FUZE-T ענבים 1.5 ליט,ליטרים,1.50,ליטר,false,,8.90,5.9333,true,1,2330105
7290110115579,false,מארז רביעייה פאנטה אורנג' 1.5 ל',החברה המרכזית להפצת משקאות בעמ,,מארז רביעיית פאנטה 1,ליטרים,6.00,ליטר,false,,35.90,5.9833,true,1,2330038
7290110115586,false,פריגת תפוזים 40% פחות סוכר 1.5 ליטר פיקדון,החברה המרכזית להפצת משקאות בעמ,,פריגת תפוזים 40% פחו,ליטרים,1.50,ליטר,false,,8.90,5.9333,true,1,2329940
7290110115593,false,פריגת אשכוליות 40% פחות סוכר 1.5 ליטר פיקדון,החברה המרכזית להפצת משקאות בעמ,,פריגת אשכוליות 40% פ,ליטרים,1.50,ליטר,false,,8.90,5.9333,true,1,2329946
7290110115616,false,פיוז-טי תה גרין אננס זירו 1.5 ליטר פיקדו,החברה המרכזית להפצת משקאות בעמ,,FUZE-T זירו גרין אננ,ליטרים,1.50,ליטר,false,,8.90,5.9333,true,1,2334255
7290110115623,false,פיוז-טי תה אפרסק זירו 1.5 ליטר פיקדון,החברה המרכזית להפצת משקאות בעמ,,FUZE-T זירו אפרסק 1.,ליטרים,1.50,ליטר,false,,8.90,5.9333,true,1,2334256
7290110115913,false,"משקה ספורט איזוטוני זירו בטעם אננס 500 מ""ל פאוורייד",החברה המרכזית להפצת משקאות בעמ,,פאוורייד ZERO בטעם א,מיליליטרים,500.00,"100 מ""ל",false,,9.90,0.0198,true,1,2351850
7290110116064,false,פאנטה זירו בטעם פירות ירוק 1.5 ל פיקדון,החברה המרכזית להפצת משקאות בעמ,,פאנטה זירו פירות ירו,ליטרים,1.50,ליטר,false,,8.80,5.8667,true,1,2356494
7290110116125,false,"סירופ פריגת בטעם פטל 750 מ""ל פיקדון",החברה המרכזית להפצת משקאות בעמ,,"סירופ פטל 750 מ""ל",מיליליטרים,750.00,"100 מ""ל",false,,24.90,0.0332,true,1,2375341
7290110116132,false,"סירופ פריגת בטעם לימון 750 מ""ל פיקדון",החברה המרכזית להפצת משקאות בעמ,,"סירופ לימון 750 מ""ל",מיליליטרים,750.00,"100 מ""ל",false,,24.90,0.0332,true,1,2375342
7290110116149,false,"סירופ פריגת בטעם ענבים 750 מ""ל פיקדון",החברה המרכזית להפצת משקאות בעמ,,"סירופ ענבים 750 מ""ל",מיליליטרים,750.00,"100 מ""ל",false,,24.90,0.0332,true,1,2375343
7290110116194,false,נביעות+ סדרת 0 קלוריות לימון-ליים 1.5 ליטר,החברה המרכזית להפצת משקאות בעמ,,נביעות + לימון ליים,ליטרים,1.50,ליטר,false,,9.90,6.6000,true,1,2371498
7290110116200,false,מים 0 קלוריות בטעם לימון-ליים 0.5 ל נביעות,החברה המרכזית להפצת משקאות בעמ,,בקבוק נביעות+ לימון,מיליליטרים,500.00,"100 מ""ל",false,,6.50,0.0130,true,1,2371499
7290110116217,false,נביעות+ סדרת 0 קלוריות אשכוליות 1.5 ליטר,החברה המרכזית להפצת משקאות בעמ,,נביעות + אשכוליות 1.,ליטרים,1.50,ליטר,false,,9.90,6.6000,true,1,2371500
7290110116224,false,נביעות 0 קלוריות בטעם אשכולית 0.5 ליטר,החברה המרכזית להפצת משקאות בעמ,,בקבוק נביעות+ אשכולי,מיליליטרים,500.00,"100 מ""ל",false,,6.50,0.0130,true,1,2371501
7290110116385,false,"פחיות סטפאני מרשמלו אבטיח תות זירו 330 מ""ל",החברה המרכזית להפצת משקאות בעמ,,קולה זירו בטעם אבטיח,מיליליטרים,330.00,"100 מ""ל",false,,5.40,0.0164,true,1,2363718
7290110116392,false,"סירופ פריגת בטעם תפוזים 750 מ""ל פיקדון",החברה המרכזית להפצת משקאות בעמ,,"סירופ תפוזים 750 מ""ל",מיליליטרים,750.00,"100 מ""ל",false,,24.90,0.0332,true,1,2375344
7290110116552,false,ספרייט לימון היט 1.5 ליטר LIME פיקדון,החברה המרכזית להפצת משקאות בעמ,,ספרייט 1.5 ליטר LEMO,ליטרים,1.50,ליטר,false,,8.50,5.6667,true,1,2375377
7290110116569,false,ספרייט זירו 1.5 ליטר LEMON HIT פיקדון,החברה המרכזית להפצת משקאות בעמ,,ספרייט זירו 1.5 ליטר,ליטרים,1.50,ליטר,false,,8.50,5.6667,true,1,2375022
7290110320591,false,גבינה בולגרית במרקם מעודן 16% פיראוס,"תנובה בע""מ ***",,בולגרית 16% פיראוס ב,גרמים,250.00,100 גרם,false,,21.90,0.0876,true,1,1721409
7290110320683,false,שמיניית משקה יוגורט 1.5% טעם תות יופלה 107 גרם,מיוצר עי קונדיטוריית,,מארז 8 יופלה 360 טעם,גרמים,856.00,100 גרם,false,,16.40,0.0192,true,1,1825375
7290110320850,false,פתיתים גבינה חצי קשה מגורדת 28% שומן,תנובה מרכז שיתופי לש,,פתיתי עמק למאפים 200,גרמים,200.00,100 גרם,false,,14.90,0.0745,true,1,1839373
7290110320867,false,פתיתים גבינה חצי קשה מגורדת 28% שומן,תנובה מרכז שיתופי לש,,פתיתי עמק למאפים 28%,גרמים,500.00,100 גרם,false,,32.90,0.0658,true,1,1825377
7290110320935,false,פרוסות מוצרלה 150 גר`קולקשיין תנובה,תנובה מרכז שיתופי לש,,פרוסות מוצרלה 150 גר,גרמים,150.00,100 גרם,false,,15.90,0.1060,true,1,1825384
7290110321277,false,קוטג בקטנה 5%. 100 גרם מהדרין תנובה,פארייפאבה אגרואינדוס,,קוטג' 5% בקטנה 100 ג,גרמים,100.00,100 גרם,false,,2.90,0.0290,true,1,1854175
7290110321284,false,קוטג' בקטנה 9% תנובה 100 גרם מהדרין,פארייפאבה אגרואינדוס,,קוטג' 9% בקטנה מהדרי,גרמים,100.00,100 גרם,false,,2.90,0.0290,true,1,1854176
7290110321604,false,קוביות פיראוס בולגרית מעודנת 5% 200 גרם - רבנות,"תנובה בע""מ ***",,קוביות בולגרית 5% פי,גרמים,200.00,100 גרם,false,,19.90,0.0995,true,1,1973098
7290110321680,false,יוגורט GO בטעם תות 20 גרם חלבון בגביע,מיוצר עי קונדיטוריית,,יוגורט יופלה GO תות,גרמים,200.00,100 גרם,false,,5.40,0.0270,true,1,1907062
7290110321697,false,יוגורט GO בטעם אפרסק 20 גרם חלבון בגביע,מיוצר עי קונדיטוריית,,יוגורט יופלה GO אפרס,גרמים,200.00,100 גרם,false,,5.40,0.0270,true,1,1907063
7290110321703,false,יוגורט עם פירות יער בתוספת חלבוני חלב 2% שומן,מיוצר עי קונדיטוריית,,יוגורט יופלה GO פירו,גרמים,200.00,100 גרם,false,,5.40,0.0270,true,1,1954035
7290110321789,false,גבינת מסקרפונה 38% שומן 250 גר`השף הלבן,"תנובה בע""מ ***",,גבינת מסקרפונה 38% 2,גרמים,250.00,100 גרם,false,,19.90,0.0796,true,1,1922748
7290110322014,false,טופו בטעם טבעי תנובה ALTERNATIVE,שוורצקוף& הנקל דיסלד,,טופו טבעי 300 גרם תנ,גרמים,300.00,100 גרם,false,,12.90,0.0430,true,1,1954036
7290110323073,false,"משקה יוגורט יופלה גו תות פטל 250 מ""ל - רבנות",מיוצר עי קונדיטוריית,,משקה יוגורט מועשר בח,מיליליטרים,236.00,"100 מ""ל",false,,5.90,0.0250,true,1,2017653
7290110323301,false,טל העמק בסגנון אמנטל 32% שומן 200 גרם,"תנובה בע""מ ***",,גבינת טל העמק 32% שו,גרמים,200.00,100 גרם,false,,17.90,0.0895,true,1,2117095
7290110323585,false,יופלה יוגורט עם דובדבן מופחת קלוריות 200 ג' GO,"תנובה בע""מ ***",,יוגורט יופלה GO דובד,גרמים,200.00,100 גרם,false,,5.40,0.0270,true,1,2077986
7290110323592,false,יוגורט GO לייט בטעם אפרסק 20 גרם חלבון בגביע,תנובה בעמ ***,,יוגורט יופלה GO אפרס,גרמים,200.00,100 גרם,false,,5.40,0.0270,true,1,2077987
7290110324070,false,גבינת חלומי מחלב בקר (30% 200 גר`)פירא,תנובה - חלב,,גבינת חלומי מחלב בקר,גרמים,200.00,100 גרם,false,,16.90,0.0845,true,1,2126145
7290110324353,false,יוגורט GO לייט בטעם אננס 20 גרם חלבון בגביע,מיוצר עי קונדיטוריית,,יוגורט יופלה GO לייט,גרמים,200.00,100 גרם,false,,5.40,0.0270,true,1,2200979
7290110324551,false,יופלה טיוב יוגורט במרקם חלק תות כשרות מהדרין,"תנובה בע""מ ***",,מארז 6 יופלה טיוב תו,גרמים,348.00,100 גרם,false,,11.90,0.0342,true,1,2170853
7290110324711,false,ממרח סויה 9% שומן בטעם טבעי תנובה 250 גרם,מיוצר עי קונדיטוריית,,ממרח סויה בסגנון גבי,גרמים,250.00,100 גרם,false,,8.00,0.0320,true,1,2210685
7290110324728,false,ממרח סויה 9% שומן עם שום שמיר תנובה 250 גרם,מיוצר עי קונדיטוריית,,ממרח סויה בסגנון גבי,גרמים,250.00,100 גרם,false,,8.00,0.0320,true,1,2210686
7290110324841,false,מעדן שקדים עם שוקולד מריר תנובה 125 גרם,מיוצר עי קונדיטוריית,,מעדן שקדים עם שוקולד,גרמים,125.00,100 גרם,false,,3.90,0.0312,true,1,2230612
7290110324858,false,מעדן שקדים בטעם אגוזי לוז תנובה 125 גרם,מיוצר עי קונדיטוריית,,מעדן שקדים בטעם אגוז,גרמים,125.00,100 גרם,false,,3.90,0.0312,true,1,2230613
7290110324872,false,גבינה צהובה גלבוע (5% 200 גר`)תנובה,גלבוע - תנובה,,גבינה גלבוע פרוס 200,גרמים,200.00,100 גרם,false,,17.90,0.0895,true,1,2232657
7290110324926,false,משקה סויה ללא תוספת סוכר E אלטרנטיב,תנובה מרכז שיתופי לש,,משקה סויה ללא תוספת,ליטרים,1.00,ליטר,false,,10.90,10.9000,true,1,2227428
7290110325084,false,מאגדת שמינייה מיני קרלו שוניל 8*100גרם,"תנובה בע""מ ***",,מאגדת שמינייה מיני ק,מיליליטרים,800.00,"100 מ""ל",false,,14.90,0.0186,true,1,2221225
7290110325305,false,יופלה GO סויה 20 גרם חלבון במתיקות מעודנת תנובה 200 גרם,מיוצר עי קונדיטוריית,,מעדן סויה גו 20 גרם,גרמים,200.00,100 גרם,false,,5.90,0.0295,true,1,2230621
7290110325312,false,יופלה GO סויה 20 גרם חלבון בטעם תות תנובה 200 גרם,תנובה בעמ ***,,מעדן סויה גו 20 גרם,גרמים,200.00,100 גרם,false,,5.90,0.0295,true,1,2230622
7290110325510,false,יופלה טיוב יוגורט במרקם חלק בטעם וניל-יוניקור,"תנובה בע""מ ***",,מארז 6 יופלה טיוב ונ,גרמים,348.00,100 גרם,false,,11.90,0.0342,true,1,2233227
7290110325619,false,משקה שיבולת שועל תנובה E אלטרנטיב,מיוצר עי קונדיטוריית,,משקה שיבולת שועל 1 ל,ליטרים,1.00,ליטר,false,,11.90,11.9000,true,1,2236056
7290110325701,false,פיראוס צזיקי יווני 9% שומן בשיטת יצור מסורתית על בסיס יוגורט,גוד פוד פרודקטס S.p,,צזיקי יווני פיראוס 9,גרמים,250.00,100 גרם,false,,10.90,0.0436,true,1,2244023
7290110326210,false,יופלה און טופ פצפוצים תנובה 157 גרם,מיוצר עי קונדיטוריית,,יופלה און טופ פצפוצי,גרמים,157.00,100 גרם,false,,5.20,0.0331,true,1,2247765
7290110326227,false,יופלה און טופ קורנפלקס תנובה 157 גרם,מיוצר עי קונדיטוריית,,יופלה און טופ קורנפל,גרמים,157.00,100 גרם,false,,5.20,0.0331,true,1,2247766
7290110326234,false,יופלה און טופ כוכבים תנובה 157 גרם,מיוצר עי קונדיטוריית,,יופלה און טופ כוכבים,גרמים,157.00,100 גרם,false,,5.20,0.0331,true,1,2247767
7290110326241,false,יופלה און טופ גרנולה תנובה 157 גרם,מיוצר עי קונדיטוריית,,יופלה און טופ גרנולה,גרמים,157.00,100 גרם,false,,5.20,0.0331,true,1,2247768
7290110326333,false,פרוסות גבינה סקנדינבית 170 גר`קולקשיין,"תנובה בע""מ ***",,פרוסות גבינה סקנדינב,גרמים,200.00,100 גרם,false,,13.90,0.0695,true,1,2269334
7290110326982,false,משקה חלב עם שוקולד קלאסי יולו 1 ליטר,תנובה מרכז שיתופי לש,,משקה חלב עם שוקולד ק,ליטרים,1.00,ליטר,false,,12.90,12.9000,true,1,2257500
7290110326999,false,"משקאות חלב+שוקולד קלאסי 340 מ""ל YOLO בקבוק.",תנובה - חלב,,משקה חלב עם שוקולד ק,מיליליטרים,340.00,"100 מ""ל",false,,6.90,0.0203,true,1,2257501
7290110327033,false,משקה סויה תנובה גו מועשר בחלבון במתיקות מופחתת,מיוצר עי קונדיטוריית,,משקה סויה תנובה גו,ליטרים,1.00,ליטר,false,,11.90,11.9000,true,1,2260648
7290110327545,false,יופלה און טופ בטעם תות בתוספת פצפוצים מצופים שוקולד 157 גרם,מיוצר עי קונדיטוריית,,יופלה און טופ בטעם ת,גרמים,157.00,100 גרם,false,,5.20,0.0331,true,1,2277592
7290110327804,false,חטיף חלבון GO - עוגיות 60 ג' חלב נוכרי - רבנות,"בלמונט קונפקציות בע""\מ.",,חטיף חלבון GO בטעם ב,גרמים,20.00,100 גרם,false,,11.90,0.5950,true,1,2306296
7290110327811,false,חטיף חלבון GO בטעם בצק קוקוס 20 גר`חלבו,"בלמונט קונפקציות בע""\מ.",,חטיף חלבון GO בטעם ק,גרמים,20.00,100 גרם,false,,11.90,0.5950,true,1,2306297
7290110327828,false,חטיף חלבון GO - חמאת בוטנים 60 ג' חלב נוכרי - רבנות,"בלמונט קונפקציות בע""\מ.",,חטיף חלבון GO בטעם ח,גרמים,20.00,100 גרם,false,,11.90,0.5950,true,1,2306298
7290110328016,false,משקה סויה מועשר בחלבון בטעם אגוזי לוז 250 גרם,שוורצקוף& הנקל דיסלד,,משקה סויה מועשר בחלב,גרמים,250.00,100 גרם,false,,5.90,0.0236,true,1,2284631
7290110328474,false,פלח פרמג`יאנו רג`יאנו 150 גר`קולקשיין ת,מנדלז סי.אר. פרודקשן,,גבינת פרמג'יאנו רג'י,גרמים,150.00,100 גרם,false,,27.90,0.1860,true,1,2298626
7290110328481,false,פתיתי פרמג'יאנו רג'יאנו מחלב בקר 30%,ברטינלי גיאני א.,,פתיתי פרמג'יאנו רג'י,גרמים,100.00,100 גרם,false,,14.90,0.1490,true,1,2298627
7290110328610,false,אלטרנטיב בריסטה משקה אורז ושקדים 1 ליטר,תנובה Alternative,,משקה אורז ושקדים ברי,ליטרים,1.00,ליטר,false,,11.90,11.9000,true,1,2357098
7290110328627,false,יוגורט יופלה GO במרקם סמיך בטעם בננה קרמל 0%,מיוצר עי קונדיטוריית,,יוגורט יופלה GO בננה,גרמים,200.00,100 גרם,false,,5.40,0.0270,true,1,2306927
7290110328764,false,יוגורט יופלה GO במרקם סמיך עם תות 0%,מיוצר עי קונדיטוריית,,יוגורט יופלה GO תות,גרמים,200.00,100 גרם,false,,5.40,0.0270,true,1,2306928
7290110328771,false,יוגורט יופלה GO במרקם סמיך עם פירות יער 0%,מיוצר עי קונדיטוריית,,יוגורט יופלה GO פירו,גרמים,200.00,100 גרם,false,,5.40,0.0270,true,1,2306929
7290110328788,false,יוגורט יופלה GO במרקם סמיך בטעם אפרסק 0%,תנובה מרכז שיתופי לש,,יוגורט יופלה GO אפרס,גרמים,200.00,100 גרם,false,,5.40,0.0270,true,1,2306930
7290110328955,false,קוביות גבינת עזים בשמן מתובל פיראוס 350 גרם,דודוני תעשיית החלב החקלא,,קוביות גבינת עזים בש,גרמים,350.00,100 גרם,false,,24.90,0.0711,true,1,2352647
7290110329136,false,מעדן חלב מעושר בחלבון בטעם שוקולד 120 ג' GO,תנובה מרכז שיתופי לש,,מעדן חלב גו בטעם שוק,גרמים,120.00,100 גרם,false,,4.90,0.0408,true,1,2330247
7290110329143,false,מעדן חלב מעושר בחלבון בטעם וניל גביע 120 ג' GO,תנובה מרכז שיתופי לש,,מעדן חלב גו בטעם וני,גרמים,120.00,100 גרם,false,,4.90,0.0408,true,1,2330248
7290110329686,false,משקה GO חלב בטעם עוגיות 27 גר`חלבון,מיוצר עי קונדיטוריית,,משקה תנובה GO בטעם ע,מיליליטרים,340.00,"100 מ""ל",false,,7.90,0.0232,true,1,2328633
7290110329730,false,"משקה חלב עם שוקולד וקפה בסגנון לאטה 2.7%  230 מ""ל תנובה",תנובה מרכז שיתופי לש,,משקה חלב עם שוקולד ו,גרמים,230.00,100 גרם,false,,6.90,0.0300,true,1,2353970
7290110329792,false,יוגורט סויה BIO Alternative אפרסק 150 ג' תנובה,מיוצר עי קונדיטוריית,,מעדן סויה ביו אפרסק,גרמים,150.00,100 גרם,false,,4.50,0.0300,true,1,2335687
7290110329808,false,יוגורט סויה BIO Alternative תות 150 ג' תנובה,מיוצר עי קונדיטוריית,,מעדן סויה ביו תות אל,גרמים,150.00,100 גרם,false,,4.50,0.0300,true,1,2335688
7290110329815,false,סויה BIO מתיקות מעודנת גביע 150 גרם אלטרנטיב,מיוצר עי קונדיטוריית,,מעדן סויה ביו מתיקות,גרמים,150.00,100 גרם,false,,4.50,0.0300,true,1,2335689
7290110329822,false,יוגורט סויה BIO Alternative פירות יער 150 ג' תנובה,מיוצר עי קונדיטוריית,,מעדן סויה ביו בטעם פ,גרמים,150.00,100 גרם,false,,4.50,0.0300,true,1,2335690
7290110329839,false,פרוסות צהובה בטעם זיתים 200 ג' אלטרנטיב אלטרנטיב,מיוצר עי קונדיטוריית,,פרוסות צהובה בטעם זי,גרמים,200.00,100 גרם,false,,20.90,0.1045,true,1,2330255
7290110329846,false,יוגורט סויה BIO Alternative בטעם טבעי 150 ג' תנובה,מיוצר עי קונדיטוריית,,מעדן סויה ביו טבעי א,גרמים,150.00,100 גרם,false,,4.50,0.0300,true,1,2335691
7290110550219,false,מטבעות שוקולד לבן לאפיה 400 גרם עלית,"שטראוס גרופ בע""מ",,מטבעות שוקולד לבן לא,גרמים,400.00,100 גרם,false,,29.90,0.0747,true,1,2351999
7290110550226,false,מטבעות שוקולד מריר לאפיה 400 גרם עלית,שטראוס גרופ בע`מ,,מטבעות שוקולד מריר ל,גרמים,400.00,100 גרם,false,,29.90,0.0747,true,1,2352000
7290110552121,false,יוגורט 5% בתוספת סידן וויטמין D היוגורט הראשון שלי,שטראוס גרופ בעמ/מצונן,,יוגורט 5%+ויטמין D,גרמים,100.00,100 גרם,false,,2.20,0.0220,true,1,2351524
7290110552220,false,יוגורט PRO בטעם תות 0% סוכר לבן 20 גרם חלבון בגביע,שטראוס גרופ בעמ/מצונן,,דנונה פרו 20 גר ללא,גרמים,200.00,100 גרם,false,,5.90,0.0295,true,1,2334136
7290110552237,false,יוגורט פרו בטעם אפרסק מנגו ללא סוכר 200 ג' דנונה,שטראוס גרופ בעמ/מצונן,,דנונה פרו 20 גר ללא,גרמים,200.00,100 גרם,false,,5.90,0.0295,true,1,2334137
7290110553098,false,מאגדת חטיפים אנרג'י מיקס צימוקים אגוזים 100X4 גרם,אנרג'י Energy - שטראוס,,אנרג'י מיקס צימוקים,גרמים,100.00,100 גרם,false,,15.90,0.1590,true,1,2363652
7290110553104,false,נסקפה קפוצ'ינו סטיק קלאסי 130 ג' עלית,שטראוס גרופ בע`מ,,קפוצ'ינו סטיק קלאסי,גרמים,130.00,100 גרם,false,,15.90,0.1223,true,1,2374568
7290110553135,false,נסקפה קפוצ'ינו סטיק וניל 130 ג' עלית,שטראוס גרופ בע`מ,,קפוצ'ינו סטיק וניל,גרמים,130.00,100 גרם,false,,15.90,0.1223,true,1,2374569
7290110553173,false,אנרגי פריכיות אורז בטעם קרמל 50 גרם,סאנורייס בלגיום,,פרכיות אנרג'י בטעם ק,גרמים,40.00,100 גרם,false,,6.90,0.1725,true,1,2369504
7290110553180,false,אנרגי פריכיות אורז בטעם תפוח קינמון 50 ג,שטראוס גרופ בע`מ,,פרכיות אנרג'י בטעם ת,גרמים,40.00,100 גרם,false,,6.90,0.1725,true,1,2369505
7290110553425,false,קפה נמס 200 גרם +20% תוספת עלית,שטראוס קפה בי.וי,,נס קפה 200 גרם + 20%,גרמים,240.00,100 גרם,false,,19.90,0.0829,true,1,2333653
7290110554101,false,"סירופ מייפל בפאוץ' יד מרדכי 125 מ""ל",שטראוס גרופ בע`מ,,סירופ מייפל בפאוץ' 1,מיליליטרים,125.00,"100 מ""ל",false,,14.90,0.1192,true,1,2363097
7290110554118,false,נודלס מלזי חריף עם טופו וירקות ברוטב קארי ירוק,קפוא-זן תעשיות מזון בעמ - תפוג,,נודלס מלזי חריף,גרמים,350.00,100 גרם,false,,26.90,0.0769,true,1,2332886
7290110554125,false,דלישס נודלס בסגנון סצ`ואן חריף 350 גרם,קפוא-זן תעשיות מזון בעמ - תפוג,,נודלס סצ'ואן חריף,גרמים,350.00,100 גרם,false,,26.90,0.0769,true,1,2332887
7290110554262,false,חלבית מלבין קפה חלבי 350 ג' עלית,שטראוס גרופ בע`מ,,חלבית אבקה חלבי 350,גרמים,350.00,100 גרם,false,,18.90,0.0540,true,1,2364314
7290110554422,false,פומודורו רוטב עגבניות ופלפלים לשקשוקה לפסטה יד מרדכי 350 גרם,אמיליאנה קונסרב סוסייטה,,רוטב עגבניות ופלפלים,גרמים,350.00,100 גרם,false,,11.90,0.0340,true,1,2337921
7290110554477,false,קפסולת אספרסו לאפוגטו טעם מייפל פקאן 50 ג' עלית,שטראוס קפה בי.וי.,,קפסולות למכונות נספר,גרמים,50.00,100 גרם,false,,16.50,0.3300,true,1,2355378
7290110554514,false,קפה טורקי איתיופי שקית 100 גרם,שטראוס קפה בי.וי.,,קפה טורקי אתיופי 100,גרמים,100.00,100 גרם,false,,8.90,0.0890,true,1,2355373
7290110554583,false,מארז חטיפי צ'יטוס פאפס בטעם גבינה - 10 יחידות,"שטראוס פריטו ליי בע""\מ )",,מארז צ'יטוס פאפס גבי,גרמים,200.00,100 גרם,false,,12.90,0.0645,true,1,2334356
7290110554699,false,"קפה עולה קפסולות אספרסו קלייה איטית וכהה מאוד, 10 * 50 ג'",שטראוס קפה בי.וי.,,"קפסולות שת""פ למכונות",גרמים,50.00,100 גרם,false,,18.90,0.3780,true,1,2369678
7290110554705,false,קפסולות נספרסו לקפה יוניקו סדרת בתי הקלייה 10יח,שטראוס קפה בי.וי.,,"קפסולות שת""פ למכונות",גרמים,50.00,100 גרם,false,,18.90,0.3780,true,1,2369679
7290110554712,false,"קפסולות קפה אספרסו קלייה איטית ובהירה, 10 * 50 ג'",שטראוס קפה בי.וי.,,"קפסולות שת""פ למכונות",גרמים,50.00,100 גרם,false,,18.90,0.3780,true,1,2369680
7290110554729,false,קפסולות עלית אספרסו 04 תואמות למכונות NESPRESSO,שטראוס קפה בי.וי.,,קפסולות למכונות נספר,גרמים,50.00,100 גרם,false,,16.50,0.3300,true,1,2344500
7290110554798,false,פולי אספרסו עשירים וארומטיים עוצמה 8 עלית 250 גרם,שטראוס קפה בי. וי.,,פולי אספרסו עלית 250,גרמים,250.00,100 גרם,false,,21.90,0.0876,true,1,2349466
7290110555009,false,זוג פסאטה מחית עגבניות חלקה יד מרדכי 700 גרם,אמיליאנה קונסרב ס.פ.,,פסאטה זוג 700ג' יד מ,גרמים,700.00,100 גרם,false,,11.90,0.0170,true,1,2351993
7290110555078,false,לאבנה עם שמן זית ועשבי תיבול שטראוס 250 גרם,שטראוס גרופ בעמ/מצונן,,לאבנה עם שמן זית ועש,גרמים,250.00,100 גרם,false,,9.90,0.0396,true,1,2353104
7290110555092,false,לאבנה עם שמן זית וצ'ילי שטראוס 250 גרם,שטראוס גרופ בעמ/מצונן,,לאבנה עם שמן זית וצי,גרמים,250.00,100 גרם,false,,9.90,0.0396,true,1,2353105
7290110555603,false,ספלנדיד אבקה להכנת משקה בטעם שוקולטה,"שטראוס גרופ בע""מ",,שוקולוטה ספלנדיד בפח,גרמים,360.00,100 גרם,false,,21.90,0.0608,true,1,2374588
7290110555665,false,קקאו דל שומן עלית בקופסא 220 גרם,"שטראוס גרופ בע""מ",,קקאו דל שומן בפחית,גרמים,220.00,100 גרם,false,,18.90,0.0859,true,1,2374589
7290110555788,false,נסקפה קפוצ'ינו פחית וניל 200 ג' עלית,"שטראוס גרופ בע""מ",,קפוצינו וניל פחית,גרמים,200.00,100 גרם,false,,19.90,0.0995,true,1,2374574
7290110556242,false,"שוקולד מריר פרווה 100 גר' בד""ץ תוצרת חוץ","שטראוס גרופ בע""מ.",,שוקולד מריר פרווה 10,גרמים,100.00,100 גרם,false,,5.90,0.0590,true,1,2365580
7290110557027,false,חומוס עשיר 50% טחינה גולמית 400 ג' אחלה,שטראוס גרופ בעמ/מצונן,,חומוס אחלה עשיר ב-50,גרמים,400.00,100 גרם,false,,11.90,0.0298,true,1,2331311
7290110557102,false,מעדן חלב עם שוקולד מועשר בחלבון 150 ג' שטראוס,שטראוס גרופ בעמ/מצונן,,מעדן חלב דנונה פרו 1,גרמים,150.00,100 גרם,false,,4.90,0.0327,true,1,2325157
7290110557133,false,מעדן הגולן וניל 125 ג' שטראוס,שטראוס גרופ בעמ/מצונן,,מעדן הגולן וניל 125,גרמים,125.00,100 גרם,false,,2.90,0.0232,true,1,2328352
7290110557317,false,יוגורט בתוספת סידן וויטמין ד עם שיבולת שועל 100 ג' דנונה,שטראוס גרופ בעמ/מצונן,,יוגורט שיבולת שועל ד,גרמים,100.00,100 גרם,false,,2.20,0.0220,true,1,2351525
7290110557478,false,חומוס גלילי במרקם מעודן 600 גרם,שטראוס גרופ בעמ/מצונן,,חומוס גלילי 600 גרם,גרמים,600.00,100 גרם,false,,11.90,0.0198,true,1,2344905
7290110557645,false,מאגדת חטיפים אנרג'י מיקס צימוקים חמוציות 100X4 גרם,"שטראוס גרופ בע""מ",,אנרג'י מיקס צימוקים,גרמים,100.00,100 גרם,false,,15.90,0.1590,true,1,2363653
7290110558130,false,יוגורט אקטיביה עם שיבולת שועל ודבש 150 גרם,שטראוס גרופ בעמ/מצונן,,דנונה אקטיביה עם שיב,גרמים,150.00,100 גרם,false,,4.50,0.0300,true,1,2356291
7290110558154,false,דנונה לייט אנד פרי עוגת תפוחים 150ג דנונה,שטראוס גרופ בעמ/מצונן,,דנונה לייט אנד עוגת,גרמים,150.00,100 גרם,false,,4.50,0.0300,true,1,2362914
7290110558222,false,"וואו יוגורט עם שכבה בטעם בנופי פאי 5.4%, 150ג דנונה",שטראוס גרופ בעמ/מצונן,,דנונה WOW בנופי 150,גרמים,150.00,100 גרם,false,,4.50,0.0300,true,1,2362907
7290110558239,false,"וואו יוגורט עם שכבה בטעם קראק פאי 5.4%, 150 ג דנונה",שטראוס גרופ בעמ/מצונן,,דנונה WOW קראק פאי 1,גרמים,150.00,100 גרם,false,,4.50,0.0300,true,1,2362908
7290110558253,false,דנונה שייק נונה ריפרש בננה אננס וצ'יה,שטראוס גרופ בעמ/מצונן,,דנונה לשתייה ריפרש,גרמים,250.00,100 גרם,false,,5.50,0.0220,true,1,2356292
7290110558284,false,דנונה ביו מולטי שטראוס 200 גרם,שטראוס גרופ בעמ/מצונן,,יוגורט דנונה ביו מול,גרמים,200.00,100 גרם,false,,3.90,0.0195,true,1,2358947
7290110558307,false,יוגורט דנונה PRO עם שיבולת שועל במתיקות מעודנת,שטראוס גרופ בעמ/מצונן,,דנונה פרו 20 גרם עם,גרמים,200.00,100 גרם,false,,5.90,0.0295,true,1,2356299
7290110558314,false,דנונה פרו 20 גרם חלבון ללא סוכר פיסטוק 200 גרם,שטראוס גרופ בעמ/מצונן,,דנונה פרו 20 גר ללא,גרמים,200.00,100 גרם,false,,5.90,0.0295,true,1,2362916
7290110558338,false,דנונה פרו 25 ג' חלבון 200 ג' שטראוס,שטראוס גרופ בעמ/מצונן,,דנונה פרו 25 גרם חלב,גרמים,200.00,100 גרם,false,,5.90,0.0295,true,1,2356300
7290110558666,false,מעדן גבינה בטעם תפוח 88 ג' דניאלה,שטראוס גרופ בעמ/מצונן,,מעדן דניאלה תפוח 88,גרמים,88.00,100 גרם,false,,3.90,0.0443,true,1,2377230
7290110559007,false,"שועועית חומה טעם הטבע קופסה, 380 גרם",שטראוס גרופ בע`מ,,שעועית חומה טעם הטבע,גרמים,380.00,100 גרם,false,,6.90,0.0182,true,1,2363660
7290110559014,false,שעועית שחורה מבושלת טעם הטבע 380 גרם,שטראוס גרופ בע`מ,,שעועית שחורה טעם הטב,גרמים,380.00,100 גרם,false,,6.90,0.0182,true,1,2363661
7290110559755,false,ריל מאגדת בוטנים פיסטוק וחמוציות שטראוס 105 גרם,"ואמואליס פודס אס.איי,",,REAL מאגדת בוטנים פי,גרמים,105.00,100 גרם,false,,15.90,0.1514,true,1,2356429
7290110559762,false,ריל מאגדת אגוזים תמרים קוקוס שטראוס 105 גרם,"ואמואליס פודס אס.איי,",,REAL מאגדת אגוזים תמ,גרמים,105.00,100 גרם,false,,15.90,0.1514,true,1,2356430
7290110559939,false,דלישס נתחי סויה בסגנון שוארמה 350ג דלישס,קפוא זן תעשיות מזון בעמ,,נתחי סויה בסגנון שוא,גרמים,350.00,100 גרם,false,,26.90,0.0769,true,1,2364956
7290110560317,false,"הפריכיות הטעימות חומוס, עדשים שחורות, קינואה ומלח ים","פרח תעשיו מזון בע""מ",,פירכיות משולשות מלח,גרמים,30.00,100 גרם,false,,4.90,0.1633,true,1,2080101
7290110560324,false,"הפריכיות הטעימות תפו""א, אורז, אפונה ומלח ים","פרח תעשיו מזון בע""מ",,פירכיות משולשות אפונ,גרמים,30.00,100 גרם,false,,4.90,0.1633,true,1,2080102
7290110561352,false,דנונה יוגורט ביו פרוביוטי 3% דל לקטוז 150ג',שטראוס גרופ בעמ/מצונן,,יוגורט דנונה שטראוס,גרמים,200.00,100 גרם,false,,3.30,0.0165,true,1,1948710
7290110561604,false,מארז 8 יחידות מעדן גמדים בטעם תות בננה,שטראוס גרופ בעמ/מצונן,,מארז 8 גמדים שמינייה,גרמים,800.00,100 גרם,false,,17.90,0.0224,true,1,1894534
7290110563431,false,"משקה קפה קר בסגנון קלאסי 230 מ""ל 1.6% יוטבתה",שטראוס גרופ בעמ/מצונן,,משקה קפה קר בסגנון ק,מיליליטרים,230.00,"100 מ""ל",false,,7.90,0.0343,true,1,2143346
7290110563448,false,"משקה קפה קר בסגנון מעודן 230 מ""ל 1.6% יוטבתה",שטראוס גרופ בעמ/מצונן,,משקה קפה קר בסגנון מ,מיליליטרים,230.00,"100 מ""ל",false,,7.90,0.0343,true,1,2143347
7290110563462,false,חלב 2% דל לקטוז בבקבוק יטבתה 1 ליטר.,שטראוס גרופ בעמ/מצונן,,חלב 1ליטר בקבוק נטול,ליטרים,1.00,ליטר,false,,7.90,7.9000,true,1,2142592
7290110564339,false,חומוס אחלה הסידרה המובחר 30% טחינה 400 גר',שטראוס גרופ בעמ/מצונן,,חומוס אחלה עשיר ב-30,גרמים,400.00,100 גרם,false,,11.90,0.0298,true,1,1894536
7290110564360,false,חומוס אחלה הסידרה המובחר 40% טחינה 400 גר',שטראוס גרופ בעמ/מצונן,,חומוס אחלה עשיר ב-40,גרמים,400.00,100 גרם,false,,11.90,0.0298,true,1,1888141
7290110564414,false,חומוס אחלה הסידרה המובחר 30% טחינה 600 גר',שטראוס גרופ בעמ/מצונן,,חומוס אחלה עשיר ב-30,גרמים,600.00,100 גרם,false,,14.90,0.0248,true,1,1894539
7290110564742,false,"משקה קפה קר בסגנון חזק 230 מ""ל 1.2% יוטבתה",שטראוס גרופ בעמ/מצונן,,משקה קפה קר בסגנון ח,מיליליטרים,230.00,"100 מ""ל",false,,7.90,0.0343,true,1,2143348
7290110565435,false,מעדן ג`לי בטעם פטל חלבי שטראוס (125 גרם,שטראוס גרופ בעמ/מצונן,,ג'לי בטעם פטל לימבו,גרמים,125.00,100 גרם,false,,2.00,0.0160,true,1,1872172
7290110565527,false,יוגורט PRO פרו 1.5% 20 גרם חלבון בגביע,שטראוס גרופ בעמ/מצונן,,דנונה פרו 20 גרם חלב,גרמים,200.00,100 גרם,false,,5.90,0.0295,true,1,1854272
7290110565572,false,מארז קפה טורקי עלית לדרך עם הל 168 גרם,שטראוס קפה בי.וי.,,מארז קפה טורקי עם הל,גרמים,168.00,100 גרם,false,,17.90,0.1065,true,1,2214318
7290110566623,false,קפסולות קולומביה עלית 08 למכונת נספרסו מארז 5X10ג',שטראוס קפה בי.וי.,,קפסולות למכונות נספר,גרמים,50.00,100 גרם,false,,16.50,0.3300,true,1,1981056
7290110566975,false,דנונה פרו יוגורט 0% תות עשיר בחלבון 200ג',שטראוס גרופ בעמ/מצונן,,דנונה פרו 20 גרם חלב,גרמים,200.00,100 גרם,false,,5.90,0.0295,true,1,1948727
7290110568238,false,"קצפת צמחית 21% שומן 250 מ""ל יוטבתה",שטראוס גרופ בעמ/מצונן,,קצפת צימחית 21% שומן,מיליליטרים,250.00,"100 מ""ל",false,,7.90,0.0316,true,1,1986969
7290110568276,false,משקה וניל פרו Pro מועשר בחלבון 1.5%,שטראוס גרופ בעמ/מצונן,,משקה יטבתה פרו בטעם,מיליליטרים,350.00,"100 מ""ל",false,,5.90,0.0169,true,1,1968100
7290110568511,false,קונפיטורית פירות יער במתיקות מעודנת 265 גר' יד מרדכי,"שטראוס גרופ בע""מ",,קונפיטורת פירות יער,גרמים,265.00,100 גרם,false,,12.90,0.0487,true,1,2159733
7290110570224,false,משקה קפה קר בטעם עוגיות (230 גר`) יטבתה,שטראוס גרופ בעמ/מצונן,,משקה קפה קר בטעם עוג,מיליליטרים,230.00,"100 מ""ל",false,,7.90,0.0343,true,1,2362923
7290110570897,false,"פולי אספרסו עשירים וארומטיים עוצמה 14 עלית 1 ק""ג",שטראוס גרופ בע`מ,,פולי אספרסו עלית 1 ק,גרמים,1000.00,100 גרם,false,,74.90,0.0749,true,1,2351317
7290110571184,false,עדשים חומות 380 גר` טעם הטבע שטראוס,"שטראוס גרופ בע""מ",,עדשים חומות טעם הטבע,גרמים,380.00,100 גרם,false,,6.90,0.0182,true,1,2363662
7290110571375,false,"אנרג'י מיקס תערובת צימוקים, תמרים, טופי ושברי פקאן",אנרג'י Energy - שטראוס,,אנרג'י מיקס צימוקים,גרמים,100.00,100 גרם,false,,15.90,0.1590,true,1,2363654
7290110571382,false,מעדן חלב בטעם וניל מעושר בחלבון 150 ג' שטראוס,שטראוס גרופ בעמ/מצונן,,מעדן חלב דנונה פרו,גרמים,150.00,100 גרם,false,,4.90,0.0327,true,1,2349253
7290110571405,false,עלית - מיני פינוקיות בגביע פסק זמן 180 גרם,שטראוס גרופ בע`מ,,מיני פינוקיות בגביע,גרמים,180.00,100 גרם,false,,9.90,0.0550,true,1,2373426
7290110571412,false,מיני פינוקיות - פאדג' שוקולד בגביע 180 גרם,"שטראוס גרופ בע""מ",,מיני פינוקיות בגביע,גרמים,180.00,100 גרם,false,,9.90,0.0550,true,1,2373427
7290110571535,false,מארז קפה טורקי הל עלית 300 גרם,שטראוס קפה בי.וי.,,קפה טורקי + הל 100 ג,גרמים,300.00,100 גרם,false,,25.90,0.0863,true,1,2352001
7290110572129,false,כיף כף מקלות שוקולד לבן 40 ג' עלית,סולן בעבור שטראוס,,חטיף כיף כף מקלות שו,גרמים,40.00,100 גרם,false,,4.90,0.1225,true,1,2373428
7290110572884,false,"קפסולות קפה מספר 20 למכונת אספרס אספרסו, 50 גרם",שטראוס קפה בי.וי.,,קפסולות למכונות נספר,גרמים,50.00,100 גרם,false,,16.50,0.3300,true,1,2373436
7290110572969,false,כיף כף פצפצים עלית קרם לבן (40 גר`),שולן צ'\יקולטה גידה סאן.,,חטיף כיף כף פצפצים ק,גרמים,40.00,100 גרם,false,,4.90,0.1225,true,1,2363655
7290110572976,false,כיף כף גביע פצפוצים קרם לבן 135 גרם,שולן צ'יקולטה גידה ס,,גביע פצפצים 135 גרם,גרמים,135.00,100 גרם,false,,8.90,0.0659,true,1,2363663
7290110576318,false,מאגדת שלישיית שוקולד אגוז לבן 300 ג' עלית,"שטראוס גרופ בע""מ",,מאגדת שלישיית אגוז ל,גרמים,300.00,100 גרם,false,,22.90,0.0763,true,1,2365581
7290110576356,false,"שוקולד ספלנדיד מריר 64% - חלבי , מפולי קקאו מפרו",שטראוס גרופ בע`מ,,שוקולד ספלנדיד מריר,גרמים,100.00,100 גרם,false,,8.90,0.0890,true,1,2362634
7290110576363,false,"שוקולד ספלנדיד מריר 80% חלבי ,פולי קקאו מאוגנדה",שטראוס גרופ בע`מ,,שוקולד ספלנדיד מריר,גרמים,100.00,100 גרם,false,,8.90,0.0890,true,1,2362635
7290110576370,false,מארז שלישייה שוקולד מריר חלבי עם אגוזי לוז,שטראוס גרופ בע`מ,,מאגדת שלישיית אגוז מ,גרמים,300.00,100 גרם,false,,22.90,0.0763,true,1,2365582
7290110576387,false,מאגדת שלישיית שוקולד אגוז חלב 300 ג' עלית,שטראוס גרופ בע`מ,,מאגדת שלישייה שוקולד,גרמים,300.00,100 גרם,false,,22.90,0.0763,true,1,2365583
7290110576752,false,טבלאות שוקולד ספלנדיד מריר 70% 100 ג' עלית,"שטראוס גרופ בע""מ",,שוקולד ספלנדיד מריר,גרמים,100.00,100 גרם,false,,9.90,0.0990,true,1,2373429
7290110576776,false,טבלאות שוקולד ספלנדיד מריר 85% 100 ג' עלית,שטראוס גרופ בע`מ,,שוקולד ספלנדיד מריר,גרמים,100.00,100 גרם,false,,9.90,0.0990,true,1,2373430
7290110576790,false,סקי בטעם מוקה 3% (125 גר`) דנונה,שטראוס גרופ בעמ/מצונן,,סקי מוקה 125 גרם,גרמים,125.00,100 גרם,false,,3.70,0.0296,true,1,2377209
7290110730109,false,נוטרילון קומפורט תרכובת מזון מגיל לידה,דיפלומט מפיצים (1968) בעמ**,,נוטרילון קומפורט חלב,גרמים,900.00,100 גרם,false,,99.90,0.1110,true,1,1981003
7290111091513,false,קוויק XLלניקוי שירותים ואמבטיה - בריח לוונדר 40 יח,שקד תבל בעמ,,מגבונים קוויק XL לאמ,יח',40.00,יח',false,,6.90,0.1725,true,1,1771328
7290111091520,false,"דר' עור תחליב רחצה קלאסי -קוקוס 700 מ""ל","אמיליה קוסמטיקס בע""מ",,"תחליב רחצה 700 מ""ל ד",מיליליטרים,700.00,"100 מ""ל",false,,19.90,0.0284,true,1,2032150
7290111092985,false,מארז מגבונים לחים בייביסיטר ללא בישום רביעייה,שקד תבל בע`מ,,מגבונים בייביסיטר פר,יח',288.00,יח',false,,15.90,0.0552,true,1,2356492
7290111093005,false,"I-CARE מג'להסרת איפור, 25 יח בפלופק",די.פי.אל תעשיות מוצר,,מגבונים מסיר איפור I,יח',25.00,יח',false,,5.90,0.2360,true,1,2127150
7290111093760,false,קוויק מטליות לחות לניקוי רצפות ניחוח מרכך כביסה 10 יחידות,שקד תבל בע`מ,,קוויק מטליות לחות לנ,יח',10.00,יח',false,,9.90,0.9900,true,1,2364065
7290111093982,false,"טרופיקל תחליב רחצה פסיפלורה ואינקה אינצ'י 700 מ""ל דר' עור","אמיליה קוסמטיקס בע""\מ",,"תחליב רחצה 700 מ""ל ד",מיליליטרים,700.00,"100 מ""ל",false,,19.90,0.0284,true,1,2364066
7290111094248,false,"קוויק שקית אשפה חזקה וגדולה במיוחד (90*78), 20 יח'",שקד תבל בע`מ,,קוויק שקיות אשפה XL,יח',20.00,יח',false,,16.90,0.8450,true,1,2246393
7290111094392,false,"טרופיקל תחליב רחצה קוקוס וליים 700 מ""ל דר' עור","אמיליה קוסמטיקס בע""\מ",,"תחליב רחצה 700 מ""ל ד",מיליליטרים,700.00,"100 מ""ל",false,,19.90,0.0284,true,1,2364067
7290111094651,false,שקיות אשפה L עם ידית קוויק 40 יח',שקד תבל בעמ,,קוויק שקיות אשפה L ע,יח',40.00,יח',false,,10.90,0.2725,true,1,2326284
7290111095818,false,קוויק שקיות אשפה L חזקות במיוחד עם שרוך 40 יח',שקד תבל בע`מ,,קוויק שקיות אשפה L,יח',40.00,יח',false,,16.90,0.4225,true,1,2246394
7290111096921,false,קוויק מגבונים לניקוי כללי בתוספת חומץ ומלח לימון 50 יח',שקד תבל בע`מ,,מגבונים קוויק לניקוי,יח',50.00,יח',false,,7.90,0.1580,true,1,2319126
7290111097546,false,קוויק מגבונים 99.9% לניקוי כללי למשטחים בניחוח מרכך כביסה 50 יחידות,שקד תבל בע`מ,,מגבונים לניקוי כללי,יח',50.00,יח',false,,7.90,0.1580,true,1,2364068
7290111340109,false,דיפנד - מגן תחתון לנשים אקטיב 22 יח',קימברלי קלארק ישראל שיווק בעמ,,מגן תחתון דיפנד אקטי,יח',22.00,יח',false,,19.90,0.9045,true,1,2087168
7290111340925,false,מטליות לחות לניקוי כללי ניקול פריחה לבנה 40 יחי',קימברלי קלארק ישראל שיווק בעמ,,מטליות לחות חד פעמיו,יח',40.00,יח',false,,10.90,0.2725,true,1,2293067
7290111343841,false,ניקול ספוגית הקסם נירוסטה 3 יחידות,קימברלי קלארק ישראל שיווק בעמ,,ספוגית הקסם נירוסטה,יח',3.00,יח',false,,12.90,4.3000,true,1,2272978
7290111344206,false,האגיס נטורל קר מגבונים לחים בבישום עדין רביעייה,קימברלי קלארק ישראל שיווק בעמ,,מגבוני האגיס מארז 4,יח',256.00,יח',false,,22.90,0.0895,true,1,2328804
7290111346118,false,האגיס מגבונים בישום עדין רביעייה מהדורה,קימברלי קלארק ישראל שיווק בעמ,,מגבוני האגיס מהדורה,יח',256.00,יח',false,,22.90,0.0895,true,1,2363470
7290111350092,false,מארז מיקס חטיפי מיני לואקר בסט 200 גר,ליימן שליסל בעמ,,מארז חטיפי לואקר 200,גרמים,200.00,100 גרם,false,,19.90,0.0995,true,1,1782830
7290111350665,false,קליית גת דבש לחיץ טהור מפרחי בר 350 גרם,חקלאות עין חרוד מאוח,,דבש לחיץ 350 גרם,גרמים,350.00,100 גרם,false,,19.90,0.0569,true,1,1987643
7290111350672,false,"דבש טהור מפרחי בר ""קליית גת"" 700 גרם",חקלאות עין חרוד מאוח,,דבש בצנצנת 700 גרם,גרמים,700.00,100 גרם,false,,29.90,0.0427,true,1,1987644
7290111350726,false,חטיף נאצוס הוטפופ בסגנון מקסיקני 322 גר,ליימן שליסל בע`מ,,נאצ'וס חטיף מתירס צה,גרמים,322.00,100 גרם,false,,14.90,0.0463,true,1,2220778
7290111352430,false,ממרח תמרים טבעי קליית גת 440 גרם,ליימן שליסל בע`מ,,ממרח תמרים טבעי 440,גרמים,440.00,100 גרם,false,,9.90,0.0225,true,1,2268843
7290111352966,false,יוגטה סוכריות ממולאות בטעם פירות 250 גרם ללא ג'לטין,ליימן שליסל בע`מ,,סוכריות ממולאות חמוצ,גרמים,250.00,100 גרם,false,,9.90,0.0396,true,1,2257895
7290111353093,false,יוגטה סוכריות טופי בטעם פירות בצורת מקלות 600 ג',ליימן שליסל בע`מ,,סוכריות טופי בטעמי פ,גרמים,600.00,100 גרם,false,,24.90,0.0415,true,1,2282099
7290111353123,false,"גומי נחש מסוכר 200 גר' וסטהיים (כש""לפ בית יוסף)",טופגם תעשיות ממתקים,,סוכריות גומי נחשים מ,גרמים,200.00,100 גרם,false,,7.90,0.0395,true,1,2271494
7290111354335,false,מיני מרשמלו בטעם וניל יוגטה 30 גרם,ליימן שליסל בעמ,,מרשמלו מיני בטעם וני,גרמים,30.00,100 גרם,false,,1.90,0.0633,true,1,2344234
7290111564277,false,פריכיות דקות ונימוחות 3 דגנים פיטנס Fitness,קבוצת אוסם סחר שותפות מוגבלת,,פיטנס פריכיות 3 דגני,גרמים,120.00,100 גרם,false,,9.90,0.0825,true,1,1752939
7290111564291,false,פריכיות דקות ונימוחות 3 דגנים וקינואה פיטנס Fitness,קבוצת אוסם סחר שותפות מוגבלת,,פיטנס פריכיות דקות ק,גרמים,120.00,100 גרם,false,,9.90,0.0825,true,1,1752940
7290111564727,false,עוגיות אסם קרמוגית וקרם אגוזים אסם 200ג',קבוצת אוסם סחר שותפות מוגבלת,,עוגיות קרמוגית במילו,גרמים,200.00,100 גרם,false,,10.90,0.0545,true,1,1854366
7290111565038,false,"לה קרמריה וניל קוקילידה בד""צ 1.4 ל'",נגה גלידות שותפות מוגבלת,,גלידה ל'קרמריה קוקיל,ליטרים,1.40,ליטר,false,,20.90,14.9286,true,1,1937754
7290111566103,false,טבעול פלאפל מרכיבים ביתיים בלבד 590 גרם,קבוצת אוסם סחר שותפות מוגבלת,,פלאפל מרכיבים ביתיים,גרמים,590.00,100 גרם,false,,29.90,0.0507,true,1,1872879
7290111566226,false,שניצל ברוקולי טבעול 667 גרם,קבוצת אוסם סחר-שות.מוגבלת,,שניצל ברוקולי,גרמים,667.00,100 גרם,false,,29.90,0.0448,true,1,1872880
7290111566271,false,טבעול חטיפי תירס 657 גרם קפוא,קבוצת אוסם סחר שותפות מוגבלת,,חטיפי תירס.,גרמים,657.00,100 גרם,false,,29.90,0.0455,true,1,1872882
7290111566332,false,"נקניקיות וינר מן הצומח 680 גרם ""טבעול""",קבוצת אוסם סחר שותפות מוגבלת,,נקניקיות וינר צמחוני,גרמים,680.00,100 גרם,false,,29.90,0.0440,true,1,1872884
7290111566417,false,טבעול טחון מן הצומח משופר 400 גרם,קבוצת אוסם סחר שותפות מוגבלת,,טבעול טחון צמחוני,גרמים,500.00,100 גרם,false,,29.90,0.0598,true,1,1872907
7290111566547,false,טבעול חזה בגריל צמחוני 99 קלוריות 560ג',קבוצת אוסם סחר-שות.מוגבלת,,חזה בגריל צמחוני,גרמים,560.00,100 גרם,false,,29.90,0.0534,true,1,1872909
7290111566561,false,"שניצל ברוקולי 99 קלוריות 560 גר' ""טבעול""",קבוצת אוסם סחר שותפות מוגבלת,,שניצל ברוקלי 99 קלור,גרמים,560.00,100 גרם,false,,29.90,0.0534,true,1,1872910
7290111566585,false,"שניצל צמחוני 99 קלוריות 650 גר' ""טבעול""",קבוצת אוסם סחר שותפות מוגבלת,,שניצל צמחוני 99 קלור,גרמים,650.00,100 גרם,false,,29.90,0.0460,true,1,1872911
7290111566660,false,טבעול קציצות עדשים כתומות 525 גרם,קבוצת אוסם סחר שותפות מוגבלת,,קציצות עדשים כתומות.,גרמים,530.00,100 גרם,false,,29.00,0.0547,true,1,1872885
7290111566691,false,"שניצל תרד 99 קלוריות 560 גרם ""טבעול""",קבוצת אוסם סחר-שות.מוגבלת,,שניצל תרד 99 קלוריות,גרמים,560.00,100 גרם,false,,29.90,0.0534,true,1,1925541
7290111566714,false,טבעול המבורגר צמחוני 99 קלוריות 600 גרם,קבוצת אוסם סחר שותפות מוגבלת,,המבורגר צמחוני 99 קל,גרמים,600.00,100 גרם,false,,29.90,0.0498,true,1,1872912
7290111566752,false,טבעול שניצל תירס 99 קלוריות 693 גרם,קבוצת אוסם סחר שותפות מוגבלת,,שניצל תירס 99 קלוריו,גרמים,693.00,100 גרם,false,,29.90,0.0431,true,1,1872887
7290111566776,false,"נקניקיות קוקטייל מן הצומח 680 גרם ""טבעול""",קבוצת אוסם סחר שותפות מוגבלת,,נקניקיות קוקטייל צמח,גרמים,680.00,100 גרם,false,,29.90,0.0440,true,1,1872888
7290111568206,false,ביסלי פארטי מיקס אסם 150 גר',קבוצת אוסם סחר שותפות מוגבלת,,ביסלי במבה מיקס 150,גרמים,150.00,100 גרם,false,,8.90,0.0593,true,1,1945454
7290111568251,false,אטריות נודלס להקפצה אסם אסייתי 350 גר',קבוצת אוסם סחר שותפות מוגבלת,,נודלס אטריות להקפצה,גרמים,350.00,100 גרם,false,,9.90,0.0283,true,1,1942098
7290111568275,false,אטריות נודלס אורז רחבות אסם אסייתי 300גרם,קבוצת אוסם סחר שותפות מוגבלת,,נודלס אטריות אורז רח,גרמים,300.00,100 גרם,false,,9.90,0.0330,true,1,1942099
7290111568299,false,אטריות נודלס עם תרד אסם אסייתי 300 גר',קבוצת אוסם סחר שותפות מוגבלת,,נודלס אטריות עם תרד,גרמים,300.00,100 גרם,false,,9.90,0.0330,true,1,1942100
7290111568466,false,רוטב אסייתי למוקפץ הסדרה האסייתית,קבוצת אוסם סחר שותפות מוגבלת,,רוטב אסייתי למוקפץ 2,מיליליטרים,290.00,"100 מ""ל",false,,12.90,0.0445,true,1,1942134
7290111568961,false,אסם בייגלה טבעות מלוח 400 גר`,קבוצת אוסם סחר שותפות מוגבלת,,בייגלה טבעות מלח 400,גרמים,400.00,100 גרם,false,,9.90,0.0248,true,1,1964801
7290111664076,false,מזלג ורסאי קרם -אר',,,מזלג ורסאי קרם -אר',יחידה,0.00,יחידה,false,,5.90,0.0000,true,1,2231395
7290111664083,false,סכין ורסאי קרם 10 יחידות,,,סכין ורסאי קרם -אר',יחידה,0.00,יחידה,false,,6.90,0.0000,true,1,2231396
7290111664090,false,כף ורסאי קרם -אר' 10,,,כף ורסאי קרם -אר' 10,יחידה,0.00,יחידה,false,,6.90,0.0000,true,1,2231397
7290111664106,false,כפית ורסאי קרם 10 יחידות,,,כפית ורסאי קרם -אר',יחידה,0.00,יחידה,false,,3.90,0.0000,true,1,2231398
7290111664113,false,מזלג וסראי לבן 10 יח,,,מזלג ורסאי לבן -אר',יחידה,0.00,יחידה,false,,5.90,0.0000,true,1,2231399
7290111664120,false,סכין ורסאי לבן -אר',,,סכין ורסאי לבן -אר',יחידה,0.00,יחידה,false,,6.90,0.0000,true,1,2231400
7290111664137,false,כף ורסאי לבן -אר' 10,,,כף ורסאי לבן -אר' 10,יחידה,0.00,יחידה,false,,6.90,0.0000,true,1,2231401
7290111664144,false,כפית ורסאי לבן יחי',,,כפית ורסאי לבן -אר',יחידה,0.00,יחידה,false,,3.90,0.0000,true,1,2231402
7290111665622,false,כפות הגשה ורסאי -זוג,,,כפות הגשה ורסאי -זוג,יחידה,0.00,יחידה,false,,2.90,0.0000,true,1,2232369
7290111873010,false,אצבעות שוקולד ממולא בקרם,שמחה זה אנחנו בע`מ,,אצבעות שוקולד בקרם ח,יחידה,0.00,יחידה,false,,4.90,0.0000,true,1,2055949
7290111930799,false,חטיף בטעם בצל קראנצ',ש. שסטוביץ בע`מ,,חטיף קראנצ'וס בצל 55,גרמים,55.00,100 גרם,false,,3.90,0.0709,true,1,1810529
7290111930805,false,קראנצ'וס טעם ברביקיו 55 גר',ש. שסטוביץ בע`מ,,חטיף קראנצ'וס ברביקי,גרמים,55.00,100 גרם,false,,3.90,0.0709,true,1,1810530
7290111930850,false,קראנצ'וס טעם פיצה 55גר',ש. שסטוביץ בע`מ,,חטיף קראנצ'וס פיצה 5,גרמים,55.00,100 גרם,false,,3.90,0.0709,true,1,1810531
7290111930898,false,חטיף פוף כוכבים גריל אמריקאי 40 גרם,ש. שסטוביץ בע`מ,,חטיף פוף כוכבים גריל,גרמים,40.00,100 גרם,false,,3.90,0.0975,true,1,1836481
7290111930904,false,חטיף פוף כוכבים בצל 40 גרם,ש. שסטוביץ בע`מ,,חטיף פוף כוכבים בצל,גרמים,40.00,100 גרם,false,,3.90,0.0975,true,1,1836482
7290111930911,false,חטיף פוף לבבות קלאסי 40 גרם,ש. שסטוביץ בע`מ,,חטיף פוף לבבות קלאסי,גרמים,40.00,100 גרם,false,,3.90,0.0975,true,1,1836395
7290111930928,false,חטיף פוף לבבות גריל 40 גרם,ש. שסטוביץ בע`מ,,חטיף פוף לבבות גריל,גרמים,40.00,100 גרם,false,,3.90,0.0975,true,1,1836483
7290111930935,false,חטיף פוף טבעות קלאסי 40 גרם,ש. שסטוביץ בע`מ,,חטיף פוף טבעות קלאסי,גרמים,40.00,100 גרם,false,,3.90,0.0975,true,1,1836484
7290111931321,false,"קולגייט מיניונים משחת שיניים ילדים 6+ 50 מ""ל",קולגייט- פלמוליב,,משחת שיניים קולגייט,מיליליטרים,50.00,"100 מ""ל",false,,12.90,0.2580,true,1,1953897
7290111931338,false,סבון רחצה פלמוליב לומינוס מועשר בשמנים טבעיים,קולגייט פלמוליב,,סבון נוזלי פלמוליב ל,מיליליטרים,500.00,"100 מ""ל",false,,15.90,0.0318,true,1,1945456
7290111932380,false,"מרידול משחת שיניים מארז 75X2מ""ל כשל""פ",ש.שסטוביץ בעמ,,מארז זוג משחת שיניים,מיליליטרים,150.00,"100 מ""ל",false,,24.90,0.1660,true,1,1900883
7290111932502,false,"משחת שיניים קולגייט אופטיק וייט אקספרט וויט 75 מ""ל",ש.שסטוביץ בעמ,,משחת שינים קולגייט א,מיליליטרים,75.00,"100 מ""ל",false,,29.90,0.3987,true,1,2000153
7290111932601,false,מי פה קולגייט פלאקס קלאסי אדום 500 מל,קולגייט פלמוליב,,מי פה קולגייט פלאקס,מיליליטרים,500.00,"100 מ""ל",false,,24.90,0.0498,true,1,2033811
7290111932700,false,מסכה לפנים רימונים ב,שסטוביץ,,מסכה לפנים רימונים ב,יח',1.00,יח',false,,9.90,9.9000,true,1,2305732
7290111932724,false,בלונס מסיכת פטל שחור,שסטוביץ,,מסכה לפנים פטל שחור,יח',1.00,יח',false,,9.90,9.9000,true,1,2305725
7290111932755,false,"בלונס - קרם ג'ל לחות לפנים 50 מ""ל",,,קרם ג'ל לחות לפנים 5,מיליליטרים,50.00,"100 מ""ל",false,,16.90,0.3380,true,1,2314669
7290111932786,false,"בלונס - ג'ל לניקוי הפנים רגיל יבש 250 מ""ל",,,ג'ל ניקוי לפנים רגיל,מיליליטרים,230.00,"100 מ""ל",false,,8.90,0.0387,true,1,2314657
7290111933462,false,"רוטב צ'ילי מתוק מאסטר שף 300 מ""ל",ש. שסטוביץ בע`מ,,רוטב צ'ילי מתוק מאסט,מיליליטרים,300.00,"100 מ""ל",false,,9.90,0.0330,true,1,1953214
7290111933554,false,שלישייה עגבניות קוביות מאסטר שף 400 גרם,קונסוריזיו קאסאלסקו,,עגבניות קוביות מארז,גרמים,1200.00,100 גרם,false,,15.90,0.0133,true,1,2033812
7290111933561,false,מאסטר שף תערובת ציפוי נגטס 250 גרם,טסט וסנט קו.לטד,,תערובת לציפוי נאגטס,גרמים,250.00,100 גרם,false,,9.90,0.0396,true,1,2203933
7290111933998,false,קוקי תבנית אינגליקייק עם נייר אפיה 4יח,ש.שסטוביץ בעמ,,תבנית אינגליש עם ניי,יח',4.00,יח',false,,12.90,3.2250,true,1,2152903
7290111934827,false,"סבון ידיים היגיינה 300 מ""ל פלמוליב",ש.שסטוביץ בעמ,,סבון ידיים פלמוליב 3,מיליליטרים,300.00,"100 מ""ל",false,,10.90,0.0363,true,1,2147153
7290111935817,false,דאו ליידי ספיד סטיק סטיק דרמה פנינה 45 ג,ש.שסטוביץ בעמ,,דאודורנט ליידי ספיד,גרמים,45.00,100 גרם,false,,19.90,0.4422,true,1,2222330
7290111935961,false,מאסטר שף מחית עגבניות 690 גרם,פראנו אנריקו ופיגלי,,מחית עגבניות מאסטר ש,גרמים,690.00,100 גרם,false,,9.90,0.0143,true,1,2214488
7290111936203,false,"ליידי ספיד סטיק דרמה ספריי ויטמין אי 150 מ""ל",ליידי ספיד סטיק Lady Speed Stick,,דאודורנט ספריי ליידי,מיליליטרים,150.00,"100 מ""ל",false,,24.90,0.1660,true,1,2203935
7290111936210,false,דאודורנט ספריי דרמה מכיל תמצית אם הפנינה,ליידי ספיד סטיק Lady Speed Stick,,דאודורנט ספריי ליידי,מיליליטרים,150.00,"100 מ""ל",false,,24.90,0.1660,true,1,2222336
7290111936296,false,"פלמוליב סבון נוזלי בניחוח סנסיישן מסאז' ,750 מ""ל",קולגייט פלמוליב,,סבון נוזלי פלמוליב א,מיליליטרים,750.00,"100 מ""ל",false,,17.90,0.0239,true,1,2175191
7290111936784,false,מארז חמישיית חטיפי תמרים ואגוזי לוז פרי 125 גרם,"טבעית מוצרים מהטבע בע""\מ",,חטיף תמרים וגוזי לוז,גרמים,125.00,100 גרם,false,,15.90,0.1272,true,1,2139297
7290111937231,false,פרי מארז חטיפים 5 יחידות תמרים וקוקוס כשלפ,"טבעית מוצרים מהטבע בע""\מ",,חטיף תמרים וקוקוס FR,גרמים,125.00,100 גרם,false,,15.90,0.1272,true,1,2139299
7290111937248,false,פרי מארז חטיפים 5 יחידות תמרים קשיו ונגיעות לוז כשלפ,"טבעית מוצרים מהטבע בע""\מ",,חטיף תמרים קשיו ונגי,גרמים,125.00,100 גרם,false,,15.90,0.1272,true,1,2139300
7290111937255,false,מארז חמישיית חטיפי תמרים בוטנים ואגוזי לוז פרי 125 גרם,"טבעית מוצרים מהטבע בע""\מ",,חטיף תמרים בוטנים וא,גרמים,125.00,100 גרם,false,,15.90,0.1272,true,1,2139306
7290111937262,false,מארז חמישיית חטיפי תמרים אגוזים ושברי קקאו פרי 125 גרם,"טבעית מוצרים מהטבע בע""\מ",,חטיף תמרים אגוזים וש,גרמים,125.00,100 גרם,false,,15.90,0.1272,true,1,2139301
7290111937651,false,פצצת אמבט מנגו לכל סוגי העור,בלונס Balloons,,פצצת אמבט מנגו בלונס,יח',1.00,יח',false,,9.90,9.9000,true,1,2305726
7290111938481,false,"מאזטר שף רוטב סויה בהירה 300 מ""ל",ש. שסטוביץ בע`מ,,רוטב סויה בהירה מאסט,מיליליטרים,300.00,"100 מ""ל",false,,9.90,0.0330,true,1,2250444
7290111939136,false,נייר אפייה קוקי עגול קוטר 26,קוקי,,קוקי נייר אפייה עגול,יח',20.00,יח',false,,7.90,0.3950,true,1,2240905
7290111939174,false,קוקי ניילון נצמד עם גומי מידה לארג,ש.שסטוביץ בעמ,,קוקי ניילון נצמד עם,יח',18.00,יח',false,,9.90,0.5500,true,1,2240893
7290111939181,false,קוקי כיסוי ניילון עם גומי מיקס מידות,ש.שסטוביץ בעמ,,קוקי ניילון נצמד עם,יח',20.00,יח',false,,9.90,0.4950,true,1,2240894
7290112000057,false,וולייט גל גולד 3 ליטר לשמירה על הבגד,רקיט בנקיזר (ניר איסט) בעמ,,ווליט ג'ל גולד לשמיר,ליטרים,3.00,ליטר,false,,29.90,9.9667,true,1,1854163
7290112000132,false,מפזר אדים אוטומטי + מילוי בניחוח לבנדר ופריחת השקד,רקיט בנקיזר (ניר איסט) בעמ,,אירוויק מפיץ אדים קו,מיליליטרים,20.00,"100 מ""ל",false,,49.90,2.4950,true,1,1992568
7290112000156,false,"איירוויק מילוי מפיץ אדים אוטמטי לבנדר 20 מ""ל",רקיט בנקיזר (ניר איסט) בעמ,,אירוויק מילוי מפיץ א,מיליליטרים,20.00,"100 מ""ל",false,,19.90,0.9950,true,1,1992581
7290112000170,false,אייר ויק מילוי למפזר אדים אוטומטי מרענן,רקיט בנקיזר (ניר איסט) בעמ,,אירוויק מילוי מפיץ א,מיליליטרים,20.00,"100 מ""ל",false,,19.90,0.9950,true,1,1992583
7290112000293,false,"סיליט באנג ג'ל לחיטוי וניקוי האסלה פרש, 750 מ""ל",רקיט בנקיזר (ניר איסט) בעמ,,גל אסלות סיליט באנג,מיליליטרים,750.00,"100 מ""ל",false,,9.90,0.0132,true,1,1894666
7290112000385,false,מנקה ומחטא עוצמתי למטבח ללא אקונומיקה,רקיט בנקיזר (ניר איסט) בעמ,,תרסיס למטבח דטול 750,מיליליטרים,750.00,"100 מ""ל",false,,14.90,0.0199,true,1,2049527
7290112000392,false,מנקה ומחטא עוצמתי לחדר האמבטיה ללא אקונומיקה,רקיט בנקיזר (ניר איסט) בעמ,,תרסיס לאמבטיה דטול 7,מיליליטרים,750.00,"100 מ""ל",false,,14.90,0.0199,true,1,2050206
7290112000408,false,מנקה ומחטא עוצמתי לניקוי כללי בניחוח לימון,רקיט בנקיזר (ניר איסט) בעמ,,תרסיס דטול לניקוי כל,מיליליטרים,750.00,"100 מ""ל",false,,14.90,0.0199,true,1,2049521
7290112000729,false,ויט קרם להסרת שיער לגבר 200 מל,רקיט בנקיזר צרפת,,ויט קרם לגבר להסרת ש,מיליליטרים,200.00,"100 מ""ל",false,,49.90,0.2495,true,1,1992571
7290112000736,false,פיניש טבליות AIO 80 יח` אריזת חיסכון,רקיט בנקיזר (ניר איסט) בעמ,,פיניש 80 טבליות AIO,יח',80.00,יח',false,,54.90,0.6862,true,1,1992572
7290112000798,false,"דיטול תרסיסי חיטוי וניקוי אנטי בקטריאלי 750 מ""ל",רקיט בנקיזר (ניר איסט) בעמ,,תרסיס דטול לניקוי וח,מיליליטרים,750.00,"100 מ""ל",false,,14.90,0.0199,true,1,2050207
7290112000828,false,דטול - מגבונים חיטוי וניקוי אנטי בקטריאלי 60 יח',רקיט בנקיזר (ניר איסט) בעמ,,דטול מגבונים לניקוי,יח',60.00,יח',false,,14.90,0.2483,true,1,2050208
7290112000873,false,מטליות לחות לחדר האמבטיה מנקה ומחטא עוצמתי,רקיט בנקיזר (ניר איסט) בעמ,,דטול מגבונים לאמבטיה,יח',60.00,יח',false,,14.90,0.2483,true,1,2050209
7290112000880,false,מטליות לחות למטבח מנקה ומחטא עוצמתי,רקיט בנקיזר (ניר איסט) בעמ,,דטול מגבונים למטבח 6,יח',60.00,יח',false,,14.90,0.2483,true,1,2049528
7290112001023,false,"אירוויק ספרי אוטמטי מילוי תענוגות האביב 250 מ""ל",רקיט בנקיזר (ניר איסט) בעמ,,מילוי מבשם אויר אוטו,מיליליטרים,250.00,"100 מ""ל",false,,19.90,0.0796,true,1,2050219
7290112001030,false,"אירוויק ספרי אוטמטי מילוי פריחת הדובדבן 250 מ""ל",רקיט בנקיזר (ניר איסט) בעמ,,מילוי מבשם אויר אוטו,מיליליטרים,250.00,"100 מ""ל",false,,19.90,0.0796,true,1,2050220
7290112001221,false,מנקה מכונת כביסה בניחוח נקי ורענן,רקיט בנקיזר (ניר איסט) בעמ,,קולון מנקה למכונת כב,מיליליטרים,250.00,"100 מ""ל",false,,19.90,0.0796,true,1,2050221
7290112001238,false,"מנקה מכונת כביסה קולון לימון 250 מ""ל",רקיט בנקיזר (ניר איסט) בעמ,,קולון מנקה למכונת כב,מיליליטרים,250.00,"100 מ""ל",false,,19.90,0.0796,true,1,2050222
7290112001436,false,"פיניש מנקה מדיח כלים בניחוח לימון 250 מ""ל",רקיט בנקיזר (ניר איסט) בעמ,,מנקה מדיח כלים 250 מ,מיליליטרים,250.00,"100 מ""ל",false,,14.90,0.0596,true,1,2229378
7290112001870,false,"סיליט באנג ספריי ניקוי אמבטיה 750 מ""ל",רקיט בנקיזר (ניר איסט) בעמ,,סיליט באנג לאמבטיות,מיליליטרים,750.00,"100 מ""ל",false,,14.90,0.0199,true,1,2225343
7290112001900,false,פיניש ג'ל למדיח אקולוגי 1 ליטר,רקיט בנקיזר (ניר איסט) בעמ,,פיניש ג'ל 1 ליטר אקו,ליטרים,1.00,ליטר,false,,42.90,42.9000,true,1,2225344
7290112001917,false,ג`ל למדיח כלים בניחוח מרענן פיניש (1 לי,רקיט בנקיזר (ניר איסט) בעמ,,פיניש ג'ל 1 ליטר בני,מיליליטרים,1000.00,"100 מ""ל",false,,42.90,0.0429,true,1,2225345
7290112002099,false,קולון גל כביסה מרוכז 2.5 ליטר קלאסי,רקיט בנקיזר (ניר איסט) בעמ,,ג'ל קולון 2.5 ליטר ר,ליטרים,2.50,ליטר,false,,21.90,8.7600,true,1,2229190
7290112002105,false,קולון גל כביסה מרוכז 2.5 ליטר ניחוח לילך,רקיט בנקיזר (ניר איסט) בעמ,,ג'ל קולון 2.5 ליטר מ,ליטרים,2.50,ליטר,false,,21.90,8.7600,true,1,2229191
7290112002112,false,ג'ל כביסה מרוכז קולון 101 בניחוח ורדים,רקיט בנקיזר (ניר איסט) בעמ,,ג'ל קולון 2.5 ליטר ב,ליטרים,2.50,ליטר,false,,21.90,8.7600,true,1,2229192
7290112002129,false,ג'ל כביסה מרוכז קולון 101 בניחוח פריחה מרענן,רקיט בנקיזר (ניר איסט) בעמ,,ג'ל קולון 2.5 ליטר ב,ליטרים,2.50,ליטר,false,,21.90,8.7600,true,1,2229193
7290112002136,false,ג'ל כביסה מרוכז קולון 101 קלאסי,רקיט בנקיזר (ניר איסט) בעמ,,קולון ג'ל 4 ליטר רגי,ליטרים,4.00,ליטר,false,,34.90,8.7250,true,1,2229194
7290112002143,false,ג'ל כביסה מרוכז קולון 101 בניחוח לילך,רקיט בנקיזר (ניר איסט) בעמ,,קולון ג'ל 4 ליטר ליל,ליטרים,4.00,ליטר,false,,34.90,8.7250,true,1,2229195
7290112002150,false,ג'ל כביסה מרוכז קולון 101 בניחוח ורדים,רקיט בנקיזר (ניר איסט) בעמ,,קולון ג'ל 4 ליטר בני,ליטרים,4.00,ליטר,false,,34.90,8.7250,true,1,2229196
7290112002167,false,קולון ג'ל כביסה בניחוח פריחה מרענן ירוק 4 ליטר,רקיט בנקיזר (ניר איסט) בעמ,,קולון ג'ל 4 ליטר בני,ליטרים,4.00,ליטר,false,,34.90,8.7250,true,1,2229197
7290112002457,false,דטול - שלישיית מגבונים לניקוי וחיטוי בניחוח לימון,רקיט בנקיזר (ניר איסט) בעמ,,דטול מגבונים לניקוי,יח',180.00,יח',false,,21.90,0.1217,true,1,2240900
7290112003096,false,קולון מבשם כביסה טבעי רענן (ירוק),רקיט בנקיזר (ניר איסט) בעמ,,קולון מבשם בדים טבעי,מיליליטרים,300.00,"100 מ""ל",false,,19.90,0.0663,true,1,2279131
7290112003188,false,קולון קפסולות ג'ל 60 יח' אריזת חיסכון,רקיט בנקיזר (ניר איסט) בעמ,,קולון קפסולות ג'ל לכ,יח',60.00,יח',false,,54.90,0.9150,true,1,2277952
7290112003249,false,אבקת כביסה בניחוח מאסק קולון 5 ק''ג,רקיט בנקיזר (ניר איסט) בעמ,,"אבקת כביסה 5 ק""ג קול",קילוגרמים,5.00,"ק""ג",false,,39.90,7.9800,true,1,2259387
7290112003478,false,"מבשם אוויר אירוויק ספריי אננס ורוזמרין 236 מ""ל",רקיט בנקיזר,,מבשם אויר ספריי אירו,מיליליטרים,236.00,"100 מ""ל",false,,19.90,0.0843,true,1,2281704
7290112003522,false,איירוויק בוטניקה נר ריחני בניחוח אננס ור,רקיט בנקיזר (ניר איסט) בעמ,,נר ריחני אירוויק אנ,גרמים,205.00,100 גרם,false,,24.90,0.1215,true,1,2281698
7290112003843,false,"קלגון גל אנטי בקטריאלי 750 מ""ל",רקיט בנקיזר,,ג'ל למניעת אבנית אנט,מיליליטרים,750.00,"100 מ""ל",false,,27.90,0.0372,true,1,2303951
7290112004024,false,ג'ל מסיר כתמים לכביסה לבנה וניש אוקסי אקשן,רקיט בנקיזר (ניר איסט) בעמ,,"וניש גולד ג'ל 940 מ""",מיליליטרים,940.00,"100 מ""ל",false,,24.90,0.0265,true,1,2329534
7290112004031,false,ג'ל מסיר כתמים לכביסה צבעונית וניש אוקסי אקשן,רקיט בנקיזר (ניר איסט) בעמ,,"וניש גולד ג'ל 940 מ""",מיליליטרים,940.00,"100 מ""ל",false,,24.90,0.0265,true,1,2329535
7290112004109,false,מטליות לחות לניקוי כללי וחיטוי בריח ליים ונענע- מארז,רקיט בנקיזר (ניר איסט) בעמ,,דטול מגבונים לניקוי,יח',180.00,יח',false,,21.90,0.1217,true,1,2277569
7290112004208,false,פיניש טבליות למדיח הכל ב 1 לימון 50 יחידות,רקיט בנקיזר (ניר איסט) בעמ,,פיניש 50 טבליות לימו,יח',50.00,יח',false,,34.90,0.6980,true,1,2312480
7290112004314,false,"דטול - תרסיס חיטוי וניקוי בניחוח לימון רימונים 750 מ""ל",רקיט בנקיזר (ניר איסט) בעמ,,תרסיס למטבח דטול רימ,מיליליטרים,750.00,"100 מ""ל",false,,14.90,0.0199,true,1,2312424
7290112004321,false,מגבונים לניקוי כללי בניחוח רימונים וליים 60 יח' דטול,רקיט בנקיזר (ניר איסט) בעמ,,דטול מגבונים למטבח ב,יח',60.00,יח',false,,14.90,0.2483,true,1,2312425
7290112004413,false,"ספריי וניש קליה להסרת כתמים לבגדים לבנים 750 מ""ל",רקיט בנקיזר (ניר איסט) בעמ,,וניש ספריי לבן 750 מ,מיליליטרים,750.00,"100 מ""ל",false,,19.90,0.0265,true,1,2345617
7290112004468,false,דטול - מחטא כביסה לכותנה 1.50 ליטר,רקיט בנקיזר (ניר איסט) בעמ,,מחטא כביסה דטול לכות,ליטרים,1.50,ליטר,false,,14.90,9.9333,true,1,2330749
7290112004611,false,"וניש קליה ג'ל מרוכז לטיפול נקודתי בכתמים 200 מ""ל",רקיט בנקיזר (ניר איסט) בעמ,,ג'ל מרוכז להסרת כתמי,מיליליטרים,200.00,"100 מ""ל",false,,14.90,0.0745,true,1,2345618
7290112004703,false,וניש תוסף כביסה גל מרוכז-כביסה צבעונית,רקיט בנקיזר (ניר איסט) בעמ,,ג'ל וניש ג'ליסימו 75,מיליליטרים,750.00,"100 מ""ל",false,,19.90,0.0265,true,1,2376492
7290112004710,false,וניש תוסף כביסה גל מרוכז-כביסה לבנה,רקיט בנקיזר (ניר איסט) בעמ,,ג'ל וניש ג'ליסימו 75,מיליליטרים,750.00,"100 מ""ל",false,,19.90,0.0265,true,1,2376493
7290112004987,false,אירוויק פרשמטיק מילוי בניחוח פצ`ולי ויער,רקיט בנקיזר (ניר איסט) בעמ,,מילוי מבשם אויר אוטו,מיליליטרים,250.00,"100 מ""ל",false,,19.90,0.0796,true,1,2354198
7290112004994,false,איירוויק מילוי אוטומטי יסמין מבשם אויר אטומטי,רקיט בנקיזר (ניר איסט) בעמ,,מילוי מבשם אויר אוטו,מיליליטרים,250.00,"100 מ""ל",false,,19.90,0.0796,true,1,2354193
7290112005045,false,וניש מסיר כתמים אבקה לכביסה לבנה 480 גרם,רקיט בנקיזר (ניר איסט) בעמ,,וניש אבקה לכביסה לבנ,גרמים,480.00,100 גרם,false,,14.90,0.0310,true,1,2363958
7290112005052,false,וניש תוסף כביסה רב תכליתי לבגדים לבנים,רקיט בנקיזר (ניר איסט) בעמ,,וניש אבקה לכביסה לבנ,קילוגרמים,1.50,"ק""ג",false,,39.90,26.6000,true,1,2363959
7290112005076,false,וניש תוסף כביסה רב תכליתי צבעוני 480 גרם,רקיט בנקיזר (ניר איסט) בעמ,,וניש אבקה לכביסה צבע,גרמים,480.00,100 גרם,false,,14.90,0.0310,true,1,2363960
7290112005083,false,וניש תוסף כביסה רב תכליתי לכביסה צבעונית,רקיט בנקיזר (ניר איסט) בעמ,,וניש אבקה לכביסה צבע,קילוגרמים,1.50,"ק""ג",false,,39.90,26.6000,true,1,2363961
7290112005168,false,פיניש אולטימייט קוואנטום לימון 60 טבליות למדיח,רקיט בנקיזר (ניר איסט) בעמ,,טבליות למדיח כלים 60,יח',60.00,יח',false,,54.90,0.9150,true,1,2363971
7290112192158,false,"ניוקי תפו""א 500 גרם ללא גלוטן",גורי מוצרי צריכה בעמ,,"ניוקי תפו""א ללא גלוט",גרמים,500.00,100 גרם,false,,9.90,0.0198,true,1,2223557
7290112192561,false,"משחת שיניים פרודונטקס הגנה מלאה מרעננת הלבנה 75 מ""ל",ג'י.אס.קיי קונסיומר,,משחת שיניים הגנה מלא,מיליליטרים,75.00,"100 מ""ל",false,,29.90,0.3987,true,1,2228702
7290112192578,false,משחת שיניים פרודונטקס אקסטרה פרש הגנה מלאה,ג'י.אס.קיי קונסיומר,,משחת שיניים הגנה מלא,מיליליטרים,75.00,"100 מ""ל",false,,29.90,0.3987,true,1,2228703
7290112192875,false,"סנסודיין - משחת שיניים רגישות וחניכיים 75 מ""ל",סנסודיין Sensodyne,,סנסודיין משחת שיניים,מיליליטרים,75.00,"100 מ""ל",false,,29.90,0.3987,true,1,2233370
7290112192882,false,"סנסודיין - משחת שיניים רגישות וחניכיים מלבינה 75 מ""ל",ג'י.אס.קיי קונסיומר,,סנסודיין משחת שיניים,מיליליטרים,75.00,"100 מ""ל",false,,29.90,0.3987,true,1,2233371
7290112192905,false,מברשת לשיניים רגישות ובעיות חניכיים סנסודיין,סנסודיין Sensodyne,,סנסודיין מברשת רגישו,יחידה,0.00,יחידה,false,,24.90,0.0000,true,1,2233379
7290112192943,false,"ספירה אנתוש אלוורה 50 מ""ל",גורי ע.ע.ע. בעמ,,דוחה יתושים ספירה,מיליליטרים,70.00,"100 מ""ל",false,,11.90,0.1700,true,1,2254022
7290112192998,false,סטייל מתולתלות קרם לחות לשיער מקורזל 400,גורי,,סטייל קרם לחות לשיער,מיליליטרים,400.00,"100 מ""ל",false,,32.90,0.0822,true,1,2376918
7290112193896,false,"סטייל - אל סבון ארומטי זהב 500 מ""ל",רנקסאן פלסטיק יאנגר סאן,,אל סבון ארומטי משאבה,מיליליטרים,500.00,"100 מ""ל",false,,8.90,0.0178,true,1,2292420
7290112197122,false,"סטייל - סבון ידיים ירוק 500 מ""ל חדש",רנקסאן פלסטיק יאנגר,,אל סבון ארומטי משאבה,מיליליטרים,500.00,"100 מ""ל",false,,8.90,0.0178,true,1,2370370
7290112197139,false,"סטייל - סבון ידיים אדום 500 מ""ל חדש",רנקסאן פלסטיק יאנגר,,אל סבון ארומטי משאבה,מיליליטרים,500.00,"100 מ""ל",false,,8.90,0.0178,true,1,2370375
7290112197184,false,דגני בוקר במילוי קרם קרמל מלוח ללא גלוטן 375 ג' G FREE,גורי מוצרי צריכה (1991) בעמ,,דגני בוקר במילוי קר,גרמים,375.00,100 גרם,false,,21.90,0.0584,true,1,2347259
7290112197191,false,דגני בוקר כהים במילוי קרם וניל ללא גלוטן 375 ג' G FREE,גורי מוצרי צריכה (1991) בעמ,,דגני בוקר כהים במיל,גרמים,375.00,100 גרם,false,,21.90,0.0584,true,1,2347260
7290112197207,false,מיני כריות בציפוי שוקולד חלב 65 גרםללג,גורי מוצרי צריכה (1991) בעמ,,דגני בוקר מיני כריו,גרמים,65.00,100 גרם,false,,7.90,0.1215,true,1,2347265
7290112197238,false,מיני קורנפלקס בציפוי שוקולד חלב מעולה,גורי מוצרי צריכה 1991 בע`מ,,דגני בוקר מיני קורנ,גרמים,65.00,100 גרם,false,,7.90,0.1215,true,1,2347268
7290112330352,false,"יוגורט PRO בטעם וניל 0% , 20 גרם חלבון בגביע",שטראוס גרופ בעמ/מצונן,,דנונה פרו 20 גרם חלב,גרמים,200.00,100 גרם,false,,5.90,0.0295,true,1,2175210
7290112330390,false,דנונה פרו פירות יער 20 גרם חלבון 0% שומן 200 גרם,שטראוס גרופ בעמ/מצונן,,דנונה פרו 20 גרם חלב,גרמים,200.00,100 גרם,false,,5.90,0.0295,true,1,2175211
7290112330420,false,דנונה פרו לבן 2.9% שומן בודד 150גר,שטראוס גרופ בעמ/מצונן,,דנונה פרו לבן 2.9% ש,גרמים,150.00,100 גרם,false,,4.40,0.0293,true,1,2130194
7290112332585,false,פריכיות משולש תפוא אורז בתיבול סלק ומלח ים אנרג'י 30 גרם,"פרח תעשיו מזון בע""מ",,פירכיות משולשות בתיב,גרמים,30.00,100 גרם,false,,4.90,0.1633,true,1,2201571
7290112332691,false,פינוקיות עוגיות קרם פסק זמן אגוזים 200 גרם,"הגביע מוצרי וופלים בע""\מ",,פינוקיות עוגיית קרם,גרמים,200.00,100 גרם,false,,9.90,0.0495,true,1,2214332
7290112332875,false,מסטיק מאסט קוביות בטעם מנטה עדינה 86 ג' עלית,שטראוס גרופ בע`מ,,מסטיק קוביות מנטה עד,גרמים,86.00,100 גרם,false,,12.90,0.1500,true,1,2159735
7290112335111,false,מסטיק מאסט קוביות בזוקה ללא גלוטן 86 גר,אסקום קונפקשיין,,מסטיק קוביות בטעם בז,גרמים,86.00,100 גרם,false,,12.90,0.1500,true,1,2159738
7290112335487,false,הפריכיות הטעימות קצח ודגנים אנרג'י 135 גרם,אנרג'י Energy - שטראוס,,הפירכיות הטעימות קצח,גרמים,135.00,100 גרם,false,,11.90,0.0881,true,1,2201545
7290112335494,false,הפריכיות הטעימות תפוחי אדמה בטעם פוטטוס,"פרח תעשיות מזון בע""\מ",,הפירכיות הטעימות פוט,גרמים,135.00,100 גרם,false,,11.90,0.0881,true,1,2217701
7290112335500,false,"פרכיות אנרג'י חומוס,אורז,עדשים שחורות וקינואה 135 גרם","פרח תעשיות מזון בע""\מ",,הפירכיות הטעימות חלב,גרמים,135.00,100 גרם,false,,11.90,0.0881,true,1,2201572
7290112336613,false,עד חצות עוגיות סנדוויץ במילוי שוקולד חלב,שטראוס גרופ בע`מ,,ביסקויט עד חצות סנדו,גרמים,135.00,100 גרם,false,,9.90,0.0733,true,1,2232645
7290112336637,false,סוכריות מאסט Must ללא סוכר יוגורט תות ואוכניות,"שטראוס גרופ בע""מ",,סוכריות מאסט ללא סוכ,גרמים,80.00,100 גרם,false,,7.90,0.0988,true,1,2227749
7290112336644,false,סוכריות מאסט ללא סוכר לימון 80 ג' עלית,"שטראוס גרופ בע""מ",,סוכריות מאסט ללא סוכ,גרמים,80.00,100 גרם,false,,7.90,0.0988,true,1,2227750
7290112336651,false,סוכריות מאסט ללא סוכר ריבת חלב 80 ג' עלית,"שטראוס גרופ בע""מ",,סוכריות מאסט ללא סוכ,גרמים,80.00,100 גרם,false,,7.90,0.0988,true,1,2227751
7290112336712,false,יוגורט PRO לבן 0% 21 גרם חלבון בגביע,שטראוס גרופ בעמ/מצונן,,דנונה פרו 21 גרם חלב,גרמים,200.00,100 גרם,false,,5.90,0.0295,true,1,2142593
7290112337474,false,סוכריות מאסט ללא סוכר פטל לימון 80 ג' עלית,שטראוס גרופ בע`מ,,סוכריות מאסט ללא סוכ,גרמים,80.00,100 גרם,false,,7.90,0.0988,true,1,2227752
7290112337481,false,סוכריות מאסט ללא סוכר קפצ''ינו 80 ג' עלית,שטראוס גרופ בע`מ,,סוכריות מאסט ללא סוכ,גרמים,80.00,100 גרם,false,,7.90,0.0988,true,1,2227753
7290112338877,false,מעדן גבינה בטעם תות 3% 125ג' סקי,שטראוס גרופ בעמ/מצונן,,סקי תות 3% 125 גרם,גרמים,125.00,100 גרם,false,,3.70,0.0296,true,1,2102308
7290112339171,false,מעדן מוס שוקולד 81 גר`מילקי,שטראוס גרופ בעמ/מצונן,,מילקי מוס,גרמים,81.00,100 גרם,false,,3.20,0.0395,true,1,2102310
7290112339362,false,דנונה לייט אנד פריי בטעם קפוצ'ינו 150 גרם,שטראוס גרופ בעמ/מצונן,,דנונה לייט אנד פרי ב,גרמים,150.00,100 גרם,false,,4.50,0.0300,true,1,2230101
7290112339867,false,גמדים לדרך גבינה לבנה עם מחית תות,שטראוס גרופ בעמ/מצונן,,גמדים סקוויז לדרך בו,גרמים,100.00,100 גרם,false,,5.50,0.0550,true,1,2142754
7290112339874,false,גמדים לדרך גבינה לבנה עם מחיות תות ובננה,שטראוס גרופ בעמ/מצונן,,גמדים סקוויז לדרך בו,גרמים,100.00,100 גרם,false,,5.50,0.0550,true,1,2142753
7290112340122,false,הפריכיות הטעימות 3 דגנים אנרג'י 135 גרם,"פרח תעשיות מזון בע""\מ",,הפירכיות הטעימות 3 ד,גרמים,135.00,100 גרם,false,,11.90,0.0881,true,1,2201573
7290112340245,false,מסטיק מאסט צנצנת בטעם דובדבן 66 גר` מגדי,"שטראוס גרופ בע""\מ",,קופסאת מסטיק מאסט בט,גרמים,66.00,100 גרם,false,,8.90,0.1348,true,1,2159739
7290112340252,false,צנצנת מסטיק מאסט בטעם אבטיח מלון 66 ג' עלית,"שטראוס גרופ בע""\מ",,קופסאת מסטיק מאסט בט,גרמים,66.00,100 גרם,false,,8.90,0.1348,true,1,2159740
7290112340276,false,פינוקיות עוגיית קרם קפה נמס 200 גרם,"הגביע מוצרי וופלים בע""\מ",,עוגיית קרם קפה נמס,גרמים,200.00,100 גרם,false,,9.90,0.0495,true,1,2214333
7290112340900,false,קפה טורקי האג נטול קפאין 200 גרם,הנסיך- מפעל לייצור ט,,קפה טורקי האג 200 גר,גרמים,200.00,100 גרם,false,,25.90,0.1295,true,1,2267132
7290112341556,false,יוגורט אקטיביה עם צ'יה ותות 150 גרם,שטראוס גרופ בעמ/מצונן,,יוגורט אקטיביה עם צ',גרמים,150.00,100 גרם,false,,4.50,0.0300,true,1,2227975
7290112341679,false,אקטיביה יוגורט 3% דנונה (200 גרם),שטראוס גרופ בעמ/מצונן,,אקטיבייה 3% 200 גרם,גרמים,200.00,100 גרם,false,,3.90,0.0195,true,1,2227976
7290112341686,false,שמינייה יוגורט לבן אקטיביה 3% דנונה 150 גרם.,שטראוס גרופ בעמ/מצונן,,מארז 8 יח' אקטיביה 3,גרמים,1200.00,100 גרם,false,,18.90,0.0157,true,1,2227993
7290112342102,false,סימפוניה גבינה במרקם שמנת בצל מקורמל 5%,שטראוס גרופ בעמ/מצונן,,סימפוניה בצל מקורמל,גרמים,200.00,100 גרם,false,,10.90,0.0545,true,1,2236683
7290112343260,false,"יטבתה רוטב שמנת קלאסי 9% שומן 260 מ""ל",שטראוס גרופ בעמ/מצונן,,רוטב שמנת קלאסי 9% ש,גרמים,260.00,100 גרם,false,,9.90,0.0381,true,1,2232522
7290112343420,false,"משקה חלב עם דגנים מלאים ובננה פרו יטבתה 350מ""ל",שטראוס גרופ בעמ/מצונן,,משקה יוטבתה פרו ארוח,מיליליטרים,350.00,"100 מ""ל",false,,6.90,0.0197,true,1,2232525
7290112343499,false,חטיף צ'יטוס פאפס אפוי בטעם גבינה,"שטראוס פריטו ליי בע""\מ )",,צ'יטוס פאפס 55 גרם,גרמים,55.00,100 גרם,false,,3.50,0.0636,true,1,2327021
7290112344564,false,רביולי גבינה קלאסי שטראוס 400 ג',שטראוס גרופ בעמ/מצונן,,רביולי גבינה 400 גרם,גרמים,400.00,100 גרם,false,,19.90,0.0497,true,1,2228011
7290112344724,false,מילקי בטעם שוקולד בלונדי עם קצפת 133גר,שטראוס גרופ בעמ/מצונן,,מילקי בטעם שוקולד בל,גרמים,133.00,100 גרם,false,,3.20,0.0241,true,1,2232569
7290112344755,false,מילקי עם 26% פחות סוכר 135 גר}שטראוס{,שטראוס גרופ בעמ/מצונן,,מעדן מילקי 26% פחות,גרמים,135.00,100 גרם,false,,2.80,0.0207,true,1,2280574
7290112344786,false,קפה פלטינום קלאסיק עלית 200 גרם,הנסיך- מפעל לייצור ט,,קפה פלטינום קלאסיק,גרמים,200.00,100 גרם,false,,29.90,0.1495,true,1,2247664
7290112344953,false,סימפוניה חציל קלוי גבינה במקרם שמנת 5%,שטראוס גרופ בעמ/מצונן,,סימפוניה חציל קלוי 5,גרמים,200.00,100 גרם,false,,10.90,0.0545,true,1,2292366
7290112345219,false,מארז קפה ברזילאי 25 סטיקים פלטינום 50 ג',שטראוס גרופ בעמ,,מארז 25 סטיקים פלטינ,גרמים,50.00,100 גרם,false,,9.90,0.1980,true,1,2247665
7290112346360,false,בפלות אחת אחת בציפוי שוקולד חלב עלית 180 גרם,הגביע מוצרי וופלים ב,,בפלות אחת אחת בציפוי,גרמים,180.00,100 גרם,false,,12.90,0.0717,true,1,2235719
7290112346629,false,דנונה בר יוגורט+קורנפלקס מצופה שוקולד חלב ולבן 172 גרם,שטראוס גרופ בעמ/מצונן,,יוגורט בר עם קורנפלק,גרמים,172.00,100 גרם,false,,4.50,0.0262,true,1,2256489
7290112346773,false,יוגורט בטעם וניל 0% לייט אנד פרי 10 גרם חלבון בגביע,שטראוס גרופ בעמ/מצונן,,דנונה לייט אנד פריי,גרמים,150.00,100 גרם,false,,4.50,0.0300,true,1,2282313
7290112346797,false,יוגורט אקטיביה שיבולת שועל ושזיף 150 גרם,שטראוס גרופ בעמ/מצונן,,יוגורט אקטיביה שיבול,גרמים,150.00,100 גרם,false,,4.50,0.0300,true,1,2248775
7290112346827,false,אקטימל ויטמין c פטל שמינייה 864 גרם,שטראוס גרופ בעמ/מצונן,,אקטימל מארז 8 יח' וי,גרמים,864.00,100 גרם,false,,19.90,0.0230,true,1,2277898
7290112347008,false,גמדים לדרך גבינה לבנה עם מחית תות ושיבולת שועל,שטראוס גרופ בעמ/מצונן,,גמדים ארוחת בוקר תות,גרמים,100.00,100 גרם,false,,5.50,0.0550,true,1,2232550
7290112347473,false,מארז דנונה לייט אנד פריי תות ואפרסק 150 גרם 8 יחידות,שטראוס גרופ בעמ/מצונן,,מארז 8 דנונה לייט אנ,גרמים,1200.00,100 גרם,false,,25.90,0.0216,true,1,2230110
7290112348142,false,שעועית לבנה 380 גר' בקופסה טעם הטבע,שטראוס גרופ בע`מ,,שעועית לבנה טעם הטבע,גרמים,380.00,100 גרם,false,,6.90,0.0182,true,1,2250895
7290112348616,false,עלית - קפה נמס אגוזי לוז 100 גרם,שטראוס גרופ בע`מ,,קפה נמס אגוזי לוז,גרמים,100.00,100 גרם,false,,14.90,0.1490,true,1,2274225
7290112348999,false,הפריכיות הטעימות תירס דקות אנרג'י 135 גרם,שטראוס גרופ בע`מ,,הפירכיות הטעימות תי,גרמים,135.00,100 גרם,false,,11.90,0.0881,true,1,2280315
7290112349606,false,מעדן גבינה ויוגורט תות בננה 88 ג' דניאלה,שטראוס גרופ בעמ/מצונן,,מעדן דניאלה תות בננ,גרמים,88.00,100 גרם,false,,3.90,0.0443,true,1,2334418
7290112349705,false,פומודורו רוטב עגבניות קלאסי לפסטה יד מרדכי 350 גרם,אמיליאנה קונסרב סוסייטה,,רוטב עגבניות קלאסי ל,גרמים,350.00,100 גרם,false,,11.90,0.0340,true,1,2235722
7290112349736,false,בזיליקום רוטב עגבניות לפסטה יד מרדכי 350 גרם,אמיליאנה קונסרב סוסייטה,,רוטב עגבניות בזילקום,גרמים,350.00,100 גרם,false,,11.90,0.0340,true,1,2235723
7290112349743,false,ארביאטה רוטב עגבניות פיקנטי לפסטה 350 ג' יד מרדכי,אמיליאנה קונסרב סוסייטה,,רוטב עגבניות פיקנטי,גרמים,350.00,100 גרם,false,,11.90,0.0340,true,1,2235724
7290112349750,false,פיצה רוטב עגבניות לפיצה יד מרדכי 350 גרם,אמיליאנה קונסרב סוסייטה,,רוטב עגבניות לפיצה 3,גרמים,350.00,100 גרם,false,,11.90,0.0340,true,1,2235725
7290112349903,false,רוטב שמנת עם גרגירי וניל 9% שומן 260 ג' יטבתה,שטראוס גרופ בעמ/מצונן,,רוטב שמנת עם גרגירי,גרמים,260.00,100 גרם,false,,9.90,0.0381,true,1,2351405
7290112350275,false,קפסולות LUNGO למכונת נספרסו עלית 10 יחידות,שטראוס קפה בי.וי,,קפסולות LUNGO למכונו,גרמים,55.00,100 גרם,false,,16.50,0.3000,true,1,2240851
7290112350312,false,קפסולות 15 קפה יותר למכונות נספרסו עלית 10יח',הנסיך- מפעל לייצור ט,,קפסולות 15 למכונת נס,גרמים,50.00,100 גרם,false,,16.50,0.3300,true,1,2269362
7290112350589,false,צ`יקו להכנת משקה צ`יקוריה עלית (65 גרם),שטראוס קפה בי.וי,,אבקה להכנת משקה ציקו,גרמים,65.00,100 גרם,false,,10.90,0.1677,true,1,2259044
7290112351067,false,סילאן טבעי 100% תמר מג'הול ללא תוספת סוכר,שטראוס גרופ בע`מ,,סילאן לחיץ 630 גרם,גרמים,630.00,100 גרם,false,,22.90,0.0363,true,1,2247686
7290112351463,false,שלישיית סוכריות מאסט FRESH פטל לימון 45 ג' עלית,"הליקון גידה בע""\מ",,שלישיית סוכריות פרש,גרמים,45.00,100 גרם,false,,7.90,0.1756,true,1,2256103
7290112351470,false,סוכריות ללא סוכר בטעם תות רימון מאסט פרש,"הליקון גידה בע""\מ",,שלישיית סוכריות פרש,גרמים,45.00,100 גרם,false,,7.90,0.1756,true,1,2256104
7290112353887,false,"משקה קפה קר בטעם אגוזים יטבתה 230 מ""ל",האי נאם סי או אל.טי.,,משקה קפה קר בטעם אגו,מיליליטרים,230.00,"100 מ""ל",false,,7.90,0.0343,true,1,2258753
7290112354174,false,"פסטה רוזה 280 ג""ר ""דלישס"" שטראוס",קפוא-זן תעשיות מזון בעמ - תפוג,,פסטה רוזה,גרמים,280.00,100 גרם,false,,21.90,0.0782,true,1,2332888
7290112354204,false,"ספגטי עגבניות 280 גר' ""דלישס"" שטראוס",קפוא-זן תעשיות מזון בעמ - תפוג,,ספגטי עגבניות 280 גר,גרמים,280.00,100 גרם,false,,21.90,0.0782,true,1,2332891
7290112354211,false,"פיצה מרגריטה""דלישס"" שטראוס",קפוא-זן תעשיות מזון בעמ - תפוג,,פיצה מרגריטה דלישס,גרמים,280.00,100 גרם,false,,25.90,0.0925,true,1,2332892
7290112354242,false,"קונוס פיצה ""דלישס"" שטראוס",קפוא זן תעשיות מזון בעמ,,קונוס פיצה,גרמים,280.00,100 גרם,false,,25.90,0.0925,true,1,2332895
7290112354945,false,תפוצ'יפס WAVY בטעם טבעי 50 גרם,שטראוס פריטו ליי בע`מ,,תפוצ'יפס 50 גרם טבעי,גרמים,50.00,100 גרם,false,,3.90,0.0780,true,1,2376133
7290112354952,false,תפוצ`יפס פפריקה (50 גרם)היתר מכירה,שטראוס פריטו ליי בע`מ,,תפוצ'יפס 50 גרם פפרי,גרמים,50.00,100 גרם,false,,3.90,0.0780,true,1,2376134
7290112354969,false,תפוצ'יפס בטעם טבעי 200 גרם היתר מכירה,שטראוס פריטו ליי בע`מ,,תפוצ'יפס 200 גרם טבע,גרמים,200.00,100 גרם,false,,9.90,0.0495,true,1,2376135
7290112355027,false,דנונה פרו 20 גרם חלבון בטעם קרמל מלוח 200 גרם,שטראוס גרופ בעמ/מצונן,,דנונה פרו 20 גרם חלב,גרמים,200.00,100 גרם,false,,5.90,0.0295,true,1,2280579
7290112355102,false,גמדים סקוויז 100 גרם פאוץ סלט פירות 100 גרם,שטראוס גרופ בעמ/מצונן,,גמדים פאוץ' סלט פירו,גרמים,100.00,100 גרם,false,,5.50,0.0550,true,1,2282320
7290112355386,false,יטבתה רוטב שמנת בטעם קרמל מלוח יטבתה 260 גרם,שטראוס גרופ בעמ/מצונן,,רוטב שמנת בטעם קרמל,גרמים,260.00,100 גרם,false,,9.90,0.0381,true,1,2351406
7290112355393,false,"יטבתה רוטב שמנת+בטטה 9% שומן 250 מ""ל",שטראוס גרופ בעמ/מצונן,,רוטב שמנת עם בטטה יט,גרמים,257.00,100 גרם,false,,9.90,0.0385,true,1,2377212
7290112355812,false,מילקי טופ קורנפלקס 141 ג' שטראוס,שטראוס גרופ בעמ/מצונן,,מעדן מילקי טופ קורנפ,גרמים,141.00,100 גרם,false,,4.30,0.0305,true,1,2356305
7290112357045,false,עגבניות איטלקיות מרוסקות 390 גר' בקופסה טעם הטבע,"שטראוס גרופ בע""מ",,עגבניות איטלקיות מרו,גרמים,380.00,100 גרם,false,,6.90,0.0182,true,1,2250896
7290112357069,false,מחית עגבניות איטלקיות בקופסה 500 גר' טעם הטבע,"שטראוס גרופ בע""מ",,מחית עגבניות איטלקית,גרמים,500.00,100 גרם,false,,7.90,0.0158,true,1,2250897
7290112357076,false,קוביות עגבניות איטלקיות 390 גר' בקופסה טעם הטבע,"שטראוס גרופ בע""מ",,עגבניות איטלקיות קוב,גרמים,390.00,100 גרם,false,,6.90,0.0177,true,1,2269351
7290112357083,false,טעם הטבע אפונה ירוקה 380 גרם קופסה,הדקלאים אגודת שיתופי,,אפונת גינה טעם הטבע,גרמים,380.00,100 גרם,false,,6.90,0.0182,true,1,2250908
7290112357106,false,שעועית אדומה 380 גר' בקופסה טעם הטבע,"שטראוס גרופ בע""מ",,שעועית אדומה טעם הטב,גרמים,380.00,100 גרם,false,,6.90,0.0182,true,1,2250898
7290112357113,false,גרגרי חומוס בקופסה 380 גר' טעם הטבע,"שטראוס גרופ בע""מ",,גרגרי חומוס טעם הטבע,גרמים,380.00,100 גרם,false,,6.90,0.0182,true,1,2250899
7290112357175,false,קפסולות BOOST למכונת נספרסו עלית 10 יחידות,שטראוס קפה בי.וי,,קפסולות BOOST למכונו,גרמים,50.00,100 גרם,false,,16.50,0.3300,true,1,2240852
7290112357892,false,שלישיית סוכריות מאסט FRESH מנטה 45 גרם,"הליקון גידה בע""\מ",,שלישיית סוכריות פרש,גרמים,45.00,100 גרם,false,,7.90,0.1756,true,1,2256107
7290112358004,false,פסק זמן חטיף קראנץ עלית( 32 גר`),שולן צ'\יקולטה גידה סאן.,,חטיף פסק זמן קראנץ,גרמים,32.00,100 גרם,false,,4.90,0.1531,true,1,2280141
7290112358127,false,דנונה פרו חלבון+מגנזיום- וניל ועוגיות 200 גרם,שטראוס גרופ בעמ/מצונן,,דנונה פרו 20 גרם עם,גרמים,200.00,100 גרם,false,,5.90,0.0295,true,1,2277904
7290112358219,false,רוטב צ`ילי מתוק יד מרדכי (300 גר`),אף.סי תבליני בגליל ב,,רוטב צ'ילי מתוק 320,גרמים,300.00,100 גרם,false,,12.90,0.0430,true,1,2259052
7290112358233,false,רוטב צ`ילי חריף יד מרדכי (300 גר`),"שטראוס גרופ בע""מ",,רוטב צ'ילי חריף 300,גרמים,300.00,100 גרם,false,,12.90,0.0430,true,1,2267135
7290112358240,false,רוטב גריל יד מרדכי 300 גרם,שטראוס גרופ בע`מ,,רוטב לעוף גריל,גרמים,300.00,100 גרם,false,,12.90,0.0430,true,1,2250888
7290112358257,false,רוטב לעוף עם שזיפים יד מרדכי 300 גרם,שטראוס גרופ בע`מ,,רוטב לעוף עם שזיפים,גרמים,300.00,100 גרם,false,,12.90,0.0430,true,1,2250889
7290112358431,false,עד חצות דאבל ביסקוויט עם שוקולד חלב -8 אריזות אישיות,ביסקוויטס טור ד'\אלבון,,ביסקויט עד חצות דאבל,גרמים,200.00,100 גרם,false,,12.90,0.0645,true,1,2301708
7290112358554,false,מארז קפה נמס מנות אישיות לדרך 50.4 גר,שטראוס גרופ בע`מ,,מארז נמס לדרך,גרמים,50.40,100 גרם,false,,11.90,0.2361,true,1,2269363
7290112359353,false,קפה טורקי אלדין ( 200 גר`) עלית,"שטראוס גרופ בע""מ",,קפה אלדין 200 גרם,גרמים,200.00,100 גרם,false,,18.90,0.0945,true,1,2332950
7290112359384,false,עלית - קפה נמס אלפחורס ריבת חלב 100 גרם,שטראוס גרופ בע`מ,,קפה נמס אלפחורס ריבת,גרמים,100.00,100 גרם,false,,14.90,0.1490,true,1,2274237
7290112490032,false,"נמס בכוס טעם תירס קנור 31 גרם מארז זוגי בד""צ",יוניליוור ישראל שיווק בע`מ,,נמס בכוס תירס זוגות,גרמים,45.00,100 גרם,false,,6.50,0.1444,true,1,2007267
7290112490209,false,נמס בכוס מרק עגבניות עם קרוטונים רכיבים טבעיים,"יוניליוור ישראל שיווק בע""מ",,נמס בכוס זוג עגבניות,גרמים,56.00,100 גרם,false,,6.50,0.1161,true,1,1997500
7290112490216,false,מרק נמס בכוס בטעם עוף קנור 100% רכיבים טבעיים,"יוניליוור ישראל שיווק בע""מ",,נמס בכוס זוג עוף עם,גרמים,48.00,100 גרם,false,,6.50,0.1354,true,1,1997501
7290112490230,false,מרק נמס בכוס אפונה קנור 100% רכיבים טבעיים,"יוניליוור ישראל שיווק בע""מ",,נמס בכוס אפונה 100%ר,גרמים,50.00,100 גרם,false,,6.50,0.1300,true,1,1997502
7290112490582,false,חרדל דיג'וןן צרפתי הלמנס 350 גר,"יוניליוור ישראל שיווק בע""מ",,חרדל הלמנס דיז'ון,גרמים,350.00,100 גרם,false,,12.90,0.0369,true,1,2007937
7290112490650,false,קונפיטורה תות שדה 340 גרם-צנצנת,"יוניליוור ישראל שיווק בע""מ",,קונפיטורת תות שדה 77,גרמים,340.00,100 גרם,false,,12.90,0.0379,true,1,1990753
7290112490667,false,קונפיטורה משמש778 50% פרי 340 גר',יוניליוור ישראל שיווק בע`מ,,קונפיטורת משמש 778 3,גרמים,340.00,100 גרם,false,,12.90,0.0379,true,1,1990754
7290112490674,false,קונפיטורה דובדבנים 778 50% פרי 340 גר-,יוניליוור ישראל שיווק בע`מ,,קונפיטורת דובדבן 778,גרמים,340.00,100 גרם,false,,12.90,0.0379,true,1,1990745
7290112490698,false,קונפיטורה תות שדה לייט 300 גרם-צנצנת,יוניליוור ישראל שיווק בע`מ,,קונפיטורת תות שדה 77,גרמים,260.00,100 גרם,false,,15.90,0.0612,true,1,1990756
7290112490728,false,מרק עשיר ירקות עם בורגול רכיבים טבעיים 95 ג' קנור,יוניליוור ישראל שיווק בע`מ,,מרק עשיר ר.טיבעיים י,גרמים,80.00,100 גרם,false,,9.90,0.1238,true,1,2050388
7290112490735,false,מרק עשיר עגבניות עם פסטה ר.טבעיים 105 גרם קנור,יוניליוור ישראל שיווק בע`מ,,מרק עשיר ר.טיבעיים ע,גרמים,80.00,100 גרם,false,,9.90,0.1238,true,1,2050389
7290112490742,false,מרק עשיר פטריות עם גריסים רכיבים טבעיים 104 ג' קנור,"יוניליוור ישראל שיווק בע""מ",,מרק עשיר ר.טיבעיים ג,גרמים,80.00,100 גרם,false,,9.90,0.1238,true,1,2050390
7290112490759,false,מרק עשיר עוף עם אטריות רכיבים טבעיים 74 ג' קנור,"יוניליוור ישראל שיווק בע""מ",,מרק עשיר ר.טיבעיים א,גרמים,80.00,100 גרם,false,,9.90,0.1238,true,1,2050391
7290112490827,false,תרסיס ריחני למייבש הכביסה בדין בייבי 500,"יוניליוור ישראל שיווק בע""מ",,בדין תרסיס למייבש 50,מיליליטרים,500.00,"100 מ""ל",false,,16.90,0.0338,true,1,2007270
7290112490896,false,"קנור רוטב צ'ילי חריף 370 מ""ל PAL","יוניליוור ישראל שיווק בע""מ",,רוטב צ'ילי חריף 370,מיליליטרים,370.00,"100 מ""ל",false,,12.90,0.0349,true,1,2062898
7290112491701,false,ברנפלקס בטעם וניל מעודן 20% חלבון Extra Protein,"יוניליוור ישראל שיווק בע""מ",,ברנפלקס אקסטרה פרוטא,גרמים,375.00,100 גרם,false,,22.90,0.0611,true,1,2080244
7290112492449,false,פינוק שמפו שיער רגיל 700 מל-חדש,"יוניליוור ישראל שיווק בע""מ",,שמפו פינוק רגיל,מיליליטרים,700.00,"100 מ""ל",false,,11.90,0.0170,true,1,2250146
7290112492456,false,"שמפו פינוק לשיער יבש/פגום 700 מ""ל",יוניליוור ישראל שיווק בע`מ,,שמפו פינוק יבש,מיליליטרים,700.00,"100 מ""ל",false,,11.90,0.0170,true,1,2250050
7290112492463,false,"שמפו ומרכך 2 ב-1 לשיער רגיל פינוק 700 מ""ל.",יוניליוור ישראל שיווק בע`מ,,שמפו פינוק 2 ב-1 רגי,מיליליטרים,700.00,"100 מ""ל",false,,11.90,0.0170,true,1,2250147
7290112492470,false,"שמפו ומרכך 2 ב-1 לשיער יבש פינוק 700 מ""ל.",יוניליוור ישראל שיווק בע`מ,,שמפו פינוק 2 ב-1 יבש,מיליליטרים,700.00,"100 מ""ל",false,,11.90,0.0170,true,1,2281160
7290112492500,false,פינוק שמפו לשיער עם שמן קוקוס 700 מל,"יוניליוור ישראל שיווק בע""מ",,שמפו פינוק שמן קוקוס,מיליליטרים,700.00,"100 מ""ל",false,,11.90,0.0170,true,1,2250148
7290112492579,false,פינוק מרכך בתוספת שמן קוקוס 700 מל-חדש,יוניליוור ישראל שיווק בע`מ,,מרכך פינוק שמן קוקוס,מיליליטרים,700.00,"100 מ""ל",false,,11.90,0.0170,true,1,2232610
7290112492593,false,תחליב רחצה פינוק בניחוח פינוק קלאסי 700,יוניליוור ישראל שיווק בע`מ,,תחליב רחצה פינוק קלא,מיליליטרים,700.00,"100 מ""ל",false,,10.90,0.0156,true,1,2232611
7290112492647,false,"פינוק לגבר 3 ב1 שמפו ג'ל רחצה וסבון פנים 700 מ""ל","יוניליוור ישראל שיווק בע""מ",,שמפו פינוק 3 ב-1 לגב,מיליליטרים,700.00,"100 מ""ל",false,,11.90,0.0170,true,1,2232616
7290112492982,false,"אבקת מרק פטריות כשל""פ 100% רכיבים טבעיים 400 גרם",יוניליוור ישראל שיווק בע`מ,,מרק פיטריות 400 גר ר,גרמים,400.00,100 גרם,false,,24.90,0.0622,true,1,2232111
7290112492999,false,קנור מרק עוף אמיתי 400 גרם פרווה,יוניליוור ישראל שיווק בע`מ,,קנור מרק טעם עוף 400,גרמים,400.00,100 גרם,false,,14.90,0.0373,true,1,2231721
7290112493088,false,נמס בכוס עדשים מרק רכיבים טבעיים קנור 54 ג',יוניליוור ישראל שיווק בע`מ,,נמס בכוס זוג עדשים 1,גרמים,54.00,100 גרם,false,,6.50,0.1204,true,1,2205406
7290112493095,false,נמס בכוס מרק עגבניות חריף רכיבים טבעיים קנור 48 ג',יוניליוור ישראל שיווק בע`מ,,נמס בכוס זוג עגבניות,גרמים,48.00,100 גרם,false,,6.50,0.1354,true,1,2205407
7290112493316,false,מרק היום אפונה 100% רכיבים טביעיים קנור,יוניליוור ישראל שיווק בע`מ,,מרק אפונה 100% רכיבי,גרמים,117.00,100 גרם,false,,9.90,0.0846,true,1,2205409
7290112494153,false,תיבוליות ניחוח צלי קנור( 72 גרם),יוניליוור ישראל שיווק בע`מ,,תיבולית קנור צלי 72,גרמים,72.00,100 גרם,false,,9.90,0.1375,true,1,2229180
7290112494221,false,חטיף ביסקויט שוקולד חלב קליק (65 גרם),יוניליוור ישראל שיווק בע`מ,,קליק בסקוויט 65 גרם.,גרמים,65.00,100 גרם,false,,5.90,0.0908,true,1,2229638
7290112494238,false,חטיף כדורים שוקולד חלב קליק (65 גרם),יוניליוור ישראל שיווק בע`מ,,חטיף שוקולד קליק כדו,גרמים,65.00,100 גרם,false,,5.90,0.0908,true,1,2229639
7290112494276,false,קליק כריות בתפזורת כשר לפסח,יוניליוור ישראל שיווק בע`מ,,קליק כריות חדש 65 גר,גרמים,65.00,100 גרם,false,,5.90,0.0908,true,1,2229641
7290112494283,false,חטיף כדורים מעורב חום לבו 65 גר`קליק,יוניליוור ישראל שיווק בע`מ,,קליק חום לבן 65 גרם.,גרמים,65.00,100 גרם,false,,5.90,0.0908,true,1,2229642
7290112494313,false,קליק - קורנפלקס תפזורת 65 גרם,"יוניליוור ישראל שיווק בע""מ",,קליק קורנפלקס 65 גרם,גרמים,65.00,100 גרם,false,,5.90,0.0908,true,1,2229644
7290112494351,false,קורנפלקס של אלופים תלמה (850 גרם).בדצ,יוניליוור ישראל שיווק בע`מ,,קורנפלקס אלופים 850,גרמים,850.00,100 גרם,false,,19.90,0.0234,true,1,2245656
7290112494795,false,בדין-ג'ל לכביסה לבנה וצבעונית בניחוח עדין כחול 2.5 ליטר,"יוניליוור ישראל שיווק בע""מ",,ג'ל כביסה לבנה וצבעו,ליטרים,2.50,ליטר,false,,32.90,13.1600,true,1,2236819
7290112494801,false,בדין-ג'ל לכביסה לבנה וצבעונית בניחוח עדין ורוד 2.5 ליטר,"יוניליוור ישראל שיווק בע""מ",,ג'ל כביסה לבנה וצבעו,ליטרים,2.50,ליטר,false,,32.90,13.1600,true,1,2236820
7290112494825,false,תרחיץ פנים לעור רגיש מכיל 25% קרם לחות,יוניליוור ישראל שיווק בע`מ,,תרחיץ פנים דאב לעור,מיליליטרים,180.00,"100 מ""ל",false,,14.90,0.0828,true,1,2276472
7290112494832,false,תרחיץ פנים לכל סוגי העור מכיל 25% קרם לחות,יוניליוור ישראל שיווק בע`מ,,תרחיץ פנים דאב לעור,מיליליטרים,180.00,"100 מ""ל",false,,14.90,0.0828,true,1,2268418
7290112495006,false,כריות דגנים במילוי נוגט בדצ 686 גרם,"יוניליוור ישראל שיווק בע""מ",,"כריות נוגט בד""צ 686",גרמים,686.00,100 גרם,false,,24.90,0.0363,true,1,2229631
7290112495037,false,דגני בוקר בטעם שוקולד כדורים 375 ג' קוקומן,יוניליוור ישראל שיווק בע`מ,,קוקומן כדורים 375 בד,גרמים,375.00,100 גרם,false,,19.90,0.0531,true,1,2229645
7290112495044,false,דגני קוקומן פצפוצים תלמה (375 גרם),יוניליוור ישראל שיווק בע`מ,,"קוקומן פצפוצים בד""צ",גרמים,375.00,100 גרם,false,,19.90,0.0531,true,1,2229646
7290112495105,false,נשנושים טעם שמנת בצל בייגל בייגל 260 גרם,"יוניליוור ישראל שיווק בע""מ",,"נשנושים תפ""וא בצל 26",גרמים,260.00,100 גרם,false,,12.90,0.0496,true,1,2229647
7290112495143,false,נשנושי קרקר קוקטייל מלוח בייגל בייגל 300 גרם,"יוניליוור ישראל שיווק בע""מ",,נשנושים 300 גרם קוקט,גרמים,300.00,100 גרם,false,,12.90,0.0430,true,1,2229650
7290112495228,false,קורנפלקס דבש תלמה אלופים 448 גרם,"יוניליוור ישראל שיווק בע""מ",,"קורנפלקס דבש בד""צ 44",גרמים,448.00,100 גרם,false,,19.90,0.0444,true,1,2229654
7290112495280,false,ברנפלקס ריבועי קינמון תלמה (400 גרם),יוניליוור ישראל שיווק בע`מ,,ריבועי ברנפלקס קינמו,גרמים,400.00,100 גרם,false,,22.90,0.0572,true,1,2241000
7290112495433,false,דגני דליפקאן תוספת אגוזי פקאן ושקדים 400 גר,יוניליוור ישראל שיווק בע`מ,,קורנפלקס דליפקאן 400,גרמים,400.00,100 גרם,false,,19.90,0.0497,true,1,2222531
7290112495662,false,קרקר חיטה מלאה ופשתן בייגל בייגל 300 גרם,יוניליוור ישראל שיווק בע`מ,,קרקר חיטה מלאה עם פש,גרמים,300.00,100 גרם,false,,8.90,0.0297,true,1,2271432
7290112495747,false,רוטב צ''ילי מתוק כ 70% פחות סוכר 340 ג' קנור,"יוניליוור ישראל שיווק בע""מ",,קנור רוטב צ'ילי מתוק,גרמים,340.00,100 גרם,false,,12.90,0.0379,true,1,2243038
7290112495754,false,רוטב לסלט אלף האיים הלמנס (305 מל),יוניליוור ישראל שיווק בע`מ,,רוטב לסלט הלמנס אלף,גרמים,305.00,100 גרם,false,,12.90,0.0423,true,1,2243039
7290112495792,false,רוטב הלמנס שום לייט לסלט 305גר כשלפ,יוניליוור ישראל שיווק בע`מ,,רוטב לסלט הלמנס שום,גרמים,300.00,100 גרם,false,,12.90,0.0430,true,1,2236325
7290112495808,false,רוטב לסלט חרדל ודבש הלמנס (305 מל),יוניליוור ישראל שיווק בע`מ,,רוטב לסלט הלמנס חרדל,גרמים,305.00,100 גרם,false,,12.90,0.0423,true,1,2243057
7290112495815,false,רוטב לסלט חרדל ודבש לייט (305 גרם)הלמנס,יוניליוור ישראל שיווק בע`מ,,רוטב הלמנס חרדל דבש,גרמים,305.00,100 גרם,false,,12.90,0.0423,true,1,2245722
7290112495822,false,כריות BLACK בטעם שוקולד וניל תלמה 686 גרם,"יוניליוור ישראל שיווק בע""מ",,כריות בלאק 686 גרם.,גרמים,686.00,100 גרם,false,,24.90,0.0363,true,1,2232625
7290112496027,false,"סירופ שוקולד לחיץ 580 מ""ל כשל""פ אפיכל",יוניליוור ישראל שיווק בע`מ,,סירופ שוקולד 580 גרם,גרמים,580.00,100 גרם,false,,14.90,0.0257,true,1,2243209
7290112496034,false,"סירופ מייפל לחיץ 580 מ""ל כשל""פ אפיכל",יוניליוור ישראל שיווק בע`מ,,סירופ מייפל 580 גרם,גרמים,580.00,100 גרם,false,,14.90,0.0257,true,1,2243210
7290112496218,false,קנור רוטב טריאקי הפחתה של מעל 50% סוכר ונתרן 310 ג',"יוניליוור ישראל שיווק בע""מ",,רוטב טריאקי קנור 340,גרמים,340.00,100 גרם,false,,12.90,0.0379,true,1,2248378
7290112496287,false,פתית - צ'יפס בטטה בטעם טבעי 21 גרם,יוניליוור ישראל שיווק בע`מ,,פתית צ'יפס בטטה בטעם,גרמים,22.00,100 גרם,false,,4.90,0.2227,true,1,2260669
7290112496294,false,חטיף פתית צ'יפס עם אפונה ירוקה צהובה וצ'ילי,יוניליוור ישראל שיווק בע`מ,,פתית צ'יפס אפונה בתו,גרמים,22.00,100 גרם,false,,4.90,0.2227,true,1,2260670
7290112496430,false,קנור נמס בכוס אקסטרה עגבניות+איטריות 37 גרם - רבנות,יוניליוור ישראל שיווק בע`מ,,מרק נמס בכוס אקסטרא,גרמים,37.00,100 גרם,false,,3.90,0.1054,true,1,2281154
7290112496447,false,נמס בכוס אקסטרה טעם עוף עם המון אטריות 27ג',"יוניליוור ישראל שיווק בע""מ",,מרק נמס בכוס אקסטרא,גרמים,27.00,100 גרם,false,,3.90,0.1444,true,1,2281149
7290112496461,false,נמס בכוס אקסטרה מרק ירקות עם המון אטריות,"יוניליוור ישראל שיווק בע""מ",,מרק ירקות עם המון אט,גרמים,32.00,100 גרם,false,,3.90,0.1219,true,1,2278501
7290112497000,false,פנטסטיק תרכיז ניקוי רב תכליתי בניחוח לימון,יוניליוור ישראל שיווק בע`מ,,פנטסטיק 1 ליטר,ליטרים,1.00,ליטר,false,,12.90,12.9000,true,1,2247904
7290112497031,false,קנור רוטב עגבניות לקציצות 415 גרם,יוניליוור ישראל שיווק בע`מ,,רוטב עגבניות לקציצות,גרמים,415.00,100 גרם,false,,12.90,0.0311,true,1,2299146
7290112497123,false,סחלב תערובת להכנת מעדן בטעם סחלב 112גרם,יוניליוור ישראל שיווק בע`מ,,סחלב 112 גרם קנור,גרמים,112.00,100 גרם,false,,12.90,0.1152,true,1,2275753
7290112497710,false,פינוק בייבי שמפו אל דמע לתינוקות 700 מל,יוניליוור ישראל שיווק בע`מ,,שמפו אל דמע בייבי פי,מיליליטרים,700.00,"100 מ""ל",false,,14.90,0.0213,true,1,2369550
7290112497727,false,פינוק בייבי אל סבון אל דמע לתינוקות 700,"יוניליוור ישראל שיווק בע""מ",,אל סבון בייבי פינוק,מיליליטרים,700.00,"100 מ""ל",false,,14.90,0.0213,true,1,2369556
7290112497864,false,אבקת מרק בטעם עוף רכיבים טבעיים 33% פחות נתרן 400 גרם,"יוניליוור ישראל שיווק בע""מ",,מרק בטעם עוף רכיבים,גרמים,400.00,100 גרם,false,,24.90,0.0622,true,1,2278503
7290112498267,false,פינוק אל סבון לידיים בניחוח פינוק קלאסי,"יוניליוור ישראל שיווק בע""מ",,סבון ידיים פינוק קלא,מיליליטרים,950.00,"100 מ""ל",false,,12.90,0.0136,true,1,2308741
7290112498274,false,פינוק אלסבון לידיים לבנדר וניל 1ליטר+משא,יוניליוור ישראל שיווק בע`מ,,סבון ידיים פינוק לבנ,מיליליטרים,950.00,"100 מ""ל",false,,12.90,0.0136,true,1,2308746
7290112498281,false,"אל סבון לידיים בתוספת שמן קוקוס פינוק 950 מ""ל",יוניליוור ישראל שיווק בע`מ,,סבון ידיים פינוק שמן,מיליליטרים,950.00,"100 מ""ל",false,,12.90,0.0136,true,1,2308747
7290112498298,false,"אל סבון ליידים בתוספת שמן מרוקאי פינוק 950 מ""ל","יוניליוור ישראל שיווק בע""מ",,סבון ידיים פינוק שמן,מיליליטרים,950.00,"100 מ""ל",false,,12.90,0.0136,true,1,2308748
7290112498472,false,אקס דאודורנט בודי ספריי מגנום,"יוניליוור ישראל שיווק בע""מ",,אקס ספריי מגנום,מיליליטרים,150.00,"100 מ""ל",false,,14.90,0.0993,true,1,2302214
7290112499189,false,"גלידת קרמיסימו חד קרן וניל תות, 1.33 ליטר","גלידת שטראוס בע""\מ, רחוב",,גלידה קרמיסימו 1.33,ליטרים,1.33,ליטר,false,,19.90,14.9624,true,1,2358571
7290112499196,false,גלידה בטעם החלב של הקורנפלקס 1.33 ל' קרמיסימו,"גלידת שטראוס בע""\מ, רחוב",,גלידה קרמיסימו 1.33,ליטרים,1.33,ליטר,false,,19.90,14.9624,true,1,2358572
7290112499455,false,פינוק תחליב רחצה 700 בתוספת שמן מרוקאי,"יוניליוור ישראל שיווק בע""מ",,תחליב רחצה פינוק שמן,מיליליטרים,700.00,"100 מ""ל",false,,10.90,0.0156,true,1,2299132
7290112499493,false,"רקסונה - דאודורנט ספריי לאישה אלוורה 150 מ""ל","יוניליוור ישראל שיווק בע""מ",,דאודורנט ספריי רקסונ,מיליליטרים,150.00,"100 מ""ל",false,,13.90,0.0927,true,1,2333719
7290112499509,false,"רקסונה - דאודורנט ספריי לאישה בניחוח אפרסק ולמון גראס 150 מ""ל","יוניליוור ישראל שיווק בע""מ",,דאודורנט ספריי רקסונ,מיליליטרים,150.00,"100 מ""ל",false,,13.90,0.0927,true,1,2360707
7290112961266,false,בייגלה כפיות פיזור איטלקי 300 גרם אסם,קבוצת אוסם סחר שותפות מוגבלת,,בייגלה שטוחים כפיות,גרמים,300.00,100 גרם,false,,10.90,0.0363,true,1,2156482
7290112961372,false,פיטנס חטיפי פריכיות דקות קינמון 60 גרם,קבוצת אוסם סחר שותפות מוגבלת,,פירכיות דקות פיטנס ק,גרמים,60.00,100 גרם,false,,7.90,0.1317,true,1,2085422
7290112961440,false,פיטנס חטיפי פריכיות שוקולד מריר 84 גרם,קבוצת אוסם סחר שותפות מוגבלת,,פיטנס בר פריכיות שוק,גרמים,72.00,100 גרם,false,,11.90,0.1653,true,1,2253842
7290112961464,false,פיטנס חטיפי פריכיות דגנים וחומוס מתובלות,קבוצת אוסם סחר שותפות מוגבלת,,פירכיות דקות פיטנס מ,גרמים,60.00,100 גרם,false,,7.90,0.1317,true,1,2085423
7290112962287,false,טבעול שווארמה טבעונית 6*450 גרם,קבוצת אוסם סחר שותפות מוגבלת,,שוארמה טבעונית טבעול,גרמים,450.00,100 גרם,false,,29.90,0.0664,true,1,2236625
7290112963321,false,גריסיני בייגלה שטוח ללא גלוטן אסם 300גרם,קבוצת אוסם סחר שותפות מוגבלת,,בייגלה שטוח ללא גלוט,גרמים,300.00,100 גרם,false,,14.90,0.0497,true,1,2251013
7290112963918,false,פיטנס חטיפי קרקר דק רוזמרין 140 גרם,קבוצת אוסם סחר שותפות מוגבלת,,חטיפי קרקר דק רוזמרי,גרמים,140.00,100 גרם,false,,10.90,0.0779,true,1,2208898
7290112964410,false,אסם רוטב אלף האיים חדש לסלט 290 גרם,קבוצת אוסם סחר שותפות מוגבלת,,רוטב אלף האיים לסלט,מיליליטרים,290.00,"100 מ""ל",false,,10.90,0.0376,true,1,2220999
7290112964434,false,אסם רוטב קיסר חדש לסלט 295 גרם,קבוצת אוסם סחר שותפות מוגבלת,,רוטב לסלט קיסר 295 מ,מיליליטרים,295.00,"100 מ""ל",false,,10.90,0.0369,true,1,2208900
7290112964458,false,אסם רוטב ויניגרט חדש לסלט 295 גרם,קבוצת אוסם סחר שותפות מוגבלת,,רוטב וינגרט קלאסי 29,מיליליטרים,295.00,"100 מ""ל",false,,10.90,0.0369,true,1,2208901
7290112964472,false,אסם רוטב שום חדש לסלט 290 גרם,קבוצת אוסם סחר שותפות מוגבלת,,"רוטב שום לסלט 290 מ""",מיליליטרים,290.00,"100 מ""ל",false,,10.90,0.0376,true,1,2208902
7290112964564,false,רוטב אלף האיים לייט לסלט אסם (295 מל),קבוצת אוסם סחר שותפות מוגבלת,,רוטב אלף האיים לייט,מיליליטרים,295.00,"100 מ""ל",false,,10.90,0.0369,true,1,2229501
7290112964625,false,רוטב שום לייט לסלט 310 גרם אסם,קבוצת אוסם סחר שותפות מוגבלת,,רוטב שום לייט 5% שומ,מיליליטרים,310.00,"100 מ""ל",false,,10.90,0.0352,true,1,2208903
7290112964724,false,המבורגר צמחוני עם המון חלבון 580 גר,קבוצת אוסם סחר שותפות מוגבלת,,טבעול המבורגר טבעוני,גרמים,580.00,100 גרם,false,,29.90,0.0516,true,1,2220994
7290112965103,false,תבשיל קוסקוס עם ירקות 146 גרם אסם,קבוצת אוסם סחר שותפות מוגבלת,,תבשיל קוסקוס עם ירקו,גרמים,146.00,100 גרם,false,,9.90,0.0678,true,1,2232684
7290112965141,false,תבשיל פתיתים אפויים עם ירקות 130 גרם,קבוצת אוסם סחר שותפות מוגבלת,,תבשיל פתיתים אפויים,גרמים,117.00,100 גרם,false,,9.90,0.0846,true,1,2232685
7290112965165,false,מרק נמס פטריות אסם בדצ 48 גרם מארז זוגי,קבוצת אוסם סחר שותפות מוגבלת,,זוג מרק נמס פטריות,גרמים,48.00,100 גרם,false,,5.50,0.1146,true,1,2221001
7290112965240,false,מרק נמס בטעם עגבניות זוג * 44 ג' אסם,קבוצת אוסם סחר שותפות מוגבלת,,זוג מרק נמס עגבניות,גרמים,44.00,100 גרם,false,,5.50,0.1250,true,1,2221004
7290112965264,false,אבקת מרק נמס אפונה אסם בדצ 52 גרם מארז זוגי,קבוצת אוסם סחר שותפות מוגבלת,,זוג מרק נמס אפונה רכ,גרמים,30.00,100 גרם,false,,5.50,0.1833,true,1,2221005
7290112965288,false,מרק נמס ירקות אסם בדצ 56 גרם מארז זוגי,קבוצת אוסם סחר שותפות מוגבלת,,זוג מרק נמס ירקות,גרמים,30.00,100 גרם,false,,5.50,0.1833,true,1,2221006
7290112965301,false,זוג מרק נמס בטעם עוף עם שקדי מרק רגע חם,קבוצת אוסם סחר שותפות מוגבלת,,זוג מרק נמס טעם עוף.,גרמים,52.00,100 גרם,false,,5.50,0.1058,true,1,2221007
7290112965585,false,פרפקטו פסטה קסרצה אסם 500 גרם,קבוצת אוסם סחר שותפות מוגבלת,,פסטה פרפקטו קסרצה 50,גרמים,500.00,100 גרם,false,,6.90,0.0138,true,1,2221008
7290112965660,false,חטיף מולטיגריין מלח פלפל ( 25 גר`) פיטנס,קבוצת אוסם סחר שותפות מוגבלת,,חטיף פיטנס מלח פלפל,גרמים,25.00,100 גרם,false,,4.90,0.1960,true,1,2276884
7290112965684,false,פיטנס - חטיף מולטיגריין עשבי תיבול 25 גרם,קבוצת אוסם סחר שותפות מוגבלת,,חטיף פיטנס עשבי תיבו,גרמים,25.00,100 גרם,false,,4.90,0.1960,true,1,2276889
7290112965707,false,פיטנס - חטיף מולטיגריין צילי מעודן 25 גרם,קבוצת אוסם סחר שותפות מוגבלת,,חטיף פיטנס צ'ילי מעו,גרמים,25.00,100 גרם,false,,4.90,0.1960,true,1,2276890
7290112965783,false,אוסם - ביסלי פריסטייל על האש 60 גרם,קבוצת אוסם סחר שותפות מוגבלת,,ביסלי בטעם על האש,גרמים,60.00,100 גרם,false,,4.30,0.0717,true,1,2306682
7290112965868,false,קרם קרקר במליחות מעודנת 250 גרם אסם,קבוצת אוסם סחר שותפות מוגבלת,,קרם קרקר במליחות מוע,גרמים,250.00,100 גרם,false,,9.90,0.0396,true,1,2232670
7290112965981,false,"טבעול גורמה ארוחת דגנים, 450 גרם",קבוצת אוסם סחר-שות.מוגבלת,,טבעול גורמה ארוחת דג,גרמים,450.00,100 גרם,false,,32.90,0.0731,true,1,2340761
7290112966001,false,"טבעול גורמה ארוחת ירוקים, 450 גרם",קבוצת אוסם סחר שותפות מוגבלת,,טבעול גורמה ארוחת יר,גרמים,450.00,100 גרם,false,,32.90,0.0731,true,1,2340762
7290112966094,false,עוגת הבית בטעם תפוז מופחת סוכראסם (400 ג,קבוצת אוסם סחר שותפות מוגבלת,,עוגת הבית תפוז מופחת,גרמים,400.00,100 גרם,false,,12.90,0.0323,true,1,2232672
7290112966247,false,לחמית כוסמין 200 גרם אסם,קבוצת אוסם סחר שותפות מוגבלת,,לחמית כוסמין,גרמים,200.00,100 גרם,false,,9.90,0.0495,true,1,2253844
7290112966445,false,במבה מתוקה אריזה גדולה 100 גר`אסם,קבוצת אוסם סחר שותפות מוגבלת,,במבה מתוקה 100 גרם,גרמים,100.00,100 גרם,false,,8.90,0.0890,true,1,2221923
7290112966803,false,אינסטנט פודינג בטעם שוקולד אסם (88 גרם),קבוצת אוסם סחר שותפות מוגבלת,,אינסטנט פודינג בטעם,גרמים,88.00,100 גרם,false,,5.50,0.0625,true,1,2232601
7290112967114,false,פיטנס חטיפי פריכיות קטניות ופלפל 60 גרם,קבוצת אוסם סחר שותפות מוגבלת,,חטיפי פירכיות קטניות,גרמים,60.00,100 גרם,false,,7.90,0.1317,true,1,2253845
7290112967381,false,פיטנס חטיפי פריכיות קטניות ומלח ים 60 גרם,קבוצת אוסם סחר שותפות מוגבלת,,חטיפי פירכיות קטניות,גרמים,60.00,100 גרם,false,,7.90,0.1317,true,1,2253846
7290112967572,false,"אסם רוטב ברביקיו 290 מ""ל אסם",קבוצת אוסם סחר שותפות מוגבלת,,"רוטב ברבקיו 335 מ""ל",מיליליטרים,335.00,"100 מ""ל",false,,10.90,0.0325,true,1,2232590
7290112967749,false,פרפקטו פסטה נוציאולה 500 גר`אסם,קבוצת אוסם סחר-שות.מוגבלת,,פסטה פרפקטו 500 גרם.,גרמים,500.00,100 גרם,false,,6.90,0.0138,true,1,2229338
7290112968340,false,צבר חומוס גרוס גס גס 400 גרם,קבוצת אוסם סחר שותפות מוגבלת,,חומוס גרוס צבר 400 ג,גרמים,400.00,100 גרם,false,,11.90,0.0298,true,1,2236635
7290112968449,false,סלט טחינה כרוב אדום 250 גרם,קבוצת אוסם סחר שותפות מוגבלת,,סלט כרוב אדום 250 גר,גרמים,250.00,100 גרם,false,,8.90,0.0356,true,1,2236650
7290112968807,false,80018416694פיטנס חטיפי קרקר דק סלק 150גר,קבוצת אוסם סחר שותפות מוגבלת,,חטיפי קרקר דק סלק פי,גרמים,140.00,100 גרם,false,,10.90,0.0779,true,1,2271198
7290112969002,false,"אינסטנט פודינג פיסטוק אסם 80 גרם בד""ץ",קבוצת אוסם סחר שותפות מוגבלת,,אינסטנט פודינג בטעם,גרמים,80.00,100 גרם,false,,5.50,0.0688,true,1,2253836
7290112969071,false,פרפקטו פסטה רדיאטורי 12*500גרם,קבוצת אוסם סחר-שות.מוגבלת,,פסטה פרפקטו רדיאטורי,גרמים,500.00,100 גרם,false,,9.90,0.0198,true,1,2250278
7290112969286,false,בישולים רוטב חרדל ודבש ( 330 גר`) אסם,קבוצת אוסם סחר שותפות מוגבלת,,רוטב חרדל דבש,גרמים,330.00,100 גרם,false,,15.90,0.0482,true,1,2279978
7290113190375,false,סילאן טבעי שקדיה 900 גרם,דין שיווק וקליה 2021 בעמ,,סילאן טבעי 900 גרם,גרמים,900.00,100 גרם,false,,29.90,0.0332,true,1,2347064
7290113191747,false,"דפי אורז מרובעים 22 ס""מ שקדיה 250 גרם",דין שיווק וקליה 2021 בעמ,,דפי אורז,גרמים,250.00,100 גרם,false,,9.90,0.0396,true,1,2254499
7290113191921,false,"תרכיז מלבי 750 מ""ל שקדיה",דין שיווק וקליה 2021 בעמ,,"סירופ מלבי 750 מ""ל",מיליליטרים,750.00,"100 מ""ל",false,,16.90,0.0225,true,1,2243396
7290113191938,false,"סירופ רוזטה בטעם שקדים 750 מ""ל",דין שיווק וקליה 2021 בעמ,,"סירופ רוזטה 750 מ""ל",מיליליטרים,750.00,"100 מ""ל",false,,16.90,0.0225,true,1,2243397
7290113192072,false,בוטנים מצופים בטעם צ'ילי ששון הקולה 100 גרם,דין שיווק וקליה 2021 בעמ,,בוטנים מצופים בטעם צ,גרמים,100.00,100 גרם,false,,7.90,0.0790,true,1,2295825
7290113192089,false,בוטנים מצופים בטעם תירס ששון הקולה 100 גרם,דין שיווק,,בוטנים מצופים בטעם ת,גרמים,100.00,100 גרם,false,,7.90,0.0790,true,1,2295826
7290113192096,false,חטיפי בוטנים מצופים בטעם וואסבי 100גר שק,לפ דין שיווק וקליהבעמ,,בוטנים מצופים בטעם ו,גרמים,100.00,100 גרם,false,,7.90,0.0790,true,1,2295827
7290113192102,false,"דפי אורז עגול קטן 16 ס""מ שקדיה 250 גרם",דין שיווק וקליה 2021 בעמ,,דפי אורז עגול קטן,גרמים,250.00,100 גרם,false,,9.90,0.0396,true,1,2254500
7290113192218,false,פינוק מלבי 500 גר`קרטון שקדיה,דין שיווק וקליה 2021 בעמ,,תערובת להכנת מלבי,גרמים,500.00,100 גרם,false,,14.90,0.0298,true,1,2243406
7290113192300,false,זיתים חרוזית מושחרים בית השיטה 275 גרם,קבוצת אוסם סחר שותפות מוגבלת,,זית חרוזית שחור,גרמים,275.00,100 גרם,false,,9.90,0.0360,true,1,2233285
7290113192317,false,זיתים מושחרים טבעות בית השיטה (280 גרם),קבוצת אוסם סחר שותפות מוגבלת,,טבעות זיתים,גרמים,280.00,100 גרם,false,,10.90,0.0389,true,1,2233286
7290113192324,false,זיתים ירוקים שלמים בינוניים בית השיטה,קבוצת אוסם סחר-שות.מוגבלת,,זית ירוק,גרמים,560.00,100 גרם,false,,7.90,0.0141,true,1,2233287
7290113192331,false,בית השיטה זיתים ירוקים גדולים 340 גרם*,קבוצת אוסם סחר שותפות מוגבלת,,זית ירוק גדול,גרמים,560.00,100 גרם,false,,9.90,0.0177,true,1,2233288
7290113192348,false,בית השיטה זיתים ירוקים גדול מאודבטעם שום,קבוצת אוסם סחר-שות.מוגבלת,,זיתים גודל 17-19 טעם,גרמים,560.00,100 גרם,false,,6.90,0.0123,true,1,2233289
7290113192355,false,חרוזית זיתים ירוקים ללא גלעין 275 ג' בית השיטה,קבוצת אוסם סחר שותפות מוגבלת,,זית חרוזית ירוק,גרמים,560.00,100 גרם,false,,9.90,0.0177,true,1,2233290
7290113192362,false,בית השיטה טבעות זיתים ירק.א2 12*280ג חדש,קבוצת אוסם סחר שותפות מוגבלת,,טבעות זיתים,גרמים,560.00,100 גרם,false,,9.90,0.0177,true,1,2233341
7290113192379,false,בית השיטה זיתים ירוקים מבוקעים א2 340גר',קבוצת אוסם סחר-שות.מוגבלת,,זיתים מבוקעים,גרמים,560.00,100 גרם,false,,10.90,0.0195,true,1,2233342
7290113192386,false,בית השיטה זיתים ירוקים סורי מבוקע 340גרם,קבוצת אוסם סחר שותפות מוגבלת,,זית סורי מבוקע,גרמים,560.00,100 גרם,false,,9.90,0.0177,true,1,2233343
7290113192393,false,בית השיטה קוקטייל זיתים א2 336 גרם,קבוצת אוסם סחר שותפות מוגבלת,,קוקטייל זיתים,גרמים,560.00,100 גרם,false,,10.90,0.0195,true,1,2233344
7290113192423,false,זית חרוזית מרינד בית,בית השיטה,,חרוזית מרינד,גרמים,560.00,100 גרם,false,,8.90,0.0159,true,1,2233351
7290113192478,false,בית השיטה מלפפונים במלח בינוני 10-12 320 גרם,קבוצת אוסם סחר שותפות מוגבלת,,מלפפון במלח 10-12,גרמים,560.00,100 גרם,false,,7.50,0.0134,true,1,2233355
7290113192485,false,בית השיטה מלפפונים בחומץ בינוני 10-12 290 גרם,קבוצת אוסם סחר שותפות מוגבלת,,מלפפון בחומץ 10-12,גרמים,560.00,100 גרם,false,,7.50,0.0134,true,1,2233356
7290113192492,false,בית השיטה מלפפונים בחומץ קטנים 1317 290 גרם,קבוצת אוסם סחר שותפות מוגבלת,,מלפפון בחומץ 13-17,גרמים,560.00,100 גרם,false,,9.90,0.0177,true,1,2233357
7290113192508,false,ב.השיטה מלפפון במלח ר.טבע א2 17-13 320 גרם,קבוצת אוסם סחר שותפות מוגבלת,,מלפפון במלח 13-17,גרמים,560.00,100 גרם,false,,9.90,0.0177,true,1,2233358
7290113192515,false,בית השיטה מלפפונים במלח קטן מאוד 1825 320 גרם,קבוצת אוסם סחר שותפות מוגבלת,,מלפפון במלח 18-25,גרמים,560.00,100 גרם,false,,10.90,0.0195,true,1,2233359
7290113192522,false,בית השיטה מלפפונים בחומץ קטן מאוד 1825 290 גרם,קבוצת אוסם סחר שותפות מוגבלת,,מלפפון בחומץ 18-25,גרמים,560.00,100 גרם,false,,10.90,0.0195,true,1,2233360
7290113192539,false,בית השיטה מלפפונים במלח גדול 79 320 גרם,קבוצת אוסם סחר שותפות מוגבלת,,מלפפון במלח 7-9,גרמים,560.00,100 גרם,false,,6.50,0.0116,true,1,2233361
7290113192546,false,"מלפפונים בחומץ רכיבים טבעיים 7-9 ""בית השיטה""",קבוצת אוסם סחר שותפות מוגבלת,,מלפפון בחומץ 7-9,גרמים,560.00,100 גרם,false,,6.50,0.0116,true,1,2233362
7290113192553,false,מלפפונים במלח 13-17 פיקנטי בית השיטה 320 גרם,קבוצת אוסם סחר-שות.מוגבלת,,מלפפון בלאדי 13-17,גרמים,560.00,100 גרם,false,,9.90,0.0177,true,1,2233363
7290113192560,false,פלפל חריף כבוש שיפקה בית השיטה (430 גר`),קבוצת אוסם סחר שותפות מוגבלת,,פלפל חריף שפקה,גרמים,560.00,100 גרם,false,,6.90,0.0123,true,1,2256612
7290113192577,false,בית השיטה כרוב כבוש א2 12*430גרם חדש,קבוצת אוסם סחר שותפות מוגבלת,,כרוב כבוש,גרמים,560.00,100 גרם,false,,7.90,0.0141,true,1,2233364
7290113192881,false,"טורטיה חיטה מופחת קלוריות, קוטר 20 ס""מ - 6 יח'",דין שיווק וקליה 2021 בעמ,,טורטיה חיטה מופחתת ק,גרמים,270.00,100 גרם,false,,10.90,0.0404,true,1,2243399
7290113192997,false,בית השיטה זית מרוקאי 340 גרם*,קבוצת אוסם סחר שותפות מוגבלת,,זית מרוקאי,גרמים,340.00,100 גרם,false,,11.90,0.0350,true,1,2247125
7290113193000,false,בית השיטה פלפל שיפקונית 230 גרם*,קבוצת אוסם סחר שותפות מוגבלת,,שיפקונית,גרמים,560.00,100 גרם,false,,10.90,0.0195,true,1,2247126
7290113193017,false,בית השיטה חרוזית קוקטייל זיתים 275 גרם,קבוצת אוסם סחר שותפות מוגבלת,,זית חרוזית קוקטיל,גרמים,560.00,100 גרם,false,,11.90,0.0213,true,1,2248148
7290113193031,false,חרוזית קלמטה - זיתים שחורים ללא גלעין קלמטה,קבוצת אוסם סחר שותפות מוגבלת,IL,בית השיטה חרוזית זיתים י,גרמים,560.00,100 גרם,false,,11.90,0.0213,true,1,2245873
7290113193321,false,שמן זית כתית מעולה בית השיטה 750 מייל,קבוצת אוסם סחר שותפות מוגבלת,,שמן זית כתית מעולה,מיליליטרים,750.00,"100 מ""ל",false,,29.90,0.0399,true,1,2255082
7290113193369,false,בית השיטה תרסיס שמן קנולה מזוכך 150 מל,קבוצת אוסם סחר שותפות מוגבלת,,תרסיס שמן קנולה מזוכ,מיליליטרים,150.00,"100 מ""ל",false,,16.90,0.1127,true,1,2283439
7290113193406,false,"קוקטייל טבעות זיתים - זיתים ירוקים, שחורים מרינד",קבוצת אוסם סחר שותפות מוגבלת,,קוקטיל טבעות זיתים,גרמים,560.00,100 גרם,false,,11.90,0.0213,true,1,2248149
7290113193888,false,בית השיטה חצילים מוחמצים 320 גרם,קבוצת אוסם סחר שותפות מוגבלת,,חצילים מוחמצים,גרמים,560.00,100 גרם,false,,9.90,0.0177,true,1,2277877
7290113194090,false,בית השיטה טבעות זיתים קלמטה 280 גרם,קבוצת אוסם סחר שותפות מוגבלת,,טבעות זיתים קלמטה,גרמים,560.00,100 גרם,false,,10.90,0.0195,true,1,2269704
7290113195066,false,חלבה טורקית בטעם וניל שקדיה 400 גרם,דין שיווק וקליה 2021 בעמ,,חלבה טורקית בטעם וני,גרמים,400.00,100 גרם,false,,11.90,0.0298,true,1,2344944
7290113195073,false,חלבה טורקית עם פיסטוקים 400 גר` שקדיה,דין שיווק וקליה 2021 בעמ,,חלבה טורקית עם פיסטו,גרמים,400.00,100 גרם,false,,13.90,0.0348,true,1,2344945
7290113195349,false,טופו במים שקדיה 400 גרם,דין שיווק,,טופו במים 400 גרם,גרמים,400.00,100 גרם,false,,11.90,0.0298,true,1,2295832
7290113195356,false,שמן קנולה מזוכך זית השיטה 1 ליטר,קבוצת אוסם סחר-שות.מוגבלת,,שמן קנולה מזוכך בית,ליטרים,1.00,ליטר,false,,14.90,14.9000,true,1,2311592
7290113195363,false,שמן חמניות מזוכך זית השיטה 1 ליטר,קבוצת אוסם סחר-שות.מוגבלת,,שמן חמניות מזוכך בית,ליטרים,1.00,ליטר,false,,13.90,13.9000,true,1,2311598
7290113195479,false,קמח שקדים ( 200 גר`) שקדיה,דין שיווק וקליה 2021 בעמ,,קמח שקדים 200 גרם -,גרמים,200.00,100 גרם,false,,12.90,0.0645,true,1,2295839
7290113196414,false,"אורז בסמטי 1 ק""ג - שקדיה כחול מטאלי",דין שיווק וקליה 2021 בעמ,,"אורז בסמטי 1 ק""ג שקד",קילוגרמים,1.00,"ק""ג",false,,9.90,9.9000,true,1,2324738
7290113196490,false,פריכיות כוסמת בתוספת זרעי ציה שקדיה 150 גרם,דין שיווק וקליה 2021 בעמ,,פריכיות כוסמת צ'יה 1,גרמים,150.00,100 גרם,false,,10.90,0.0727,true,1,2315830
7290113196506,false,פריכיות כוסמת ללא מלח שקדיה 150 גרם,דין שיווק וקליה 2021 בעמ,,פריכיות כוסמת 150 גר,גרמים,150.00,100 גרם,false,,10.90,0.0727,true,1,2315831
7290113196513,false,פריכיות כוסמת בתוספת שקדים שקדיה 150 גרם,דין שיווק וקליה 2021 בעמ,,פריכיות כוסמת שקדים,גרמים,150.00,100 גרם,false,,10.90,0.0727,true,1,2315832
7290113196520,false,פריכיות כוסמין ללא מלח שקדיה 150 גרם,דין שיווק וקליה 2021 בעמ,,פריכיות כוסמין 150 ג,גרמים,150.00,100 גרם,false,,10.90,0.0727,true,1,2315833
7290113196759,false,ירקות מעורבים בסגנון מזרחי בטעם ביתי,קבוצת אוסם סחר שותפות מוגבלת,,שימורי ירקות מעורבים,גרמים,1500.00,100 גרם,false,,27.90,0.0186,true,1,2310661
7290113196780,false,ב.ה. זיתים ירוקים מבוקעים באלדי 900 גר',קבוצת אוסם סחר-שות.מוגבלת,,זיתים ירוקים מבוקעים,גרמים,1500.00,100 גרם,false,,24.90,0.0166,true,1,2332764
7290113197169,false,שקדיה חמאת בוטנים עם שברי בוטנים 510 גר,דין שיווק וקליה 2021 בעמ,,חמאת בוטנים טבעית 51,גרמים,510.00,100 גרם,false,,15.90,0.0312,true,1,2363383
7290113197176,false,חמאת בוטנים טבעית עם שברי בוטנים 450,דין שיווק וקליה 2021 בעמ,,חמאת בוטנים טבעית עם,גרמים,510.00,100 גרם,false,,15.90,0.0312,true,1,2363384
7290113197800,false,פלפל קלוי קלוי 400 גרם בית השיטה,קבוצת אוסם סחר שותפות מוגבלת,,פלפל קלוי בית השיטה,גרמים,400.00,100 גרם,false,,11.90,0.0298,true,1,2347141
7290113197817,false,בית השיטה חציל קלוי 670 גרם,קבוצת אוסם סחר שותפות מוגבלת,,חציל קלוי בית השיטה,גרמים,670.00,100 גרם,false,,10.90,0.0163,true,1,2347142
7290113197824,false,בית השיטה לבבות דקל 220 דקל,קבוצת אוסם סחר-שות.מוגבלת,,לבבות דקל בית השיטה,גרמים,400.00,100 גרם,false,,9.90,0.0248,true,1,2362928
7290113197855,false,תירס גמדי 230 גרם בית השיטה,קבוצת אוסם סחר-שות.מוגבלת,,תירס גמדי בית השיטה,גרמים,425.00,100 גרם,false,,9.90,0.0233,true,1,2362929
7290113197923,false,טונה בשמן קנולה בית השיטה רביעייה,קבוצת אוסם סחר-שות.מוגבלת,,טונה בשמן קנולה *4 ב,גרמים,560.00,100 גרם,false,,24.90,0.0445,true,1,2362934
7290113199606,false,חטיף בוטנים עם דלעת בוטנים ללא סוכר 220 ג' שקדיה,דין שיווק וקליה 2021 בעמ,,חטיף בוטנים עם דלעת,גרמים,220.00,100 גרם,false,,14.90,0.0677,true,1,2344947
7290113199613,false,חטיף שומשום עם שקדים וחמוציות ללא.ס 220 ג' שקדיה,דין שיווק וקליה 2021 בעמ,,חטיף שומשום עם שקדים,גרמים,220.00,100 גרם,false,,14.90,0.0677,true,1,2344948
7290113312937,false,טופר קטן לעוגה- HB 3,,,טופר קטן לעוגה- HB 3,יחידה,0.00,יחידה,false,,5.90,0.0000,true,1,2085524
7290113560055,false,פרודונטקס מי פה טיפול יומי לחניכיים 500,"מאסטרפוד אוסטריה בע""מ",,פרודונטקס מי פה טיפו,מיליליטרים,500.00,"100 מ""ל",false,,29.90,0.0598,true,1,2260918
7290113560109,false,פרודונטקס מ.שיניים בטעם צמחי 75 מל,פרודונטקס Parodontax,,משחת שיניים פרודונטק,מיליליטרים,75.00,"100 מ""ל",false,,29.90,0.3987,true,1,2277228
7290114310215,false,"שמנת מתוקה 38% רמת הגולן 250 מ""ל ווסטהיים - מוצר בפיקוח",החברה המרכזית טלהפצת משקאות בע,,"שמנת מתוקה 250 מ""ל 3",מיליליטרים,250.00,"100 מ""ל",false,,6.40,0.0256,true,1,2278551
7290114310222,false,חלב מועשר בסידן וויטמין Dי 3% 1.5 ל' טרה,*החברה המרכזית להפצת משקאותבעמ,,חלב מועשר בסידן וויט,ליטרים,1.50,ליטר,false,,11.90,7.9333,true,1,2257804
7290114310239,false,חלב נטול לקטוז מועשר בוויטמין D י 2% 1.5 ל' טרה,החברה המרכזית טלהפצת משקאות בע,,חלב נטול לקטוז מועשר,ליטרים,1.50,ליטר,false,,11.90,7.9333,true,1,2257805
7290114310246,false,גרנה פדנו צ'אנק משק צוריאל 125 גרם,*החברה המרכזית להפצת משקאותבעמ,,גבינה גרנה פדנו צאנק,גרמים,125.00,100 גרם,false,,17.90,0.1432,true,1,2278552
7290114310253,false,גרנה פדנו מגורדת משק צוריאל 100 גרם,*החברה המרכזית להפצת משקאותבעמ,,גבינה גרנה פדנו מגו,גרמים,100.00,100 גרם,false,,11.90,0.1190,true,1,2278553
7290114310338,false,צפתית מעודנת 5% בגביע 225 גרם משק צוריאל,החברה המרכזית טלהפצת משקאות בע,,צפתית מעודנת 5% גביע,גרמים,225.00,100 גרם,false,,16.90,0.0751,true,1,2278546
7290114310345,false,מעדן יוגורט בטעם תות 1.5% 125 גרם טרה,*החברה המרכזית להפצת משקאותבעמ,,מעדן חלב תות 125 גרם,גרמים,125.00,100 גרם,false,,2.70,0.0216,true,1,2270791
7290114310536,false,יוגורט לייט מעושר חלבון 25 גרם חלבון וניל MULLER ACTIVE,*החברה המרכזית להפצת משקאותבעמ,,יוגורט מולר אקטיב לי,גרמים,200.00,100 גרם,false,,5.80,0.0290,true,1,2283552
7290114310550,false,גבינת פטה עיזים מעודנת 5% משק צוריאל 200 גרם,החברה המרכזית טלהפצת משקאות בע,,גבינת פטה עזים מעודנ,גרמים,200.00,100 גרם,false,,22.90,0.1145,true,1,2300775
7290114310574,false,גבינת קרם שמנת עיזים 5% 200 גרם צוריאל,*החברה המרכזית להפצת משקאותבעמ,,קרם שמנת עזים מעודנת,גרמים,200.00,100 גרם,false,,10.90,0.0545,true,1,2300796
7290114310611,false,"משקה חלב בננה בבקבוק פקק ספורט טרה 250 מ""ל",החברה המרכזית טלהפצת משקאות בע,,משקה חלב בננה טרה מו,מיליליטרים,250.00,"100 מ""ל",false,,5.20,0.0208,true,1,2299109
7290114310628,false,משקה חלב וניל ועוגיות בקבוק 1 ליטר,החברה המרכזית טלהפצת משקאות בע,,משקה חלב וניל עוגיות,ליטרים,1.00,ליטר,false,,10.90,10.9000,true,1,2302096
7290114310673,false,לאבנה מחלב בקר 9% שומן 250 גרם,החברה המרכזית טלהפצת משקאות בע,,לאבנה טרה 9% 250 גרם,גרמים,250.00,100 גרם,false,,12.90,0.0516,true,1,2300764
7290114310895,false,"סימפלי פרוט יוגורט עם מנגו תות, שמיניה 8 * 150 גרם",*החברה המרכזית להפצת משקאותבעמ,,מאגדת 8 יוגורט מולר,גרמים,1200.00,100 גרם,false,,29.90,0.0249,true,1,2325949
7290114311014,false,"משקה חלב אייס קפוצ'ינו פקק ספורט טרה 250 מ""ל",החברה המרכזית טלהפצת משקאות בע,,שוקו טרה מועשר בבקבו,מיליליטרים,250.00,"100 מ""ל",false,,5.20,0.0208,true,1,2350553
7290114311021,false,"משקה חלב וניל עוגיות פקק ספורט טרה 250 מ""ל",*החברה המרכזית להפצת משקאותבעמ,,שוקו טרה מועשר בבקבו,מיליליטרים,250.00,"100 מ""ל",false,,5.20,0.0208,true,1,2350554
7290114311038,false,"שמנת מתוקה 32% עמידה בבקבוק טרה 250 מ""ל",*החברה המרכזית להפצת משקאותבעמ,,שמנת מתוקה 32%,מיליליטרים,250.00,"100 מ""ל",false,,6.90,0.0276,true,1,2350566
7290114311069,false,יוגורט לבן מועשר בחלבון 0% שומן 200 גרם muller active,החברה המרכזית טלהפצת משקאות בע,,מולר אקטיב לבן,גרמים,200.00,100 גרם,false,,5.50,0.0275,true,1,2343945
7290114311076,false,"חמאת מולר צהובה עם שום, 200 גרם",*החברה המרכזית להפצת משקאותבעמ,,חמאת מולר צהובה עם ש,גרמים,200.00,100 גרם,false,,10.90,0.0545,true,1,2352104
7290114311236,false,"קופון 35% הנחה גבנ""צ נעם מדף.",החברה המרכזית להפצת משקאות בעמ,,הנ.קופון על מגוון סד,גרמים,0.00,גרם,false,,0.01,0.0000,true,1,2363053
7290114311298,false,יוגורט מולר פרופ בטעם תות בננה מלון 150,החברה המרכזית טלהפצת משקאות בע,,יוגורט מולר פרופ 3%,גרמים,150.00,100 גרם,false,,4.70,0.0313,true,1,2358129
7290114311304,false,יוגורט קציפת מנגו פסיפלורה בננה 150 ג' מולר,החברה המרכזית טלהפצת משקאות בע,,יוגורט מולר פרופ 3%,גרמים,150.00,100 גרם,false,,4.70,0.0313,true,1,2358130
7290114311328,false,חלב מועשר דל לקטוז מעושר בויטמין Dי 2% שומן טרה 1 ליטר,*החברה המרכזית להפצת משקאותבעמ,,חלב מועשר דל לקטוז 2,ליטרים,1.00,ליטר,false,,7.40,7.4000,true,1,2362411
7290114311359,false,יוגורט עם קציפת מנגו 3% שומן פרופ 150 ג' מולר,החברה המרכזית טלהפצת משקאות בע,,יוגורט מולר פרופ 3%,גרמים,150.00,100 גרם,false,,4.70,0.0313,true,1,2358124
7290114311434,false,מולר אקטיב יוגורט חלבון קרמל מלוח 200 גרם,החברה המרכזית טלהפצת משקאות בע,,יוגורט מולר אקטיב קר,גרמים,200.00,100 גרם,false,,5.80,0.0290,true,1,2376733
7290114311441,false,מולר אקטיב יוגורט חלבון עוגיות חמאה 200 גרם,החברה המרכזית טלהפצת משקאות בע,,יוגורט מולר אקטיב עם,גרמים,200.00,100 גרם,false,,5.80,0.0290,true,1,2364512
7290114311458,false,חלב קרטון 3% מועשר ויטמין די 1 ליטר,*החברה המרכזית להפצת משקאותבעמ,,קרטון חלב מועשר וויט,ליטרים,1.00,ליטר,false,,7.70,7.7000,true,1,2363555
7290114311496,false,קרטון חלב מועשר 1% שומן 1 ליטר טרה,החברה המרכזית טלהפצת משקאות בע,,קרטון חלב מועשר 1% ש,ליטרים,1.00,ליטר,false,,7.70,7.7000,true,1,2363556
7290114600767,false,FREE קו קווים חטיף אפוי עם זיתים ועגבניו,הדקלאים אגודת שיתופי,,חטיף אפוי עם זיתים ו,גרמים,150.00,100 גרם,false,,11.90,0.0793,true,1,2258509
7290114600927,false,מאסטר שף עלי טורטייה חיטה מלאה 320 גרם,אלקאטי קורביישיסי גי,,טורטיה חיטה מלאה מאס,גרמים,320.00,100 גרם,false,,7.90,0.0247,true,1,2275518
7290114600941,false,מאסטר שף מיונז הולנדי לחיץ 435 גרם,ש. שסטוביץ בע`מ,,מיונז לחיץ מאסטר שף,גרמים,435.00,100 גרם,false,,10.90,0.0251,true,1,2279402
7290114600989,false,"מאסטר שף רוטב אלף האיים 250 מ""ל",ש. שסטוביץ בע`מ,,רוטב אלף האיים מאסטר,מיליליטרים,250.00,"100 מ""ל",false,,9.90,0.0396,true,1,2266406
7290114600996,false,מאסטר שף רוטב שום 256 גרם,ש. שסטוביץ בע`מ,,רוטב שום מאסטר שף 25,מיליליטרים,250.00,"100 מ""ל",false,,9.90,0.0396,true,1,2266407
7290114602785,false,פרי סלייסים צ'יפס בננה מלוח 90 גרם,פלפר אפרטיבוס,,חטיף פרי סלייסים צ'י,גרמים,90.00,100 גרם,false,,12.90,0.1433,true,1,2308528
7290114603508,false,"רוטב להקפצה מאסטר שף 300 מ""ל",ש. שסטוביץ בע`מ,,רוטב להקפצה מאסטר שף,מיליליטרים,300.00,"100 מ""ל",false,,9.90,0.0330,true,1,2268382
7290114603515,false,מאסטר שף רוטב קארי אדום 340 גרם,ש. שסטוביץ בע`מ,,רוטב קארי אדום מאסטר,גרמים,340.00,100 גרם,false,,14.90,0.0438,true,1,2272906
7290114603522,false,מאסטר שף רוטב קארי ירוק 340 גרם,ש. שסטוביץ בע`מ,,רוטב קארי ירוק מאסטר,גרמים,340.00,100 גרם,false,,14.90,0.0438,true,1,2272907
7290114603539,false,קרוטונים למרק שום בצל מאסטר שף 350 גרם,"עינת תעשיות מזון, אגשח ב",,קרוטונים למרק 350 גר,גרמים,350.00,100 גרם,false,,17.90,0.0511,true,1,2268364
7290114603591,false,PLAY חטיף פוף בטעם קטשופ 40 גרם,ש. שסטוביץ בע`מ,,חטיף פוף משולש אפוי,גרמים,40.00,100 גרם,false,,3.90,0.0975,true,1,2256905
7290114603607,false,PLAY חטיף פוף בטעם חמוץ חריף 40 גרם,ש. שסטוביץ בע`מ,,חטיף פוף משולש אפוי,גרמים,40.00,100 גרם,false,,3.90,0.0975,true,1,2256906
7290114603768,false,"מארז אג'קס כלורון נוזל לניקוי אסלות 750 מ""ל*2 יח'",קולגייט פלמוליב,,אג'קס לשירותים 750 מ,מיליליטרים,1500.00,"100 מ""ל",false,,29.90,0.0199,true,1,2266401
7290114604857,false,"דפי אורז מאסטר שף קוטר 22 ס""מ 400 גרם",ש. שסטוביץ בע`מ,,דפי אורז עגולים קוטר,גרמים,400.00,100 גרם,false,,14.90,0.0373,true,1,2280085
7290114604864,false,קוסקוס סולת דק מאסטר שף 350 גרם,ש. שסטוביץ בע`מ,,קוסקוס סולת דק מאסט,גרמים,350.00,100 גרם,false,,5.00,0.0143,true,1,2280077
7290114604871,false,קוסקוס סולת בינוני מאסטר שף 350 גרם,ש. שסטוביץ בע`מ,,קוסקוס סולת בינוני מ,גרמים,350.00,100 גרם,false,,5.00,0.0143,true,1,2280086
7290114604895,false,מאסטר שף מיונז ספייסי לחיץ 446 גרם,ש. שסטוביץ בע`מ,,ממרח ספייסי לחיץ מאס,גרמים,446.00,100 גרם,false,,10.90,0.0244,true,1,2301683
7290114604901,false,ממרח שום לחיץ מאסטר שף 444 גרם,ש. שסטוביץ בע`מ,,ממרח שום לחיץ מאסטר,גרמים,444.00,100 גרם,false,,10.90,0.0245,true,1,2301684
7290114604925,false,מנה אסייאתי קרם קוקוס פחית לייט 400 מ`ל,"תאי קוקונאט חברה בע""",,קרם קוקוס לייט 400 מ,מיליליטרים,400.00,"100 מ""ל",false,,7.90,0.0198,true,1,2318722
7290114604949,false,מאסטר שף רוטב ברביקיו 524 גרם,רמיה סי.וי. הולנד,,רוטב ברביקיו מאסטר ש,גרמים,524.00,100 גרם,false,,12.90,0.0246,true,1,2308530
7290114604963,false,מאסטר שף פירורי לחם מתובלים 230 גרם,ש. שסטוביץ בע`מ,,פירורי לחם מתובלים מ,גרמים,230.00,100 גרם,false,,6.90,0.0300,true,1,2281630
7290114605533,false,משטח חיתוך חד פעמי 30 יח' קוקי,ש.שסטוביץ בעמ,,משטח חיתוך חד פעמי,גרמים,276.00,100 גרם,false,,19.90,0.0721,true,1,2350104
7290114605571,false,קוקי תבניות נייר מתקפלות,ש.שסטוביץ בעמ,,תבנית אפייה מתקפלת ק,יח',3.00,יח',false,,12.90,4.3000,true,1,2298334
7290114606530,false,רוטב בטעם מיונז וקטשופ 515 גרם מאסטר שף,ש. שסטוביץ בע`מ,,רוטב בטעם מיונז וקטש,גרמים,515.00,100 גרם,false,,10.90,0.0212,true,1,2301685
7290114606547,false,מיונז פטריות כמהין לחיץ מאסטר שף 242 גרם,ש. שסטוביץ בע`מ,,מיונז עם פיטריות כמה,גרמים,242.00,100 גרם,false,,10.90,0.0450,true,1,2301686
7290114606554,false,מיונז מופחת קלוריות בקבוק לחיץ,ש. שסטוביץ בע`מ,,מיונז לייט לחיץ מאסט,גרמים,470.00,100 גרם,false,,10.90,0.0232,true,1,2301687
7290114606561,false,מאסטר שף אטריות אורז דקות ורמיצ'לי 400 ג,לינג טונג רייס ורמיצ'ילי,,איטריות אורז דקות 40,גרמים,400.00,100 גרם,false,,8.90,0.0223,true,1,2318727
7290114606578,false,מאסטר שף שקדי מרק 400 גרם,ש. שסטוביץ בע`מ,,שקדי מרק מאסטר שף 40,גרמים,400.00,100 גרם,false,,9.90,0.0248,true,1,2327478
7290114606592,false,רוטב סויה מסורתית 46% פולי סויה מאסטר שף 620 ג',קריניציה ויטמינה אס,,סויה 46% פולי סויה מ,מיליליטרים,620.00,"100 מ""ל",false,,16.90,0.0273,true,1,2324762
7290114606608,false,רוטב סויה מסורתי מאסטר שף דל נתרן 40 דל נתרן,קריניציה ויטמינה אס,,סויה 40% פולי סויה מ,מיליליטרים,620.00,"100 מ""ל",false,,16.90,0.0273,true,1,2324763
7290114607391,false,"קולגייט משחת לילדים ברבי 2-5 שנים, 75 מ""ל",קולגייט פלמוליב,,משחת שיניים קולגייט,מיליליטרים,75.00,"100 מ""ל",false,,16.90,0.2253,true,1,2314679
7290114608633,false,"דפי אצה מאסטר שף, 25 גרם",ש. שסטוביץ בע`מ,,דפי אצות 25 גרם מאסט,גרמים,25.00,100 גרם,false,,11.90,0.4760,true,1,2350105
7290114608640,false,מאסטר שף קרוטונים לסלט כוסמין 260 גרם,עינת תעשיות מזון אגו,,קרוטונים לסלט כוסמין,גרמים,260.00,100 גרם,false,,17.90,0.0688,true,1,2317957
7290114608695,false,מיונז עם ווסאבי לחיץ מאסטר שף 241 גרם,ש. שסטוביץ בע`מ,,מיונז לחיץ עם וואסבי,גרמים,241.00,100 גרם,false,,10.90,0.0452,true,1,2318728
7290114751131,false,משחת שיניים אורל בי לילדים קארס 114 גר,פרוקטר אנד גמבל,,אורל בי משחת שיניים,גרמים,75.00,100 גרם,false,,14.90,0.1987,true,1,2258432
7290115071481,false,6 מטבעות שוקולד באריזת רשת 31 גר LOL,שמחה זה אנחנו בעמ,,מטבעות שוקולד ברשת 3,יחידה,0.00,יחידה,false,,3.90,0.0000,true,1,2283730
7290115071504,false,6 מטבעות שוקולד באריזת רשת 31 גר סמי הכב,שמחה זה אנחנו בעמ,,מטבעות שוקולד ברשת 3,יחידה,0.00,יחידה,false,,3.90,0.0000,true,1,2283732
7290115071535,false,מטבעות שוקולד ברשת מפרץ הרפתקאות 31 גר,שמחה זה אנחנו,,מטבעות שוקולד ברשת 3,יחידה,0.00,יחידה,false,,3.90,0.0000,true,1,2283735
7290115073676,false,מסכות כירורגיות צבעוני מארז 50 יח(ש),שמחה זה אנחנו בע`מ,,מסיכה לפנים חד-פעמי,יח',50.00,יח',false,,9.90,0.1980,true,1,2279959
7290115077131,false,מסכה לפנים חד פעמי לילדים 40 יח`,שמחה זה אנחנו בעמ,,מסיכה לפנים חד-פעמי,יח',40.00,יח',false,,9.90,0.2475,true,1,2274022
7290115200003,false,אסם פתי בר פינוקי וניל 16*220 ג',קבוצת אוסם סחר שותפות מוגבלת,,פתיבר פינוקי וניל 22,גרמים,220.00,100 גרם,false,,10.90,0.0495,true,1,2258934
7290115200027,false,אסם פתי בר פינוקים שוקו 220 גרם,קבוצת אוסם סחר שותפות מוגבלת,,פתיבר פינוקי שוקו 22,גרמים,220.00,100 גרם,false,,10.90,0.0495,true,1,2258935
7290115200676,false,עוגיות קרמוגית במילוי קרם בטעם קרמל מלוח,קבוצת אוסם סחר שותפות מוגבלת,,עוגיות קרמוגית קרמל,גרמים,200.00,100 גרם,false,,10.90,0.0545,true,1,2270838
7290115201031,false,פתי בר פינוקי דובי שוקולד 175גר.,קבוצת אוסם סחר שותפות מוגבלת,,פתיבר דובי שוקולד 17,גרמים,178.00,100 גרם,false,,9.90,0.0556,true,1,2298301
7290115201451,false,לביבות בטטה וקארי 455 גר` טבעול גורמה,קבוצת אוסם סחר שותפות מוגבלת,,טבעול גורמה לביבות ב,גרמים,455.00,100 גרם,false,,32.90,0.0723,true,1,2340763
7290115201680,false,ביסלי חטיף בטעם ברביקין אסם (70 גרם),קבוצת אוסם סחר שותפות מוגבלת,,ביסלי ברביקיו 70 גרם,גרמים,70.00,100 גרם,false,,4.30,0.0614,true,1,2274184
7290115201703,false,ביסלי חטיף בטעם ברביקין אסם (200 גרם),קבוצת אוסם סחר שותפות מוגבלת,,ביסלי ברביקיו 200 גר,גרמים,200.00,100 גרם,false,,7.90,0.0395,true,1,2274185
7290115201727,false,ביסלי חטיף בטעם בצל אסם (200 גרם),קבוצת אוסם סחר-שות.מוגבלת,,ביסלי בצל 200 גרם.,גרמים,200.00,100 גרם,false,,7.90,0.0395,true,1,2274186
7290115201741,false,ביסלי חטיף בטעם בצל אסם (70 גרם),קבוצת אוסם סחר שותפות מוגבלת,,ביסלי בצל 70 גרם,גרמים,70.00,100 גרם,false,,4.30,0.0614,true,1,2274187
7290115202212,false,טבעול גורמה לביבות סלק 434 גרם,קבוצת אוסם סחר-שות.מוגבלת,,טבעול גורמה לביבות ס,גרמים,434.00,100 גרם,false,,32.90,0.0758,true,1,2340766
7290115202236,false,טופו קראנצי`ם 470 גרם טבעול,קבוצת אוסם סחר שותפות מוגבלת,,טבעול טופו קראנצים,גרמים,470.00,100 גרם,false,,29.90,0.0636,true,1,2330202
7290115202304,false,אסם נודלס אטריות אורז מרובעות 230 גרם,קבוצת אוסם סחר-שות.מוגבלת,,נודלס אטריות אורז מר,גרמים,230.00,100 גרם,false,,9.90,0.0430,true,1,2280010
7290115202762,false,מיני ניוקי טריקולור 500 גרם פרפקטו אסם,קבוצת אוסם סחר-שות.מוגבלת,,פרפקטו מיני ניוקי טר,גרמים,500.00,100 גרם,false,,11.90,0.0238,true,1,2298733
7290115202786,false,מנה חמה פאוצ' נדלס.אטר.טעם בקר 70 גרם,קבוצת אוסם סחר שותפות מוגבלת,,מנה חמה פאוצ נודלס,גרמים,70.00,100 גרם,false,,4.90,0.0700,true,1,2298746
7290115202816,false,מנה חמה פאוץ נודלס אטריות טעם עוף 70 גרם,קבוצת אוסם סחר שותפות מוגבלת,,מנה חמה פאוצ נודלס,גרמים,70.00,100 גרם,false,,4.90,0.0700,true,1,2298747
7290115202847,false,מנה חמה פאוצ' נדלס ספייסי אסם 70 ג',קבוצת אוסם סחר שותפות מוגבלת,,מנה חמה פאוצ נודלס,גרמים,70.00,100 גרם,false,,4.90,0.0700,true,1,2298748
7290115202953,false,אוסם - מנה חמה רייס נודלס קארי צהוב 55 גרם,קבוצת אוסם סחר-שות.מוגבלת,,מנה חמה רייס נודלס ק,גרמים,55.00,100 גרם,false,,7.90,0.1436,true,1,2330176
7290115203134,false,חטיף פופקו פופקורן במבה אסם (80 גרם),קבוצת אוסם סחר שותפות מוגבלת,,פופקו פופקורן במבה,גרמים,80.00,100 גרם,false,,4.50,0.0563,true,1,2306685
7290115203295,false,פרפקטו פסטה ריציאולי מהדורה 12*500גרם,קבוצת אוסם סחר-שות.מוגבלת,,פסטה פרפקטו ריציאולי,גרמים,500.00,100 גרם,false,,9.90,0.0198,true,1,2298734
7290115203486,false,פירורית בטעם ביסלי גריל אסם 200 גרם,קבוצת אוסם סחר שותפות מוגבלת,,פירורית ביסלי גריל 2,גרמים,200.00,100 גרם,false,,5.90,0.0295,true,1,2300599
7290115203806,false,"רוטב בסיס לבישול אסם 290 מ""ל",קבוצת אוסם סחר שותפות מוגבלת,,רוטב בסיס לבישול,מיליליטרים,290.00,"100 מ""ל",false,,12.90,0.0445,true,1,2327154
7290115204056,false,"קטשופ מופחת סוכר אסם 690 גרם כשל""פ",קבוצת אוסם סחר שותפות מוגבלת,,קטשופ 56% פחות סוכר,גרמים,690.00,100 גרם,false,,12.90,0.0187,true,1,2299757
7290115204131,false,צבר סחוג ירוק 6*190גרם חדש,קבוצת אוסם סחר שותפות מוגבלת,,סחוג ירוק 190 גרם,גרמים,190.00,100 גרם,false,,10.90,0.0574,true,1,2332744
7290115204155,false,סחוג אדום המעדנייה ש,קבוצת אוסם סחר שותפות מוגבלת,,סחוג אדום 190 גרם,גרמים,190.00,100 גרם,false,,10.90,0.0574,true,1,2332745
7290115204247,false,"ממרח עגבניות מיובשות 190 גרם ""צבר""",קבוצת אוסם סחר שותפות מוגבלת,,ממרח עגבניות מיובשות,גרמים,190.00,100 גרם,false,,14.90,0.0784,true,1,2332739
7290115205176,false,729001032825פיטנס חטיפי קרקר כפרי 140גר.,קבוצת אוסם סחר שותפות מוגבלת,,חטיפי קרקר דק כפרי פ,גרמים,140.00,100 גרם,false,,10.90,0.0779,true,1,2325220
7290115205251,false,פיטנס בר פירכיות קרמל מלוח 84 גרם,קבוצת אוסם סחר שותפות מוגבלת,,פירכיות פיטנס קרמל מ,גרמים,84.00,100 גרם,false,,11.90,0.1417,true,1,2364825
7290115205312,false,קרקר פיטנס דק עם זיתי קלמטה ועשבי תיבול,קבוצת אוסם סחר שותפות מוגבלת,,חטיפי קרקר זיתים פיט,גרמים,140.00,100 גרם,false,,10.90,0.0779,true,1,2347373
7290115205336,false,עוגיות שוקו שוקולד צ,Unknown,,עוגיות שוקו שוקולד צ,קילוגרמים,1.00,"ק""ג",true,,40.00,40.0000,true,1,2313292
7290115205527,false,חטיף מולטיגריין עם עדשים ( 25 גר`) פיטנס,קבוצת אוסם סחר שותפות מוגבלת,,חטיף פיטנס עם עדשים,גרמים,25.00,100 גרם,false,,4.90,0.1960,true,1,2356606
7290115205541,false,חטיף מולטיגריין עם חומוס ( 25 גר`) פיטנס,קבוצת אוסם סחר שותפות מוגבלת,,חטיף פיטנס עם חומוס,גרמים,25.00,100 גרם,false,,4.90,0.1960,true,1,2356607
7290115205633,false,טבעול סנסשיונל/גורמה נקנקיות 350 גר',קבוצת אוסם סחר שותפות מוגבלת,,טבעול סנסשיונל נקנקי,גרמים,350.00,100 גרם,false,,32.90,0.0940,true,1,2340767
7290115205695,false,אסם בונזור בצק מצונן לפיצה 460 גרם,קבוצת אוסם סחר-שות.מוגבלת,,בצק מצונן לפיצה בונז,גרמים,460.00,100 גרם,false,,18.90,0.0411,true,1,2332725
7290115205978,false,פתיבר ואצבעות שוקולד 180 גרם - רבנות,קבוצת אוסם סחר שותפות מוגבלת,,אסם פתי בר אצבעות שו,גרמים,180.00,100 גרם,false,,10.90,0.0606,true,1,2340768
7290115206135,false,טבעול גורמה ארוחת קינואה 450 גרם,קבוצת אוסם סחר שותפות מוגבלת,,טבעול גורמה ארוחת קי,גרמים,450.00,100 גרם,false,,32.90,0.0731,true,1,2340769
7290115206173,false,אסם פתי בר קרמל 12*500 גרם חדש,קבוצת אוסם סחר שותפות מוגבלת,,פתיבר קרמל 500 גרם.,גרמים,500.00,100 גרם,false,,11.90,0.0238,true,1,2325222
7290115206852,false,ביסלי חטיף בטעם צ`יזי סטיקס 70 גר`,קבוצת אוסם סחר-שות.מוגבלת,,ביסלי ציזי סטיק 70 ג,גרמים,70.00,100 גרם,false,,4.30,0.0614,true,1,2364215
7290115207361,false,ביסקוויט פתיבר בטעם פיסטוק,קבוצת אוסם סחר שותפות מוגבלת,,פתיבר פיסטוק 500ג,גרמים,500.00,100 גרם,false,,11.90,0.0238,true,1,2347381
7290115207620,false,"אסם רוטב בסגנון סויה קלאסי 290 מ""ל",קבוצת אוסם סחר שותפות מוגבלת,,רוטב סויה קלאסי אסם,מיליליטרים,290.00,"100 מ""ל",false,,14.90,0.0514,true,1,2347382
7290115207682,false,אסם רוטב בסגנון סויה סיני 9*290מל חדש,קבוצת אוסם סחר שותפות מוגבלת,,רוטב סויה בסגנון סינ,מיליליטרים,290.00,"100 מ""ל",false,,10.90,0.0376,true,1,2347384
7290115207798,false,טבעול המבורגר חריף טבעוני 420 גרם,קבוצת אוסם סחר שותפות מוגבלת,,בורגר חריף טבעוני *6,גרמים,420.00,100 גרם,false,,29.90,0.0712,true,1,2344827
7290115207880,false,סירופ ויטמינציק פטל 2 ליטר,קבוצת אוסם סחר שותפות מוגבלת,,ויטמינצ'יק פטל 2 ליט,ליטרים,2.00,ליטר,false,,39.90,19.9500,true,1,2335828
7290115207903,false,ויטמנצ'יק תרכיז תפוח 2 ליטר,קבוצת אוסם סחר שותפות מוגבלת,,ויטמינצ'יק תפוח 2 לי,ליטרים,2.00,ליטר,false,,39.90,19.9500,true,1,2335829
7290115207941,false,ויטמינצ'יק אננס סירופ 1 ליטר,קבוצת אוסם סחר שותפות מוגבלת,,ויטמינצ'יק אננס 1 לי,ליטרים,1.00,ליטר,false,,19.90,19.9000,true,1,2335831
7290115208009,false,ויטמינצ'יק ענבים סירופ 1 ליטר,קבוצת אוסם סחר שותפות מוגבלת,,ויטמינצ'יק ענבים 1 ל,ליטרים,1.00,ליטר,false,,19.90,19.9000,true,1,2335834
7290115208023,false,סירופ ויטמינציק ענבים 2 ליטר,קבוצת אוסם סחר שותפות מוגבלת,,ויטמינצ'יק ענבים 2 ל,ליטרים,2.00,ליטר,false,,39.90,19.9500,true,1,2335835
7290115208047,false,סירופ פטל ויטמינצ`יק (1 ליטר),קבוצת אוסם סחר שותפות מוגבלת,,ויטמינצ'יק פטל 1 ליט,ליטרים,1.00,ליטר,false,,19.90,19.9000,true,1,2335836
7290115208061,false,ויטמינצ'יק תפוח סירופ 1 ליטר,קבוצת אוסם סחר שותפות מוגבלת,,ויטמינצ'יק תפוח 1 לי,ליטרים,1.00,ליטר,false,,19.90,19.9000,true,1,2335837
7290115208320,false,אפרופו חטיף בטעם ביסלי בצל 50 גרם,קבוצת אוסם סחר שותפות מוגבלת,,אפרופו בטעם ביסלי בצ,גרמים,50.00,100 גרם,false,,4.50,0.0900,true,1,2375985
7290115208344,false,שטוחים בייגלה כפיות שמנת בצל 300גר,קבוצת אוסם סחר שותפות מוגבלת,,בייגלה כפיות שמנת בצ,גרמים,300.00,100 גרם,false,,10.90,0.0363,true,1,2364217
7290115208597,false,אסם קרמוגית מיניס קרמל מלוח 200 גרם,קבוצת אוסם סחר שותפות מוגבלת,,עוגיות קרמוגית מיניס,גרמים,200.00,100 גרם,false,,10.90,0.0545,true,1,2357046
7290115208696,false,רוטב פלפל שאטה 300 ג' אסם,,,רוטב פלפל שאטה אסם,מיליליטרים,300.00,"100 מ""ל",false,,10.90,0.0363,true,1,2372474
7290115208801,false,קרקר לחמית דבש ואגוזים אסם (190 גרם),קבוצת אוסם סחר שותפות מוגבלת,,לחמית דבש ואגוזים,גרמים,190.00,100 גרם,false,,9.90,0.0521,true,1,2364218
7290115209198,false,במבה אוורירית אסם 80 גרם,קבוצת אוסם סחר שותפות מוגבלת,,במבה אוורירית 80 גרם,גרמים,80.00,100 גרם,false,,4.50,0.0563,true,1,2356608
7290115209235,false,ביסקוויט פתי בר קפה אסם (500 גרם),קבוצת אוסם סחר שותפות מוגבלת,,פתיבר קפה 500 ג,גרמים,500.00,100 גרם,false,,11.90,0.0238,true,1,2364837
7290115209358,false,במבה במילוי בראוניז אסם (60 גרם),קבוצת אוסם סחר שותפות מוגבלת,,במבה במילוי בראוניז,גרמים,60.00,100 גרם,false,,4.50,0.0750,true,1,2375979
7290115209372,false,במבה במילוי בראוניז 150 גרם אוסם,קבוצת אוסם סחר שותפות מוגבלת,,במבה במילוי בראוניז,גרמים,150.00,100 גרם,false,,8.90,0.0593,true,1,2375980
7290115405088,false,קינוח אישי קדאיף קפולסקי 200 גרם,קפולסקי אדל בעמ,,קינוח אישי בטעמים,גרמים,200.00,100 גרם,false,,14.90,0.0745,true,1,2356383
7290115405118,false,קינוח אישי גבינה תענוג תות קפולסקי 200 ג,תופינים מקבוצת קפולסקי,,קינוח אישי בטעמים,גרמים,200.00,100 גרם,false,,14.90,0.0745,true,1,2356386
7290115405804,false,פחזניות ממולאות בטעם תות קפולסקי 180 גרם,קפולסקי אדל בעמ,,פחזניות ממולאות בטעמ,גרמים,180.00,100 גרם,false,,13.90,0.0772,true,1,2356391
7290115480009,false,"מרכך כביסה מרוכז פרש קונטרול ירוק 900 מ""ל סוד",גורי שיווק בעמ,,סוד מרכך כביסה מרוכז,מיליליטרים,900.00,"100 מ""ל",false,,11.90,0.0132,true,1,2333732
7290115480016,false,סוד פאוור קאפס לכביסה צבעונית 26 יחי,גורי שיווק בעמ,,סוד קפסולות ג'ל לכבי,100 יח',26.00,100 יח',false,,29.90,1.1500,true,1,2359633
7290115480023,false,סוד פאוור קאפס לכביסה צבעונית 45 יחי,הנקל,,סוד קפסולות גל לכביס,100 יח',45.00,100 יח',false,,29.90,0.6644,true,1,2359634
7290115641028,false,"3 קופסאות אחסון+מכסים אטומים 800 מ""ל",,,סט 3 קופסאות פרומו 8,יחידה,0.00,יחידה,false,,9.90,0.0000,true,1,2317353
7290115641035,false,3 קופסאות איחסון+ מכסים אטומים 1 ליטר,,,סט 3 קופסאות פרומו 1,יחידה,0.00,יחידה,false,,12.90,0.0000,true,1,2317354
7290115670684,false,גרנולה שיבולת שועל עם אגוזי לוז,אנרג'י Energy - שטראוס,,גרנולה אגוזים 400 גר,גרמים,400.00,100 גרם,false,,12.90,0.0323,true,1,2299496
7290115671223,false,מסטיק מאסט פאן אבטיח מנגו צנצנת 58 גרם,שטראוס גרופ בע`מ,,קופסא מסטיק מאסט פאן,גרמים,58.00,100 גרם,false,,8.90,0.1534,true,1,2333647
7290115671339,false,מיני פינוקיות בראוניז בייגל בוטן עלית 180 ג' עלית,"הגביע מוצרי ופלים בע""\מ",,מיני פינוקיות בראוני,גרמים,180.00,100 גרם,false,,9.90,0.0550,true,1,2314323
7290115671346,false,מיני פינוקיות טופי קרמל מלוח עלית 180 גרם,"הגביע מוצרי ופלים בע""\מ",,מיני פינוקיות טופי כ,גרמים,180.00,100 גרם,false,,9.90,0.0550,true,1,2314328
7290115671353,false,מיני פינוקיות עוגיות קקאו במילוי קרם בטעם וניל,"הגביע מוצרי ופלים בע""\מ",,מיני פינוקיות שחור ל,גרמים,180.00,100 גרם,false,,9.90,0.0550,true,1,2333672
7290115671421,false,פולי אספרסו עשירים וארומטיים עוצמה 10 עלית 250 גרם,שטראוס קפה בי. וי.,,פולי אספרסו עלית 250,גרמים,250.00,100 גרם,false,,21.90,0.0876,true,1,2349469
7290115675696,false,דגני בוקר קראנצ'ים שיבולת שועל עם אגוזים ושקדים,שטראוס פריטו ליי בע`מ,,דגני בוקר קוואקר אגו,גרמים,375.00,100 גרם,false,,19.90,0.0531,true,1,2315003
7290115675719,false,דגני בוקר קראנצ'ים שיבולת שועל וחתיכות שוקולד מריר,"שטראוס פריטו ליי בע""מ",,דגני בוקר קוואקר שוק,גרמים,375.00,100 גרם,false,,19.90,0.0531,true,1,2315005
7290115675986,false,דנונה יוגורט בר עם אגוזים מקורמלים 173 גרם,שטראוס גרופ בעמ/מצונן,,דנונה בר עם אגוזים מ,גרמים,173.00,100 גרם,false,,4.50,0.0260,true,1,2282314
7290115676037,false,דנונה ריפרש יוגורט עם תות ודומדמניות 1.6% שומן,שטראוס גרופ בעמ/מצונן,,דנונה לשתייה ריפרש ת,גרמים,250.00,100 גרם,false,,5.50,0.0220,true,1,2305645
7290115676051,false,"משקה אקטיביה שיבולת שועל במתיקות מעודנת 250 מ""ל",שטראוס גרופ בעמ/מצונן,,משקה אקטיביה עם ש.שו,גרמים,265.00,100 גרם,false,,4.90,0.0185,true,1,2328355
7290115676082,false,משקה דנונה פרו 20 יוגורט תות 255 ג' רבנות,שטראוס גרופ בעמ/מצונן,,משקה דנונה פרו 20 תו,גרמים,255.00,100 גרם,false,,6.40,0.0251,true,1,2305647
7290115676273,false,אבקת קקאו עלית 500 גרם+ 10% תוספת,שטראוס קפה בי.וי.,,קקאו עלית 500 גרם+10,גרמים,550.00,100 גרם,false,,25.90,0.0471,true,1,2301732
7290115676341,false,אריזות דבש אישיות טו גו 18 * 162 ג' יד מרדכי,מכוורת יד מרדכי שטראוס ב,,דבש טהור בסשטים 18 י,גרמים,162.00,100 גרם,false,,17.90,0.1105,true,1,2356437
7290115677140,false,תפוצ'יפס בטעם פפריקה 200 גרם היתר מכירה,"שטראוס פריטו ליי בע""מ",,תפוצ'יפס 200 גרם פפר,גרמים,200.00,100 גרם,false,,9.90,0.0495,true,1,2376136
7290115677362,false,"נודלס טריאקי ""דלישס"" שטראוס",קפוא-זן תעשיות מזון בעמ - תפוג,,נודלס טריאקי,גרמים,350.00,100 גרם,false,,26.90,0.0769,true,1,2332897
7290115677423,false,אורז ירוק קארי חריף חריף דלישס 350 גרם,קפוא-זן תעשיות מזון בעמ - תפוג,,אורז קארי ירוק חריף,גרמים,350.00,100 גרם,false,,26.90,0.0769,true,1,2332902
7290115677966,false,ממרח אבוקדו טעם הטבע 200 גרם,שטראוס גרופ בעמ/מצונן,,ממרח אבוקדו 200 גרם,גרמים,200.00,100 גרם,false,,14.90,0.0745,true,1,2325733
7290115678376,false,מעדן הגולן שוקולד 125 גרם,שטראוס גרופ בעמ/מצונן,,מעדן הגולן שוקולד 12,גרמים,125.00,100 גרם,false,,2.90,0.0232,true,1,2314878
7290115678383,false,מעדן הגולן שוקולד מריר בודד 125גר,שטראוס גרופ בעמ/מצונן,,מעדן הגולן שוקולד מר,גרמים,125.00,100 גרם,false,,2.90,0.0232,true,1,2314879
7290115678598,false,חסה אייסברג חיתוך גס 300 שטראוס טעם הטבע,שטראוס בריאות ירקות טריי,,חסה אייסברג בחיתוך ג,גרמים,300.00,100 גרם,false,,9.90,0.0330,true,1,2328361
7290115678635,false,נשנושי גבינה -גבינת שמנת 16%+כעכים שטוחים עם מלח,שטראוס גרופ בעמ/מצונן,,נשנושי גבינה 16% עם,גרמים,67.00,100 גרם,false,,9.90,0.1478,true,1,2362999
7290115678642,false,נשנושי גבינה 16% עם חטיף אפוי עם זיתים 67 ג' שטראוס,שטראוס גרופ בעמ/מצונן,,נשנושי גבינה 16% עם,גרמים,67.00,100 גרם,false,,9.90,0.1478,true,1,2358955
7290115678970,false,מארז סוכריות FRESH בטעם בזוקה עלית 3*15 ג',"הליקון גידה בע""\מ",,שלישיית סוכריות פרש,גרמים,45.00,100 גרם,false,,7.90,0.1756,true,1,2314310
7290115732030,false,צלחות 10 גרניט לבן ז,,,צלחות 10 גרניט לבן ז,יח',10.00,יח',false,,34.90,3.4900,true,1,2313535
7290115732276,false,צלחות 6 גרניט לבן זה,,,צלחות 6 גרניט לבן זה,יח',10.00,יח',false,,16.90,1.6900,true,1,2313558
7290115732900,false,כוס גרניט לשתיה קרה,,,כוס גרניט לשתיה קרה,יח',40.00,יח',false,,19.90,0.4975,true,1,2313591
7290115732924,false,כוס גרניט לשתיה קרה,,,כוס גרניט לשתיה קרה,יח',40.00,יח',false,,19.90,0.4975,true,1,2313593
7290115732955,false,כוס גרניט ברונזה שחור 40,,,כוס גרניט לשתיה קרה,יח',40.00,יח',false,,19.90,0.4975,true,1,2313596
7290115733778,false,מזלג מוכסף סטיקס,,,מזלג מוכסף סטיקס,יחידה,0.00,יחידה,false,,6.90,0.0000,true,1,2349976
7290115733785,false,סכין מוכסף סטיקס,,,סכין מוכסף סטיקס,יחידה,0.00,יחידה,false,,6.90,0.0000,true,1,2349977
7290115733792,false,כף מוכסף סטיקס,,,כף מוכסף סטיקס,יחידה,0.00,יחידה,false,,6.90,0.0000,true,1,2349978
7290115733808,false,כפית מוכסף סטיקס,,,כפית מוכסף סטיקס,יחידה,0.00,יחידה,false,,6.90,0.0000,true,1,2349979
7290115733952,false,תבנית מלבן+מכסה זהב שחור,,,זהב שחור-תבנית מלבני,יחידה,0.00,יחידה,false,,17.90,0.0000,true,1,2349984
7290115735789,false,מרקיה מטאור שחור כסף,,,מרקיה מטאור שחור כסף,יחידה,0.00,יחידה,false,,23.90,0.0000,true,1,2350054
7290115735864,false,צלחת 7 מטאור קרם זהב,,,צלחת 7 מטאור קרם זהב,יחידה,0.00,יחידה,false,,18.90,0.0000,true,1,2350062
7290115735901,false,צלחת 9 מטאור שחור כס,,,צלחת 9 מטאור שחור כס,יחידה,0.00,יחידה,false,,25.90,0.0000,true,1,2350066
7290115735932,false,צלחת 9 מטאור לבן כסף,,,צלחת 9 מטאור לבן כסף,יחידה,0.00,יחידה,false,,25.90,0.0000,true,1,2350069
7290116244044,false,מיניונים אצבעות שוקולד חלב 84 גרם,שמחה זה אנחנו בע`מ,,אצבעות שוקולד חלב מי,יחידה,0.00,יחידה,false,,9.90,0.0000,true,1,2338561
7290116244082,false,מפרץ הרפתקאות אצבעות שוקולד חלב 84 גרם,שמחה זה אנחנו בע`מ,,אצבעות שוקולד חלב מפ,יחידה,0.00,יחידה,false,,9.90,0.0000,true,1,2338565
7290116244112,false,זוג אצבעות שוקולד חלב 28 גרם - LOL,שמחה זה אנחנו,,זוג אצבעות שוקולד LO,יחידה,0.00,יחידה,false,,2.90,0.0000,true,1,2338568
7290116530109,false,חטיף קליק נוגט ציפוי שוקולד לבן 35 גרם,"יוניליוור ישראל שיווק בע""מ",,חטיף קליק שוקולד חלב,גרמים,35.00,100 גרם,false,,3.90,0.1114,true,1,2307711
7290116530215,false,דאודרנט סטיק לגבר דרק טמפטיישן 76 ג' אקס,"יוניליוור ישראלשיווק בע""מ",,אקס סטיק שוקולד,גרמים,77.00,100 גרם,false,,18.90,0.2455,true,1,2299073
7290116530239,false,אקס דאו סטיק לגבר בלאק 7 גרם,יוניליוור ישראל שיווק בע`מ,,אקס סטיק בלאק,גרמים,77.00,100 גרם,false,,18.90,0.2455,true,1,2299080
7290116530888,false,ג'ל לכביסה לבנה וצבעונית פינוק כחול בדין 2.5 ל',יוניליוור ישראל שיווק בע`מ,,ג'ל כביסה לבנה וצבעו,ליטרים,2.50,ליטר,false,,32.90,13.1600,true,1,2306324
7290116530895,false,"תרסיס ריחני למייבש כביסה פינוק כחול בדין 500 מ""ל",יוניליוור ישראל שיווק בע`מ,,בדין תרסיס למייבש 50,מיליליטרים,500.00,"100 מ""ל",false,,16.90,0.0338,true,1,2306330
7290116531069,false,קנור מרק בצל 100% רכיבים טבעיים 225 גרם,יוניליוור ישראל שיווק בע`מ,,מרק בצל רכיבים טבעיי,גרמים,220.00,100 גרם,false,,16.90,0.0768,true,1,2330866
7290116531076,false,מרק פטריות רכיבים טבעיים קטן 225 ג' קנור,יוניליוור ישראל שיווק בע`מ,,מרק פטריות 225 גרם,גרמים,220.00,100 גרם,false,,16.90,0.0768,true,1,2330867
7290116531083,false,"ברנפלקס ללא ת.סוכר בטעם דבש בתוספת שקדים, 400 גרם",יוניליוור ישראל שיווק בע`מ,,ברנפלקס ללא סוכר בטע,גרמים,400.00,100 גרם,false,,22.90,0.0572,true,1,2326291
7290116531090,false,בייגל בייגל דג דג במליחות עדינה 250 גרם,"יוניליוור ישראל שיווק בע""מ",,חטיף אפוי דג דג במלי,גרמים,250.00,100 גרם,false,,10.90,0.0436,true,1,2329989
7290116531243,false,"שמפו ומרכך 2ב-1 למניעת קשקשים 700 מ""ל פינוק","יוניליוור ישראל שיווק בע""מ",,שמפו ומרכך 2 ב 1 למנ,מיליליטרים,700.00,"100 מ""ל",false,,14.90,0.0213,true,1,2330882
7290116531762,false,דפים ריחניים למייבש כביסה בדין ורוד 40 יחידות,יוניליוור ישראל שיווק בע`מ,,בדין דפי מרכך ורוד,יח',40.00,יח',false,,18.90,0.4725,true,1,2334265
7290116531779,false,דפים ריחניים למייבש כביסה בדין כחול 40 יחידות,"יוניליוור ישראל שיווק בע""מ",,בדין דפי מרכך כחול,יח',40.00,יח',false,,18.90,0.4725,true,1,2334266
7290116531786,false,דאב מארז תחליב רחצה מלפפונים 3*500מל,,,תחליב רחצה דאב מלפפו,מיליליטרים,1500.00,"100 מ""ל",false,,43.90,0.0293,true,1,2363291
7290116532011,false,קליק אוקיי נוגט בציפוי שוקולד חלב 35 גרם,יוניליוור ישראל שיווק בע`מ,,חטיף שוקולד קליק נוג,גרמים,35.00,100 גרם,false,,3.90,0.1114,true,1,2337620
7290116532219,false,קורנפלקס תות תלמה אלופים 448 גרם,"יוניליוור ישראל שיווק בע""מ",,קורנפלקס תות 448 גרם,גרמים,448.00,100 גרם,false,,19.90,0.0444,true,1,2351581
7290116532387,false,"אל סבון ידיים נוזלי חמאת שיאה 950 מ""ל פינוק",יוניליוור ישראל שיווק בע`מ,,סבון ידיים פינוק חמא,מיליליטרים,950.00,"100 מ""ל",false,,12.90,0.0136,true,1,2359003
7290116532585,false,דגני בוקר ברנפלקס קרנצ'ים בטעם דבש וקינמון,יוניליוור ישראל שיווק בע`מ,,ברנפלקס קראנצ'ים דבש,גרמים,375.00,100 גרם,false,,22.90,0.0611,true,1,2351624
7290116532615,false,פינוק שמפו לשיער בתוספת גוגי ברי 700 מל,"יוניליוור ישראל שיווק בע""מ",,שמפו פינוק בתוספת תמ,מיליליטרים,700.00,"100 מ""ל",false,,11.90,0.0170,true,1,2351965
7290116532622,false,"פינוק קונדישנר בתוספת תמצית גוג`י 700מ""ל","יוניליוור ישראל שיווק בע""מ",,מרכך פינוק בתוספת תמ,מיליליטרים,700.00,"100 מ""ל",false,,11.90,0.0170,true,1,2351966
7290116532721,false,רוטב הלמנס ישראלי לסלט לימון וזעתר 305 ג,יוניליוור ישראל שיווק בע`מ,,רוטב לסלט לימון וזעת,גרמים,295.00,100 גרם,false,,12.90,0.0437,true,1,2373204
7290116532738,false,רוטב איטלקי לסלט בזיליקום ואורגנו 305 גרם,יוניליוור ישראל שיווק בע`מ,,רוטב איטלקי הלמנס,גרמים,295.00,100 גרם,false,,12.90,0.0437,true,1,2373205
7290116532868,false,פינוק בייבי שמפו אל דמע לתינוקות 900 מל,יוניליוור ישראל שיווק בע`מ,,שמפו אל דמע בייבי פי,מיליליטרים,900.00,"100 מ""ל",false,,19.90,0.0221,true,1,2369551
7290116532875,false,פינוק בייבי אל סבון לתינוקות 970 מל-משאבה,יוניליוור ישראל שיווק בע`מ,,אל סבון בייבי פינוק,מיליליטרים,900.00,"100 מ""ל",false,,19.90,0.0221,true,1,2369545
7290116533094,false,"פינוק שמפו שיער בניחוח ורדים לבנים 700 מ""ל",יוניליוור ישראל שיווק בע`מ,,שמפו פינוק ורדים לבנ,מיליליטרים,700.00,"100 מ""ל",false,,11.90,0.0170,true,1,2369519
7290116910871,false,ממתק ספרי משרוקית 8*20 מ,תאיפן פאן טיים,,ממתק ספריי משרוקית 8,יחידה,0.00,יחידה,false,,5.90,0.0000,true,1,2353837
7290116930015,false,GO חטיף חלבון חטיף בוטנים קריספי 20 גרם חלבון,"בלמונט קונפקציות בע""\מ.",,חטיף חלבון GO קרמל ח,גרמים,20.00,100 גרם,false,,11.90,0.5950,true,1,2353693
7290116930282,false,ארוחה בקטנה לאבנה עם קרקרים 150ג' תנובה,"תנובה בע""מ ***",,ארוחה בקטנה לאבנה 9%,גרמים,150.00,100 גרם,false,,7.90,0.0527,true,1,2365480
7290116930435,false,יופלה גו במרקם סמיך עם דובדבן 0% 200מל,תנובה מרכז שיתופי לש,,יוגורט יופלה GO סמיך,גרמים,200.00,100 גרם,false,,5.40,0.0270,true,1,2353061
7290116930459,false,"יופלה שייק מנגו בננה אננס וקוקוס 230 מ""ל",קבוצת המזון אקטשלאר,,יופלה SHAKE בננה אננ,מיליליטרים,230.00,"100 מ""ל",false,,7.90,0.0343,true,1,2358070
7290116930466,false,"משקה SHAKE בננה מנגן פסיפלורה והל 230 מ""ל יופלה",קבוצת המזון אקטשלאר,,יופלה SHAKE מנגו בננ,מיליליטרים,230.00,"100 מ""ל",false,,7.90,0.0343,true,1,2358071
7290116930480,false,"משקה SHAKE בננה קיווי תפוח 230 מ""ל יופלה",קבוצת המזון אקטשלאר,,יופלה SHAKE בננה קיו,מיליליטרים,230.00,"100 מ""ל",false,,7.90,0.0343,true,1,2358072
7290116930626,false,ארוחה בקטנה ציזיקי עם קרקרים 150ג' תנובה,"תנובה בע""מ ***",,ארוחה בקטנה ציזיקי ע,גרמים,150.00,100 גרם,false,,7.90,0.0527,true,1,2365481
7290116930657,false,"משקה חלב גו בטעם בננה תמר בתוספת שיבולת שועל במרקם חלק 340 מ""ל",תנובה מרכז שיתופי לש,,משקה תנובה GO בננה,מיליליטרים,340.00,"100 מ""ל",false,,7.90,0.0232,true,1,2378091
7290116930701,false,מעדן חלב GO מועשר בחלבון בטעם קרמל מלוח,תנובה מרכז שיתופי לש,,יוגורט יופלה GO בטעם,גרמים,120.00,100 גרם,false,,4.50,0.0375,true,1,2357099
7290116930725,false,סויה BIO קוקוס גביע 150 גרם אלטרנטיב,תנובה בעמ ***,,מעדן סויה ביו קוקוס,גרמים,150.00,100 גרם,false,,4.50,0.0300,true,1,2363891
7290116931074,false,פרוסות טל העמק 32% שומן 300 גרם,"תנובה בע""מ ***",,פרוסות טל העמק 32% 3,גרמים,300.00,100 גרם,false,,25.90,0.0863,true,1,2371465
7290116931081,false,מעדן סויה - טופי קרמל 125 גרם אלטרנטיב,תנובה מרכז שיתופי לש,,גביע מעדן סויה בטעם,מיליליטרים,125.00,"100 מ""ל",false,,3.90,0.0312,true,1,2363892
7290116931104,false,יופלה GO במרקם סמיך עם אננס 0% תנובה 200 גרם,תנובה בעמ ***,,יוגורט יופלה GO סמיך,גרמים,200.00,100 גרם,false,,5.40,0.0270,true,1,2363893
7290117260005,false,קונפיטורה תות שדה ויליפוד 380 גרם,גסאס גנל גידה,,קונפיטורה תות שדה 38,גרמים,380.00,100 גרם,false,,9.90,0.0261,true,1,2327163
7290117260029,false,קונפיטורה דובדבנים ויליפוד 380 גרם,ג.וילי-פוד אינטרנשיונל בעמ,,קונפיטורה דובדבנים 3,גרמים,380.00,100 גרם,false,,9.90,0.0261,true,1,2327165
7290117260043,false,ריבת עלי ורדים ויליפוד 380 גרם,ג.וילי-פוד אינטרנשיונל בעמ,,ריבת עלי ורדים 380 ג,גרמים,380.00,100 גרם,false,,9.90,0.0261,true,1,2327155
7290117260050,false,קונפיטורה חבושים ויליפוד 380 גרם,ג. וילי-פוד אינטרנשיונל בע`מ,,קונפיטורה חבושים 380,גרמים,380.00,100 גרם,false,,9.90,0.0261,true,1,2327167
7290117260067,false,קונפיטורה תפוזים ויליפוד 380 גרם,ג.וילי-פוד אינטרנשיונל בעמ,,קונפיטורה תפוזים 380,גרמים,380.00,100 גרם,false,,9.90,0.0261,true,1,2327156
7290117260227,false,קפה טורקי אמיתי מטורקיה 100 גרם,ג. וילי-פוד אינטרנשיונל בע`מ,,קפה טורקי אמיתי מטור,גרמים,100.00,100 גרם,false,,5.90,0.0590,true,1,2333596
7290117260234,false,"קפה טורקי אמיתי מטורקיה, שלישיה 3 * 100 גרם",ג.וילי-פוד אינטרנשיונל בעמ,,קפה טורקי אמיתי מטו,גרמים,300.00,100 גרם,false,,14.90,0.0497,true,1,2333597
7290117260388,false,"טונה בשמן 1 ק""ג",,,"טונה בשמן 1 ק""ג",גרמים,1000.00,100 גרם,false,,31.90,0.0319,true,1,2363697
7290117260449,false,גבינה בולגרית מעודנת למריחה בטעם טבעי 5% שומן 200 ג' יורו,ג.וילי-פוד אינטרנשיונל **גבינו,,גבינת בולגרית מעודנת,גרמים,200.00,100 גרם,false,,12.90,0.0645,true,1,2349847
7290117260456,false,גבינה בולגרית מעודנת למריחה עם זיתים 5% שומן 200 ג' יורו,ג.וילי-פוד אינטרנשיונל **גבינו,,גבינת בולגרית מעודנת,גרמים,200.00,100 גרם,false,,12.90,0.0645,true,1,2349848
7290117260463,false,גבינה בולגרית מעודנת למריחה עם חלפיניו 5% שומן 200 ג' יורו,ג.וילי-פוד אינטרנשיונל **גבינו,,גבינת בולגרית מעודנת,גרמים,200.00,100 גרם,false,,12.90,0.0645,true,1,2349849
7290117260470,false,גבינה בולגרית מעודנת למריחה עם שום 5% שומן 200 ג' יורו,ג.וילי-פוד אינטרנשיונל **גבינו,,גבינת בולגרית מעודנת,גרמים,200.00,100 גרם,false,,12.90,0.0645,true,1,2349850
7290117260562,false,חמאה כפרית מסורתית בגביע,ג.וילי-פוד אינטרנשיונל **גבינו,,חמאה בגביע 225 גרם,גרמים,225.00,100 גרם,false,,16.90,0.0751,true,1,2376916
7290117260579,false,חטיף קראנצ'י על בסיס קמח עדשים בטעם שמנת חמוצה ובצל 80 ג',ג. וילי-פוד אינטרנשיונל בע`מ,,חטיף קראנצ'י על בסיס,גרמים,80.00,100 גרם,false,,9.90,0.1238,true,1,2362974
7290117260586,false,חטיף קראנצ'י על בסיס קמח עדשים בטעם פלפל חלפיניו וליים 80 ג',ג. וילי-פוד אינטרנשיונל בע`מ,,חטיף קראנצ'י על בסיס,גרמים,80.00,100 גרם,false,,9.90,0.1238,true,1,2362975
7290117260593,false,חטיף קראנצ'י על בסיס קמח עדשים בטעם צ'דר 80 ג',ג. וילי-פוד אינטרנשיונל בע`מ,,חטיף קראנצ'י על בסיס,גרמים,80.00,100 גרם,false,,9.90,0.1238,true,1,2362965
7290117260814,false,תן בו בציפוי בטעם שוקולד מריר ושבבי קוקוס 300 גרם,ג.וילי פוד אינטרנשיונל בעמ,,תן בו בטעם וניל בציפ,גרמים,300.00,100 גרם,false,,19.90,0.0663,true,1,2332600
7290117260890,false,פופקורן בציפוי בטעם קוקוס 90 גרם,ג. וילי-פוד אינטרנשיונל בע`מ,,פופקורן בציפוי בטעם,גרמים,90.00,100 גרם,false,,5.00,0.0556,true,1,2334778
7290117260937,false,קרקרים עם עגבניות ואורגנו ללא גלוטן 125 ג' ויליפוד,ג.וילי-פוד אינטרנשיונל בעמ,,קרקרים ללא גלוטן עם,גרמים,125.00,100 גרם,false,,5.90,0.0472,true,1,2344844
7290117260944,false,מיני גריסיני עם שמן זית ללא גלוטן ויליפוד 125 גרם,ג. וילי-פוד אינטרנשיונל בע`מ,,מיני גריסיני עם שמן,גרמים,125.00,100 גרם,false,,5.90,0.0472,true,1,2344845
7290117260951,false,ביסקוויטים ללא גלוטן ופירות הדר ויליפוד 125 גרם,ג. וילי-פוד אינטרנשיונל בע`מ,,ביסקוויטים ללא גלוטן,גרמים,125.00,100 גרם,false,,5.90,0.0472,true,1,2344856
7290117260982,false,זיתים שחור מגולענים במי מלח וילי פוד300,ג.וילי פוד אינטרנשיונל בעמ,,זיתים שחורים מגולעני,גרמים,300.00,100 גרם,false,,7.90,0.0263,true,1,2376690
7290117261019,false,זיתים ירוקים ממולאים מחית פלפלים אדומים במי מלח 300 גרם,ג. וילי-פוד אינטרנשיונל בע`מ,,זיתים ירוקים ממולאים,גרמים,300.00,100 גרם,false,,7.90,0.0263,true,1,2376691
7290117261026,false,זיתים ירוק מגולענים במי מלח וילי פוד300,ג.וילי פוד אינטרנשיונל בעמ,,זיתים ירוקים מגולעני,גרמים,300.00,100 גרם,false,,7.90,0.0263,true,1,2376692
7290117261033,false,זיתים שחורים מיובשים בסגנון טאסוס 200 גרם,ג.וילי פוד אינטרנשיונל בעמ,,זיתים שחורים מיובשים,גרמים,300.00,100 גרם,false,,7.90,0.0263,true,1,2376693
7290117261040,false,זיתים שחורים מרינד 454 ג' ויליפוד,ג. וילי-פוד אינטרנשיונל בע`מ,,זיתים שחורים מרינד 4,גרמים,454.00,100 גרם,false,,14.90,0.0328,true,1,2344656
7290117261163,false,פיתה יוונית מוקפאת - מארז 10 יחידות,ג.וילי-פוד אינטרנשיונל **גבינו,,פיתה יוונית מוקפאת 7,גרמים,750.00,100 גרם,false,,14.90,0.0199,true,1,2353613
7290117261170,false,פיתה יוונית עם קמח תירס מוקפאת - מארז 8 יחידות,ג.וילי-פוד אינטרנשיונל **גבינו,,פיתה יוונית עם קמח ת,גרמים,680.00,100 גרם,false,,14.90,0.0219,true,1,2353614
7290117261378,false,גבינת קשקבל לייט EURO CHEESE ויליפוד 250 גרם,ג.וילי-פוד אינטרנשיונל **גבינו,,גבינת קשקבל לייט 250,גרמים,250.00,100 גרם,false,,19.90,0.0796,true,1,2353607
7290117261415,false,euro cheese יוגורט פרוביוטי 2.7% שומן 125 גרם,ג.וילי-פוד אינטרנשיונל **גבינו,,יוגורט פרוביוטי 2.7%,גרמים,125.00,100 גרם,false,,3.50,0.0280,true,1,2375333
7290117261514,false,סלמון אטלנטי בשמן קנולה ולימון 120 גרם ויליפוד,ג.וילי פוד אינטרנשיונל בעמ,,סלמון אטלנטי בשמן קנ,גרמים,120.00,100 גרם,false,,10.00,0.0833,true,1,2354574
7290117261545,false,סלמון אטלנטי ברוטב טריאקי 120 גרם ויליפוד,ג.וילי-פוד אינטרנשיונל בעמ,,סלמון אטלנטי ברוטב ט,גרמים,120.00,100 גרם,false,,10.00,0.0833,true,1,2354577
7290117261552,false,סלמון אטלנטי ברוטב עגבניות 120 גרם ויליפוד,ג.וילי פוד אינטרנשיונל בעמ,,סלמון אטלנטי ברוטב ע,גרמים,120.00,100 גרם,false,,10.00,0.0833,true,1,2354578
7290117261569,false,סלמון אטלנטי מעושן בשמן קנולה 120 גרם ויליפוד,ג. וילי-פוד אינטרנשיונל בע`מ,,סלמון אטלנטי מעושן ב,גרמים,120.00,100 גרם,false,,10.00,0.0833,true,1,2354579
7290117261705,false,חמאת עיזים 200 גרם ויליפוד,ג.וילי-פוד אינטרנשיונל **גבינו,,חמאת עיזים 200 גרם,גרמים,200.00,100 גרם,false,,13.90,0.0695,true,1,2353620
7290117261934,false,בסיסים לחצ'פורי ומאפים מוקפאים 460 גרם ויליפוד,ג.וילי-פוד אינטרנשיונל **גבינו,,בסיס לחצ'פורי מוקפאי,גרמים,460.00,100 גרם,false,,14.90,0.0324,true,1,2369894
7290117262221,false,"משקה יוגורט פרוביוטי עם אננס 200מ""ל 2.3%שומן יורו",ג.וילי-פוד אינטרנשיונל **גבינו,,משקה יוגורט פרוביוטי,מיליליטרים,200.00,"100 מ""ל",false,,5.90,0.0295,true,1,2363213
7290117262238,false,"משקה יוגורט פרוביוטי עם תות שדה 200מ""ל 2.3%שומן יורו",ג.וילי-פוד אינטרנשיונל **גבינו,,משקה יוגורט פרוביוטי,מיליליטרים,200.00,"100 מ""ל",false,,5.90,0.0295,true,1,2363214
7290117262245,false,"משקה יוגורט פרוביוטי עם אפרסק ומשמש 200מ""ל 2.3%שומן יורו",ג.וילי-פוד אינטרנשיונל **גבינו,,משקה יוגורט פרוביוטי,מיליליטרים,200.00,"100 מ""ל",false,,5.90,0.0295,true,1,2363215
7290117263020,false,"משקה יוגורט פרוביוטי פירות יער 2.3% 200 מ""ל",ג.וילי-פוד אינטרנשיונל **גבינו,,משקה יוגורט פרוביוטי,מיליליטרים,200.00,"100 מ""ל",false,,5.90,0.0295,true,1,2377869
7290117380154,false,ררוטב אסיאתי עם סויה ושומשום 260 גר`מאס,ש. שסטוביץ בע`מ,,רוטב אסיאתי עם סויה,מיליליטרים,260.00,"100 מ""ל",false,,9.90,0.0381,true,1,2349650
7290117380208,false,חטיף פוף קראנץ בטעם חמוץ חריף 60 גרם,ש. שסטוביץ בע`מ,,חטיף פוף קראנצ בטעם,גרמים,60.00,100 גרם,false,,3.90,0.0650,true,1,2329622
7290117380215,false,חטיף פוף קראנץ בטעם טאקו 60 גרם,ש. שסטוביץ בע`מ,,חטיף פוף קראנצ בטעם,גרמים,60.00,100 גרם,false,,3.90,0.0650,true,1,2329623
7290117380857,false,"מרבה סלים דליס פייבר עוגות אישיות בטעם לימון, 120 גרם",ש. שסטוביץ בע`מ,,עוגות אישיות בטעם לי,גרמים,120.00,100 גרם,false,,10.90,0.0908,true,1,2352924
7290117380871,false,סלים דליס פייבר עוגות אישיות בטעם אוכמניות 120 גרם,ש.שסטוביץ בעמ,,עוגות אישיות בטעם או,גרמים,120.00,100 גרם,false,,10.90,0.0908,true,1,2352919
7290117380888,false,עוגיות סנדוויץ' עם 45% שוקולד חלב בלגי,ש.שסטוביץ בעמ,,עוגיות סנדוויץ' 140,גרמים,200.00,100 גרם,false,,8.90,0.0445,true,1,2357860
7290117381205,false,"מאסטר שף שמן שומשום 370 מ""ל",ש.שסטוביץ בעמ,,"שמן שומשום 370 מ""ל מ",מיליליטרים,370.00,"100 מ""ל",false,,22.90,0.0619,true,1,2376087
7290117381236,false,פוף פריכיות מצופות שוקולד מריר 70 גרם,ש. שסטוביץ בע`מ,,פוף פירכיות מצופות ש,גרמים,70.00,100 גרם,false,,7.90,0.1129,true,1,2365019
7290117381250,false,פוף פריכיות מצופות שוקולד מריר ותפוז 70 ג,ש. שסטוביץ בע`מ,,פוף פירכיות מצופות ש,גרמים,70.00,100 גרם,false,,7.90,0.1129,true,1,2365021
7290117382318,false,סלים דליס פרו 33 חטיף חלבון שוקולד מריר 60 גרם,"י. מרבה ישראל בע""\מ",,חטיף חלבון מצופה שוק,גרמים,60.00,100 גרם,false,,11.90,0.1983,true,1,2365026
7290117382325,false,חטיף חלבון מצופה שוקולד חלב פרו 33 סלים דליס 60 ג,"י. מרבה ישראל בע""\מ",,חטיף חלבון מצופה שוק,גרמים,60.00,100 גרם,false,,11.90,0.1983,true,1,2365027
7290117382332,false,סלים דליס פרו 33 חטיף חלבון שוקולד בטעם עוגיות 60 גרם,"י. מרבה ישראל בע""\מ",,חטיף חלבון מצופה שוק,גרמים,60.00,100 גרם,false,,11.90,0.1983,true,1,2365028
7290117823798,false,בדיקה עצמית מהירה לזיהוי אנטיגן - 5 בדיקות,שמחה זה אנחנו בעמ,,בדיקה עצמית לזיהוי א,יחידה,0.00,יחידה,false,,39.90,0.0000,true,1,2337829
7290117860038,false,"הוואי - תחליב רחצה יוגורט בניחוח אוכמניות 700 מ""ל","טרופיקל דגיל בע""\מ",,הוואי תחליב רחצה יוג,מיליליטרים,700.00,"100 מ""ל",false,,14.90,0.0213,true,1,2377651
7290117860045,false,שמפו תמציות אלוורה ותה ירוק לשיער רגיל,"טרופיקל גליל בע""מ",,הוואי שמפו מטפח לשיע,מיליליטרים,700.00,"100 מ""ל",false,,14.90,0.0213,true,1,2377652
7290117860083,false,"הוואי קרם רחצה יוגורט בניחוח אירוס זהוב ודבש 700 מ""ל","טרופיקל דגיל בע""\מ",,הוואי קרם רחצה בניחו,מיליליטרים,700.00,"100 מ""ל",false,,14.90,0.0213,true,1,2377653
7290117860090,false,מרכך תמציות אלוורה ותה ירוק לשיער רגיל,"טרופיקל דגיל בע""\מ",,הוואי מרכך מטפח לשיע,מיליליטרים,700.00,"100 מ""ל",false,,14.90,0.0213,true,1,2377654
7290117860144,false,הוואי שמפו פירות אקזוטיים וקלנדולה 700,"טרופיקל גליל בע""מ",,הוואי שמפו למניעת קש,מיליליטרים,700.00,"100 מ""ל",false,,14.90,0.0213,true,1,2377656
7290117860182,false,"הוואי - תחליב רחצה בניחוח מגנוליה ושמן שקדים 700 מ""ל","טרופיקל דגיל בע""\מ",,הוואי תחליב רחצה בני,מיליליטרים,700.00,"100 מ""ל",false,,14.90,0.0213,true,1,2377657
7290117860199,false,שמפו שמן ורד הבר ושמן מקדמיה לשיער יבש,"טרופיקל דגיל בע""\מ",,הוואי שמפו מעניק לחו,מיליליטרים,700.00,"100 מ""ל",false,,14.90,0.0213,true,1,2377658
7290117860236,false,"הוואי - קרם רחצה בניחוח ויולה ורודה 700 מ""ל","טרופיקל דגיל בע""\מ",,הוואי קרם רחצה בניחו,מיליליטרים,700.00,"100 מ""ל",false,,14.90,0.0213,true,1,2377659
7290117860243,false,"הוואי - מרכך מעניק לחות לשיער יבש 700 מ""ל","טרופיקל גליל בע""מ",,הוואי מרכך מעניק לחו,מיליליטרים,700.00,"100 מ""ל",false,,14.90,0.0213,true,1,2377660
7290117860281,false,"הוואי - ג'ל רחצה לגבר בניחוח עוצמתי 700 מ""ל","טרופיקל דגיל בע""\מ",,הוואי ג'ל רחצה לגבר,מיליליטרים,700.00,"100 מ""ל",false,,14.90,0.0213,true,1,2377661
7290117860298,false,שמפו קומפלקס קרטין לשיער עדין או חלש,"טרופיקל גליל בע""מ",,הוואי שמפו קרטין מחז,מיליליטרים,700.00,"100 מ""ל",false,,14.90,0.0213,true,1,2377662
7290117860342,false,מרכך קומפלקס קרטין לשיער עדין או חלש,"טרופיקל גליל בע""מ",,הוואי מרכך קרטין מחז,מיליליטרים,700.00,"100 מ""ל",false,,14.90,0.0213,true,1,2377664
7290117860397,false,שמפו תמצית פריחת הדובדבן לשיער רגיל,"טרופיקל גליל בע""מ",,הוואי שמפו פריחת הדו,מיליליטרים,700.00,"100 מ""ל",false,,14.90,0.0213,true,1,2377666
7290117860496,false,"הוואי שמפו + מרכך 2 ב-1 לגבר 700 מ""ל-חדש","טרופיקל גליל בע""מ",,הוואי שמפו + מרכך 2,מיליליטרים,700.00,"100 מ""ל",false,,14.90,0.0213,true,1,2377668
7290117860540,false,הוואי שמפו לילדים רוזמרין מנגו ומשמש 700,"טרופיקל דגיל בע""\מ",,הוואי שמפו עדין לילד,מיליליטרים,700.00,"100 מ""ל",false,,14.90,0.0213,true,1,2377669
7290117860595,false,הוואי מרכך לילדים רוזמרין מנגו ומשמש 700,"טרופיקל גליל בע""מ",,הוואי מרכך מתיר קשרי,מיליליטרים,700.00,"100 מ""ל",false,,14.90,0.0213,true,1,2377670
7290117860649,false,הוואי שמפו קרטין קיק ללא סולפטים 700 מל,"טרופיקל גליל בע""מ",,הוואי שמפו ללא סולפט,מיליליטרים,700.00,"100 מ""ל",false,,14.90,0.0213,true,1,2377671
7290117860694,false,הוואי מרכך קרטין קיק ללא סולפטים 700 מל,"טרופיקל גליל בע""מ",,הוואי מרכך ללא סולפט,מיליליטרים,700.00,"100 מ""ל",false,,14.90,0.0213,true,1,2377672
7290117860748,false,הוואי שמפו תמצית יסמין מעניק נפח 700 מל,"טרופיקל גליל בע""מ",,הוואי שמפו מעניק נפח,מיליליטרים,700.00,"100 מ""ל",false,,14.90,0.0213,true,1,2377673
7290117860793,false,הוואי מרכך תמצית יסמין מעניק נפח 700 מל,"טרופיקל דגיל בע""\מ",,הוואי מרכך מעניק נפח,מיליליטרים,700.00,"100 מ""ל",false,,14.90,0.0213,true,1,2377674
7290117860946,false,"הוואי תחליב רחצה יוגורט בניחוח קוקוס 700 מ""ל","טרופיקל דגיל בע""\מ",,הוואי תחליב רחצה יוג,מיליליטרים,700.00,"100 מ""ל",false,,14.90,0.0213,true,1,2377677
7290117901243,false,ממרח פלפלים אדומים קלווים בתוספת ארטישוק שקדיה 290 גרם,דין שיווק וקליה 2021 בעמ,,ממרח פלפלים אדומים ק,גרמים,290.00,100 גרם,false,,13.90,0.0479,true,1,2365469
7290117901250,false,ממרח עגבניות מיובשות בתוספת זיתים ירוקים שקדיה 290 גרם,דין שיווק וקליה 2021 בעמ,,ממרח עגבניות מיובשות,גרמים,290.00,100 גרם,false,,13.90,0.0479,true,1,2365470
7290118420071,false,במבה ביסלי ברביקיו מיקס 80גר אסם{,קבוצת אוסם סחר שותפות מוגבלת,,במבה ביסלי ברביקיו מ,גרמים,80.00,100 גרם,false,,4.50,0.0563,true,1,2375987
7290118420378,false,פתיבר פינוקים בטעם תותים בשמנת - חלבי,קבוצת אוסם סחר שותפות מוגבלת,,אסם פתי בר פינוקים ת,גרמים,220.00,100 גרם,false,,10.90,0.0495,true,1,2375988
7290118420477,false,אסם בייגלה שטוחים בטעם ביסלי בצל 300 גרם,קבוצת אוסם סחר שותפות מוגבלת,,בייגלה שטוחים בטעם ב,גרמים,300.00,100 גרם,false,,10.90,0.0363,true,1,2375989
7290118420514,false,אינסטנט פודינג בטעם נוגט אסם 75 גרם,קבוצת אוסם סחר שותפות מוגבלת,,אינסטנט פודינג בטעם,גרמים,80.00,100 גרם,false,,5.50,0.0688,true,1,2375990
7291044080391,false,כבל מאריך 3X1.5 עד 1 מטר,,,כבל מאריך,יחידה,0.00,יחידה,false,,14.90,0.0000,true,1,2256956
7291044099850,false,מפצל חשמל 1 ל-4 פרפר,סמיקום לקסיס בעמ,,מפצל חשמל,יחידה,0.00,יחידה,false,,14.90,0.0000,true,1,2256966
7291074000291,false,כפיות לונג סט (6) A72 Toscana סולתם,,,סט 6 כפיות לונג Tosc,יחידה,0.00,יחידה,false,,19.90,0.0000,true,1,2231947
7291074001885,false,כף עץ במבוק KC10193,,,כף עץ במבוק,יחידה,0.00,יחידה,false,,12.90,0.0000,true,1,2263303
7291074002943,false,"מסננת נירוסטה 20 ס""מ",,,"מסננת נירוסטה 20 ס""מ",יחידה,0.00,יחידה,false,,29.90,0.0000,true,1,2148961
7291074003995,false,סכין Princess בדיספלי עם כיסוי מגן Forged Pro סולתם,,,"סכין 14.4 ס""מ עם כיס",יחידה,0.00,יחידה,false,,29.90,0.0000,true,1,2244099
7291074007801,false,קולפן ידית פלסטיק אדום/לבן בדיספליי 24 יח',"סולתם - רדד (כלי בית) בע""מ",,קולפן ידית פלסטיק אד,יחידה,0.00,יחידה,false,,9.90,0.0000,true,1,2292691
7291074007863,false,ווק קרבון סטיל 9.7*3,,,ווק קרבון סטיל 9.7*3,יחידה,0.00,יחידה,false,,99.90,0.0000,true,1,2292692
7291074009317,false,מרחן סיליקון בדיספליי (18) חלק צהוב/אפור/אפור בהיר סולתם,,,מרחן סיליקון צהוב/אפ,יחידה,0.00,יחידה,false,,16.90,0.0000,true,1,2263380
7291074014137,false,כפות סט (6) מרוקע נירוסטה,,,סט 6 כפות מרוקע נירו,יחידה,0.00,יחידה,false,,24.90,0.0000,true,1,2337529
7291074014144,false,מזלגות סט (6) מרוקע נירוסטה,,,סט 6 מזלגות מרוקע ני,יחידה,0.00,יחידה,false,,24.90,0.0000,true,1,2337530
7291074014151,false,כפיות סט (6) מרוקע נירוסטה,,,סט 6 כפיות מרוקע ניר,יחידה,0.00,יחידה,false,,14.90,0.0000,true,1,2337531
7291074016407,false,"סכין בשר 25 ס""מ ידית",,,"סכין בשר 25 ס""מ ידית",יחידה,0.00,יחידה,false,,69.90,0.0000,true,1,2333604
7291074018746,false,"סיר 20 ס""מ 2.9 ליטר OPTIMA ציפוי שיש ידית שחורה סולתם",,,"סיר 20 ס""מ 2.9 ליטר",יחידה,0.00,יחידה,false,,149.90,0.0000,true,1,2370949
7291074019965,false,"מחבת 18 ס""מ OPTIMA ציפוי שיש ידית שחורה סולתם",סולתם רדד,,"מחבת 18 ס""מ ציפוי שי",יחידה,0.00,יחידה,false,,69.90,0.0000,true,1,2370450
7291074020008,false,"מחבת 28 ס""מ OPTIMA ציפוי שיש ידית שחורה סולתם",,,"מחבת 28 ס""מ ציפוי שי",יחידה,0.00,יחידה,false,,110.00,0.0000,true,1,2370454
7296021141010,false,כף הגשה קטנה ידית מש,,,כף בישול.,יחידה,0.00,יחידה,false,,19.90,0.0000,true,1,2257559
7296021141027,false,כף מסננת קטנה ידית מ,,,כף הגשה,יחידה,0.00,יחידה,false,,19.90,0.0000,true,1,2257560
7296021146749,false,"סכין סטייק 10.5 ס""מ",,,"סכין סטייק 10.5 ס""מ",יחידה,0.00,יחידה,false,,7.90,0.0000,true,1,2291900
7296021184178,false,מעמד לנייר נעמן.,,,מעמד לנייר נעמן.,יחידה,0.00,יחידה,false,,26.90,0.0000,true,1,2222277
7296021191367,false,תבנית לקוביות קרח עם,,,קרחון עם מכסה (עיגול,יחידה,0.00,יחידה,false,,9.90,0.0000,true,1,2190988
7296021228711,false,BLACK RIO צלחת הגשה,,,BLACK RIO צלחת הגשה,יחידה,0.00,יחידה,false,,19.90,0.0000,true,1,2345747
7296021230448,false,תפוחון - פורס תפוחים,,,תפוחון - פורס תפוחים,יחידה,0.00,יחידה,false,,19.90,0.0000,true,1,2268060
7296021232251,false,צנצנת נעמן.,נעמן,,צנצנת נעמן.,יחידה,0.00,יחידה,false,,16.90,0.0000,true,1,2260036
7296021259821,false,"כוס מאג נעמן 355 מ""ל",,,"מאג 355 מ""ל LOVE RED",יחידה,0.00,יחידה,false,,12.90,0.0000,true,1,2284701
7296021266065,false,"סכין חיתוך 12.5 ס""מ",,,"סכין חיתוך 12.5 ס""מ",יחידה,0.00,יחידה,false,,29.90,0.0000,true,1,2330043
7296021266690,false,מסננת ידית עץ פרפקטו,,,"מסננת ידית עץ 15 ס""מ",יחידה,0.00,יחידה,false,,19.90,0.0000,true,1,2312971
7296021271557,false,מאג 355 מל אימייל צ,,,מאג 355 מל אימייל צ,יחידה,0.00,יחידה,false,,14.90,0.0000,true,1,2345797
7296021272707,false,"פינג'אן 700 מ""ל נון",,,"פינג'אן 700 מ""ל נון",יחידה,0.00,יחידה,false,,34.90,0.0000,true,1,2343611
7296021272820,false,צלחת מנה עיקרית 26 סמ כחול COLOR BASIC,נעמן,,צלחת מנה עיקרית 26 ס,יחידה,0.00,יחידה,false,,26.90,0.0000,true,1,2370545
7296021273650,false,סט שישיית סכינים לחי,,,סט 6 סכיני ירקות שחו,יחידה,0.00,יחידה,false,,14.90,0.0000,true,1,2332720
7296021280245,false,סט 4 צלחות עיקריות 2,,,סט 4 צלחות עיקריות 2,יחידה,0.00,יחידה,false,,29.90,0.0000,true,1,2358503
7296021280252,false,סט צלחות פלסטיק 4 יח,,,סט 4 צלחות מנה ראשונ,יחידה,0.00,יחידה,false,,26.90,0.0000,true,1,2358504
7296021280269,false,סט בול פלסטיק 4 יחיד,,,"סט 4 קעריות 21 ס""מ פ",יחידה,0.00,יחידה,false,,26.90,0.0000,true,1,2358509
7296021280733,false,תרמוס 500 מל אפור GL,,,תרמוס 500 מל אפור GL,יחידה,0.00,יחידה,false,,39.90,0.0000,true,1,2358512
7296049013597,false,מגרדת מיני 4/3/7.5 ל,,,מגרדת מיני 4/3/7.5 ל,יחידה,0.00,יחידה,false,,7.90,0.0000,true,1,2334380
7296049258011,false,דן אחסונית 850cc,,,דן אחסונית 850cc,יחידה,0.00,יחידה,false,,9.90,0.0000,true,1,2345500
7296049258110,false,דן קערית מילאנו קטנה,,,דן קערית מילאנו קטנה,יחידה,0.00,יחידה,false,,3.90,0.0000,true,1,2345510
7296049258134,false,דן קערה מילאנו גדולה,,,דן קערה מילאנו גדולה,יחידה,0.00,יחידה,false,,9.90,0.0000,true,1,2345512
7296049258196,false,קערה פלסטיק 24,,,קערה פלסטיק 24,יחידה,0.00,יחידה,false,,3.90,0.0000,true,1,2345516
7296049258295,false,דן סט 5 קערות פלסטיק,,,דן סט 5 קערות פלסטיק,יחידה,0.00,יחידה,false,,24.90,0.0000,true,1,2345484
7296049258318,false,דן מסננת עגולה עם יד,,,דן מסננת עגולה עם יד,יחידה,0.00,יחידה,false,,9.90,0.0000,true,1,2345526
7296049258332,false,דן מסננת פסטה 255 עם,,,דן מסננת פסטה 255 עם,יחידה,0.00,יחידה,false,,9.90,0.0000,true,1,2345528
7296049258639,false,דן כד חלב,,,דן כד חלב,יחידה,0.00,יחידה,false,,4.90,0.0000,true,1,2345555
7296049258721,false,דן סכומון מרובע 17*17*12,אוהב ציון בעמ,,דן סכומון מרובע,יחידה,0.00,יחידה,false,,9.90,0.0000,true,1,2345564
7296049258813,false,דן משולש כיור,אוהב ציון בעמ,,דן משולש כיור,יחידה,0.00,יחידה,false,,6.90,0.0000,true,1,2345573
7296049258929,false,דן נטלה,,,דן נטלה,יחידה,0.00,יחידה,false,,4.90,0.0000,true,1,2345584
7296049258936,false,דן משפך 115 קטן,אוהב ציון בעמ,,דן משפך 115 קטן,יחידה,0.00,יחידה,false,,2.90,0.0000,true,1,2345585
7296049259087,false,דן שטיח מקרר 35*52 ס,,,דן שטיח מקרר 35*52 ס,יחידה,0.00,יחידה,false,,8.90,0.0000,true,1,2345487
7296049259711,false,דן אחסונית 13*10.5*6,,,דן אחסונית 475cc,יחידה,0.00,יחידה,false,,5.90,0.0000,true,1,2345602
7296049259735,false,דן אחסונית 13*10.5*9,,,דן אחסונית 750cc,יחידה,0.00,יחידה,false,,8.90,0.0000,true,1,2345604
7296049299007,false,פיקס קלין מקל עץ 1.5,,,פיקס קלין מקל עץ 1.5,יחידה,0.00,יחידה,false,,9.90,0.0000,true,1,2345655
7296049299052,false,פיקס קלין מברשת אסלה,,,פיקס קלין מברשת אסלה,יחידה,0.00,יחידה,false,,6.90,0.0000,true,1,2345660
7296179021721,false,מידנייט WHITE קרם ידיים 100 מל,General,,קרם ידיים מידנייט,מיליליטרים,100.00,"100 מ""ל",false,,9.90,0.0990,true,1,1925800
7296179021738,false,מידנייט WHITE דאודורנט רול און 80 מל,General,,רול און מידנייט,מיליליטרים,80.00,"100 מ""ל",false,,12.90,0.1613,true,1,1925801
7296179021752,false,מידנייט WHITE קרם גוף 275 מל,חלאבין,,קרם גוף מידנייט,מיליליטרים,275.00,"100 מ""ל",false,,29.90,0.1087,true,1,1925802
7296179021769,false,מידנייט WHITE דאודורנט ספריי 187 מל,חלאבין,,ספריי מידנייט,מיליליטרים,150.00,"100 מ""ל",false,,14.90,0.0993,true,1,1925803
7297488097995,false,גרנולה דבש ללא גלוטן 250 גרם דגש,תות תעשיות מזון (201,IL,גרנולה דבש דגש 250,גרמים,250.00,100 גרם,false,,15.90,0.0636,true,1,1398210
7297488098015,false,גרנולה קרנץ' עם שוקולד צ'יפס מריר ללא גלוטן 250 גרם דגש,תות תעשיות מזון (201,IL,גרנולה קרנצ'י שוקו דגש 25,גרמים,250.00,100 גרם,false,,15.90,0.0636,true,1,1398212
7297488098169,false,"קמח תירס ללא גלוטן דג""ש",תבליני העליון 2007 ב,IL,קמח תירס 500 גרם,גרמים,500.00,100 גרם,false,,9.90,0.0198,true,1,1398225
7297488098183,false,קמח אורז ללא גלוטן דוכן גן שמואל 500 גרם,תבליני העליון 2007 ב,IL,קמח אורז דגש 500 ג',גרמים,500.00,100 גרם,false,,9.90,0.0198,true,1,1398227
7297488098190,false,0 קמח אורז מלא ללא גלוטן,אף.סי תבליני בגליל ב,IL,קמח אורז מלא 500 גרם,גרמים,500.00,100 גרם,false,,12.90,0.0258,true,1,1398228
7297488098213,false,קמח קינואה ללא גלוטן דוכן גן שמואל 500 ג,תבליני העליון 2007 ב,IL,קמח קינואה,גרמים,500.00,100 גרם,false,,22.90,0.0458,true,1,1398229
7297488098220,false,קמח תפוחי אדמה 500 גרם דגש,תות תעשיות מזון (201,IL,"קמח תפו""א",גרמים,500.00,100 גרם,false,,11.90,0.0238,true,1,1398230
7297488098282,false,אבקת מרק בטעם עוף ללא גלוטן בריאות וטבע,אף.סי. תבליני הגליל,IL,אבקת מרק בטעם עוף,גרמים,500.00,100 גרם,false,,19.90,0.0398,true,1,1398236
7297488098305,false,"מרק דגש""קמח שקדים""250גרם","תבליני העליון בע""מ",IL,"קמח שקדים ""דגש""",גרמים,250.00,100 גרם,false,,27.90,0.1116,true,1,1398238
7297488098688,false,דגש פצפוצי אורז מלא ללא תוספת סוכר ומלח 450 גרם,משובח תעשיות מזון,,פצפוצי אורז מלא ללא,גרמים,450.00,100 גרם,false,,20.90,0.0464,true,1,1891676
7297488099760,false,עוגיות ללא גלוטן בטעם חלווה דגש 250 גרם,דגש- דוכן גן שמואל,,עוגיות בטעם חלבה דגש,גרמים,250.00,100 גרם,false,,28.90,0.1156,true,1,1883995
7297488099777,false,עוגיות ללא גלוטן בטעם קאשיו דגש 250 גרם,דגש- דוכן גן שמואל,,עוגיות בטעם קשיו דגש,גרמים,250.00,100 גרם,false,,28.90,0.1156,true,1,1883996
7297488099784,false,עוגיות בטעם קינמון 250 גרם,תות תעשיות מזון (201,,עוגיות בטעם קינמון ד,גרמים,250.00,100 גרם,false,,28.90,0.1156,true,1,1883997
7297488099821,false,גרנולה ללא תוספת סוכר לנמנעים מגלוטן,תות תעשיות מזון (201,,גרנולה ללא תוספת סוכ,גרמים,250.00,100 גרם,false,,14.90,0.0596,true,1,1883998
7297488099906,false,פרוסות בסגנון קלאסי 18% טבעונית 200 גרם,קפוא זן תעשיות מזון בעמ,,גבינה טבעונית צהובה,גרמים,200.00,100 גרם,false,,19.90,0.0995,true,1,1398247
7297488199590,false,פצפוצי אורז לבן תפוח ללא גלוטן,דגש- דוכן גן שמואל,IL,פצפוצי אורז 450 גר' דגש,גרמים,450.00,100 גרם,false,,20.90,0.0464,true,1,1398252
7297488199606,false,פצפוצי אורז תפוח ללא תוספת סוכר ומלח ללא גלוטן,דגש- דוכן גן שמואל,IL,פצפוצי אורז קל 450 ג' דגש,גרמים,450.00,100 גרם,false,,20.90,0.0464,true,1,1398253
7297488199620,false,פצפוצי אורז מלא תפוח ללא גלוטן,דגש- דוכן גן שמואל,IL,פצפוצי אורז מלא 450 ג' דג,גרמים,450.00,100 גרם,false,,20.90,0.0464,true,1,1398254
7297488199682,false,קמח כוסמת ללא גלוטן,תבליני העליון 2007 ב,IL,קמח כוסמת 500 ג' דגש,גרמים,500.00,100 גרם,false,,14.90,0.0298,true,1,1398258
7297488199781,false,דגש קניידל מיקס 130 גרם,"חיים טובים מזון בע""מ",IL,קניידלך דגש,גרמים,140.00,100 גרם,false,,19.90,0.1421,true,1,1398265
7312040017034,false,וודקה אבסולוט 1 ליטר,פרנו ריקרד ($),,וודקה אבסלוט ליטר,ליטרים,1.00,ליטר,false,,89.90,89.9000,true,1,1370723
7312040017683,false,מארז אבסולוט רגיל(וודקה {}{700 עם כוס,טמפו משקאות בע`מ,,"וודקה אבסלוט 700 מ""ל",מיליליטרים,700.00,"100 מ""ל",false,,59.90,0.0856,true,1,1419254
7393714509604,false,קופרברג סיידר תפוח 4.5% בקבוק 330 מ,הכרם משקאות חריפים בעמ,,סיידר תפוח קופרברג,מיליליטרים,330.00,"100 מ""ל",false,,8.90,0.0270,true,1,2209595
7394376123337,false,"משקה שיבולת שועל אורגני מפוקח ע""י סקאל",טרנסומס פוד איי.בי,,משקה שיבולת שועל או,ליטרים,1.00,ליטר,false,,13.90,13.9000,true,1,2258807
7394376615825,false,אוטלי משקה שיבולת שועל מועשר בסידן וויטמינים 1 ליטר,ש. שסטוביץ בע`מ,,משקה שיבולת שועל אוט,ליטרים,1.00,ליטר,false,,13.90,13.9000,true,1,2258808
7394376615832,false,אוטלי משקה שיבולת שועל בטעם שוקולד 1 ליטר,ש. שסטוביץ בע`מ,,משקה שיבולת שועל בט,ליטרים,1.00,ליטר,false,,15.90,15.9000,true,1,2258809
7394376616778,false,אוטלי משקה שיבולת שועל להקצפה בריסטה 1 ליטר,ש. שסטוביץ בע`מ,,משקה שיבולת שועל לה,ליטרים,1.00,ליטר,false,,15.90,15.9000,true,1,2258814
7394376620294,false,אוטלי משקה שיבולת שועל בטעם וניל 1 ליטר,איי אם פי אס איי תעש,,משקה שיבולת שועל בט,ליטרים,1.00,ליטר,false,,15.90,15.9000,true,1,2371346
7501013101348,false,"ג'ומקס מנגו בקבוק 473 מ""ל תריסר",חומקס קומר קומרסאליזדורה,,נקטר מנגו -ג'ומקס 47,מיליליטרים,473.00,"100 מ""ל",false,,8.90,0.0188,true,1,2222163
7501013101362,false,"נקטר בטעם קוקוס ואננס 500 מ""ל JUMEX",חומקס קומר קומרסאליזדורה,,נקטר קוקוס אננס -ג'ו,מיליליטרים,473.00,"100 מ""ל",false,,8.90,0.0188,true,1,2222165
7501013101393,false,"ג'ומקס אננס בקבוק 473 מ""ל תריסר",חומקס קומר קומרסאליזדורה,,נקטר אננס -ג'ומקס 47,מיליליטרים,473.00,"100 מ""ל",false,,8.90,0.0188,true,1,2222166
7501013122039,false,ג'ומקס מיץ מנגו קרטונית ליטר תריסר,חומקס קומר קומרסאליזדורה,,נקטר מנגו ג'ומקס קרט,ליטרים,1.00,ליטר,false,,9.90,9.9000,true,1,2228842
7501013122053,false,נקטר אפרסק ג'ומקס בקרטונית 1 ליטר,חומקס קומר קומרסאליזדורה,,נקטר אפרסק-ג'ומקס קר,ליטרים,1.00,ליטר,false,,9.90,9.9000,true,1,2222176
7501013122114,false,ג'ומקס מיץ אננס קרטונית ליטר תריסר,חומקס קומר קומרסאליזדורה,,נקטר אננס ג'ומקס קרט,ליטרים,1.00,ליטר,false,,9.90,9.9000,true,1,2222177
7501013122190,false,ג'ומקס מיץ תפוחים קרטונית ליטר תריסר,חומקס קומר קומרסאליזדורה,,משקה תפוחים ג'ומקס ק,ליטרים,1.00,ליטר,false,,9.90,9.9000,true,1,2222178
7501013138184,false,משקה חמוציות יוניקו פרסקו ג'ומקס קרטונית 1 ליטר,חומקס קומר קומרסאליזדורה,,נקטר חמוציות יוניקו,ליטרים,1.00,ליטר,false,,11.90,11.9000,true,1,2222173
7501049936945,false,"בירה סול שישייה בקבוק 330 מ""ל",פארייפאבה אגרואינדוס,,שישייה בירה סול 330,ליטרים,1.98,ליטר,false,,39.90,20.1515,true,1,2252730
7501064191398,false,שישיית בירה קורונה אקסטרא *355 מל,קריניציה ויטמינה אס,,בירה קורונה שישייה 3,ליטרים,2.13,ליטר,false,,39.90,18.7324,true,1,2200464
7503012779405,false,סירופ אגבה כחולה – נטורפוד (גדול),נוטריאגבס דה מקסיקו,,סירופ אגבה כחולה אור,מיליליטרים,660.00,"100 מ""ל",false,,29.90,0.0453,true,1,1486635
7509546061665,false,דאודורנט סטיק ג'ל לגבר 24/7 אקסטרים אינטנס,קולגייט פלמוליב,,דאודורנט סטיק גל-אקס,גרמים,85.00,100 גרם,false,,19.90,0.2341,true,1,2364549
7509546061672,false,דאודורנט סטיק אקסטרים אינטנס,ספיד סטיק Speed Stick,,דאודורנט סטיק-אקסטרי,גרמים,50.00,100 גרם,false,,19.90,0.3980,true,1,2364550
7509546063515,false,ליידי ספיד סטיק -סטיק פרו 5 ספריי 150 מל,קולגייט פלמוליב,,דאודורנט ספריי ליידי,מיליליטרים,150.00,"100 מ""ל",false,,24.90,0.1660,true,1,2364551
7509546678702,false,קולגייט משחת שיניים טוטל אנטי טרטר 100 מ,קולגייט-פלמוליב,,משחת שיניים קולגייט,מיליליטרים,100.00,"100 מ""ל",false,,16.90,0.1690,true,1,2363027
7610023050215,false,פמיליה קראנץ' איקס תערובת דגנים פריכים בתוספת צימוקים ואגוזי לוז 500 גרם,פמיליה familia,CH,"מיזלי ""קראנצ איקס 500 ""ג'",גרמים,500.00,100 גרם,false,,18.90,0.0378,true,1,1401221
7610023051212,false,פמיליה שוקו איקס תערובת דגנים פריכים בתוספת שוקולד 500 גרם,מיוצר עי קונדיטוריית,CH,"מיזלי ""שוקו איקס 500 ""ג'",גרמים,500.00,100 גרם,false,,18.90,0.0378,true,1,1401223
7610100034084,false,מיונז טומי בשפורפרת 265 גרם,ליימן שליסל בע`מ,,מיונז טומי בשפורפרת,גרמים,265.00,100 גרם,false,,12.90,0.0487,true,1,1711340
7610113000175,false,"רום בקרדי מוחיטו 700 מ""ל",בקרדי מרטיני,,רום בקרדי מוחיטו,מיליליטרים,700.00,"100 מ""ל",false,,74.90,0.1070,true,1,1956030
7610113011652,false,בריזר - משקה כוהלי מוגז בטעם תפוח,בקרדי בריזר Bacardi Breezer,,בקרדי בריזר-תפוח 275,מיליליטרים,275.00,"100 מ""ל",false,,12.90,0.0469,true,1,2252731
7610243004463,false,"דורגול - מרסס להסרת אבנית במקלחון 600 מ""ל","יעקב יעקבי ובניו בע""מ",CH,דורגול מרסס,מיליליטרים,600.00,"100 מ""ל",false,,24.90,0.0415,true,1,1372482
7610400010481,false,שוקולד לינדט אקסלנס מילק 100 גר`,לינדט ושפרונגלי קילשברג,CH,לינדט אקסלנס מילק 100 גרם,גרמים,100.00,100 גרם,false,,14.90,0.1490,true,1,1365354
7610400014632,false,שוקולד לינדור בודד וואיט 100 ג',משה סידס ובנו בעמ,CH,לינדור בודד וואיט 100 גרם,גרמים,100.00,100 גרם,false,,15.90,0.1590,true,1,1365355
7610400014649,false,לינדור קוביות במילוי קרם שוקולד חלב 100 גרם,לינדט ושפרונגלי קילשברג,CH,לינדור בודד מילק 100גרם,גרמים,100.00,100 גרם,false,,15.90,0.1590,true,1,1365356
7610400068369,false,לינדט לינדור טבלאה קוביות במילוי קרם ושב,משה סידס ובנו בעמ,CH,לינדור בודד הזלנט 100 גרם,גרמים,100.00,100 גרם,false,,15.90,0.1590,true,1,1365358
7610400068529,false,לינדט לינדור בונבוניירה כדורי שוקולד מטעמים 200 גרם,לינדט ושפרונגלי קילשברג,CH,לינדור בונ' אסורטד 200 גר,גרמים,200.00,100 גרם,false,,34.90,0.1745,true,1,1365360
7610400074155,false,לינדט לינדור קוביות במילוי קרם שוקולד 60% מוצקי קקאו 100 גרם,לינדט ושפרונגלי קילשברג,CH,לינדור בודד 60% 100 גרם,גרמים,100.00,100 גרם,false,,15.90,0.1590,true,1,1365367
7610400075770,false,לינדט לה גרנד שוקולד מריר אגוז 150 גרם,לינדט ושפרונגלי קילשברג,FR,לינדט לגרנד דארק הזלנט 15,גרמים,150.00,100 גרם,false,,24.90,0.1660,true,1,1365368
7610400075787,false,לינדט לה גרנד שוקולד חלב אגוז 150 גרם,לינדט ושפרונגלי קילשברג,FR,לינדט לגרנד מילק הזלנט 15,גרמים,150.00,100 גרם,false,,24.90,0.1660,true,1,1365369
7610400075794,false,לינדט לה גרנד שוקולד לבן ושקדים 150 גרם,לינדט ושפרונגלי,FR,לינדט לגרנד ואיט אלמוד 15,גרמים,150.00,100 גרם,false,,24.90,0.1660,true,1,1365370
7610400086202,false,שוקולד מריר לה גרנד עם אוכמניות וחמוציות,לינדט Lindt,,שוקולד מריר לינדט לה,גרמים,150.00,100 גרם,false,,24.90,0.1660,true,1,1906032
7610400091060,false,שוקולד מריר לינדט אקסלנס בתוספת תפוז ושקדים,לינדט ושפרונגלי קילש,,שוקולד מריר לינדט אק,גרמים,100.00,100 גרם,false,,14.90,0.1490,true,1,2252509
7610700002681,false,ריקולה סוכריות ללא סוכר בטעם צמחים 50 גר',שוקוטרייד בעמ,,סוכריות ריקולה צמחים,גרמים,50.00,100 גרם,false,,12.90,0.2580,true,1,2250614
7610700009956,false,ריקולה ללא ת.סוכר סמבוקוס 50 גרם,שוקוטרייד בעמ,,סוכריות ריקולה צמחים,גרמים,50.00,100 גרם,false,,12.90,0.2580,true,1,2257527
7610700010778,false,סוכריות ריקולה ללא סוכר פטל חמוציות 50 ג,שוקוטרייד בעמ,,סוכריות ריקולה צמחים,גרמים,50.00,100 גרם,false,,12.90,0.2580,true,1,2373262
7610700012642,false,סוכריות ריקולה בשקית בטעם לימון,שוקוטרייד בעמ,,סוכריות ריקולה צמחים,גרמים,70.00,100 גרם,false,,9.90,0.1414,true,1,2279345
7610700013083,false,סוכריות ריקולה ללא סוכר בטעם צמחים 20 יח',שוקוטרייד בעמ,,סוכריות ריקולה צמחים,גרמים,50.00,100 גרם,false,,12.90,0.2580,true,1,2317650
7610700607046,false,סוכריות צמחים לימון ומנטה ללא תוספת סוכר,שוקוטרייד בעמ,,סוכריות ריקולה צמחים,גרמים,50.00,100 גרם,false,,12.90,0.2580,true,1,1384415
7610700607077,false,סוכריות צמחים תפוז ומנטה ללא תוספת סוכר,שוקוטרייד בעמ,,סוכריות ריקולה צמחים,גרמים,50.00,100 גרם,false,,12.90,0.2580,true,1,1384416
7613030979647,false,דגני בוקר טריקס פירות עולם היורה 480 ג',קבוצת אוסם סחר שותפות מוגבלת,,דגני בוקר טריקס 480,גרמים,480.00,100 גרם,false,,23.90,0.0498,true,1,1928548
7613032045753,false,פיטנס דגנים מחיטה מלאה שוקולד 375גרם,קבוצת אוסם סחר שותפות מוגבלת,FR,פיטנס שוקולד 375 גרם,גרמים,375.00,100 גרם,false,,19.90,0.0531,true,1,1350356
7613033548192,false,פיטנס - דגני בוקר שוקולד מריר 375 גרם,קבוצת אוסם סחר שותפות מוגבלת,FR,פיטנס שוקולד מריר 375 גרם,גרמים,375.00,100 גרם,false,,19.90,0.0531,true,1,1350384
7613033635571,false,פורינה וואן - חתול סטרילייז סלמון 800 גרם,קבוצת אוסם סחר-שות.מוגבלת,,פורינה ONE חתול גור,גרמים,800.00,100 גרם,false,,39.90,0.0499,true,1,2226421
7613035027022,false,מזון לכלבים קטנים גורים פורינה ONE,קבוצת אוסם סחר-שות.מוגבלת,,פורינה ONE כלב מיני,גרמים,800.00,100 גרם,false,,34.90,0.0436,true,1,2226436
7613035378643,false,דנטלייף חטיף דנטלי לכלבים מגזע גדול - 4 יחידות,קבוצת אוסם סחר-שות.מוגבלת,,דנטלייף לכלב גזע גדו,גרמים,142.00,100 גרם,false,,14.90,0.1049,true,1,2325235
7613035379794,false,דנטלייף חטיף דנטלי לכלבים מגזע בינוני - 4 יחידות,קבוצת אוסם סחר-שות.מוגבלת,,דנטלייף לכלב גזע בינ,גרמים,115.00,100 גרם,false,,14.90,0.1296,true,1,2325228
7613035379817,false,דנטלייף חטיף דנטלי לכלבים מגזע קטן - 4 יחידות,קבוצת אוסם סחר-שות.מוגבלת,,דנטלייף לכלב גזע קטן,גרמים,115.00,100 גרם,false,,14.90,0.1296,true,1,2325229
7613035514430,false,"פורינה ONE חתול בוגר סלמון 3 ק""ג",שחורי אריה ואנסטסיה,,פורינה ONE חתול בוגר,קילוגרמים,3.00,"ק""ג",false,,119.90,39.9667,true,1,2226424
7613035548374,false,דגני בוקר גולדן מיניס מחיטה מלאה ותירס,קבוצת אוסם סחר-שות.מוגבלת,,דגני בוקר גולדן מיני,גרמים,570.00,100 גרם,false,,24.90,0.0437,true,1,1423084
7613035618794,false,"פורינה ONE חתול בוגר עוף 3 ק""ג",שחורי אריה ואנסטסיה,,פורינה ONE חתול בוגר,קילוגרמים,3.00,"ק""ג",false,,119.90,39.9667,true,1,2226427
7613035622623,false,פיטנס גרנולה שקדים ודבש נסטלה (300 גרם),קבוצת אוסם סחר-שות.מוגבלת,,פיטנס גרנולה שקדים ו,גרמים,300.00,100 גרם,false,,12.90,0.0430,true,1,1439531
7613035635845,false,פיטנס גרנולה שוקולד 300 גר`אסם,קבוצת אוסם סחר-שות.מוגבלת,,פיטנס גרנולה שוקולד,גרמים,300.00,100 גרם,false,,12.90,0.0430,true,1,1439532
7613035758834,false,פיטנס סופר גרנולה וחמוציות 300 גרם,קבוצת אוסם סחר שותפות מוגבלת,,פיטנס גרנולה חמוציות,גרמים,300.00,100 גרם,false,,12.90,0.0430,true,1,1484054
7613035807778,false,פרפקטו רוטב עגבניות לבולונז אסם 400 גרם,קבוצת אוסם סחר שותפות מוגבלת,,רוטב עגבניות לבלונז,גרמים,400.00,100 גרם,false,,8.90,0.0223,true,1,1484023
7613035809109,false,פרפקטו רוטב עגבניות ובזיליקום אסם 400 גרם,קבוצת אוסם סחר שותפות מוגבלת,,רוטב עגבניות ובזילקו,גרמים,400.00,100 גרם,false,,8.90,0.0223,true,1,1484024
7613035809123,false,פרפקטו רוטב עגבניות עם פלפלים אסם 400 גרם,קבוצת אוסם סחר שותפות מוגבלת,,רוטב עגבניות עם פלפל,גרמים,400.00,100 גרם,false,,8.90,0.0223,true,1,1484025
7613035809857,false,פרפקטו רוטב עגבניות לפסטה ולבישול אסם 400 גרם,קבוצת אוסם סחר שותפות מוגבלת,,רוטב עגבניות לפסטה ו,גרמים,400.00,100 גרם,false,,8.90,0.0223,true,1,1484026
7613035975897,false,מים מינרלים מוגזים רביעייה בקבוק אישי,פרייה Perrier,,רביעיית מים פרייה מו,ליטרים,1.32,ליטר,false,,22.90,17.3485,true,1,1692247
7613036105545,false,"דוגלי גזע קטן 4*3 קילו ""אסם""",קבוצת אוסם סחר שותפות מוגבלת,,"דוגלי גזע קטן 3 ק""ג",קילוגרמים,3.00,"ק""ג",false,,42.90,14.3000,true,1,1769591
7613036288026,false,"דוגלי גורים אקטיב 4*3 ק""ג",קבוצת אוסם סחר-שות.מוגבלת,,"דוגלי גורים 3 ק""ג",קילוגרמים,3.00,"ק""ג",false,,42.90,14.3000,true,1,1895219
7613036314114,false,נסקפה גולד Gold קפה נמס מיובש בתוספת קפה קלוי,קבוצת אוסם סחר-שות.מוגבלת,,נס קפה גולד,גרמים,200.00,100 גרם,false,,44.90,0.2245,true,1,1996136
7613036387798,false,פיטנס Fitness דגנים מלאים עם ציפוי בטעם יוגורט,קבוצת אוסם סחר שותפות מוגבלת,,דגני בוקר פיטנס יוגו,גרמים,350.00,100 גרם,false,,19.90,0.0569,true,1,1835846
7613036520492,false,פרפקטו רוטב עגבניות לפיצה אסם 400 גרם,קבוצת אוסם סחר-שות.מוגבלת,,רוטב עגבניות לפיצה פ,גרמים,400.00,100 גרם,false,,8.90,0.0223,true,1,1934595
7613036710879,false,מארז מיני חטיפי קיט קט צ'אנקי Kit Kat Chanky,קבוצת אוסם סחר שותפות מוגבלת,,חטיף קיט קט מיני,גרמים,194.00,100 גרם,false,,12.90,0.0665,true,1,2066027
7613036725286,false,דנטלייף חטיף דנטלי לחתול בטעם סלמון,קבוצת אוסם סחר שותפות מוגבלת,,דנטלייף חתול בטעם סל,גרמים,40.00,100 גרם,false,,9.90,0.2475,true,1,2325236
7613036737623,false,דגני בוקר קראנץ מיקס 410גר,קבוצת אוסם סחר שותפות מוגבלת,,דגני בוקר קראנץ מקס,גרמים,410.00,100 גרם,false,,24.90,0.0607,true,1,2003221
7613036760195,false,נסקפה דולצה גוסטו אספרסו קפסולות אינטנסו 112 ג',קבוצת אוסם סחר שותפות מוגבלת,,נסקפה דולצה גוסטו אס,גרמים,112.00,100 גרם,false,,28.90,0.2580,true,1,2156460
7613036867870,false,נסקפה דולצה גוסטו אספרסו בריסטה קפסולות 112 ג',קבוצת אוסם סחר-שות.מוגבלת,,נסקפה דולצה גוסטו אס,גרמים,112.00,100 גרם,false,,28.90,0.2580,true,1,2119797
7613036880534,false,גרבר מחית ירקות מעורבים מטרנה 190 גר',קבוצת אוסם סחר שותפות מוגבלת,,גרבר מחית מרק ירקות,גרמים,190.00,100 גרם,false,,6.50,0.0342,true,1,2226508
7613036976671,false,פריסקיז פאוצ' עוף ברוטב 26*85גרם,קבוצת אוסם סחר שותפות מוגבלת,,פריסקיז פאוצ' עוף,גרמים,85.00,100 גרם,false,,3.90,0.0459,true,1,2236657
7613037012200,false,גרבר מחית תפו`ע מנגו וגזר פאוץ 90 גר`,קבוצת אוסם סחר שותפות מוגבלת,,גרבר מחית תפוח מנגו,גרמים,90.00,100 גרם,false,,6.50,0.0722,true,1,2229339
7613037204889,false,סטארבקס - פולי קפה אספרסו 450 גרם,קבוצת אוסם סחר-שות.מוגבלת,,סטארבקס פולי קפה בלו,גרמים,450.00,100 גרם,false,,49.90,0.1109,true,1,2298737
7613037686906,false,פיטנס - דגני בוקר שקדים ודבש 355 גרם,קבוצת אוסם סחר שותפות מוגבלת,,דגני בוקר פיטנס שקדי,גרמים,355.00,100 גרם,false,,19.90,0.0561,true,1,2229341
7613037811629,false,קורנפלקס גו פרי ללא גלוטן 500 גר`,קבוצת אוסם סחר שותפות מוגבלת,,קורנפלקס גו פרי 500,גרמים,500.00,100 גרם,false,,14.90,0.0298,true,1,2238526
7613038268262,false,דגני בוקר צ'יריוס דבש ושקדים במתיקות מעודנת,קבוצת אוסם סחר שותפות מוגבלת,,דגני בוקר האני ציריו,גרמים,410.00,100 גרם,false,,19.90,0.0485,true,1,2233226
7613039547632,false,גרבר מחית תפוח בננה ותות 90 גרם פאוץ,קבוצת אוסם סחר-שות.מוגבלת,,גרבר מחית תפוח בננה,גרמים,90.00,100 גרם,false,,5.90,0.0656,true,1,2267576
7613039547731,false,גרבר מחית תפוח עץ ומשמש 90 גרם פאוץ,קבוצת אוסם סחר שותפות מוגבלת,,גרבר מחית תפוח משמש,גרמים,90.00,100 גרם,false,,5.90,0.0656,true,1,2267577
7613039547922,false,גרבר מחית אגס תפוח ובננה 90 גרם פאוץ,קבוצת אוסם סחר-שות.מוגבלת,,גרבר מחית תפוח בננה,גרמים,90.00,100 גרם,false,,5.90,0.0656,true,1,2267578
7613039770450,false,טבעול סנסשיונל בורגר צמחוני 226 גרם,קבוצת אוסם סחר שותפות מוגבלת,,טבעול סנסשיונל בורגר,גרמים,226.00,100 גרם,false,,34.90,0.1544,true,1,2268835
7613039771174,false,טבעול סנסשיונל מינס טחון צמחוני 400 גרם,קבוצת אוסם סחר-שות.מוגבלת,,טבעול סנסשיונל מינס,גרמים,400.00,100 גרם,false,,34.90,0.0872,true,1,2268836
7613039879382,false,מחית תפוח עץ 190 גר` גרבר כשר לפסח,קבוצת אוסם סחר שותפות מוגבלת,,גרבר מחית תפוחי עץ,גרמים,190.00,100 גרם,false,,6.50,0.0342,true,1,2283458
7613039880807,false,גרבר מחית תפוח וגזר 190 גרם,קבוצת אוסם סחר שותפות מוגבלת,,גרבר מחית תפוח גזר,גרמים,190.00,100 גרם,false,,6.50,0.0342,true,1,2279980
7613039881521,false,גרבר מחית מרק מנגו 190 גרם,קבוצת אוסם סחר שותפות מוגבלת,,גרבר מחית מנגו,גרמים,190.00,100 גרם,false,,6.50,0.0342,true,1,2279981
7613287121783,false,סמארטיס מיני 16*187 גרם,קבוצת אוסם סחר שותפות מוגבלת,,חטיף סמרטיס מיני מאר,גרמים,187.00,100 גרם,false,,12.90,0.0690,true,1,2306689
7613287155832,false,גרבר מחית תפוחי עץ 90 גרם פאוץ,קבוצת אוסם סחר שותפות מוגבלת,,גרבר מחית תפוח פאוץ,גרמים,90.00,100 גרם,false,,6.50,0.0722,true,1,2298257
7613287155863,false,מחית אגס פאוץ 90 גר`גרבר כשלפ,קבוצת אוסם סחר שותפות מוגבלת,,גרבר מחית אגס פאוץ,גרמים,90.00,100 גרם,false,,5.90,0.0656,true,1,2283465
7613287155894,false,"גרבר - מחית אפרסק כל""פ פאוץ 90 גרם",קבוצת אוסם סחר שותפות מוגבלת,,גרבר מחית אפרסק פאוץ,גרמים,90.00,100 גרם,false,,6.50,0.0722,true,1,2293025
7613287155924,false,מטרנה מחית תפוח וגזר פאוץ' 90 גר',קבוצת אוסם סחר-שות.מוגבלת,,גרבר מחית תפוח גזר פ,גרמים,90.00,100 גרם,false,,5.90,0.0656,true,1,2283466
7613287162281,false,קפסולות קפה אספרסו גרנדה אינטנסו דולצ'ה גוסטו 144 ג',קבוצת אוסם סחר שותפות מוגבלת,,נסקפה דולצה גוסטו גר,גרמים,144.00,100 גרם,false,,28.90,0.2007,true,1,2306026
7613287182326,false,ויטמינציק מחית בננה תפוח 110 גרם,קבוצת אוסם סחר-שות.מוגבלת,,ויטמינצ'יק פרי בננה,גרמים,110.00,100 גרם,false,,6.90,0.0627,true,1,2316124
7613287186928,false,קפסולות קפה סומטרה (10 יח) סטארבקס (56 ג,קבוצת אוסם סחר שותפות מוגבלת,,סטארבקס קפסולות ברקפ,גרמים,56.00,100 גרם,false,,21.90,0.3911,true,1,2316485
7613287302373,false,סטארבקס קפסולות איטליאן סטייל רוסט 56 גרם,קבוצת אוסם סחר שותפות מוגבלת,,סטארבקס איטלאן סטייל,גרמים,55.00,100 גרם,false,,21.90,0.3982,true,1,2295883
7613287325808,false,אוסם - דיפ אנד ספרד מטבל איולי שום 295 גרם,קבוצת אוסם סחר שותפות מוגבלת,,רוטב איולי שום 295 מ,מיליליטרים,295.00,"100 מ""ל",false,,13.90,0.0471,true,1,2318678
7613287325822,false,אוסם - דיפ אנד ספרד מטבל מיקס 295 גרם,קבוצת אוסם סחר שותפות מוגבלת,,"רוטב מיקס 295 מ""ל",מיליליטרים,295.00,"100 מ""ל",false,,13.90,0.0471,true,1,2318679
7613287325853,false,אוסם - דיפ אנד ספרד מטבל איולי ספייסי 295 גרם,קבוצת אוסם סחר שותפות מוגבלת,,רוטב ספייסי איולי שו,מיליליטרים,295.00,"100 מ""ל",false,,13.90,0.0471,true,1,2318680
7613287325952,false,אוסם - דיפ אנד ספרד מטבל ברבקיו 345 גרם,קבוצת אוסם סחר שותפות מוגבלת,,רוטב ברביקיו לחיץ,מיליליטרים,345.00,"100 מ""ל",false,,13.90,0.0403,true,1,2318681
7613287325983,false,אוסם - דיפ אנד ספרד מטבל סלסה 335 גרם,קבוצת אוסם סחר-שות.מוגבלת,,רוטב סלסה לחיץ,מיליליטרים,335.00,"100 מ""ל",false,,13.90,0.0415,true,1,2318682
7613287394323,false,דגני בוקר מולטי צ'יריוס 600 גרם,קבוצת אוסם סחר שותפות מוגבלת,,דגני בוקר מולטי צ'רי,גרמים,600.00,100 גרם,false,,22.90,0.0382,true,1,2295873
7613287476494,false,אוסם - דיפ אנד ספרד מיונז בסגנון צרפתי 280 גרם,קבוצת אוסם סחר שותפות מוגבלת,,מיונז לחיץ,מיליליטרים,280.00,"100 מ""ל",false,,13.90,0.0496,true,1,2318683
7613287821348,false,נתחוני עוף טבעוני סנסשיונל טבעול 350 גרם,קבוצת אוסם סחר שותפות מוגבלת,,נתחוני עוף טבעוני טב,גרמים,350.00,100 גרם,false,,34.90,0.0997,true,1,2318593
7613287855640,false,סטארבקס קפסולות קפה גוואטמלה 10 יחידות,קבוצת אוסם סחר שותפות מוגבלת,,סטארבקס קפסולות גווא,גרמים,57.00,100 גרם,false,,21.90,0.3842,true,1,2364219
7622010001858,false,עוגיות אוראו ממולאות קרם וניל 176 גרם.,דיפלומט מפיצים (1968) בעמ**,,עוגיות אוראו 176 גרם,גרמים,176.00,100 גרם,false,,8.90,0.0506,true,1,1434412
7622201050757,false,מילקה שוקולד חלב במילוי קרם קרמל 100 ג,דיפלומט מפיצים (1968) בעמ**,,מילקה שוקולד קרמל 90,גרמים,90.00,100 גרם,false,,5.90,0.0656,true,1,1351044
7622201137052,false,אוראו מיני קוקיס - עוגיות שוקולד צ'יפס ותחתית מצופה שוקולד חלב,דיפלומט מפיצים (1968) בעמ**,,מילקה מיני קוקיז 110,גרמים,110.00,100 גרם,false,,8.90,0.0809,true,1,2305539
7622201139278,false,גבינת פילדלפיה שמנת 150 גר`% (27 שומן),מיודלז אספניה פרודוק,,גבינת פילדלפיה שמנה,גרמים,150.00,100 גרם,false,,12.90,0.0860,true,1,2237076
7622201401900,false,עוגיות מילקה סנסיישן אוראו 156 גרם,דיפלומט מפיצים (1968) בעמ**,,עוגיות מילקה סנסיישן,גרמים,156.00,100 גרם,false,,12.90,0.0827,true,1,2273860
7622201502515,false,עוגיות מילקה קוקי לופ שוקולד צ'יפס,דיפלומט מפיצים (1968) בעמ**,,עוגיות מילקה קוקי לו,גרמים,132.00,100 גרם,false,,12.90,0.0977,true,1,2325203
7622201521493,false,גבינת פילדלפיה שום ועשבי תיבול 150 גר` (,מיודלז אספניה פרודוק,,גבינת פילדלפיה שום ו,גרמים,150.00,100 גרם,false,,12.90,0.0860,true,1,2356123
7622201798154,false,גבינת שמנת לייט מופחתת שומן 13% שומן,מיודלז אספניה פרודוק,,גבינת פילדלפיה לייט,גרמים,150.00,100 גרם,false,,12.90,0.0860,true,1,2318380
7622201801809,false,מילקה שוקולד חלב עם אגוזים 100 גרם חדש,מנדלז דויצ'\לנד סנקס פרו,,מילקה שוקולד אגוזים,גרמים,100.00,100 גרם,false,,5.90,0.0590,true,1,2312411
7622201802363,false,מילקה טבלת שוקולד חלב וצימוקים ואגוזים 100ג',דיפלומט מפיצים (1968) בעמ**,,מילקה שוקולד צימוקים,גרמים,100.00,100 גרם,false,,5.90,0.0590,true,1,2312412
7622201802394,false,שוקולד מילקה חלב מסרונים 100 גרם,מנדלז דויצ'\לנד סנקס פרו,,מילקה שוקולד חלב 100,גרמים,100.00,100 גרם,false,,5.90,0.0590,true,1,2312413
7622201808631,false,אוראו מיני עוגיות ממולאות קרם וניל 67גרם,דיפלומט מפיצים (1968) בעמ**,,עוגיות אוראו מיני כו,גרמים,67.00,100 גרם,false,,7.90,0.1179,true,1,2312414
7622201819170,false,שוקולד מילקה דרק שקדים 85 גרם.,דיפלומט מפיצים (1968) בעמ**,,מילקה דארק שקדים 85,גרמים,85.00,100 גרם,false,,5.90,0.0694,true,1,2325934
7622201819408,false,שוקולד מילקה דרק קרמל 85 גרם.,מונדלז דויטשלנד סנאק,,מילקה דארק קרמל 85 ג,גרמים,85.00,100 גרם,false,,5.90,0.0694,true,1,2325935
7622201819552,false,מילקה דארק שוקולד 85 גרם חדש,מונדלז דויטשלנד סנאק,,מילקה שוקולד דרק,גרמים,85.00,100 גרם,false,,5.90,0.0694,true,1,2325936
7622210078131,false,שוקולד חלב עם שבבי קרמל מילקה דיים 100 גרם,מנדלז דויצ'\לנד סנקס פרו,,מילקה שוקולד 100 גרם,גרמים,100.00,100 גרם,false,,5.90,0.0590,true,1,1735993
7622210117762,false,"קוטדור בונבונירה בושה, 200 גרם כשל""פ",מונדלייז,,שוקולד קוטדור בושה 2,גרמים,200.00,100 גרם,false,,14.90,0.0745,true,1,1885343
7622210137234,false,אוראו עוגיות עם דאבל קרם בטעם וניל 170ג,דיפלומט מפיצים (1968) בעמ**,,עוגיות אוראו דאבל קר,גרמים,170.00,100 גרם,false,,7.90,0.0465,true,1,1477718
7622210163899,false,שוקולד חלב במילוי סוכריות עדשים,דיפלומט מפיצים (1968) בעמ**,,מילקה שוקולד 100 גרם,גרמים,100.00,100 גרם,false,,5.90,0.0590,true,1,1948683
7622210453327,false,עוגיות שוקוצ'יפס במילוי שוקולד סנסיישן,דיפלומט מפיצים (1968) בעמ**,,עוגיות מילקה סנסיישן,גרמים,150.00,100 גרם,false,,12.90,0.0860,true,1,1816638
7622210464729,false,אוראו גולדן עוגיות וניל במילוי קרם וניל,דיפלומט מפיצים (1968) בעמ**,,עוגיות אוראו גולדן 1,גרמים,154.00,100 גרם,false,,8.90,0.0578,true,1,2229121
7622210597915,false,פרלינים לבבות שוקולד חלב ממולא קרם נוגט,דיפלומט מפיצים {1968}בעמ,,מילקה לבבות פרלינים,גרמים,110.00,100 גרם,false,,12.90,0.1173,true,1,2263244
7622210635105,false,עוגיות אוראו במילוי תות 154 גרם,דיפלומט מפיצים (1968) בעמ**,,עוגיות אוראו תות 154,גרמים,154.00,100 גרם,false,,8.90,0.0578,true,1,2214553
7622210637994,false,מיני עוגיות אוראו קראנצ'י בייטס אורגינל,דיפלומט מפיצים (1968) בעמ**,,עוגיות אוראו ביס קרא,גרמים,110.00,100 גרם,false,,7.90,0.0718,true,1,2273861
7622210638021,false,מיני עוגיות אוראו קראנצ'י בייטס מצופים,דיפלומט מפיצים (1968) בעמ**,,עוגיות אוראו ביס קרא,גרמים,110.00,100 גרם,false,,7.90,0.0718,true,1,2273862
7622210826053,false,מילקה שוקולד אוראו סנדוויץ 100 גרם,דיפלומט מפיצים (1968) בעמ**,,שוקולד מילקה אוראו ס,גרמים,96.00,100 גרם,false,,5.90,0.0615,true,1,2276764
7622210835338,false,אוראו עוגיות ממולאות טעם בראוניז 176 גרם,דיפלומט מפיצים (1968) בעמ**,,עוגיות אוראו בראוניז,גרמים,176.00,100 גרם,false,,8.90,0.0506,true,1,1948698
7622300270506,false,מילקה גריינס - עוגיות שיבולת שועל מצופות שוקולד 168 ג',דיפלומט מפיצים (1968) בעמ**,,עוגיות מילקה שיבולת,גרמים,168.00,100 גרם,false,,12.90,0.0768,true,1,1351049
7622300315283,false,אוראו עוגיות ממולאות קרם וניל 154 גרם,דיפלומט מפיצים (1968) בעמ**,,עוגיות אוראו וניל 15,גרמים,154.00,100 גרם,false,,8.90,0.0578,true,1,2312415
7622300441715,false,עוגיות מילקה ביסקוויט ממולא קרם חלב מצופה למחצה בשוקולד חלב 150 גר',דיפלומט מפיצים (1968) בעמ**,,עוגיות מילקה שוקומינ,גרמים,150.00,100 גרם,false,,12.90,0.0860,true,1,1491990
7622300489427,false,עוגיות אוראו בציפוי בטעם שוקולד לבן 246 גרם,דיפלומט מפיצים (1968) בעמ**,,עוגיות אוראו בציפוי,גרמים,246.00,100 גרם,false,,18.90,0.0768,true,1,1922849
7622300489434,false,"עוגיות אוראו פאדג' בציפוי שוקולד חלב, 246 גרם",דיפלומט מפיצים (1968) בעמ**,,עוגיות אוראו בציפוי,גרמים,246.00,100 גרם,false,,18.90,0.0768,true,1,1922850
7622300495046,false,מילקה שוקולד חלב עם אקסטרה קקאו 100 גרם,מנדלז דויצ'\לנד סנקס פרו,,מילקה אקסטרה קקאו 10,גרמים,100.00,100 גרם,false,,5.90,0.0590,true,1,1351053
7622300503079,false,עוגיות ביסקוויט מצופה שוקולד חלב מילקה 200 גרם,דיפלומט מפיצים (1968) בעמ**,,עוגיות מילקה ביסקווי,גרמים,200.00,100 גרם,false,,12.90,0.0645,true,1,1351055
7622300617820,false,מילקה שוקולד חלב במילוי קרם חלב ווניל ושבבי עוגיות אוראו 100 גרם,מנדלז דויצ'\לנד סנקס פרו,,מילקה אוראו 100 גרם,גרמים,100.00,100 גרם,false,,5.90,0.0590,true,1,1351056
7622300756413,false,גבינת פילדלפיה 20% שומן עם תבלינים 175 ג',מונדלז דויצ'לנד פרוד,,גבינת פילדלפיה 20% ש,גרמים,175.00,100 גרם,false,,14.90,0.0851,true,1,1950027
7622400005190,false,שוקולד חלב נגיעות שוקולד לבן מילקה 100 ג,דיפלומט מפיצים (1968) בעמ**,,מילקה שוקולד 100 גרם,גרמים,100.00,100 גרם,false,,5.90,0.0590,true,1,1351062
7622400013423,false,קוטדור- שוקולד מריר 86% קקאו 100 גר,דיפלומט מפיצים (1968) בעמ**,,שוקולד קוטדור מריר 1,גרמים,100.00,100 גרם,false,,12.90,0.1290,true,1,1351065
7630311507016,false,קפסולות קפה סטארבקס סאני דיי 12*57גר`,קבוצת אוסם סחר שותפות מוגבלת,,סטארבקס קפסולות סאני,גרמים,57.00,100 גרם,false,,21.90,0.3842,true,1,2344828
7630477891592,false,סטארבקס קפסולות קפה האוס בלנד 10 יחידות,קבוצת אוסם סחר שותפות מוגבלת,,סטארבקס קפסולות האוס,גרמים,57.00,100 גרם,false,,21.90,0.3842,true,1,2266831
7630477891615,false,סטארבקס קפסולות קפה סומטרה 10 יחידות,קבוצת אוסם סחר שותפות מוגבלת,,סטארבקס קפסולות סומט,גרמים,57.00,100 גרם,false,,21.90,0.3842,true,1,2266832
7630477891639,false,קפסולות קפה סומטרה (10 יח) סטארבקס ( 55,קבוצת אוסם סחר שותפות מוגבלת,,סטארבקס קפסולות ורונ,גרמים,57.00,100 גרם,false,,21.90,0.3842,true,1,2266833
7630477891677,false,סטארבקס קפסולות קפה פייק פלייס 10 יחידות,קבוצת אוסם סחר שותפות מוגבלת,,סטארבקס קפסולות פייק,גרמים,57.00,100 גרם,false,,21.90,0.3842,true,1,2266835
7630477891691,false,סטארבקס קפסולות קפה קולמביה 10 יחידות,קבוצת אוסם סחר שותפות מוגבלת,,סטארבקס קפסולות קולמ,גרמים,57.00,100 גרם,false,,21.90,0.3842,true,1,2266836
7630477891738,false,סטארבקס קפסולות קפה אספרסו בלונד 10 יחיד,קבוצת אוסם סחר שותפות מוגבלת,,סטארבקס קפסולות אספר,גרמים,57.00,100 גרם,false,,21.90,0.3842,true,1,2266838
7638900248333,false,סוללות2025 אנרג'ייזר זוג,אנרג'יזר Energizer,,"סוללות אנרג""יזר 2025",יח',2.00,יח',false,,19.90,9.9500,true,1,2111931
7638900248357,false,סוללות אנרג`ייזר ליתיום 2032 זוג ריפרש,דנאגיס בעמ,,"סוללות אנרג""יזר 2032",יח',2.00,יח',false,,19.90,9.9500,true,1,2111932
7638900426663,false,9 V סוללות אנרג`יזר ריפרש,דנשר (1963) בעמ,,סוללה 9V אנרג'ייזר,יח',1.00,יח',false,,22.90,22.9000,true,1,2232595
7638900426809,false,סוללות אנרגייזר מקס c ריפרש MAX,אנרג'יזר Energizer,,סוללות C*,יח',2.00,יח',false,,19.90,9.9500,true,1,2250411
7638900426823,false,סוללות מקס D אנרגייזר2יח,דנשר (1963) בעמ,,"סוללות אנרג""יזר",יח',2.00,יח',false,,28.90,14.4500,true,1,2240974
7702018016808,false,ג'ילט ונוס ריווירה 2 סכיני גילוח חד פעמי,דיפלומט מפיצים 1968 בעמ,PL,ונוס ריווירה - סכין  חד,יחידה,0.00,יחידה,false,,19.90,0.0000,true,1,1351771
7702018069316,false,סימפלי ונוס 2 סכין גילוח 2+4 חינם חד פעמ,דיפלומט מפיצים (1968) בעמ,PL,ונוס 2 חד פעמי 4+2 סכינים,יח',1.00,יח',false,,14.90,14.9000,true,1,1351780
7702018069347,false,סכיני גילוח חד פעמיים לנשים Blue 2,דיפלומט מפיצים (1986) בע`מ,,סכיני גילוח בלו 10 +,יח',15.00,יח',false,,34.90,2.3267,true,1,1351781
7702018263783,false,סכיני גילוח מאך 3 ג'ילט 8 יחידות,דיפלומט מפיצים (1968) בעמ,,מאך 3 שמינייה,יח',8.00,יח',false,,69.90,8.7375,true,1,2057748
7702018263844,false,גילט 4 סכיני פיוזן פרוגלייד ידני,פרוקטר & גמבל,,4 סכיני גילוח פיוזן,יח',4.00,יח',false,,79.90,19.9750,true,1,1351790
7702018263905,false,4 סכיני פיוזן פרוגליד פלקסבול פאוור,פרוקטר & גמבל,,4 סכיני גילוח פיוזן,יח',4.00,יח',false,,99.90,24.9750,true,1,1351792
7702018263936,false,8 סכיני פיוזן פרוגליד פלקסבול פאוור,פרוקטר & גמבל,,8 סכיני גילוח פיוזן,יח',8.00,יח',false,,169.90,21.2375,true,1,1351793
7702018271788,false,"דאודורנט קליר ג'ילט בניחוח ספורט 70 מ""ל",פארמה דיל (פ.א.ב.) שיווק והפצה,CZ,70 מל Sport דאו קליר ג'ל,מיליליטרים,70.00,"100 מ""ל",false,,18.90,0.2700,true,1,1351799
7702018321520,false,דאודורנט סטיק לגבר Pro G Arctic ice,דיפלומט מפיצים (1968) בעמ,US,דאו סטיק מתקדם 45 מל AI,גרמים,45.00,100 גרם,false,,19.90,0.4422,true,1,1351811
7702018355518,false,גילט מכשיר פלקסבול פרוגלייד,פרוקטר אנד גמבל,,מכשיר גילוח פרוגלייד,יח',1.00,יח',false,,39.90,39.9000,true,1,1351817
7702018389285,false,מכשיר גילוח פרוגלייד,פרוקטר אנד גמבל,,מכשיר גילוח פרוגלייד,יח',1.00,יח',false,,59.90,59.9000,true,1,1431795
7702018401147,false,סכיני ונוס סווירל פלקסיבול רבעייה,דיפלומט מפיצים (1968) בעמ,,סכיני גילוח וונוס 4,יח',4.00,יח',false,,69.90,17.4750,true,1,1447973
7702018404476,false,קצף גילוח סירייס הגנה גילט 250 מל,דיפלומט מפיצים (1968) בעמ,,סירייס קצף גילוח 250,מיליליטרים,250.00,"100 מ""ל",false,,19.90,0.0796,true,1,1489658
7702018421237,false,מארז פרוגלייד פלקסבול ג'ילט ידית + 7 סכינים,פרוקטר & גמבל,,מכשיר גילוח + 7 סכינ,יח',7.00,יח',false,,82.90,11.8429,true,1,1434830
7702018439348,false,מארז ידית + 8 סכיני גילוח פיוז'ן 5 להבים,ג'ילט Gillette,,מכשיר גילוח + 8 סכינ,יח',8.00,יח',false,,82.90,10.3625,true,1,1798428
7702018458110,false,מכשיר גילוח פיוזן ידני +2 סכינים,דיפלומט מפיצים (1986) בע`מ,,מכשיר גילוח ג'ילט פי,יח',1.00,יח',false,,49.90,49.9000,true,1,1948643
7702018468447,false,גילט בלו 2 פלוס סכינים חד פעמיים עשירייה,דיפלומט מפיצים (1968) בעמ,,סכיני גילוח אולטרה ג,יח',10.00,יח',false,,24.90,2.4900,true,1,2201624
7702018489619,false,גילט בלו 3 סכין גילוח חד פעמי לגבר 3 יח,דיפלומט מפיצים 1968 בעמ,,סכיני גילוח ג'לט בלו,יח',3.00,יח',false,,14.90,4.9667,true,1,2226411
7702018493647,false,גילט גל גילוח סקינגארד לעור רגיש 200 מל,פרוקטר & גמבל,,ג'ל גילוח ג'ילט סקינ,מיליליטרים,200.00,"100 מ""ל",false,,19.90,0.0995,true,1,2226563
7702018539468,false,גילט ונוס תות- ידית ושלושה סכינים 5להבים מארז,דיפלומט מפיצים (1968) בעמ,,ג'ילט מארז ונוס תות,יח',3.00,יח',false,,41.90,13.9667,true,1,2308447
7702018866984,false,גילט פיוזן ידני סכיני גילוח 4 יחידות,תות ממתקי איכות,PL,4 סכיני גילוח פיוז'ן ידני,יח',4.00,יח',false,,69.90,17.4750,true,1,1351827
7702018978106,false,"ג'ילט - דאודורנט ג'ל לגבר ארטיק אייס 70 מ""ל",פארמה דיל (פ.א.ב.) שיווק והפצה,CZ,דאודורנט קליר ג'ל AI,מיליליטרים,70.00,"100 מ""ל",false,,18.90,0.2700,true,1,1351839
7702018978120,false,"ג'ילט - דאודורנט ג'ל לגבר קול וייב 70 מ""ל",פארמה דיל (פ.א.ב.) שיווק והפצה,CZ,דאודורנט קליר ג'ל CW,מיליליטרים,70.00,"100 מ""ל",false,,18.90,0.2700,true,1,1351840
7702018980833,false,"ג'ילט ג'ל גילוח סירייס מועשר בלחות - 200 מ""ל",דיפלומט מפיצים 1968 בעמ,,ג'ל גילוח ג'ילט סירי,מיליליטרים,200.00,"100 מ""ל",false,,17.90,0.0895,true,1,1489659
7702018980864,false,קצף גילוח סירייס רגיש גילט 250 מל,דיפלומט מפיצים (1968) בעמ,,סירייס קצף גילוח 250,מיליליטרים,250.00,"100 מ""ל",false,,19.90,0.0796,true,1,1489660
7702024074625,false,חטיפי קרקר פיטנס Fitness עם חיטה מלאה,קבוצת אוסם סחר שותפות מוגבלת,,חטיפי קרקר חיטה מלאה,גרמים,234.00,100 גרם,false,,10.90,0.0466,true,1,2003222
7702024258322,false,"חטיפי קרקר עם חיטה מלאה, צ'יה וזרעי פשתן פיטנס",קבוצת אוסם סחר שותפות מוגבלת,,חטיפי קרקר צ'יה ופשת,גרמים,234.00,100 גרם,false,,10.90,0.0466,true,1,2267563
7702174068826,false,יוגטה מבחר סוכריות לקקן קשות ממולאות טופי בטעמי יוגורט ופירות 204 גרם,הדקלאים אגודת שיתופי,,סוכריות לקקן יוגטה-פ,גרמים,216.00,100 גרם,false,,10.90,0.0505,true,1,1373378
7702174068833,false,יוגטה סוכריות קשות על מקל ממולאות טופי בטעמי גלידת פירות 12 יח' 204 גרם,הדקלאים אגודת שיתופי,,סוכריות לקקן יוגטה ע,גרמים,216.00,100 גרם,false,,10.90,0.0505,true,1,1373379
7702174070201,false,יוגטה לקקן בטעם מסטיק ממולא טופי בטעם תות 12 יח' 204 גרם,הדקלאים אגודת שיתופי,,סוכריות לקקן יוגטה-מ,גרמים,216.00,100 גרם,false,,10.90,0.0505,true,1,1373382
7792860006218,false,סוכריות לקקן בייבי דול לריטייר (24 גרם),גוד פוד פרודקטס S.p,AR,בייבידול לקקן 24 גרם,גרמים,24.00,100 גרם,false,,2.00,0.0833,true,1,1365375
7798164800019,false,אוכמניות ברי בקופסא,ביכורי השדה הצפון בעמ` 1964,,אוכמניות ויוה,גרמים,125.00,100 גרם,false,,9.90,0.0792,true,1,1408872
7804414000860,false,קברנה סוביניון דון חוליו (750 מל),צ'ילה לואיס פיליפה אדוארדס,,יין קברנה סובניון דו,מיליליטרים,750.00,"100 מ""ל",false,,29.90,0.0399,true,1,1380962
7804414000877,false,יין דון חוליו מרלו אדוארדס,צ'ילה לואיס פיליפה אדוארדס,,יין מרלו דון חוליו,מיליליטרים,750.00,"100 מ""ל",false,,29.90,0.0399,true,1,1380963
7804414000884,false,שרדונה BIN דון חוליו (750 מל),צ'ילה לואיס פיליפה אדוארדס,,יין שרדונה דון חוליו,מיליליטרים,750.00,"100 מ""ל",false,,29.90,0.0399,true,1,1380964
7804414001614,false,שיראז חצי יבש דון חוליו (750 מל),צ'ילה לואיס פיליפה אדוארדס,,יין שירז,מיליליטרים,750.00,"100 מ""ל",false,,29.90,0.0399,true,1,1380965
7804414001621,false,שיראז קאזה דה לואיג`י (750 מל),הכרם - משקאות חריפים בעמ,,יין שירז,מיליליטרים,750.00,"100 מ""ל",false,,24.90,0.0332,true,1,1380966
7804414012344,false,יין סוביניון בלאן 750 מל דון חוליו,הכרם - משקאות חריפים בעמ,,יין סוביניון בלאן דו,מיליליטרים,750.00,"100 מ""ל",false,,29.90,0.0399,true,1,1874848
7804414012351,false,יין מלבק 750 מל דון חוליו,הכרם - משקאות חריפים בעמ,,יין דון חוליו מלבק,מיליליטרים,750.00,"100 מ""ל",false,,29.90,0.0399,true,1,1874849
7804414012368,false,יין רוזה 750 מל דון חוליו,הכרם - משקאות חריפים בעמ,,יין דון חוליו רוזה,מיליליטרים,750.00,"100 מ""ל",false,,29.90,0.0399,true,1,1874850
7804414017110,false,"יין דון חוליו פינו נואר 750מ""ל.",הכרם משקאות חריפים בעמ,,יין דון חוליו פינו נ,מיליליטרים,750.00,"100 מ""ל",false,,29.90,0.0399,true,1,2238592
7804414017127,false,"יין שרדונה מונטסאנו 750מ""ל",הכרם משקאות חריפים בעמ,,יין שרדונה מונטסאנו,מיליליטרים,750.00,"100 מ""ל",false,,39.90,0.0532,true,1,2276651
7804414017134,false,"יין קברנה סוביניון מונטסאנו 750מ""ל",הכרם משקאות חריפים בעמ,,יין קברנה סוביניון מ,מיליליטרים,750.00,"100 מ""ל",false,,39.90,0.0532,true,1,2276652
7804414017141,false,יין מרלו מונטסאו 750,מונטסאו,,יין מרלו מונטסאנו,מיליליטרים,750.00,"100 מ""ל",false,,39.90,0.0532,true,1,2276653
7891024027998,false,קולגייט מי פה טוטאל הגנה מפני אבן 500 מל,קולגייט- פלמוליב,,מי פה קולגייט טוטאל,מיליליטרים,500.00,"100 מ""ל",false,,29.90,0.0598,true,1,2363028
7891024030974,false,"קולגייט משחת שיניים טריפל אקשן 75 מ""ל",הנסיך- מפעל לייצור ט,,קולגייט טריפל אקשן 7,גרמים,75.00,100 גרם,false,,6.90,0.0920,true,1,1497674
7891024124826,false,"משחת שיניים קולגייט אופטייק וויט 75 מ""ל",הנסיך- מפעל לייצור ט,BR,קולגייט משחת אופטיק וייט,מיליליטרים,75.00,"100 מ""ל",false,,19.90,0.2653,true,1,1386545
7891024130063,false,"קולגייט מי פה פלאקס ללא אלכוהול 500 מ""ל מהדרין",קולגייט- פלמוליב,BR,קולגייט מי פה פלאקס סופט,גרמים,500.00,100 גרם,false,,24.90,0.0498,true,1,1386547
7891024179482,false,קולגייט שטיפת פה אופטיק וויט 500 מל,יבואן ומשווק: ש. שסט,BR,קולגייט שטיפת פה אופטיק ו,גרמים,500.00,100 גרם,false,,24.90,0.0498,true,1,1386550
8000040001106,false,קמפרי ביטר אפרטיף 700מל,החברה המרכזית להפצת משקאות-אלכ,,"קמפרי 700 מ""ל",מיליליטרים,700.00,"100 מ""ל",false,,69.90,0.0999,true,1,1400305
8000070012783,false,קפה לוואצה קלוי וטחון חוזק 5 אורו 250 גר,לאוג'י לוואצה אס.פי.אי,,קפה לוואצה אורו,גרמים,250.00,100 גרם,false,,38.90,0.1556,true,1,1389970
8000070032835,false,קפה לוואצה קלוי וטחון חוזק 10 מטינו 250 גר,לאוג'י לוואצה אס.פי.אי,,קפה לוואצה מאטינו,גרמים,250.00,100 גרם,false,,26.90,0.1076,true,1,1389978
8000070035980,false,קפה לוואצה קלוי וטחון חוזק 5 רוסה 250 גר,לווצה טורינו,,קפה לוואצה רוסה,גרמים,250.00,100 גרם,false,,29.90,0.1196,true,1,1389979
8000070038868,false,קפה לוואצה קלוי וטחון חוזק 8 קלאסיקו 250 גר,לאוג'י לוואצה אס.פי.אי,,קפה לוואצה קרמה גוסט,גרמים,250.00,100 גרם,false,,29.90,0.1196,true,1,1389980
8000070053472,false,לוואצה קרמה גוסטו קלאסיקו מס' 12 קפסולות לקפה 55 גרם,לאוג'י לוואצה אס.פי.אי,,מארז 10 קפסולות קרמה,גרמים,57.00,100 גרם,false,,19.90,0.3491,true,1,2373288
8000070053526,false,קפסולות לוואצה למכונת אספרסו חוזק 10,לאוג'י לוואצה אס.פי.אי,,מארז 10 קפסולות רוסה,גרמים,57.00,100 גרם,false,,19.90,0.3491,true,1,2373297
8000070055254,false,לוואצה קרמה גוסטו פורטה מס' 13 קפסולות לקפה 55 גרם,ליימן שליסל בע`מ,,מארז 10 קפסולות קרמה,גרמים,55.00,100 גרם,false,,19.90,0.3618,true,1,2373289
8000070059832,false,לוואצה קרמה גוסטו ריקו מס' 11 קפסולות לקפה 55 גרם,לואיג'י לוואצה,,מארז 10 קפסולות קרמה,גרמים,55.00,100 גרם,false,,19.90,0.3618,true,1,2373290
8000113003402,false,"קמח תירס בוואקום 1 ק""ג",גורי מוצרי צריכה (1991) בעמ,IT,קמח תירס בווקום 1 קג,קילוגרמים,1.00,"ק""ג",false,,15.90,15.9000,true,1,1353408
8000215204219,false,משקה אורז ביו אורגני ויטאריז 1 ליטר,בטר אנד דיפרנט,,משקה אורז אורגני 1 ל,ליטרים,1.00,ליטר,false,,13.90,13.9000,true,1,1486868
8000215204240,false,משקה אורז ושקדים ביו אורגני ויטאריז 1 לי,בטר אנד דיפרנט,,משקה אורז אורגני 1 ל,ליטרים,1.00,ליטר,false,,13.90,13.9000,true,1,1486772
8000215204271,false,ויטריז - משקה שקדים ואורז אישי 200 גר,"נטורפוד בע""מ",,משקה שקדים ואורז איש,מיליליטרים,200.00,"100 מ""ל",false,,4.90,0.0245,true,1,1486773
8000215204394,false,משקה אורז ואגוזי לוז ביו אורגני ויטאריז,בטר אנד דיפרנט,,משקה אגוזי לוז ואורז,ליטרים,1.00,ליטר,false,,16.90,16.9000,true,1,1486869
8000215204554,false,ויטאריז משקה אורז קוקוס אורגני 1 ליטר,נטורפוד בעמ,,משקה אורז קוקוס אורג,ליטרים,1.00,ליטר,false,,13.90,13.9000,true,1,1486682
8000215204677,false,ויטריז - משקה שיבולת שועל בריסטה אורגני,בטר אנד דיפרנט,,משקה שיבולת שועל ויט,ליטרים,1.00,ליטר,false,,13.90,13.9000,true,1,2335661
8000215204714,false,משקה שיבולת שועל אורגני פרימונה 1 ליטר,בטר אנד דיפרנט,,משקה שיבולת שועל אור,ליטרים,1.00,ליטר,false,,14.90,14.9000,true,1,1486821
8000320010088,false,"רוטב עגבניות במרקם גס 680 מ""ל MUTTI",דיפלומט מפיצים (1968) בעמ**,,רוטב עגבניות פסאטה צ,מיליליטרים,680.00,"100 מ""ל",false,,10.90,0.0160,true,1,1389982
8000320010095,false,"רוטב עגבניות במרקם עדין 700 מ""ל MUTTI",דיפלומט מפיצים (1968) בעמ**,,רוטב עגבניות פסאטה צ,מיליליטרים,700.00,"100 מ""ל",false,,10.90,0.0156,true,1,2372186
8000320353659,false,שפורפרת רכז עגבניות צ'ירו 130 גרם,,,שפורפרת רכז עגבניות,גרמים,130.00,100 גרם,false,,7.90,0.0608,true,1,2372187
8000380003723,false,וופלים גרנד פטיסרי במילוי קרם אגוזים 100,קריניציה ויטמינה אס,IT,עוגיות גרנד פטיסרי 100 ג,גרמים,100.00,100 גרם,false,,9.90,0.0990,true,1,1373383
8000380003761,false,וופל גרנד פטיסרי שוקולד וקוקוס לואקר 100 גרם,קריניציה ויטמינה אס,IT,עוגיות גרנד פטיסרי 100 ג,גרמים,100.00,100 גרם,false,,9.90,0.0990,true,1,1373384
8000380004669,false,וופל לואקר סנדוויץ קוביות ושוקולד 200ג',"א. לואקר, קונפקט ג'י",AT,וופל קקאו 200 גרם,גרמים,200.00,100 גרם,false,,12.90,0.0645,true,1,1373386
8000380004676,false,קוביות וופל סנדוויץ Sandwich עם וניל וחלב,"א. לואקר, קונפקט ג'י",AT,וופל וניל 200 גרם,גרמים,200.00,100 גרם,false,,12.90,0.0645,true,1,1373387
8000380004911,false,קוביות וופל קואדרטיני Quadratini קרם אגוזים,קריניציה ויטמינה אס,AT,וופל קוארדטיני אגוז 250 ג,גרמים,250.00,100 גרם,false,,14.90,0.0596,true,1,1373389
8000380004966,false,וופל קוארדטיני לואקר קוביות שוקולד 250ג',קריניציה ויטמינה אס,AT,וופל קוארדטיני קקאו 250 ג,גרמים,250.00,100 גרם,false,,14.90,0.0596,true,1,1373391
8000380005598,false,מארז וופל שוקולד טורטינה Tortina שוקולד מריר,א. לואקר אס. פי. אי-אי.,IT,טורטינה מריר 1/6 125 גר ל,גרמים,125.00,100 גרם,false,,16.90,0.1352,true,1,1373392
8000380005918,false,וופל קוביות קואדרטיני אגוזים לואקר 125 גרם,ליימן שליסל בע`מ,,וופל קואדרטיני לואקר,גרמים,125.00,100 גרם,false,,7.90,0.0632,true,1,1430070
8000380005963,false,וופל קוארדטיני שוקולד לואקר 125 גרם,ליימן שליסל בע`מ,,וופל קואדרטיני לואקר,גרמים,125.00,100 גרם,false,,7.90,0.0632,true,1,1430073
8000380007219,false,וופל לואקר ממולא קרם אגוזים 175 גרם,ליימן שליסל בע`מ,AT,וופל לואקר אגוז 175 גרם,גרמים,175.00,100 גרם,false,,10.90,0.0623,true,1,1373393
8000380007257,false,וופל גרדנה במילוי קרם אגוזים מצופה,קריניציה ויטמינה אס,,וופל גרדנה 200 גרם,גרמים,200.00,100 גרם,false,,14.90,0.0745,true,1,1373394
8000380007264,false,וופל לואקר ממולא קרם קקאו 175 גרם,קריניציה ויטמינה אס,AT,וופל לואקר קקאו 175 גרם,גרמים,175.00,100 גרם,false,,10.90,0.0623,true,1,1373395
8000380007271,false,וופל במילוי קרם חלב לואקר (175 גרם),ליימן שליסל בע`מ,AT,וופל לואקר חלב 175 גרם,גרמים,175.00,100 גרם,false,,10.90,0.0623,true,1,1373396
8000380106028,false,טורטינה לואקר וופל שוקולד ואגוזים שישיה 125ג',קריניציה ויטמינה אס,IT,טורטינה אורגינל 1/6 125 ג,גרמים,125.00,100 גרם,false,,16.90,0.1352,true,1,1373397
8000380144044,false,גרדנה וופל מצופה שוקולד חלב לואקר 200 גרם,ליימן שליסל בע`מ,IT,וופל גרדנה שוקולד 200 ג,גרמים,200.00,100 גרם,false,,14.90,0.0745,true,1,1373399
8000380152728,false,מארז חטיפי אצבעות גרנדה שוקולד 125 גרם,ליימן שליסל בע`מ,IT,מארז חטיפי אצבעות גרנדה ש,גרמים,125.00,100 גרם,false,,14.90,0.1192,true,1,1373405
8000380153534,false,מארז וופל שוקולד טורטינה Tortina שוקולד לבן,א. לואקר אס. פי. אי-אי.,IT,טורטינה לבן 1/6 125 גר לו,גרמים,125.00,100 גרם,false,,16.90,0.1352,true,1,1373406
8000380156009,false,פרלינים ורד הדולומיטים חלב לואקר 150 גרם,קריניציה ויטמינה אס,,שוקולד חלב דולומיטים,גרמים,150.00,100 גרם,false,,19.90,0.1327,true,1,1985016
8000380156573,false,לואקר בונבוניירה ורד הדולמיטים 150 גרם,קריניציה ויטמינה אס,,שוקולד דולומיטים מגו,גרמים,150.00,100 גרם,false,,19.90,0.1327,true,1,1985017
8000380156825,false,שוקולד חלב במילוי קרם חלב וופל לואקר 87 גרם,ליימן שליסל בעמ,IT,שוקולד לואקר חלב 87 גרם,גרמים,87.00,100 גרם,false,,7.90,0.0908,true,1,1373408
8000380156849,false,שוקולד מריר במילוי קרם קקאו וופל לואקר 87 גרם,ליימן שליסל בעמ,IT,שוקולד לואקר מריר 87 גרם,גרמים,87.00,100 גרם,false,,7.90,0.0908,true,1,1373410
8000380156856,false,שוקולד לבן במילוי קרם חלב וופל לואקר 87 גרם,ליימן שליסל בע`מ,IT,שוקולד לואקר לבן 87 גרם,גרמים,87.00,100 גרם,false,,7.90,0.0908,true,1,1373411
8000380180721,false,לואקר וופל קקאו במילוי קרם חלבי 175 גר,קריניציה ויטמינה אס,,וופל לואקר 175 גרם,גרמים,175.00,100 גרם,false,,10.90,0.0623,true,1,1434530
8000380180745,false,וופל קוביות קקאו במילוי קרם חלב לואקר 250 גרם,"א. לואקר, קונפקט ג'י",,וופל לואקר שוקו חלב,גרמים,250.00,100 גרם,false,,14.90,0.0596,true,1,1434531
8000380180837,false,וופל גרנד פטיסרי קוקוס לבן מצופה שוקולד לבן לואקר 100 גרם,ליימן שליסל בע`מ,,לואקר גרנד אגוזים 10,גרמים,100.00,100 גרם,false,,9.90,0.0990,true,1,1474644
8000380181032,false,"לואקר גרדנה חטיפי אצבעות אגוזים ושוקולד לבן, 125 גרם",ליימן שליסל בע`מ,,חטיפי שוקולד אגוז גר,גרמים,125.00,100 גרם,false,,14.90,0.1192,true,1,1474645
8000380187249,false,עוגיות עם מילוי קרם שקדים ושוקולד חלב,ליימן שליסל בע`מ,,עוגיות שקדים 100 גרם,גרמים,100.00,100 גרם,false,,14.90,0.1490,true,1,2280567
8000380192151,false,טורטינה שישיה טריפל שוקולד מריר 125 גר`,א. לואקר אס. פי. אי-אי.,,שוקולד טורטינה 1/6 ט,גרמים,125.00,100 גרם,false,,16.90,0.1352,true,1,2344310
8000380192243,false,וופלים מלבנים פריכיים בטעם אגוז 200 גר`,ליימן שליסל בע`מ,,ופלים מלבנים פריכיים,גרמים,200.00,100 גרם,false,,12.90,0.0645,true,1,2331636
8000380192250,false,וופלים מלבנים פריכיים בטעם שוקולד 200 גר,ליימן שליסל בע`מ,,ופל שוקולד מקסי לואק,גרמים,200.00,100 גרם,false,,12.90,0.0645,true,1,2331650
8000380201396,false,שוקולד חלב ממולא קרם קרמל ועלי וופל פריכ,ליימן שליסל בע`מ,,קרמל טורטינה 1/6 שוק,גרמים,126.00,100 גרם,false,,16.90,0.1341,true,1,2287146
8000380205523,false,וופלים בטעם חמאת בוטנים לואקר 175 גרם,ליימן שליסל בעמ,,וופל לואקר 175 גרם,גרמים,175.00,100 גרם,false,,10.90,0.0623,true,1,2350573
8000380206896,false,וופל גרדנה במילוי חמאת בוטנים 200 גרם,ליימן שליסל בע`מ,,וופל גרדנה 200 גרם,גרמים,200.00,100 גרם,false,,14.90,0.0745,true,1,2350548
8000380207183,false,שוקולד לואקר טורטינה חמאת בוטנים 126 גר,ליימן שליסל בע`מ,,שוקולד טורטינה 1/6 ש,גרמים,126.00,100 גרם,false,,16.90,0.1341,true,1,2350574
8000392050074,false,כרית קרצוף מהפכנית מסיליקון,ד.ג.ש ייבוא ושיווק בעמ,,כרית קירצוף מסיליקון,יחידה,0.00,יחידה,false,,19.90,0.0000,true,1,2268191
8000392503136,false,פומפיה+מקל,*** מ.א.ייצור ויבוא מטליות,IT,פומפה 1/48,יח',1.00,יח',false,,7.90,7.9000,true,1,1373648
8000500009673,false,בונבוניירה פררו רושה 300 גרם,פרימיום חברה לדברי מתיקה ולמסח,,שוקולד פררו רושר 300,גרמים,300.00,100 גרם,false,,46.90,0.1563,true,1,1373412
8000500023624,false,חטיפי הפי היפו Happy Hippo במילוי קרם חלב וקקאו,פרימיום-חברה לדברי מתיקה ולמסח,,הפי היפו חמישייה,גרמים,103.50,100 גרם,false,,12.90,0.1246,true,1,1373413
8000500023976,false,בונבוניירת רפאלו פררו (150 גרם),פרימיום-חברה לדברי מתיקה ולמסח,,חטיף רפאלו שוקולד 15,גרמים,150.00,100 גרם,false,,14.90,0.0993,true,1,1373414
8000500026731,false,ביצי שוקולד קינדר מארז 3 יח סופרייז,פרימיום-חברה לדברי מתיקה ולמסח,,ביצת הפתעה קינדר שלי,גרמים,60.00,100 גרם,false,,14.90,0.2483,true,1,1373415
8000500028124,false,קינדר גוי ביצת הפתעה מארז שלישיה,פרימיום חברה לדברי מתיקה ולמסח,,ביצת הפתעה מארז שליש,גרמים,60.00,100 גרם,false,,14.90,0.2483,true,1,2364991
8000500029350,false,מארז וופל מצופה 3יח' *43 גרם קינדר בואנו,פרימיום-חברה לדברי מתיקה ולמסח,,קינדר בואנו 3 יח שוק,גרמים,129.00,100 גרם,false,,9.90,0.0767,true,1,1373417
8000500032237,false,בונבונרייה פררו רושר 375 גרם,פרימיום חברה לדברי מתיקה ולמסח,,שוקולד פררו רושר 375,גרמים,375.00,100 גרם,false,,44.90,0.1197,true,1,1373418
8000500037874,false,בונבוניירת פררו רושה 200 גרם,פרימיום חברה לדברי מתיקה ולמסח,,שוקולד פררו רושר 200,גרמים,200.00,100 גרם,false,,24.90,0.1245,true,1,1373419
8000500071083,false,אצבעות שוקולד קינדר Kinder שש עשרה יחידות,פרימיום-חברה לדברי מתיקה ולמסח,,שוקולד קינדר אצבעות,גרמים,200.00,100 גרם,false,,11.90,0.0595,true,1,1373421
8000500121436,false,מארז קינדר בואנו Kinder Bueno לבן שלוש יחידות,פרימיום חברה לדברי מתיקה ולמסח,,קינדר בואנו 3 יח לבן,גרמים,117.00,100 גרם,false,,9.90,0.0846,true,1,1373424
8000500167656,false,קינדר שוקולד עם דגנים סיריאל 94 ג',פרימיום חברה לדברי מתיקה ולמסח,,שוקולד קינדר סיריאל,גרמים,94.00,100 גרם,false,,7.90,0.0840,true,1,2277969
8000500172810,false,סוכריות בטעם תות שדה מנטה- מארז רביעייה,פרימיום-חברה לדברי מתיקה ולמסח,,סוכריות טיק-טק רביעי,גרמים,64.00,100 גרם,false,,9.90,0.1547,true,1,1373427
8000500227848,false,נוטלה - בי רדי אצבעות ביסקוויט במילוי שוקולד 6 יח' * 22 גרם,פרימיום-חברה לדברי מתיקה ולמסח,,נוטלה בי-ריידי וופל,גרמים,132.00,100 גרם,false,,9.90,0.0750,true,1,1949959
8000500249352,false,קינדר בואנו מיני מיקס שקית 205 ג',פרימיום-חברה לדברי מתיקה ולמסח,,קינדר בואנו מיני מיק,גרמים,205.00,100 גרם,false,,17.90,0.0873,true,1,1840002
8000500256213,false,קינדר שוקולד חלב במילוי קרם חלבי,פרימיום-חברה לדברי מתיקה ולמסח,,קינדר שוקולד מיני,גרמים,120.00,100 גרם,false,,9.90,0.0825,true,1,2134605
8000500267103,false,קינדר דליס עוגת ספוג קקאו במילוי חלבי*10,פרימיום חברה לדברי מתיקה ולמסח,,קינדר דליס מארז עשיר,גרמים,390.00,100 גרם,false,,19.90,0.0510,true,1,1997388
8000500269169,false,קינדר קארדס Kinder Cards - חמישייה,פרימיום-חברה לדברי מתיקה ולמסח,,קינדר קארדס חמישייה,גרמים,128.00,100 גרם,false,,12.90,0.1008,true,1,2362441
8000500353738,false,רביעיה סוכריות בטעם מנטה חזק 4 * 16 ג' טחק טק,פרימיום-חברה לדברי מתיקה ולמסח,,סוכריות טיק-טק רביעי,גרמים,64.00,100 גרם,false,,9.90,0.1547,true,1,2277040
8001003100218,false,סוכריות יוגטה ג'לי פירות 800 גר',ליימן שליסל בע`מ,,סוכריות גומי יוגטה ג,גרמים,800.00,100 גרם,false,,19.90,0.0249,true,1,1373430
8001090016003,false,טבליות למדיח קלאסי הכל באחד פיירי,דיפלומט מפיצים (1968) בעמ,,טבליות פיירי למדיח כ,יח',84.00,יח',false,,59.90,0.7131,true,1,1501243
8001090111685,false,תחתונים אולוויז דיסקריט מידה L לבריחת שתן,דיפלומט מפיצים (1968) בעמ,,אוולוויז דיסקר תחתונ,יח',8.00,יח',false,,29.90,3.7375,true,1,2107677
8001090222428,false,"הרבל אסנסס - שמפו חלב קוקוס 400 מ""ל",דיפלומט מפיצים 1968 בעמ,,שמפו הרבל אסנסס חלב,מיליליטרים,400.00,"100 מ""ל",false,,14.90,0.0373,true,1,2220917
8001090222541,false,הרבל אסנסס שמפו תות שדה ומנטה 400 גרם,דיפלומט מפיצים (1968) בעמ,,שמפו הרבל אסנסס תות,מיליליטרים,400.00,"100 מ""ל",false,,14.90,0.0373,true,1,2220762
8001090222572,false,הרבל אסנסס מרכך תות שדה ומנטה 400 גרם,דיפלומט מפיצים (1968) בעמ,,מרכך הרבל אסנסס תות,מיליליטרים,400.00,"100 מ""ל",false,,14.90,0.0373,true,1,2220763
8001090222756,false,"הרבל אסנס מרכך תות שמן מורינגה 400 מ""ל",דיפלומט מפיצים (1968) בעמ,,מרכך הרבל אסנסס שמן,מיליליטרים,400.00,"100 מ""ל",false,,14.90,0.0373,true,1,2220765
8001090222879,false,"הרבל אסנסס - מרכך שיקום שמן ארגן 400 מ""ל",דיפלומט מפיצים (1968) בעמ,,מרכך הרבל אסנסס שיקו,מיליליטרים,400.00,"100 מ""ל",false,,14.90,0.0373,true,1,2220767
8001090290830,false,"אוראל בי משחת שיניים- להלבנה פנינה בוהקת 75 מ""ל",דיפלומט מפיצים (1968) בעמ,,אורל בי משחת שיניים,מיליליטרים,75.00,"100 מ""ל",false,,19.90,0.2653,true,1,2280051
8001090290939,false,"אוראל בי משחת שיניים- להלבנה לובן בוהק 75 מ""ל",דיפלומט מפיצים (1968) בעמ,,אורל בי משחת שיניים,מיליליטרים,75.00,"100 מ""ל",false,,19.90,0.2653,true,1,2280052
8001090336491,false,פמפרס בייבי דריי חיתולים מידה +4 31 יח,דיפלומט מפיצים (1986) בע`מ,,פמפרס בייבי דריי מיד,יח',31.00,יח',false,,34.90,1.1258,true,1,2233079
8001090336521,false,חיתולי פמפרס בייבי דריי מידה 5 30 יח` `,דיפלומט מפיצים (1986) בע`מ,,פמפרס בייבי דריי מיד,יח',30.00,יח',false,,34.90,1.1633,true,1,2233080
8001090336606,false,חיתולי ביביי דריי מידה ( 26 יח`) פמפרס,דיפלומט מפיצים (1986) בע`מ,,פמפרס בייבי דריי מיד,יח',26.00,יח',false,,34.90,1.3423,true,1,2233081
8001090364104,false,"משחת שיניים אורל בי G&E אורגינל 75 מ""ל",דיפלומט מפיצים (1968) בעמ,,אורל בי משחת שיניים,מיליליטרים,75.00,"100 מ""ל",false,,14.90,0.1987,true,1,2280053
8001090364159,false,"משחת שיניים אורל בי G&E רעננות מוגברת 75 מ""ל",דיפלומט מפיצים (1968) בעמ,,אורל בי משחת שיניים,מיליליטרים,75.00,"100 מ""ל",false,,14.90,0.1987,true,1,2280054
8001090364258,false,"משחת שיניים אורל בי G&E לניקוי עדין 500 מ""ל",דיפלומט מפיצים (1968) בעמ,,אורל בי משחת שיניים,מיליליטרים,75.00,"100 מ""ל",false,,14.90,0.1987,true,1,2280056
8001090375186,false,"מרכך מרוכז 200 מ""ל לצבע מלא חיים ""פנטן""",דיפלומט מפיצים (1986) בע`מ,,מרכך מרוכז לצבע מלא,מיליליטרים,200.00,"100 מ""ל",false,,19.90,0.0995,true,1,1846032
8001090375230,false,"מרכך מרוכז 200 מ""ל לחות מוגברת ""פנטן""",דיפלומט מפיצים (1968) בעמ,,מרכך מרוכז לחות מוגב,מיליליטרים,200.00,"100 מ""ל",false,,19.90,0.0995,true,1,1846033
8001090377531,false,"מסכה לשיער פנטן לצבע מלא חיים 300 מ""ל",דיפלומט מפיצים (1968) בעמ,,מסכת פנטן לצבע מלא ח,מיליליטרים,300.00,"100 מ""ל",false,,31.90,0.1063,true,1,1923541
8001090379337,false,פמפרס פרימיום קר חיתולים שלב 3 40 יח VP,דיפלומט מפיצים (1986) בע`מ,,חיתולי פמפרס פרימיום,יח',40.00,יח',false,,32.90,0.8225,true,1,1820379
8001090379368,false,פמפרס פרימיום קר חיתולים שלב 4 34 יח VP,דיפלומט מפיצים (1986) בע`מ,,חיתולי פמפרס פרימיום,יח',34.00,יח',false,,32.90,0.9676,true,1,1820380
8001090379399,false,פמפרס פרימיום קר חיתולים שלב 5 30 יח VP,דיפלומט מפיצים (1986) בע`מ,,חיתולי פמפרס פרימיום,יח',30.00,יח',false,,32.90,1.0967,true,1,1820381
8001090458322,false,"פיירי ורדים ומשי 1015 מ""ל",דיפלומט מפיצים (1968) בעמ,,פיירי 1.015 ליטר ורד,ליטרים,1.01,ליטר,false,,17.90,17.7228,true,1,1752877
8001090458353,false,סבון כלים פעולה אנטי-בקטריאלית אקליפטוס,דיפלומט מפיצים (1986) בע`מ,,"פיירי 515 מ""ל אנטי ב",מיליליטרים,515.00,"100 מ""ל",false,,11.90,0.0231,true,1,1740402
8001090493637,false,"הד אנד שולדרס שמפו אולטרא טוטאל קר 450 מ""ל",דיפלומט מפיצים (1986) בע`מ,,שמפו הד אנד שולדרס 4,מיליליטרים,450.00,"100 מ""ל",false,,20.90,0.0464,true,1,2040364
8001090632715,false,מש.שיניים אורל בי לילדים פרוזן וקארס120ג,פרוקטר אנד גמבל,,אורל בי משחת שיניים,גרמים,75.00,100 גרם,false,,14.90,0.1987,true,1,2258436
8001090645517,false,"מרכך הרבל אסנסס גינגר 400 מ""ל",הרבל אסנס Herbal Essences,,הרבל אסנסס מרכך ג'ינ,מיליליטרים,400.00,"100 מ""ל",false,,14.90,0.0373,true,1,2226542
8001090678195,false,"מרכך הד&שולדרס סופרים לחות 275 מ""ל",דיפלומט מפיצים (1968) בעמ,,מרכך לחות הד אנד שול,מיליליטרים,275.00,"100 מ""ל",false,,11.90,0.0433,true,1,2126238
8001090678225,false,"הד אנד שולדרס מרכך סופרים משקם 275 מ""ל",דיפלומט מפיצים 1968 בעמ,,מרכך משקם הד אנד שול,מיליליטרים,275.00,"100 מ""ל",false,,11.90,0.0433,true,1,2126239
8001090721099,false,טבליות ג'ל לכביסה 3 ב-1 בניחוח אביב הרים,דיפלומט מפיצים (1986) בע`מ,,אריאל קפסולות לכביסה,יח',27.00,יח',false,,39.90,1.4778,true,1,1978175
8001090721129,false,אריאל קפסולות גל לכביסה 3ב1 קולור 27 יח,דיפלומט מפיצים (1986) בע`מ,,אריאל קפסולות לכביסה,יח',27.00,יח',false,,39.90,1.4778,true,1,1978184
8001090734044,false,אולוויז מגן תחתון גיגה פק לארג' אקסטרה פרוטקט 64 יח',דיפלומט מפיצים (1986) בע`מ,,אולוויז 64 יחידות מ,יח',64.00,יח',false,,21.90,0.3422,true,1,1890154
8001090737809,false,אולוויז מגן תחתון סינגל טנגה 36 יחידות,דיפלומט מפיצים (1968) בעמ,,אולדייז טנגה 36 יחיד,יח',36.00,יח',false,,14.90,0.4139,true,1,1890389
8001090740717,false,מגני תחתון אולוויז נורמל עם ניחוח רענן Fresh Scent,פרוקטר אנד גמבל )ראה קוד,,אולוויז 76 יחידות מ,יח',76.00,יח',false,,21.90,0.2882,true,1,1890390
8001090745903,false,אבקת כביסה טייד פרש אלפיין 4 קג,דיפלומט מפיצים (1986) בע`מ,,"טייד אלפין 4 ק""ג",קילוגרמים,4.00,"ק""ג",false,,34.90,8.7250,true,1,1978176
8001090802385,false,קפסולות גל לכביסה טייד בניחוח לנור 26 יח,דיפלומט מפיצים (1986) בע`מ,,טייד קפסולות ג'ל בני,יח',26.00,יח',false,,34.90,1.3423,true,1,2166438
8001090832450,false,"שמפו פנטן הנוסחה הקלאסית 660 מ""ל",דיפלומט מפיצים (1986) בע`מ,,פנטן שמפו קלאסית 660,מיליליטרים,660.00,"100 מ""ל",false,,19.90,0.0302,true,1,2253131
8001090832535,false,"שמפו פנטן שמן מרוקאי משקם 660 מ""ל",דיפלומט מפיצים (1986) בע`מ,,פנטן שמפו קלאסית 660,מיליליטרים,660.00,"100 מ""ל",false,,19.90,0.0302,true,1,2253137
8001090832573,false,שמפו שמן לחות מוגברת 660 מל פנטן,דיפלומט מפיצים (1986) בע`מ,,פנטן שמפו קלאסית 660,מיליליטרים,660.00,"100 מ""ל",false,,19.90,0.0302,true,1,2253138
8001090832610,false,שמפו שמן למגע רך כמשי 660 מל פנטן,דיפלומט מפיצים (1986) בע`מ,,פנטן שמפו קלאסית 660,מיליליטרים,660.00,"100 מ""ל",false,,19.90,0.0302,true,1,2253139
8001090832696,false,"פנטן שמפו לתלתלים מושלמים 660 מ""ל",דיפלומט מפיצים (1986) בע`מ,,פנטן שמפו קלאסית 660,מיליליטרים,660.00,"100 מ""ל",false,,19.90,0.0302,true,1,2253140
8001090832818,false,מרכך פנטן הנוסחה הקלאסית לשיער רגיל ומעורב,דיפלומט מפיצים (1986) בע`מ,,מרכך קונדישינר פנטן,מיליליטרים,660.00,"100 מ""ל",false,,19.90,0.0302,true,1,2253146
8001090832856,false,"פנטן 660 מ""ל קונדישינר מרוקאי משקם",דיפלומט מפיצים (1986) בע`מ,,מרכך קונדישינר פנטן,מיליליטרים,660.00,"100 מ""ל",false,,19.90,0.0302,true,1,2253175
8001090832894,false,מרכך לשיער חלש ופגום לחות מוגברת,דיפלומט מפיצים (1986) בע`מ,,מרכך קונדישינר פנטן,מיליליטרים,660.00,"100 מ""ל",false,,19.90,0.0302,true,1,2253176
8001090832931,false,"פנטן 660 מ""ל קונדישינר למגע רך כמשי",דיפלומט מפיצים (1986) בע`מ,,מרכך קונדישינר פנטן,מיליליטרים,660.00,"100 מ""ל",false,,19.90,0.0302,true,1,2253177
8001090832979,false,"פנטן 660 מ""ל קונדישינר לתלתלים מושלמים",דיפלומט מפיצים (1986) בע`מ,,מרכך קונדישינר פנטן,מיליליטרים,660.00,"100 מ""ל",false,,19.90,0.0302,true,1,2253178
8001090833051,false,"פנטן 660 מ""ל קונדישינר הזנת קרטין",דיפלומט מפיצים (1986) בע`מ,,מרכך קונדישינר פנטן,מיליליטרים,660.00,"100 מ""ל",false,,19.90,0.0302,true,1,2253179
8001090833136,false,אריאל ג`ל כביסה 2.255 ליטר בייבי,דיפלומט מפיצים (1986) בע`מ,,אריאל ג'ל בייבי,ליטרים,2.26,ליטר,false,,32.90,14.5575,true,1,2067708
8001090833167,false,גל כביסה אריאל בניחוח הרים 2.365 ליטר,דיפלומט מפיצים (1986) בע`מ,,אריאל ג'ל 2.365 ליטר,ליטרים,2.37,ליטר,false,,32.90,13.8819,true,1,2067709
8001090833198,false,אריאל נוזל כביסה 2.47 ליטר ניחוח מרענן,דיפלומט מפיצים (1986) בע`מ,,אריאל ג'ל 2.365 ליטר,ליטרים,2.37,ליטר,false,,32.90,13.8819,true,1,2067710
8001090833228,false,אריאל ג'ל כביסה קולור 2.365 ליטר,דיפלומט מפיצים (1986) בע`מ,,אריאל ג'ל 2.365 ליטר,ליטרים,2.37,ליטר,false,,32.90,13.8819,true,1,2067711
8001090833259,false,אריאל ג`ל כביסה 3.740 ליטר בניחוח הרים,דיפלומט מפיצים (1968) בעמ,,אריאל ג'ל 3.74 ליטר,ליטרים,3.74,ליטר,false,,42.90,11.4706,true,1,2067712
8001090886385,false,לנור כדוריות הבושם בניחוח רענן 140 גרם,דיפלומט מפיצים (1968) בעמ,,מבשמי כדוריות לנור 1,גרמים,140.00,100 גרם,false,,19.90,0.1421,true,1,2270716
8001090891273,false,לנור כדוריות בושם בניחוח סחלב 210 גרם,דיפלומט מפיצים (1968) בעמ,,מבשמי כדוריות לנור ב,גרמים,210.00,100 גרם,false,,25.90,0.1233,true,1,2270717
8001090899194,false,תחבושות אולוויז פלטינום נורמל 24 יחידות,דיפלומט מפיצים (1986) בע`מ,,תחבושות אולוויז פלטי,יח',24.00,יח',false,,19.90,0.8292,true,1,2226564
8001090899224,false,תחבושות אולוויז פלטינום לונג 20 יחידות,דיפלומט מפיצים (1986) בע`מ,,תחבושות אולוויז פלטי,יח',20.00,יח',false,,19.90,0.9950,true,1,2226565
8001090899255,false,תחבושות אולוויז פלטינום לילה 16 יחידות,דיפלומט מפיצים (1986) בע`מ,,תחבושות אולוויז פלטי,יח',16.00,יח',false,,19.90,1.2437,true,1,2226566
8001090899286,false,אולוויז תחבושות פלטינום לילה בטוח 14 יח',דיפלומט מפיצים (1986) בע`מ,,תחבושות אולוויז פלטי,יח',14.00,יח',false,,19.90,1.4214,true,1,2226567
8001090943095,false,סבון כלים פעולה אנטי-בקטריאלית אקליפטוס,דיפלומט מפיצים (1968) בעמ,,פיירי אנטי בקטריאלי,ליטרים,1.01,ליטר,false,,17.90,17.7228,true,1,2040384
8001090992338,false,פיירי טבליות למדיח פלטינום פלוס 50 יחידו,דיפלומט מפיצים (1968) בעמ,,טבליות פיירי למדיח כ,יח',50.00,יח',false,,59.90,1.1980,true,1,2240333
8001160000888,false,"גטורייד משקה ספורט תפוז 500 מ""ל",אקווה מינרלה סאן בנדטו,,משקה ספורט גטורייד,מיליליטרים,500.00,"100 מ""ל",false,,9.90,0.0198,true,1,1350485
8001160001786,false,"משקה אנרגיה גטורייד ספורט כחול 500מ""ל",אקווה מינרלה סאן בנדטו,,משקה ספורט גטורייד,מיליליטרים,500.00,"100 מ""ל",false,,9.90,0.0198,true,1,1350487
8001160001892,false,"משקה אנרגיה גטורייד ספורט תפוז אדום 500מ""ל",אקווה מינרלה סאן בנדטו,,מיץ גטורייד ספורט תפ,מיליליטרים,500.00,"100 מ""ל",false,,9.90,0.0198,true,1,1350488
8001250003652,false,פסטה רדיאטורי דה ציק,דה צ'אקו DE CECCO,,פסטה רדיאטורי 199 D,גרמים,500.00,100 גרם,false,,9.90,0.0198,true,1,2326023
8001250120908,false,פסטה ראקט דה ציקו 50,דה צ'אקו DE CECCO,,פסטה ראקט 90 DE CEC,גרמים,500.00,100 גרם,false,,9.90,0.0198,true,1,2326024
8001440124167,false,"רוטב פומודורו לפסטה צ'ריו 446 מ""ל CIRIO",דיפלומט היינץ,,רוטב עגבניות פומודור,גרמים,420.00,100 גרם,false,,11.90,0.0283,true,1,2372189
8001440124181,false,"רוטב עגבניות בזיליקום לפסטה צ'ריו 446 מ""ל CIRIO",דיפלומט היינץ,,רוטב עגבניות בזיליקו,גרמים,420.00,100 גרם,false,,11.90,0.0283,true,1,2372190
8001620011935,false,"סן בנדטו- מים מינרלים מוגז - מארז שישיית 500 מ""ל",אקווה מינרלה סאן בנד,,מים סאן בנדטו מוגז 6,מיליליטרים,3000.00,"100 מ""ל",false,,11.90,0.0040,true,1,1370731
8001620015636,false,"משקה פירות פרוטה-מיקס פירות 400 מ""ל סאן בנדטו",אקווה מינרלה סאן בנדטו ב,,פורטה מיקס פירות 400,מיליליטרים,400.00,"100 מ""ל",false,,6.90,0.0172,true,1,2299949
8001620017456,false,"סן בנדטו ספורט, מים מינרלים טבעיים 500 מ""ל שישייה",אקווה מינרלה סאן בנדטו ב,,שישייה סאן בנדטו פקק,ליטרים,3.00,ליטר,false,,14.90,4.9667,true,1,1891992
8001620018248,false,"מים מינרלים 750 מ""ל סאן בנדטו-פקק ספורט",אקווה מינרלה סאן בנדטו ב,,מים סן בנדטו פקק ספו,מיליליטרים,750.00,"100 מ""ל",false,,4.90,0.0065,true,1,2176375
8001620018408,false,"משקה פירות בטעם מנגו תפוח 400 מ""ל פרוטה",אקווה מינרלה סאן בנדטו ב,,פרוטה מנגו תפוח 400,מיליליטרים,400.00,"100 מ""ל",false,,6.90,0.0172,true,1,2333064
8001620019160,false,"סן בנדטו מים מינרלים בטעם אפרסק 500 מ""ל",אקווה מינרלה סאן בנדטו ב,,משקה סן בנדטו בטעם א,מיליליטרים,400.00,"100 מ""ל",false,,6.90,0.0172,true,1,2365056
8001620019177,false,"סן בנדטו מים מינרלים בטעם ענבים 500 מ""ל",אקווה מינרלה סאן בנדטו ב,,משקה סן בנדטו בטעם ע,מיליליטרים,400.00,"100 מ""ל",false,,6.90,0.0172,true,1,2365057
8001780499307,false,דובדבני אמרנה בסירופ 230 גרם,רסטרטו יבוא ושיווק בעמ,,דובדבני אמרנה FABBRI,גרמים,230.00,100 גרם,false,,24.90,0.1083,true,1,2329635
8001841006710,false,לנור כדוריות הבושם בניחוח רענן ( 210 גר`,דיפלומט מפיצים (1968) בעמ,,מבשמי כדוריות לנור ב,גרמים,210.00,100 גרם,false,,25.90,0.1233,true,1,2270718
8001841006833,false,לנור כדוריות הבושם בניחוח אביבי 210 ג',פרוקטר אנד גמבל,,מבשמי כדוריות לנור ב,גרמים,210.00,100 גרם,false,,25.90,0.1233,true,1,2270719
8001841019291,false,קפסולות לכביסה בניחוח לנור אריאל 16 יחידות,דיפלומט מפיצים (1968) בעמ,,אריאל קפסולות בניחוח,יח',16.00,יח',false,,22.90,1.4312,true,1,2314105
8001841053684,false,תחבושות אולוויז עבה לונג פלוס 12 יחידות,פרוקטר אנד גמבל )ראה קוד,,תחבושות אולוויז עבה,יח',12.00,יח',false,,12.90,1.0750,true,1,2107652
8001841053806,false,תחבושות היגייניות אולוויז מקסי עבה לילה,דיפלומט מפיצים (1968) בעמ,,תחבושות אולוויז עבה,יח',9.00,יח',false,,12.90,1.4333,true,1,2107653
8001841062624,false,מארז מגבוני פמפרס ללא בישום - רביעייה,דיפלומט מפיצים (1968) בעמ,,מגבוני פמפרס ללא ביש,יח',208.00,יח',false,,16.90,0.0812,true,1,2277841
8001841077949,false,מארז מגבוני פמפרס בניחוח מרענן - רביעייה,דיפלומט מפיצים (1986) בע`מ,,מגבוני פמפרס פרש 4*5,יח',208.00,יח',false,,16.90,0.0812,true,1,2230506
8001841096889,false,"נוזל לניקוי כלים לימון קלאסי 900 מ""ל",דיפלומט מפיצים (1968) בעמ,,פיירי לימון קלאסי 90,מיליליטרים,900.00,"100 מ""ל",false,,9.90,0.0110,true,1,2027733
8001841104751,false,פמפרס פרימיום קר חיתולים שלב 1 52 יח VP,דיפלומט מפיצים (1968) בעמ,,חיתולי פמפרס פרימיום,יח',52.00,יח',false,,32.90,0.6327,true,1,2220787
8001841104799,false,פמפרס פרימיום קר חיתולים שלב 2 46 יח VP,דיפלומט מפיצים (1968) בעמ,,חיתולי פמפרס פרימיום,יח',46.00,יח',false,,32.90,0.7152,true,1,2176595
8001841105093,false,פמפרס פרימיום קר חיתולים שלב 6 26 יח VP,דיפלומט מפיצים (1986) בע`מ,,חיתולי פמפרס פרימיום,יח',26.00,יח',false,,32.90,1.2654,true,1,2176596
8001841137179,false,קונדישינר הד&שולדרס הנוסחה הקלאסית 275מל,דיפלומט מפיצים (1986) בע`מ,,מרכך הד אנד שולדרס 2,מיליליטרים,275.00,"100 מ""ל",false,,11.90,0.0433,true,1,2233082
8001841137216,false,"קונדישנר למגע רך כמשי הד אנד שולדרס 275 מ""ל",דיפלומט מפיצים (1986) בע`מ,,מרכך לחות הד אנד שול,מיליליטרים,275.00,"100 מ""ל",false,,11.90,0.0433,true,1,2233083
8001841198248,false,גילט דאודורנט ספריי AI 150 מל,פרוקטר אנד גמבל,,דאודורנט ספריי ג'ילט,מיליליטרים,150.00,"100 מ""ל",false,,16.90,0.1127,true,1,2234630
8001841198347,false,"דאו ספריי לגבר קול וייב ג'ילט 150 מ""ל",פרוקטר אנד גמבל,,דאודורנט ספריי ג'ילט,מיליליטרים,150.00,"100 מ""ל",false,,16.90,0.1127,true,1,2234631
8001841216584,false,תחבושות אולוויז אולטרה לילה בטוח,דיפלומט מפיצים (1968) בעמ,,תחבושות אולוויז לילה,יח',36.00,יח',false,,39.90,1.1083,true,1,2230507
8001841272757,false,אורל-בי משחת שיניים להלבנה פחם- לניקוי עמוק,דיפלומט מפיצים (1968) בעמ,,אורל בי משחת שיניים,מיליליטרים,75.00,"100 מ""ל",false,,19.90,0.2653,true,1,2328186
8001841500799,false,"הרבל אסנסס - שמפו ללא סולפטים אלוורה ומנגו 380 מ""ל",דיפלומט מפיצים (1968) בעמ,,שמפו הרבל אסנסס ללא,מיליליטרים,380.00,"100 מ""ל",false,,14.90,0.0392,true,1,2276343
8001841500942,false,"הרבל אסנסס - שמפו ללא סולפטים אלוורה ובמבוק 380 מ""ל",דיפלומט מפיצים (1986) בע`מ,,שמפו הרבל אסנסס ללא,מיליליטרים,380.00,"100 מ""ל",false,,14.90,0.0392,true,1,2276348
8001841502601,false,"הרבל אסנסס - מרכך ללא סולפטים אלוורה ובמבוק 275 מ""ל",דיפלומט מפיצים (1968) בעמ,,שמפו הרבל אסנסס ללא,מיליליטרים,275.00,"100 מ""ל",false,,14.90,0.0542,true,1,2276350
8001841566771,false,לנור כדוריות בושם בניחוח יסמין 210 גרם,דיפלומט מפיצים (1968) בעמ,,מבשמי כדוריות לנור ב,גרמים,210.00,100 גרם,false,,25.90,0.1233,true,1,2270720
8001841587684,false,"גילט דאודורנט היידרה גל אלוורה 70 מ""ל",דיפלומט,,ג'ל דאודורנט היידה ג,מיליליטרים,70.00,"100 מ""ל",false,,18.90,0.2700,true,1,2315820
8001841625188,false,סבון כלים פלטינום לימון X3 פעולות להסרת שומנים,דיפלומט מפיצים (1986) בע`מ,,"פיירי פלטינום 515 מ""",מיליליטרים,515.00,"100 מ""ל",false,,11.90,0.0231,true,1,2243205
8001841625287,false,סבון כלים פלטינום לימון X3 פעולות להסרת שומנים,דיפלומט מפיצים (1968) בעמ,,פיירי פלטינום 1.015,ליטרים,1.01,ליטר,false,,17.90,17.7228,true,1,2243206
8001841625461,false,סבון כלים פלטינום X3 פעולות להסרת שומנים,דיפלומט מפיצים (1986) בע`מ,,"פיירי פלטינום 515 מ""",מיליליטרים,515.00,"100 מ""ל",false,,11.90,0.0231,true,1,2243207
8001841625508,false,"נוזל כלים פיירי פלטינום אורגינל 1.015 ליטר בד""צ",דיפלומט מפיצים (1968) בעמ,,פיירי פלטינום 1.015,ליטרים,1.01,ליטר,false,,17.90,17.7228,true,1,2243208
8001841640204,false,טייד קפסולות ג'ל בניחוח לנור 58 יחידות,דיפלומט מפיצים (1968) בעמ,,טייד קפסולות בניחוח,יחידה,58.00,יחידה,false,,69.90,1.2052,true,1,2300482
8001841660530,false,קרם לחות מינרלס במבוק + חלבון משקם לשיער ארוך,דיפלומט מפיצים (1968) בעמ,,מיראקלס קרם לחות פנט,מיליליטרים,270.00,"100 מ""ל",false,,18.90,0.0700,true,1,2306227
8001841669465,false,קפסולות לכביסה אריאל בניחוח לנור 24 יחידות,דיפלומט מפיצים (1986) בע`מ,,אריאל קפסולות לכביסה,יח',24.00,יח',false,,39.90,1.6625,true,1,2281424
8001841669519,false,קפסולות לכביסה ALL IN ONE אריאל 55 יחידות,דיפלומט מפיצים (1986) בע`מ,,אריאל קפסולות לכביסה,יח',55.00,יח',false,,69.90,1.2709,true,1,2258438
8001841716312,false,"ג'ל רחצה ושמפו ספורט האד אנד שולדרס 360 מ""ל",דיפלומט מפיצים (1986) בע`מ,,ג'ל רחצה ושמפו ספורט,מיליליטרים,360.00,"100 מ""ל",false,,16.90,0.0469,true,1,2308469
8001841893990,false,פיירי טבליות למדיח פלטינום פלוס - מארז 30 יח',דיפלומט מפיצים (1986) בע`מ,,טבליות פיירי למדיח כ,יח',30.00,יח',false,,39.90,1.3300,true,1,2281391
8001841941929,false,אולוויז וליו פק לילה בטוח אקסטרא 16 יחידות,דיפלומט מפיצים (1986) בע`מ,,אולוויז בטוח אקסטרא,יח',16.00,יח',false,,19.90,1.2437,true,1,2306222
8001841943961,false,לנור כדוריות בושם בניחוח אוקיינוס 210 גר,דיפלומט מפיצים (1968) בעמ,,מבשמי כדוריות לנור ב,גרמים,210.00,100 גרם,false,,25.90,0.1233,true,1,2270721
8001841958460,false,פיירי טבליות למדיח אורגינל הכל באחד - מארז 48 יח',דיפלומט מפיצים (1986) בע`מ,,טבליות פיירי למדיח כ,יח',48.00,יח',false,,39.90,0.8312,true,1,2281392
8001841960081,false,פיירי טבליות למדיח פלטינום הכל באחד - מארז 37 יח',דיפלומט מפיצים (1986) בע`מ,,טבליות פיירי למדיח כ,יח',37.00,יח',false,,39.90,1.0784,true,1,2281393
8002066001412,false,אטריות ביצים טליאוליני ללא גלוטן 250גר,,,איטריות ביצים טאליול,גרמים,250.00,100 גרם,false,,14.90,0.0596,true,1,1956711
8002213004068,false,"קמח לפיצה pz2 {ורוד} 1 ק""ג",,,קמח לפיצה pz2 (ורוד),קילוגרמים,1.00,"100 ק""ג",false,,14.90,14.9000,true,1,2236423
8002267014662,false,שלישייה ביצי שוקולד חלב עם צעצוע ברבי,ש.שסטוביץ בעמ,,ביצת הפתעה ברבי שליש,גרמים,60.00,100 גרם,false,,10.90,0.1817,true,1,1873641
8002267014945,false,שלישייה ביצי שוקולד חלב עם צעצוע הוט ווילס,ואל קור קורסניני אס אנ ס,,ביצת הפתעה הוט ווילס,גרמים,60.00,100 גרם,false,,10.90,0.1817,true,1,1873642
8002267015263,false,שלישייה ביצת הפתעה מאשה והדוב צ'וקטה 20 גרם,ש.שסטוביץ בעמ,,ביצת הפתעה מאשה והדו,גרמים,60.00,100 גרם,false,,10.90,0.1817,true,1,2266348
8002267016475,false,ביצת שוקולד הפתעה בוב הבנאי שלישייה 60 ג,מולינו ניקולי s.p.a,,ביצת הפתעה בוב הבנאי,גרמים,60.00,100 גרם,false,,10.90,0.1817,true,1,2048606
8002270166594,false,"שישיית מים ""סאן פלגרינו"" 250*6 מ""ל",טמפו,,שישייה מים סאן פלגרי,ליטרים,1.50,ליטר,false,,29.40,19.6000,true,1,1447065
8002270256790,false,"שישייה סן פלגרינו אסנזה תפוז אדום 500 מ""ל",סן פלגרינו San Pellegrino,,אסנזה סן פלגרינו תפו,ליטרים,3.00,ליטר,false,,32.90,10.9667,true,1,2350255
8002270846472,false,סן פלגרינו מים מינרליים טבעיים מוגזים,טמפו משקאות בעמ,,מים סן פלגרינו פלסט,מיליליטרים,500.00,"100 מ""ל",false,,5.90,0.0118,true,1,1370735
8002270866524,false,סן פלגרינו מים מינרליים טבעיים מוגזים,פארייפאבה אגרואינדוס,,מים סן פלגרינו פלסט,ליטרים,1.00,ליטר,false,,7.90,7.9000,true,1,1370736
8002450006559,false,שרדונה קאזה דה לואיג`י (750 מל),הכרם - משקאות חריפים בעמ,,יין שרדונה קאזה דה ל,מיליליטרים,750.00,"100 מ""ל",false,,24.90,0.0332,true,1,1380974
8002450202005,false,שמפניה ספרקלטיני אסאי ורדי (750 מל),הכרם - משקאות חריפים בעמ,,סדרת וורדי,מיליליטרים,750.00,"100 מ""ל",false,,19.90,0.0265,true,1,1380976
8002450204009,false,משקה כהלי וורדי רספברי אפרסק,הכרם - משקאות חריפים בעמ,,סדרת וורדי,מיליליטרים,750.00,"100 מ""ל",false,,19.90,0.0265,true,1,1380977
8002450206003,false,משקה כהלי ורדי רימונים ספרקלטיני 750מ,הכרם - משקאות חריפים בעמ,,סדרת וורדי,מיליליטרים,750.00,"100 מ""ל",false,,19.90,0.0265,true,1,1380978
8002450206508,false,קברנה סוביניון קאזה דה לואיג`י (750 מל),צ'ילה לואיס פיליפה אדוארדס,,יין קברנה קאזה דה לו,מיליליטרים,750.00,"100 מ""ל",false,,24.90,0.0332,true,1,1380979
8002450206522,false,מרלו קאזה דה לואיג`י (750 מל),הכרם - משקאות חריפים בעמ,,יין מרלו קאזה דה לוא,מיליליטרים,750.00,"100 מ""ל",false,,24.90,0.0332,true,1,1380980
8002450208007,false,ספרקלטיני גרין אפל ורדי בוסקה (750 מל),הכרם - משקאות חריפים בעמ,,סדרת וורדי,מיליליטרים,750.00,"100 מ""ל",false,,19.90,0.0265,true,1,1380982
8002960500165,false,רוטב פומודורינה 830,MENU,,CA1 פומודורינה MENU,גרמים,830.00,100 גרם,false,,22.90,0.0276,true,1,2326027
8003007800484,false,פסטה צוקה 4 טעמים 500 גרם,,,פתיתים צוקה 4 טעמים,גרמים,500.00,100 גרם,false,,14.90,0.0298,true,1,1400392
8003007800712,false,פסטה פיורי פרחים 4 טעמים 500 גרם,,,פתיתים פיורי 4 טעמים,גרמים,500.00,100 גרם,false,,14.90,0.0298,true,1,1400394
8003007817000,false,פתיתים פוזילי טרפילט,,,פתיתים פוזילי טרפילט,גרמים,500.00,100 גרם,false,,14.90,0.0298,true,1,1400416
8003007821144,false,פסטה ג'ירלה 4 טעמים 500 גרם,,,פסטה גירלה 4 טעמים,גרמים,500.00,100 גרם,false,,14.90,0.0298,true,1,1400428
8003340091280,false,לינדט לינדור בונבוניירה 60% מוצקי קקאו 200 גרם,לינדט ושפרונגלי קילשברג,CH,לינדור בונ' 60% 200 גרם,גרמים,200.00,100 גרם,false,,34.90,0.1745,true,1,1365376
8003576901827,false,כוס פיור לבנה,,,כוס פיור לבנה,יחידה,0.00,יחידה,false,,6.90,0.0000,true,1,2269257
8003576901834,false,סבונייה פיור לבנה,,,סבונייה פיור לבנה,יחידה,0.00,יחידה,false,,6.90,0.0000,true,1,2269258
8003576901858,false,דיספנסר לסבון פיור,,,דיספנסר לסבון פיור,יחידה,0.00,יחידה,false,,14.90,0.0000,true,1,2269271
8003576904392,false,מכשיר פאלפל רגיל,,,מכשיר פאלפל רגיל,יחידה,0.00,יחידה,false,,14.90,0.0000,true,1,2255403
8003576908123,false,מטרפה סיליקון,,,מטרפה סיליקון,יחידה,0.00,יחידה,false,,12.90,0.0000,true,1,2353167
8003653011807,false,אטבי פלסטיק 20 יחידו,טונקיטה,,אטבים מפלסטיק 20 יח',יח',20.00,יח',false,,12.90,0.6450,true,1,1349037
8003653033755,false,אטבי עץ 12 יחידות,טונקיטה,,אטבים מעץ 12 יח,יח',12.00,יח',false,,7.90,0.6583,true,1,1349042
8003753158556,false,אילי קפסולות אספרסו קלאסיקו 10 יח' 57 גרם,דיפלומט מפיצים (1968) בעמ**,,קפסולות אילי אספרסו,גרמים,57.00,100 גרם,false,,16.90,0.2965,true,1,2305143
8003753158587,false,אילי קפסולות אספרסו פורטה 10 יח' 57 גרם,דיפלומט מפיצים (1968) בעמ**,,קפסולות אילי אספרסו,גרמים,57.00,100 גרם,false,,16.90,0.2965,true,1,2305149
8003753158617,false,אילי קפסולות אספרסו לונגו קלאסיקו 10 יח' 57 גרם,ג'ייקובס דאו אגרבטס פר א,,קפסולות אילי אספרסו,גרמים,57.00,100 גרם,false,,16.90,0.2965,true,1,2305150
8003753158648,false,אילי קפסולות אספרסו אינטנסו 10 יח' 57 גרם,דיפלומט מפיצים (1968) בעמ**,,קפסולות אילי אספרסו,גרמים,57.00,100 גרם,false,,16.90,0.2965,true,1,2305144
8003753900469,false,אילי - אספרסו טחון בקליה כהה בפחית 250גר,ש.שסטוביץ בעמ,IL,אילי קפה קלוי וטחון לאספר,גרמים,250.00,100 גרם,false,,49.90,0.1996,true,1,1350405
8003866002111,false,קפסולות קפה 10 יח' (כחול) DIEMME MENTE,דאמה קפה Diemme Caffe,,קפסולות קפה 10 יח' (,יח',10.00,יח',false,,18.90,1.8900,true,1,2326028
8003866016538,false,קפסולות קפה דיאמה כת,DIEMME CAFFE,,קפסולות קפה 10 יח' (,יח',10.00,יח',false,,18.90,1.8900,true,1,2326030
8004030022010,false,ירקות גינה עם טונה ריו מרה אינסלטיסימי 160 ג',"בולטון אלימנטרי בע""\מ",,ריו מארה טונה עם ירק,גרמים,160.00,100 גרם,false,,15.90,0.0994,true,1,1420961
8004030026018,false,"מקסיקני עם טונה ריו מרה אינסלטיסימי, 160 ג'","בולטון אלימנטרי בע""\מ",,ריו מארה טונה מקסיקנ,גרמים,160.00,100 גרם,false,,15.90,0.0994,true,1,1420962
8004030044005,false,נתחי טונה בהירה בשמן זית ריו מרה 112גרם,"בולטון אלימנטרי בע""\מ",IT,ריו מרה טונה בשמן זית 160,גרמים,160.00,100 גרם,false,,17.90,0.1119,true,1,1386552
8004030081024,false,נתחי טונה עם שום ופלפל אדום ריו מרה 160 ג',"בולטון אלימנטרי בע""\מ",IT,ריו מרה טונה בשמן זית שום,גרמים,160.00,100 גרם,false,,17.90,0.1119,true,1,1386553
8004030102033,false,טונה בשמן זית עם מיץ לימון ופלפל שחור - מארז 3 יח',בולטון אלימנטרי,,ריו מארה טונה בשמן ע,גרמים,240.00,100 גרם,false,,27.90,0.1162,true,1,2072915
8004030103399,false,ריו מרה טונה בשמן זית רביעיות 4*56גרם,BOLTON GROUP- RIO,,טונה בשמן זית רביעיו,גרמים,320.00,100 גרם,false,,31.90,0.0997,true,1,2373354
8004030177000,false,טונה בשמן זית וצ'ילי ריו מרה מארז 80X3 גר',ש. שסטוביץ בע`מ,,ריו מארה טונה בשמן ז,גרמים,240.00,100 גרם,false,,27.90,0.1162,true,1,1960921
8004030180000,false,ריו מרה טונה בשמן זית כתית מעולה 3*80 גרם,"בולטון אלימנטרי בע""\מ",,ריו מארה טונה בשמן ז,גרמים,240.00,100 גרם,false,,27.90,0.1162,true,1,2374679
8004030381681,false,ריו מרה נתחי טונה בהירה בשמן זית זוג 160 גר,ש. שסטוביץ בע`מ,,טונה בשמן זית זוגות,גרמים,320.00,100 גרם,false,,31.90,0.0997,true,1,2373355
8004030845046,false,טונה עם ירקות בתוספת עם אורז ריו מרה אינסלטיסימי 160 ג',בולטון אלימנטרי,,ריו מארה טונה בתוספת,גרמים,160.00,100 גרם,false,,15.90,0.0994,true,1,2147154
8004030860001,false,ירקות עם קוקוס וטונה ריו מרה אינסלטיסימי 160 ג',"בולטון אלימנטרי בע""\מ",,ריו מארה טונה עם קוס,גרמים,160.00,100 גרם,false,,15.90,0.0994,true,1,1502081
8004708018963,false,מלח אפור אטלנטי מטחנה 70 ארומה דה טוסקנה,דרוגריה ואלימנטרי אס,IT,מלח אפור אטלנטי מטחנה 70ג,גרמים,70.00,100 גרם,false,,12.90,0.1843,true,1,1384180
8004708018987,false,מלח ורוד הימלאיה במטחנה 90 ארומה דה טוסק,דרוגיה ואלימנטרי אס.אר.א,IT,מלח ורוד הימלאיה במטחנה 9,גרמים,90.00,100 גרם,false,,12.90,0.1433,true,1,1384181
8004800000064,false,לאגו פלאסיר- גלילי ופל קרם קקאו בציפוי ש.חלב - 100 ג',תה ויסוצקי (ישראל) בעמ,,לאגו פלאסיר- גלילי ו,יחידה,0.00,יחידה,false,,12.90,0.0000,true,1,2365995
8004800000071,false,לאגו פלאסיר- גלילי ופל במילוי קרם אגוזי לוז שוקולד חלב - 100 ג',תה ויסוצקי (ישראל) בעמ,,לאגו פלאסיר- גלילי ו,יחידה,0.00,יחידה,false,,12.90,0.0000,true,1,2365996
8004800004802,false,לאגו פלאסיר גליליוופל קרם דומדמניות 100 גרם,תה ויסוצקי (ישראל) בעמ,,לאגו פלאסיר- גלילי ו,יחידה,0.00,יחידה,false,,12.90,0.0000,true,1,2365997
8004800004819,false,לאגו פלאסיר גלילי וופל קרם פסיפלורה 100 גרם,תה ויסוצקי (ישראל) בעמ,,לאגו פלאסיר- וופלים,יחידה,0.00,יחידה,false,,12.90,0.0000,true,1,2365998
8004800004826,false,לאגו פלאסיר - וופלים במילוי קרם קוקוס שוקולד מריר - 98ג,תה ויסוצקי (ישראל) בעמ,,לאגו פלאסיר- וופלים,יחידה,0.00,יחידה,false,,12.90,0.0000,true,1,2365999
8004800005526,false,וופל מיני רול גלילי ופל במילוי קרם קוקוס- 125 ג' לאגו,תה ויסוצקי (ישראל) בעמ,,לאגו מיני רול- גלילי,יחידה,0.00,יחידה,false,,7.90,0.0000,true,1,2366002
8005110002243,false,רכז עגבניות Doppio Concentr בשפופרת 185 ג' MUTTI,רסטרטו יבוא ושיווק בעמ*אין החז,,רכז עגבניות Doppio C,גרמים,185.00,100 גרם,false,,7.90,0.0427,true,1,2326031
8005110170300,false,עגבניות מרוסקות חתוכות מוטי MUTTI שלישיה *400,רסטרטו יבוא ושיווק בעמ*אין החז,,שלישיית עגבניות חתוכ,גרמים,400.00,100 גרם,false,,17.90,0.0447,true,1,2298024
8005110200014,false,רסק עגבניות 210 ג' CONCENTRATO MUTTI,רסטרטו יבוא ושיווק בעמ,,רסק עגבניות CONCENTR,גרמים,210.00,100 גרם,false,,6.50,0.0310,true,1,2326032
8005110551253,false,רוטב לפיצה להכנת פיצה איטלקית קלאסית,רסטרטו יבוא ושיווק בעמ*אין החז,,רוטב לפיצה MUTTI,גרמים,400.00,100 גרם,false,,8.90,0.0223,true,1,2329636
8005200256587,false,נסטי - תה קר בטעם אפרסק 1.5 ליטר,פארייפאבה אגרואינדוס,,נסטי אפרסק 1.5 ליטר,ליטרים,1.50,ליטר,false,,8.50,5.6667,true,1,2330649
8005200286584,false,תה קר נסטי מנגו אננס 1.5 ליטר פיקדון,פארייפאבה אגרואינדוס,,נסטי מנגו אננס 1.5 ל,ליטרים,1.50,ליטר,false,,8.50,5.6667,true,1,2330672
8005200316588,false,תה קר נסטי אפרסק דיאט 1.5 ליטר פיקדון,פארייפאבה אגרואינדוס,,נסטי אפרסק דיאט 1.5,ליטרים,1.50,ליטר,false,,8.50,5.6667,true,1,2330673
8005200486526,false,"נסטי, תה קר בטעם אפרסק 500 מל",פארייפאבה אגרואינדוס,IT,נסטי בטעם אפרסק פיקדון 50,מיליליטרים,500.00,"100 מ""ל",false,,5.90,0.0118,true,1,1350407
8005469951452,false,ממרח אנשובי עם שמן חמניות,בנדטו סקלייה סרל,,ממרח אנשובי איטלקי,גרמים,60.00,100 גרם,false,,11.90,0.1983,true,1,2233819
8005803010357,false,גריסיני קלאסי - מקלות אפויים עם שמן זית ומלח,ליימן שליסל בע`מ,,גריסיני קלאסי 125 גר,גרמים,125.00,100 גרם,false,,5.90,0.0472,true,1,1501337
8005803010371,false,"גריסיני רוזמרין - מקלות אפויים עם שמן זית, מלח ורוזמרין",ליימן שליסל בע`מ,,גריסיני רוזמרין 125,גרמים,125.00,100 גרם,false,,5.90,0.0472,true,1,1501338
8005803010586,false,"מקלות אפויים עם שמן זית, מלח, עגבניות ואורגנו, 125 גרם, אמור די פאן","הוסטה איטליה, ס.ר.ל.",,גריסיני פיצה 125 גרם,גרמים,125.00,100 גרם,false,,5.90,0.0472,true,1,1501339
8006540027011,false,לנור מרכך מרוכז בניחוח אמאטיסט 897 מל,דיפלומט מפיצים (1986) בע`מ,,לנור מרכך כביסה בניח,מיליליטרים,897.00,"100 מ""ל",false,,13.90,0.0155,true,1,2303784
8006540027042,false,"לנור מרכך כביסה מרוכז ורוד""פרח בר"" 897 מ""ל",דיפלומט מפיצים (1986) בע`מ,,לנור מרכך כביסה בניח,מיליליטרים,897.00,"100 מ""ל",false,,13.90,0.0155,true,1,2303785
8006540088692,false,הרבל אסנס מסכה אינטנסיבית ארגן 450 מל,דיפלומט מפיצים 1968 בעמ,,מסכה ארגן 450 מל הרב,מיליליטרים,450.00,"100 מ""ל",false,,39.90,0.0887,true,1,2330861
8006540091906,false,לנור כדוריות הבושם בניחוח אריאל 140 גרם,פטר קרמר עבור פרוקטור אנ,,מבשמי כדוריות לנור 1,גרמים,140.00,100 גרם,false,,19.90,0.1421,true,1,2315756
8006540091937,false,לנור כדוריות הבושם בניחוח אריאל 210 גרם,פטר קרמר עבור פרוקטור אנ,,מבשמי כדוריות לנור ב,גרמים,210.00,100 גרם,false,,25.90,0.1233,true,1,2315757
8006540112793,false,"מרכך כביסה מרוכז בניחוח יסמין לנור 900 מ""ל",דיפלומט מפיצים (1986) בע`מ,,לנור מרכך מרוכז בניח,מיליליטרים,900.00,"100 מ""ל",false,,13.90,0.0154,true,1,2318237
8006540112823,false,"לנור מרכך כביסה מרוכז בניחוח האוקיינוס 900 מ""ל",דיפלומט מפיצים (1968) בעמ,,לנור מרכך כביסה מרוכ,מיליליטרים,900.00,"100 מ""ל",false,,13.90,0.0154,true,1,2305849
8006540112854,false,"מרכך כביסה מרוכז בניחוח סחלב לנור 900 מ""ל",דיפלומט מפיצים (1986) בע`מ,,לנור מרכך כביסה מרוכ,מיליליטרים,900.00,"100 מ""ל",false,,13.90,0.0154,true,1,2303882
8006540163986,false,אריאל קפסולות לכביסה 35 יח`,דיפלומט מפיצים (1968) בעמ,,אריאל קפסולות לכביסה,יח',35.00,יח',false,,49.90,1.4257,true,1,2343955
8006540252468,false,אולוויז פלטינום נורמל 48 יח,פרוקטר & גמבל,,תחבושות אולוויז פלטי,יח',48.00,יח',false,,39.90,0.8312,true,1,2343956
8006540252499,false,אולוויז פלטינום לונג 40 יח,פרוקטר & גמבל,,תחבושות אולוויז פלטי,יח',40.00,יח',false,,39.90,0.9975,true,1,2343957
8006540352960,false,טמפונים טמפקס פרל רגולר 20 יחידות,דיפלומט מפיצים (1986) בע`מ,,טמפקס פרל רגולר 20 י,יח',20.00,יח',false,,27.90,1.3950,true,1,2324875
8006540353004,false,טמפקס פרל סופר 18 יחידות חדש,דיפלומט מפיצים (1986) בע`מ,,טמפקס פרל סופר 18 יח,יח',18.00,יח',false,,27.90,1.5500,true,1,2324881
8006540358498,false,טמפקס פרל סופר-פלוס 18 יחידות חדש,דיפלומט מפיצים (1968) בעמ,,טמפקס פרל סופר פלוס,יח',18.00,יח',false,,27.90,1.5500,true,1,2324876
8006540404850,false,דיסקריט תחבושות לבריחת שתן לונג 10 יח,דיפלומט מפיצים (1968) בעמ,,תחבושות אולוויז דיסק,יח',10.00,יח',false,,14.90,1.4900,true,1,2364595
8006540404898,false,אולוויז דיסקריט לבריחת שתן לונג פלוס 8יח,דיפלומט מפיצים (1968) בעמ,,תחבושות אולוויז דיסק,יח',8.00,יח',false,,14.90,1.8625,true,1,2364596
8006540404935,false,אולוויז דיסקריט לבריחת שתן נורמל 12 יח,דיפלומט מפיצים (1968) בעמ,,תחבושות אולוויז דיסק,יח',12.00,יח',false,,14.90,1.2417,true,1,2364597
8006540405031,false,דיסקריט תחבושות לבריחת שתן סמול פלוס 16,דיפלומט מפיצים (1968) בעמ,,תחבושות אולוויז דיסק,יח',16.00,יח',false,,14.90,0.9313,true,1,2364598
8006540406694,false,פמפרס בייבי דריי פנטס מידה 4 42 יח,דיפלומט,,מכנסונים בייבי דריי,יח',42.00,יח',false,,44.90,1.0690,true,1,2372718
8006540406724,false,פמפרס בייבי דריי פנטס מידה 5 38 יח,דיפלומט,,מכנסונים בייבי דריי,יח',38.00,יח',false,,44.90,1.1816,true,1,2372719
8006540406793,false,פמפרס בייבי דריי פנטס מידה 6 34 יח,דיפלומט,,מכנסונים בייבי דריי,יח',34.00,יח',false,,44.90,1.3206,true,1,2372720
8006540425930,false,אריאל קפסולות לכביסה ג'ל 24 יח' לכתמים קשים,דיפלומט מפיצים (1986) בע`מ,,אריאל קפסולות לכביסה,יח',24.00,יח',false,,39.90,1.6625,true,1,2334264
8006540429327,false,פיירי מקס פאוור לימון עם מנגנון למניעת נזילות,דיפלומט מפיצים (1968) בעמ,,"פיירי לימון 440 מ""ל",מיליליטרים,440.00,"100 מ""ל",false,,11.90,0.0270,true,1,2334279
8006540452110,false,אולוייז עבה נורמל 16יח,דיפלומט מפיצים 1968 בעמ,,תחבושות אולוויז עבה,יח',16.00,יח',false,,12.90,0.8063,true,1,2364600
8006540463550,false,פיירי טבליות למדיח פלטינום 63 יחידות,דיפלומט מפיצים (1968) בעמ,,טבליות פיירי למדיח כ,יח',63.00,יח',false,,59.90,0.9508,true,1,2358291
8006540495186,false,לנור מרכך כביסה מרוכז רגיש בייבי 900 מל,דיפלומט מפיצים (1986) בע`מ,,לנור מרכך כביסה בייב,מיליליטרים,900.00,"100 מ""ל",false,,13.90,0.0154,true,1,2356747
8006540495216,false,"לנור מרכך כביסה מרוכז בניחוח אמאטיסט 900 מ""ל",דיפלומט מפיצים (1968) בעמ,,לנור מרכך כביסה בניח,מיליליטרים,900.00,"100 מ""ל",false,,13.90,0.0154,true,1,2356748
8006540495247,false,"לנור מרכך כביסה מרוכז בניחוח פרחי בר 900 מ""ל",דיפלומט מפיצים (1968) בעמ,,לנור מרכך כביסה בניח,מיליליטרים,900.00,"100 מ""ל",false,,13.90,0.0154,true,1,2376529
8007150901623,false,שמן זרעי ענבים 1 ליטר +1/2 ליטר במארז,,,שמן זרעי ענבים 1 ליט,100 מארז,1.00,100 מארז,false,,54.90,54.9000,true,1,1886093
8007150909513,false,"קרם בלסמי קלאסי כשר 250 מ""ל",,,קרם בלסמי קלאסי,יחידה,0.00,יחידה,false,,29.90,0.0000,true,1,1497254
8007178120310,false,"חומץ בלסמי 500 מ""ל (דיפלומט)",דיפלומט מפיצים (1968) בעמ**,,"חומץ בלסמי 500 מ""ל",מיליליטרים,500.00,"100 מ""ל",false,,19.90,0.0398,true,1,1351066
8007270999012,false,שמן גרעיני ענבים קוסטה דורו 1 ליטר,קוסטה דיאורו,,שמן גרעיני ענבים 1 ל,ליטרים,1.00,ליטר,false,,42.90,42.9000,true,1,1486614
8007537000543,false,"טורטיליה ציפס בטעם טבעי לל""ג 450 גרם",,,טורטיליה צ'יפס טבעי,גרמים,450.00,100 גרם,false,,24.90,0.0553,true,1,2076796
8007537005203,false,טורטיליה ציפס עגול 450 גר,,,טורטיליה נאצ'וס צ'יפ,גרמים,450.00,100 גרם,false,,24.90,0.0553,true,1,2084019
8007537005920,false,פרימיום ציפס מלח ים 300 גרם,,,פרמיום צ'יפס מלח ים,גרמים,300.00,100 גרם,false,,24.90,0.0830,true,1,2076692
8007537006538,false,"טורטיליה ציפס תירס כחול לל""ג 450 גרם",,,טורטיליה צ'יפס תירס,גרמים,300.00,100 גרם,false,,24.90,0.0830,true,1,2076698
8008343200035,false,פסטה רומו ספגטי 500 גרם,רומו Rummo,,פסטה RUMMO ספגטי 500,גרמים,500.00,100 גרם,false,,8.90,0.0178,true,1,1853769
8008343200134,false,פסטה רומו לינגוינה 500גר,רומו Rummo,,פסטה RUMMO ריגטה 500,גרמים,500.00,100 גרם,false,,8.90,0.0178,true,1,1853770
8008343200271,false,פסטה סמי די אורזו Semi di orzo,רומו Rummo,,פסטה RUMMO סמי די או,גרמים,500.00,100 גרם,false,,8.90,0.0178,true,1,1853771
8008343200547,false,פסטה ריצ'יולי Riccioli,רומו Rummo,,פסטה RUMMO ריציולי 5,גרמים,500.00,100 גרם,false,,8.90,0.0178,true,1,1854393
8008343200660,false,פסטה רומו פנה ריגטה500גר,רומו Rummo,,פסטה RUMMO פנה ריגטה,גרמים,500.00,100 גרם,false,,8.90,0.0178,true,1,1853761
8008343200851,false,פסטה רומו פרפלה 500 גרם,רומו Rummo,,פסטה RUMMO פרפלה 500,גרמים,500.00,100 גרם,false,,8.90,0.0178,true,1,1853762
8008343200882,false,פסטה קזארצ'ה Casarecce,רומו Rummo,,פסטה RUMMO קזארצה 50,גרמים,500.00,100 גרם,false,,8.90,0.0178,true,1,1853763
8008343201377,false,פסטה רומו רדיאטורי 500גר,רומו Rummo,,פסטה RUMMO רדיאטורי,גרמים,500.00,100 גרם,false,,8.90,0.0178,true,1,1853773
8008660210014,false,מעדן משמש מנז אנד גאסר ויסוצקי 300 גרם,תה ויסוצקי (ישראל) בעמ,,מעדן משמש,גרמים,320.00,100 גרם,false,,12.90,0.0403,true,1,1741074
8008660210021,false,מעדן ריבה מנץ אנד גאססר דובדבן 300 גר,תה ויסוצקי (ישראל) בעמ,,מעדן דובדבן,גרמים,320.00,100 גרם,false,,12.90,0.0403,true,1,1741067
8008660210038,false,מעדן ריבה מנץ אנד גאססר תות שדה 300 גר,תה ויסוצקי (ישראל) בעמ,,מעדן תות שדה,גרמים,320.00,100 גרם,false,,12.90,0.0403,true,1,1741075
8008660210045,false,מעדן פירות יער מנז אנד גאסר ויסוצקי 300 גרם,תה ויסוצקי (ישראל) בעמ,,מעדן פירות יער,גרמים,320.00,100 גרם,false,,12.90,0.0403,true,1,1741068
8008660210052,false,מעדן פרי תפוז מנז אנד גאסר ויסוצקי 320 גרם,תה ויסוצקי (ישראל) בעמ,,מעדן פרי תפוז 320 גר,גרמים,320.00,100 גרם,false,,12.90,0.0403,true,1,2097310
8008660210069,false,מעדן פרי פסיפלורה מנז אנד גאסר ויסוצקי 320 גרם,תה ויסוצקי (ישראל)בעמ,,מעדן פרי אפרסק פסיפל,גרמים,320.00,100 גרם,false,,12.90,0.0403,true,1,2097311
8008698002049,false,קרקרים עגולים 175 גרם ללא גלוטן,ל.י.ב. (לחיות יותר בטבע) בעמ,IT,קרקרים עגולים 175,גרמים,175.00,100 גרם,false,,24.90,0.1423,true,1,1398272
8008698003503,false,עוגיות שיבולת שועל עם צימוקים 250 גר,ל.י.ב. (לחיות יותר בטבע) בעמ,IT,קרקרים 210 מלבניים,גרמים,210.00,100 גרם,false,,28.90,0.1376,true,1,1398277
8008698004548,false,ביסקוויט בציפוי שוקולד חלב ללא גלוטן,ל.י.ב. (לחיות יותר בטבע) בעמ,,ביסקווטים בציפוי קרם,גרמים,150.00,100 גרם,false,,16.90,0.1127,true,1,1488011
8008698004630,false,SORRISI עוגיות סנדוויץ' במילוי קרם קקאו 250 גר',ל.י.ב. (לחיות יותר בטבע) בעמ,IT,עוגיות דבל שוקולד,גרמים,250.00,100 גרם,false,,24.90,0.0996,true,1,1398280
8008698005231,false,עוגיות סנדוויץ בטעם שוקולד ממולאות קרם חלב ללא גלוט,שר Schar,,עוגיות שוקולד,גרמים,165.00,100 גרם,false,,19.90,0.1206,true,1,2270785
8008698005347,false,"ביסקוויט מצופות שוקולד מריר לל""ג 150 גר",שר Schar,,ביסקוויט שוקולד,גרמים,150.00,100 גרם,false,,14.90,0.0993,true,1,2270786
8008698008157,false,שר עוגיות שוקולד במילוי קרם שמנת ללא גלוטן 100 גר',ל.י.ב. (לחיות יותר בטבע) בעמ,IT,עוגיות דבל וניל,גרמים,100.00,100 גרם,false,,13.90,0.1390,true,1,1398284
8008698012857,false,ביסקויט פתי בר בטעם חמאה 165 גרם ללא גלוטן petit,ל.י.ב. (לחיות יותר בטבע) בעמ,,פתי בר חמאה ללא גלוט,גרמים,165.00,100 גרם,false,,18.90,0.1145,true,1,1398288
8008698013021,false,עוגיות שוקולד צ`יפס פריכות ללא גלוטן 1,דר שר פוסטל,,עוגיות שוקולד צ'פס פ,גרמים,100.00,100 גרם,false,,12.90,0.1290,true,1,1488014
8008743036609,false,מכוניות שוקו ברשת 100ג,שוקוטרייד בעמ,,שוקולד מכוניות ברשת,גרמים,100.00,100 גרם,false,,9.90,0.0990,true,1,2279352
8008743146384,false,פרלין מריר 1קג,,,פרלין מריר 1קג,גרמים,1000.00,100 גרם,false,,49.90,0.0499,true,1,2223865
8008857406152,false,פסטה רגיה אטריות עגולות עבה תומר 500 גרם,רגיה,,אטריות עגולות עבות,גרמים,500.00,100 גרם,false,,7.90,0.0158,true,1,1387268
8008857500003,false,פסטה רגיה אטריות עגולות דקות תומר 500 גרם,תומר ייבוא ושיווק מוצרי מזון [,,אטריות דקות,גרמים,500.00,100 גרם,false,,7.90,0.0158,true,1,1387269
8008912010034,false,ליגורי- ספגטי מספר 3 500גר,תה ויסוצקי (ישראל)בעמ,,פסטה פרפלה,גרמים,500.00,100 גרם,false,,7.90,0.0158,true,1,2314396
8008912010072,false,ליגורי- לינגוויני מספר 7 500גר,תה ויסוצקי (ישראל)בעמ,,פסטה פרפלה,גרמים,500.00,100 גרם,false,,7.90,0.0158,true,1,2314397
8008912010270,false,"ליגורי פסטה קסרצ'ה מספר 27, 500 גר'",תה ויסוצקי (ישראל)בעמ,,פסטה קסרצ'ה,גרמים,500.00,100 גרם,false,,7.90,0.0158,true,1,2314398
8008912010300,false,LIGUORI פסטה פרפלה 500 גרם מספר 30,תה ויסוצקי (ישראל)בעמ,,פסטה פרפלה,גרמים,500.00,100 גרם,false,,7.90,0.0158,true,1,2314399
8008912010317,false,פסטה פוזילי מס (31 500 גר`)ליגורי,תה ויסוצקי (ישראל) בעמ,,פסטה פוזילי,גרמים,500.00,100 גרם,false,,7.90,0.0158,true,1,2314400
8008912010331,false,"ליגורי פסטה ניוקי סרדי בצורת קונכיות, 500 גר'",תה ויסוצקי (ישראל)בעמ,,פסטה בצורת קונכיות,גרמים,500.00,100 גרם,false,,7.90,0.0158,true,1,2314401
8008912010423,false,פסטה פנה ריגטה מס (42 500 גר`)ליגורי,תה ויסוצקי (ישראל) בעמ,,פסטה פנה,גרמים,500.00,100 גרם,false,,7.90,0.0158,true,1,2314402
8009915000282,false,פסטה פטוצ'יני ללא גלוטן 250 גר' - פוריו,LE VENEZIANE,,פסטה פטוציני ללא גלו,גרמים,250.00,100 גרם,false,,14.90,0.0596,true,1,1400452
8009915001227,false,פסטה פנה ללא גלוטן 250 גרם,לה וואניציאני La Venezian,,פסטה פנה ללא גלוטן,גרמים,250.00,100 גרם,false,,14.90,0.0596,true,1,1400456
8009915001340,false,פסטה אליקה ללא גלוטן 250 גרם,לה וואניציאני La Venezian,,פסטה אליקה ללא גלוטן,גרמים,250.00,100 גרם,false,,14.90,0.0596,true,1,1400457
8009915002064,false,ניוקי ללא גלוטן 250 גרם,,,פסטה ניוקי ללא גלוטן,גרמים,250.00,100 גרם,false,,14.90,0.0596,true,1,1400458
8013399145278,false,דיאטורל סוכריות סטיביה ליקוריץ רך 70 גרם,גורי מוצרי צריכה בעמ,IT,סט.דיטורל ליקורי רך 70ג,גרמים,70.00,100 גרם,false,,7.90,0.1129,true,1,1353416
8013399145315,false,סוכריות סטיביה דיטרול תות 70 גרם,דיאטורל Dietorelle,IT,סט.דיטורל תות שקית רך 70ג,גרמים,70.00,100 גרם,false,,7.90,0.1129,true,1,1353418
8017938005122,false,"נטורפוד חומץ תפוחים אורגני 750 מ""ל",מריה לוצ'יה מלצ'יורי,,"חומץ תפוחים 750 מ""ל",מיליליטרים,750.00,"100 מ""ל",false,,18.90,0.0252,true,1,1486561
8017938005764,false,מיץ תפוחים אורגני 100% 1 ליטר נטורפוד,יבואן ומשווק: ש. שסט,,מיץ תפוחים אורגני 10,ליטרים,1.00,ליטר,false,,18.90,18.9000,true,1,1486829
8023678161363,false,משקה שיבולת שועל טבעי אורגני 1ליטר ISOLA,איזולה ביו Isola Bio,,משקה שבלת שועל טבעי,ליטרים,1.00,ליטר,false,,9.90,9.9000,true,1,1418040
8023678162360,false,משקה שקדים טבעי אורגני 1ליטר ISOLA,לחיות יותר בטבע בעמ,,משקה שקדים טבעי אורג,ליטרים,1.00,ליטר,false,,14.90,14.9000,true,1,1418042
8024985000062,false,מחית תפוח אורגני 100% פרי 200 גר נטורה,"נטורפוד בע""מ",,מחית תפוח אורגנית 10,גרמים,200.00,100 גרם,false,,9.90,0.0495,true,1,1486685
8024985000079,false,מחית תפוח משמש 100% פרי 200 ג נטורה נובה,נטורפוד בעמ,,מחית תפוח משמש אורגנ,גרמים,200.00,100 גרם,false,,9.90,0.0495,true,1,1486686
8024985000086,false,נטורה נובה - מחית תפוח בננה אורגנית 100% פרי,"נטורפוד בע""מ",,מחית תפוח בננה אורגנ,גרמים,200.00,100 גרם,false,,9.90,0.0495,true,1,1486687
8024985002783,false,מחית פירות סמוצ`י תפוח גזר דלעת ללא תוספ,נטורפוד בעמ,,מחית סמוזי דלעת גזר,גרמים,100.00,100 גרם,false,,5.90,0.0590,true,1,1958922
8024985003988,false,מחית פירות סמוצ`י תפוחים ובננה אורגנית ל,נטורפוד בעמ,,מחית סמוזי תפוח בננה,גרמים,100.00,100 גרם,false,,5.90,0.0590,true,1,1486737
8024985004299,false,סמוזי מעורב תפוח/פירות רביעיה 400 גר,נטורפוד בעמ,,סמוט'י פירות אדומים+,גרמים,400.00,100 גרם,false,,18.90,0.0472,true,1,1486739
8024985005234,false,מחית פירות סמוצ`י תפוח עץ ומנגו אורגנית,נטורפוד בעמ,,סמוזי תפוח אפרסק מנג,גרמים,100.00,100 גרם,false,,5.90,0.0590,true,1,1486742
8024985005296,false,סמוזי אגס בננה תפוח וקינואה אורגני,נטורפוד בעמ,,מחית סמוזי אגס בננה,גרמים,120.00,100 גרם,false,,6.90,0.0575,true,1,1958923
8024985005302,false,סמוזי תפוח רימון פטל אוכמנויות ואסאי אורגני,נטורפוד בעמ,,מחית סמוזי תפוח רימו,גרמים,120.00,100 גרם,false,,6.90,0.0575,true,1,1958924
8024985008037,false,מחית פירות סמוצ`י תפוח אורגנית ללא תוספת,"נטורפוד בע""מ",,מחית סמוזי תפוח 100,גרמים,100.00,100 גרם,false,,5.90,0.0590,true,1,1486691
8024985008044,false,מחית פירות סמוצ`י אגס אורגנית ללתס נטור,"נטורפוד בע""מ",,מחית סמוזי אגס אורגנ,גרמים,100.00,100 גרם,false,,5.90,0.0590,true,1,1486692
8024985008051,false,מחית פירות סמוצ`י פירות אדומים אורגנית ל,"נטורפוד בע""מ",,מחית סמוזי פירות אדו,גרמים,100.00,100 גרם,false,,5.90,0.0590,true,1,1486693
8025358602449,false,צנצנת רונדו,,,צנצנת רונדו,יחידה,0.00,יחידה,false,,4.90,0.0000,true,1,2246319
8025358628685,false,כף הגשה קצרה חורים,,,כף הגשה קצרה חורים,יחידה,0.00,יחידה,false,,9.90,0.0000,true,1,2298041
8032523530452,false,ממרח פיסטוק פיסטי אי,פיסטי,,ממרח פיסטוק,גרמים,200.00,100 גרם,false,,34.90,0.1745,true,1,2350518
8032793342458,false,עגבניות מרוסקות דק ומסוננות בבקבוק 700 ג,קונסוריזיו קאסאלסקו דל פ,,עגבניות מרוסקות,גרמים,750.00,100 גרם,false,,11.90,0.0159,true,1,2252607
8032793344292,false,עגבניות מרוסקות דק בקבוק 700 גר` פולפה,קונסוריזיו קאסאלסקו דל פ,,עגבניות מרוסקות,גרמים,750.00,100 גרם,false,,8.90,0.0119,true,1,2252608
8032793344520,false,תרכיז עגבניות רסק עגבניות מרוכז מאוד,גורי מוצרי צריכה (1991) בעמ,,תרכיז עגבניות מרוכז,גרמים,200.00,100 גרם,false,,7.90,0.0395,true,1,2276470
8032804430471,false,פליסיה פסטה סדניני עדשים אורגני 250 גרם,אף.סי תבליני בגליל ב,,פסטה עדשים אדומות לל,גרמים,250.00,100 גרם,false,,12.90,0.0516,true,1,1486852
8032804435643,false,פוזילי אורז מלא אורגני 340 גרם פליסיה,פליסיה Felicia Bio,,פוזילי אורז מלא אורג,גרמים,340.00,100 גרם,false,,11.90,0.0350,true,1,1486875
8032880800243,false,פיקניק הפתעה - אגוזי לוז ומקלות אפויים,"הוסטה איטליה, ס.ר.ל.",IT,פיקניק הפתעה 50 גרם,גרמים,50.00,100 גרם,false,,6.90,0.1380,true,1,1373433
8033020445973,false,"PIVETTI קמח 00 לכל מטרה 1 ק""ג",פיווטי Pivetti,,קמח 00 Antigrumi לכל,גרמים,1000.00,100 גרם,false,,6.90,0.0069,true,1,2326033
8033020446000,false,"קמח איטלקי לפיצה ופוקצה 1 ק""ג 00 PIVETTI",פיווטי Pivetti,,קמח איטלקי לפיצה ופו,גרמים,1000.00,100 גרם,false,,9.90,0.0099,true,1,2326035
8033413430708,false,לימונצ'לו וילה מאסה700מל,וילה מאסה,,ליקר לימונצ'לו 700 מ,מיליליטרים,700.00,"100 מ""ל",false,,94.90,0.1356,true,1,1427112
8053259246967,false,כשר 180 גרם רוטב בלסמי מצומצם קלאסי,General,,*כשר* 180 גרם רוטב ב,גרמים,180.00,100 גרם,false,,14.90,0.0828,true,1,2326036
8076800105735,false,"ברילה פנה ריגטה 1 ק""ג קופסה",ש.שסטוביץ בעמ,,"ברילה פנה ריגטה 1 ק""",קילוגרמים,1.00,"ק""ג",false,,13.90,13.9000,true,1,2330148
8076800105988,false,ברילה פוזילי בקופסה 1 קג,ברילה גי.אי.אר פרטלי ס.פ,,"ברילה פוזילי 1 ק""ג ב",קילוגרמים,1.00,"ק""ג",false,,13.90,13.9000,true,1,2330149
8076800195019,false,ברילה - צ.א ספגטי מס1 קפליני 500 גרם,ברילה גי.אי.אר פרטלי ס.פ,IT,ברילה צ.א ספגטי מס1 קפלינ,גרמים,500.00,100 גרם,false,,7.90,0.0158,true,1,1386555
8076800195033,false,ברילה - צ.א ספגטיני מס3 חדש 500 גרם,ברילה גי.אי.אר פרטלי ס.פ,IT,ברילה צ.א ספגטי מס3 500 ג,גרמים,500.00,100 גרם,false,,7.90,0.0158,true,1,1386556
8076800195057,false,ברילה - צ.א ספגטי מס5 חדש 500 גרם,ברילה גי.אי.אר פרטלי ס.פ,IT,ברילה צ.א ספגטי מס5 500 ג,גרמים,500.00,100 גרם,false,,7.90,0.0158,true,1,1386557
8076800195132,false,ברילה - צ.א בבטה מס13 500 גרם,ברילה גי.אי.אר פרטלי ס.פ,IT,ברילה צ.א בבטה מס13 500 ג,גרמים,500.00,100 גרם,false,,7.90,0.0158,true,1,1386558
8076800315097,false,פסטה מקרוני בוקטיני מספר 9 ברילה 500 גרם,ברילה גי.אי.אר פרטלי ס.פ,IT,ברילה צ.א בוקטיני מס9 500,גרמים,500.00,100 גרם,false,,7.90,0.0158,true,1,1386559
8076802085738,false,ברילה - צ.ק פנה רגטה חדש 500 גרם,ברילה גי.אי.אר פרטלי ס.פ,IT,ברילה צ.ק פנה רגטה מס73 5,גרמים,500.00,100 גרם,false,,7.90,0.0158,true,1,1386561
8076802085837,false,ברילה - צ.ק טורטליוני מס83 500 גרם,הנסיך- מפעל לייצור ט,IT,ברילה צ.ק טורטליוני מס83,גרמים,500.00,100 גרם,false,,7.90,0.0158,true,1,1386562
8076802085936,false,ברילה פסטה צ.ק. קונצילה ריגטה חדש,ברילה גי.אי.אר פרטלי ס.פ,IT,ברילה צ.ק קונצילה ריגטה מ,גרמים,500.00,100 גרם,false,,7.90,0.0158,true,1,1386563
8076802085981,false,ברילה - צ.ק פוזילי חדש 500 גרם,ברילה גי.אי.אר פרטלי ס.פ,IT,ברילה צ.ק פוזילי מס98 500,גרמים,500.00,100 גרם,false,,7.90,0.0158,true,1,1386564
8076808050440,false,פסטה מקרוני מספר 44 ברילה 500 גרם,ש. שסטוביץ בע`מ,IT,ברילה צ.ק מקרוני מס44 500,גרמים,500.00,100 גרם,false,,7.90,0.0158,true,1,1386566
8076808060654,false,פסטה פרפלה מספר 65 ברילה 500 גרם,ברילה גי.אי.אר פרטלי ס.פ,IT,ברילה צ.ק פרפלה מס65 500,גרמים,500.00,100 גרם,false,,7.90,0.0158,true,1,1386567
8076808070882,false,קנלוני מספר 88 ברילה (250 גרם),פאסטיפיקו ריגו אס.אר,IT,ברילה צ.מ קנלוני מס88 250,גרמים,250.00,100 גרם,false,,13.90,0.0556,true,1,1386568
8076808150072,false,ברילה - צ.א ספגטוני מס7 חדש 500 גרם,ברילה גי.אי.אר פרטלי ס.פ,IT,ברילה צ.א ספגטי מס7 500 ג,גרמים,500.00,100 גרם,false,,7.90,0.0158,true,1,1386569
8076809501415,false,ברילה קנלוני/פנה 500 ג' מצה פנה טרקולור 500 גרם,"ש. שסטוביץ בע""\מ",IT,ברילה צ.ק מצה פנה טרקולור,גרמים,500.00,100 גרם,false,,12.90,0.0258,true,1,1386570
8076809512268,false,פסטה גירנדולה טורסדס מספר 34 ברילה 500 גרם,ברילה גי.אי.אר פרטלי ס.פ,IT,ברילה צ.ק גירנדולה מס34 5,גרמים,500.00,100 גרם,false,,7.90,0.0158,true,1,1386571
8076809513388,false,ברילה רוטב אראביאטה צילי לפסטה 400 ג,ברילה גי.אי.אר פרטלי ס.פ,IT,ברילה רוטב ארביאטה 400 ג,גרמים,400.00,100 גרם,false,,13.90,0.0348,true,1,1386572
8076809513395,false,ברילה פומודורו רוטב עגבניות קלאסי 400 גר,ברילה גי.אי.אר פרטלי ס.פ,IT,ברילה רוטב פומודורו 400 ג,גרמים,400.00,100 גרם,false,,13.90,0.0348,true,1,1386573
8076809513654,false,בסיס רוטב עגבניות לבולונז 400 גרם ברילה,ברילה גי.אי.אר פרטלי ס.פ,IT,ברילה בסיס לבולונז 400 גר,גרמים,400.00,100 גרם,false,,13.90,0.0348,true,1,1386574
8076809513692,false,רוטב עגבניות נפולטנה בתוספת ירקות,ברילה גי.אי.אר פרטלי ס.פ,IT,ברילה רוטב נפולטנה 400 גר,גרמים,400.00,100 גרם,false,,13.90,0.0348,true,1,1386575
8076809513739,false,ברילה רוטב עגבניות עם בזיליקום 400 גרם,ברילה גי.אי.אר פרטלי ס.פ,IT,ברילה רוטב בזיליקום 400 ג,גרמים,400.00,100 גרם,false,,13.90,0.0348,true,1,1386576
8076809514774,false,ברילה פפרדלה איטריות ביצים 250 גרם,ברילה גי.אי.אר פרטלי ס.פ,IT,ברילה צ.מ פפרדלה ביצים 25,גרמים,250.00,100 גרם,false,,17.90,0.0716,true,1,1386577
8076809523561,false,ברילה - רוטב פסטה בטעם טוסקנה 400 גרם,ברילה גי.אי.אר פרטלי ס.פ,IT,ברילה רוטב פסטה בטעם טוסק,גרמים,400.00,100 גרם,false,,13.90,0.0348,true,1,1386579
8076809523714,false,איטריות טליאטלה ברילה 500 גרם,"ש. שסטוביץ בע""\מ",IT,ברילה צ.מ טליאטלה 500 גרם,גרמים,500.00,100 גרם,false,,24.90,0.0498,true,1,1386581
8076809523738,false,דפי לזניה ברילה 500 גרם,ברילה גי.אי.אר פרטלי ס.פ,IT,ברילה צ.מ לזניה 500 גרם,גרמים,500.00,100 גרם,false,,20.90,0.0418,true,1,1386582
8076809529419,false,ספגטי מחיטה מלאה מס' 5 500 ג' ברילה,ברילה גי. אי. אר פרט,IT,ברילה פ. חיטה מלאה ספגטי,גרמים,500.00,100 גרם,false,,12.90,0.0258,true,1,1386583
8076809529433,false,פסטה פנה ריגטה חיטה מלאה ברילה (500 גרם),"ש. שסטוביץ בע""\מ",IT,ברילה פ.חיטה מלאה ק. פנה,גרמים,500.00,100 גרם,false,,12.90,0.0258,true,1,1386584
8076809545440,false,ספגטי מספר 5 ללא גלוטן ברילה (400 גרם),ברילה ג'.אי.אר פרטלי,,איטריות ללא גלוטן 40,גרמים,400.00,100 גרם,false,,14.90,0.0373,true,1,1420997
8076809545457,false,ברילה אטריות ללא גלוטן 400 ג' צינורות 400 ג',ברילה ג'.אי.אר פרטלי,,פסטה ללא גלוטן 400 ג,גרמים,400.00,100 גרם,false,,14.90,0.0373,true,1,1420998
8076809545464,false,ברילה פסטה ללא גלוטן צורת ספירלי 400 גר,מולינו אנדריאני אס.א,,פסטה ללא גלוטן 400 ג,גרמים,400.00,100 גרם,false,,14.90,0.0373,true,1,1420999
8076809547956,false,פסטה ברילה קיפרי 500 גרם,ברילה ג'.אי.אר פרטלי,,ברילה ספגטי קיפרי 50,גרמים,500.00,100 גרם,false,,7.90,0.0158,true,1,2247362
8076809576352,false,ברילה לזניה ללא גלוטן 250 גר`כשלפ,ברילה גי.אי.אר פרטלי,,ברילה לזניה ללא גלוט,גרמים,250.00,100 גרם,false,,22.90,0.0916,true,1,2302308
8076809578998,false,ברילה - צ.ק. סטלינה 500 גרם,ברילה גי. אי. אר פרטלי ס,,ספגטי סטלינה מס 27 -,גרמים,500.00,100 גרם,false,,7.90,0.0158,true,1,2304230
8121300206946,false,ממתיק סיטיביה טרוביה 80 שקיות אישיות,גורי ע.ע.ע. בע`מ,,טרוביה סטיביה ממתיק,גרמים,80.00,100 גרם,false,,29.90,0.3737,true,1,2233372
8121300207004,false,טרוביה - סטיביה ממתיק בצנצנת 270 גרם,קספרס פאקאגעהג,,טרוביה סטיביה ממתיק,גרמים,270.00,100 גרם,false,,32.90,0.1219,true,1,2233373
8121300208780,false,טרוביה תחליף סוכר לכל מטרה 360 גרם,גורי ע.ע.ע. בעמ,,טרוביה תחליף סוכר לכ,גרמים,360.00,100 גרם,false,,29.90,0.0831,true,1,2376979
8121300209466,false,טרוביה תחליף סוכר חום 320 גרם,גורי ע.ע.ע. בעמ,,טרוביה תחליף סוכר חו,גרמים,320.00,100 גרם,false,,29.90,0.0934,true,1,2376961
8410076600622,false,חטיפי גרנולה קראנצ'י עם שוקולד מריר נייצ'ר ואלי 210 גרם,ג'נרל מילס סאן אדריאן,,חטיף 1/5 קראנצ'י ניי,גרמים,210.00,100 גרם,false,,14.90,0.0710,true,1,1373435
8410076610379,false,"חטיף בוטנים, חלבון סויה ושוקולד מריר עם ציפוי בטעם שוקולד",נייצ'ר ואלי Nature Valley,,חטיף נייטשר ואלי פרו,גרמים,160.00,100 גרם,false,,22.90,0.1431,true,1,1463978
8410076610386,false,נייטשר ואלי פרוטאין בוטנים עם ציפוי בטעם קרמל מלוח 160 ג',ג'\נרל מילס סאן אדריאן S,,חטיף נייטשר ואלי פרו,גרמים,160.00,100 גרם,false,,22.90,0.1431,true,1,1463979
8410076610492,false,חטיף שיבולת שועל מלאה ובוטנים בציפוי עם חמאת בוטנים,יבואן ומשווק: ש. שסט,,חטיף 1/5 צואי-בציפוי,גרמים,150.00,100 גרם,false,,14.90,0.0993,true,1,1490203
8410076610508,false,"חטיף שיבולת שועל מלאה עם בוטנים, שקדים ושוקולד מריר בציפוי בטעם שוקולד",נייצ'ר ואלי Nature Valley,,חטיף 1/5 צואי-שוקולד,גרמים,150.00,100 גרם,false,,14.90,0.0993,true,1,1490204
8410076621009,false,עוגות אישיות בטעם קרמל עם חתיכות בטעם קרמל מלוח,ליימן שליסל בע`מ,,חטיף פייבר 1 קרמל מל,גרמים,120.00,100 גרם,false,,12.90,0.1075,true,1,2274097
8410076621047,false,עוגות אישיות בטעם שוקולד עם חתיכות בטעם שוקולד,ליימן שליסל בע`מ,,חטיף פייבר 1 טעם שוק,גרמים,120.00,100 גרם,false,,12.90,0.1075,true,1,2274098
8410104039134,false,"מנקה ומחדש מדיח כלים פיניש 250 מ""ל",רקיט בנקיזר (ניר איסט) בעמ,PL,פיניש מנקה ומחדש,מיליליטרים,250.00,"100 מ""ל",false,,14.90,0.0596,true,1,1353655
8410104044916,false,אבקה למדיח כלים פיניש (2.7 קג),רקיט בנקיזר (ניר איסט) בעמ,DE,פיניש 2.7 PP קג רגיל,קילוגרמים,2.70,"ק""ג",false,,44.90,16.6296,true,1,1353656
8410104045111,false,"פיניש מלח למדיח כלים 2ק""ג",רקיט בנקיזר (ניר איסט) בעמ,IL,פיניש מלח 2 קילו 6 בקרטון,קילוגרמים,2.00,"ק""ג",false,,14.90,7.4500,true,1,1353657
8410104437268,false,מפיג ריח רגיל למדיח פיניש 1 יחידה,רקיט בנקיזר (ניר איסט) בעמ,HU,פיניש דאוסטופ לריח מראה ח,יחידה,0.00,יחידה,false,,14.90,0.0000,true,1,1353662
8410104511340,false,ויט רצועות שעווה מוכנות לעור יבש 12 יחידות,רקיט בנקיזר (ניר איסט) בעמ,FR,ויט רצועות שעווה יבש,יח',12.00,יח',false,,29.90,2.4917,true,1,1353664
8410128768324,false,משקה סויה שקדים קרטונית1 ל' ויוה סוי,טמפו משקאות בע`מ,,ויוה סוי שקדים קרטונ,ליטרים,1.00,ליטר,false,,12.90,12.9000,true,1,2245317
8410128768355,false,ויוה סוי סויה קלאסי קרטונית ליטר,טמפו משקאות בעמ,,ויוה סוי סויה קרטוני,ליטרים,1.00,ליטר,false,,11.90,11.9000,true,1,2245318
8410128783587,false,ויוה סוי שיבולת שועל בריסטה קרטונית,טמפו משקאות בעמ,,ויוה סוי שיבולת שועל,ליטרים,1.00,ליטר,false,,12.90,12.9000,true,1,2356901
8410128785734,false,משקה סויה ויוה סוי בריסטה 1 ליטר.,טמפו משקאות בעמ,,ויוה סוי סויה בריסטה,ליטרים,1.00,ליטר,false,,11.90,11.9000,true,1,2375315
8410182420114,false,"בצלצלי פנינה בחומץ 370 מ""ל",דליסיאס,,בצל פנינה בחומץ,גרמים,370.00,100 גרם,false,,9.90,0.0268,true,1,2233799
8410644120118,false,"יין מבעבע 1861 קאווה 700 מ""ל",,,יין מבעבע קאוה,מיליליטרים,750.00,"100 מ""ל",false,,24.90,0.0332,true,1,2260192
8410644611203,false,יין קאווה איבריקה לבן יבש Cava Iberica,טמפו משקאות בע`מ,,"יין קאווה לבן 750 מ""",מיליליטרים,750.00,"100 מ""ל",false,,29.90,0.0399,true,1,1370738
8410644611210,false,יין קאווה איבריקה לבן חצי יבש Cava Iberica,טמפו משקאות בע`מ,,"יין קאווה לבן 750 מ""",מיליליטרים,750.00,"100 מ""ל",false,,29.90,0.0399,true,1,1370739
8410793262936,false,"אסטרייה דאם דאורה ללא גלוטן 330 מ""ל",החברה המרכזית להפצת משקאות בעמ,,בירה ללא גלוטן אסטרי,מיליליטרים,330.00,"100 מ""ל",false,,8.90,0.0270,true,1,1814874
8411320234006,false,נתחי טונה לבנה בשמן זית (פחית) 112 ג ORTIZ,אורטיז ORTIZ,,נתחי טונה לבנה בשמן,גרמים,112.00,100 גרם,false,,18.90,0.1687,true,1,2326038
8411320334027,false,אורטיז נתחי טונה צהובה בשמן זית (פחית) 1,אורטיז ORTIZ,,נתחי טונה צהובה בשמן,גרמים,112.00,100 גרם,false,,14.90,0.1330,true,1,2326039
8412168002529,false,מחייה 13 משקה כוהלי בטעם לימונים,דיסטילריאס לה הורטנה,,ערק מחייה 13 לימוני,מיליליטרים,700.00,"100 מ""ל",false,,54.90,0.0784,true,1,2024287
8412168002543,false,מחייה 13 רוזטה משקה כוהלי בטעם שקדים,אגודת הכורמים בעמ,,ערק מחייה 13 שקדים,מיליליטרים,700.00,"100 מ""ל",false,,54.90,0.0784,true,1,2283896
8412300801072,false,"ניוואה קרם רב שימושי 400 מ""ל",אלפא- ב.ד.ף בעמ,,ניוואה קרם רב שימושי,גרמים,400.00,100 גרם,false,,39.90,0.0997,true,1,2278721
8414753110343,false,פילה אנשובי אמיתי בשמן זית 45 גר פח,,,פילה אנשובי אמיתי בש,גרמים,43.00,100 גרם,false,,6.90,0.1605,true,1,1411911
8420822130600,false,"ספריי סופר מסיר שומנים 750מ""ל יעקבי","יעקב יעקבי ובניו בע""מ",,סופר מסיר שומנים,מיליליטרים,750.00,"100 מ""ל",false,,15.90,0.0212,true,1,2346025
8420822130624,false,"ספריי סופר מסיר כתמים 750מ""ל יעקבי","יעקב יעקבי ובניו בע""מ",,סופר מסיר כתמים,מיליליטרים,750.00,"100 מ""ל",false,,16.90,0.0225,true,1,2346026
8421401301206,false,פפריקה חריפה מעושנת במיכל 70 גר`LACHINA,תבליני טעם וריח בעמ,,פפריקה חריפה מעושנת,גרמים,70.00,100 גרם,false,,13.90,0.1986,true,1,2278845
8423207206488,false,סלים דליס חטיף דגנים מצופה שוקולד חלב מרבה 6*20 גרם,אף.סי תבליני בגליל ב,ES,מרבה סלים דליס שוקולד חלב,גרמים,120.00,100 גרם,false,,10.90,0.0908,true,1,1386588
8423207206495,false,סלים דליס חטיף דגנים מצופה שוקולד מריר מרבה 6*20 גרם,אף.סי תבליני בגליל ב,ES,מרבה סלים דליס שוקולד מרי,גרמים,120.00,100 גרם,false,,10.90,0.0908,true,1,1386589
8423207206501,false,סלים דליס חטיף דגנים עם שוקולד חלב מרבה 6*13 גרם,סלים דליס Slim Delis,ES,מרבה סלים דליס חצי מצופה,גרמים,78.00,100 גרם,false,,10.90,0.1397,true,1,1386590
8423207207362,false,חטיפי סלים דליס שוקולד לבן מרבה 6 יחידות,ביסנצ'ורי אס.אל.יו,ES,מרבה סלים דליס,גרמים,120.00,100 גרם,false,,10.90,0.0908,true,1,1386592
8423207208260,false,מרבה סלים דליס 125 ג' ללא גלוטן שוקולד חלב,ביסנצ'ורי אס.אל.יו,ES,מרבה סלים דליס חלב ללא גל,גרמים,78.00,100 גרם,false,,10.90,0.1397,true,1,1386599
8423207208680,false,חטיף דגנים שוקולד סלים דליס לילדים מרבה 6 יחידות,ביסנצ'ורי אס.אל.יו,,חטיף דגנים לילדים עם,גרמים,120.00,100 גרם,false,,10.90,0.0908,true,1,1421457
8423207208697,false,חטיפי סלים דליס לילדים שוקולד לבן מרבה 6 יחידות,ביסנצ'ורי אס.אל.יו,,חטיף דגנים לילדים עם,גרמים,78.00,100 גרם,false,,10.90,0.1397,true,1,1421458
8423207208703,false,חטיפי סלים דליס שוקולד מריר מרבה 6 יחידות,ביסנצ'ורי אס.אל.יו,,חטיף דגנים עם שוקולד,גרמים,120.00,100 גרם,false,,10.90,0.0908,true,1,1421459
8423207208871,false,פריכיות תירס בטעם טבעי סלים דליס 130 גרם,גורי מוצרי צריכה (1991) בעמ,,פריכיות תירס בטעם טב,גרמים,130.00,100 גרם,false,,9.90,0.0762,true,1,1436140
8423207208888,false,פריכיות תירס בטעם עגבניות ועשבי תיבול סלים דליס 123 ג',גורי מוצרי צריכה (1991) בעמ,,פריכיות תירס בטעם עג,גרמים,123.50,100 גרם,false,,9.90,0.0802,true,1,1436141
8423207208895,false,פריכיות תירס בטעם זיתים ועירית סלים דליס 123 ג',גורי מוצרי צריכה (1991) בעמ,,פריכיות תירס בטעם זי,גרמים,123.50,100 גרם,false,,9.90,0.0802,true,1,1436142
8423207209885,false,מרבה חטיפי סלים דליס מהדורה מיוחדת שוקולד חלב,סלים דליס Slim Delis,,חטיף דגנים עם שוקולד,גרמים,120.00,100 גרם,false,,10.90,0.0908,true,1,1861836
8423207210287,false,חטיפי סלים דליס שוקולד לבן יוגורט 6 יחידות,סלים דליס Slim Delis,,חטיף שוקולד לבן בטעם,גרמים,120.00,100 גרם,false,,10.90,0.0908,true,1,2032817
8423207210928,false,חטיף דגנים מצופה שוקולד חלב ואגוזי לוז - 5 במארז,נוטרישן אנד סנטה קוב,,חטיף דגנים סלים דליס,גרמים,90.00,100 גרם,false,,10.90,0.1211,true,1,2259439
8423207210942,false,חטיף דגנים מצופה שוקולד לבן ופירות יער,נוטרישן אנד סנטה קוב,,חטיף דגנים סלים דליס,גרמים,78.00,100 גרם,false,,10.90,0.1397,true,1,2259446
8423207210966,false,חטיף רב דגנים מצופה שוקולד לבן קוקוס ולימון,נוטרישן אנד סנטה קוב,,חטיף דגנים סלים דליס,גרמים,90.00,100 גרם,false,,10.90,0.1211,true,1,2259440
8423207210980,false,סלים דליס טופינג קליפת תפוז 90 גרם,נוטרישן אנד סנטה קוב,,חטיף דגנים סלים דליס,גרמים,78.00,100 גרם,false,,10.90,0.1397,true,1,2259447
8425206000081,false,ריבת חלב מרדל 450 גרם,גורי מוצרי צריכה (1991) בעמ,,ריבת חלב מרדל 450 ג,גרמים,450.00,100 גרם,false,,19.90,0.0442,true,1,1353429
8427030005010,false,תרכובת מזון על בסיס חלב A.R מלידה ואילך,אבוט מעבדות רפואיות,ES,SIMILAC SPIT-UP RELIEF 37,גרמים,375.00,100 גרם,false,,49.90,0.1331,true,1,1350676
8427030007281,false,סימילאק גולד קומפורט 1 תרכובת מזון על בסיס חלב,שקד תבל בעמ-סימילק,,סימילאק גולד קומפורט,גרמים,820.00,100 גרם,false,,109.90,0.1340,true,1,2267569
8435495805106,false,"ביומט אבקת כביסה בניחוח רענן 5ק""ג",ליימן שליסל בעמ,,ביומט אבקת כביסה 5 ק,קילוגרמים,5.00,"ק""ג",false,,29.90,5.9800,true,1,1874895
8435495805168,false,"תינוקלין לכביסה לעור רגיש אולימפיק 1.25ק""ג",מולינו ניקולי s.p.a,,"תינוקלין 1.25 ק""ג",קילוגרמים,1.25,"ק""ג",false,,21.90,17.5200,true,1,1938470
8435495805199,false,אבקת כביסה תינוקלין- 66 כביסות (3 קג),מולינו ניקולי s.p.a,,"תינוקלין 3 ק""ג",קילוגרמים,3.00,"ק""ג",false,,49.90,16.6333,true,1,1950631
8435495807605,false,תינוקלין מרכך כביסה היפואלרגני מרוכז 1 ליטר,מולינו ניקולי s.p.a,,מרכך כביסה תינוקלין,ליטרים,1.00,ליטר,false,,17.90,17.9000,true,1,2350144
8435495807636,false,תינוקלין ג`ל כביסה בייבי סנסטיב היפואל,ליימן שליסל בע`מ,,ג'ל כביסה תינוקלין ב,ליטרים,2.00,ליטר,false,,29.90,14.9500,true,1,2356503
8435495819363,false,תינוקלין - מרכך כביסה פרש & ג'נטל 1 ליטר,ליימן שליסל בע`מ,,מרכך כביסה תינוקלין,ליטרים,1.00,ליטר,false,,17.90,17.9000,true,1,2350145
8436575292205,false,ארטיק חמשושים מאגדת 15*12 גר',נגה גלידות שותפות מוגבלת,,מאגדת ארטיקים חמשושי,גרמים,180.00,100 גרם,false,,20.90,0.1161,true,1,2186574
8550740072390,false,פלפלונים מתוקים -עלו,,,פלפלונים מתוקים -עלו,גרמים,270.00,100 גרם,false,,7.90,0.0293,true,1,2273372
8593868006014,false,"בירה בלו מון 500מ""ל פחית 5.4%",הכרם - משקאות חריפים בעמ,,בירה בלו מון פחית,מיליליטרים,500.00,"100 מ""ל",false,,10.90,0.0218,true,1,2282632
8606018615865,false,פיינט מילקה קרמל ליבת שוקולד 480 גרם,נגה גלידות שותפות מוגבלת,,גלידה פיינט קרמל ליב,גרמים,480.00,גרם,false,,18.90,0.0394,true,1,2354506
8606109023593,false,"פרוויטה - מיץ תפוחי עץ ואגסים 750 מ""ל",יורוסטנדרט בעמ,,מיץ פרוויטה,מיליליטרים,750.00,"100 מ""ל",false,,11.90,0.0159,true,1,2305429
8606109023609,false,"פרוויטה - מיץ תפוחי עץ ודובדבנים חמוצים 750 מ""ל",יורוסטנדרט בעמ,,מיץ פרוויטה,מיליליטרים,750.00,"100 מ""ל",false,,11.90,0.0159,true,1,2305430
8606109023623,false,"פרוויטה - מיץ תפוחי עץ ולימון ליים 750 מ""ל",יורוסטנדרט בעמ,,מיץ פרוויטה,מיליליטרים,750.00,"100 מ""ל",false,,11.90,0.0159,true,1,2305431
8680202110824,false,שמרים לאפיה יבשים נמסים אינסטנט,נאמן לאורך זמן בעמ,,שמרים נמסים בוואקום,גרמים,125.00,100 גרם,false,,3.90,0.0312,true,1,1376609
8680202110848,false,שמרים נמסים בוואקום 454 גר,נאמן לאורך זמן בעמ,,שמרים נמסים בוואקום,גרמים,454.00,100 גרם,false,,11.90,0.0262,true,1,1376610
8681863065270,false,saltbae מלח ים מים האגאי 350 גרם ויליפוד,ג.וילי פוד אינטרנשיונל בעמ,,מלח ים מים האגאי 350,גרמים,350.00,100 גרם,false,,24.90,0.0711,true,1,2351863
8681863065287,false,saltbae מלח הימלאיה 350 גרם ויליפוד,ג. וילי-פוד אינטרנשיונל בע`מ,,מלח ים עם רוזמרין 35,גרמים,350.00,100 גרם,false,,24.90,0.0711,true,1,2351868
8681863065294,false,מלח ים בטעם מעושן 350 ג' ויליפוד,ג.וילי פוד אינטרנשיונל בעמ,,מלח ים בטעם מעושן 35,גרמים,350.00,100 גרם,false,,24.90,0.0711,true,1,2351869
8681863065324,false,saltbae מלח ים עם רוזמרין 200 גרם ויליפוד,ג.וילי פוד אינטרנשיונל בעמ,,מלח ים עם רוזמרין 20,גרמים,200.00,100 גרם,false,,24.90,0.1245,true,1,2351870
8681863065379,false,saltbae מלח ים עם פלפל צ'ילי 220 גרם ויליפוד,ג.וילי-פוד אינטרנשיונל בעמ,,מלח ים עם פלפל צ'ילי,גרמים,220.00,100 גרם,false,,24.90,0.1132,true,1,2351872
8681863065478,false,מלח מתובל וילי פוד 110 גר,ג.וילי-פוד אינטרנשיונל בעמ,,מלח מתובל 110 גרם,גרמים,110.00,100 גרם,false,,14.90,0.1355,true,1,2351855
8681863065492,false,saltbae מלח מתובל מעושן 110 גרם ויליפוד,ג.וילי-פוד אינטרנשיונל בעמ,,מלח מתובל מעושן 110,גרמים,110.00,100 גרם,false,,14.90,0.1355,true,1,2351857
8683130008355,false,מיונז שום לחיץ אמיתי הלמנס 400 גרם,יוניליוור ישראל שיווק בע`מ,,מיונז הלמנס עם שום 4,גרמים,400.00,100 גרם,false,,16.90,0.0422,true,1,2325773
8683130008935,false,"הלמנס קטשיונז 425 גר{הרב רלב""ג}",יוניליוור ישראל שיווק בע`מ,,ממרח קטשיונז הלמנס ל,גרמים,425.00,100 גרם,false,,16.90,0.0398,true,1,2329976
8683130025574,false,"מרכך כביסה מרוכז אקסטרה לבנדר בדין 960 מ""ל",יוניליוור ישראל שיווק בע`מ,,בדין אקסטרא לבנדר 96,מיליליטרים,960.00,"100 מ""ל",false,,15.90,0.0166,true,1,2351583
8683130025581,false,"מרכך כביסה מרוכז אקסטרה ענבר בדין 960 מ""ל",יוניליוור ישראל שיווק בע`מ,,בדין אקסטרא ענבר 960,מיליליטרים,960.00,"100 מ""ל",false,,15.90,0.0166,true,1,2351584
8683323063024,false,יוגטה שטיחים בטעם תותי פרוטי 220 גרם,ליימן שליסל בע`מ,,ממתק גומי שטיחים תות,גרמים,220.00,100 גרם,false,,4.90,0.0223,true,1,1698661
8690504081913,false,מקוויטיס טינס מצופה שוקולד חלב 150 גרם,תה ויסוצקי (ישראל) בעמ,,ביסקוויט מקויטיס טינ,גרמים,150.00,100 גרם,false,,8.90,0.0593,true,1,2157665
8690504081920,false,מקוויטיס טינס מצופה שוקולד מריר 150 גרם,"אולקר ביסקווי סנאי, א.ס.",,ביסקוויט מקויטיס טינ,גרמים,150.00,100 גרם,false,,8.90,0.0593,true,1,2157666
8690504081937,false,מקוויטיס טינס שוקולד חלב וקפוצינו 150 גר,תה ויסוצקי (ישראל) בעמ,,ביסקוויט מקויטיס טינ,גרמים,150.00,100 גרם,false,,8.90,0.0593,true,1,2157667
8690504153740,false,גודייבה שוקולד מריר במילוי קרם גנאש 86 גרם,תה ויסוצקי (ישראל) בעמ,,טבלת שוקולד מריר עם,גרמים,86.00,100 גרם,false,,10.90,0.1267,true,1,1988225
8690504153849,false,גודייבה שוקולד חלב במילוי קרם בטעם פרלין אגוזים 83 גרם,תה ויסוצקי (ישראל)בעמ,,טבלת שוקולד חלב ק.אג,גרמים,83.00,100 גרם,false,,10.90,0.1313,true,1,1988226
8690504156543,false,טבלת שוקלד חלב ממולא בקרם גנאש שוקולד חלב 88 גר',ביסקוט ביסקווי סילברי,,שוקולד גודייבה ממולא,גרמים,88.00,100 גרם,false,,10.90,0.1239,true,1,2234753
8690526009278,false,אי טי אי - חטיף קרמל מצופה שוקולד וחלב כדורוני דגנים 126 גרם,"GIDA ETI , טורקיה n\",,חטיף קרמל מצופה שוקו,גרמים,126.00,100 גרם,false,,7.90,0.0627,true,1,2260423
8690526009353,false,אי טי אי - מיני חטיף בוטנים נוגט קרמל מצופה שוקולד חלב 140 גרם,"GIDA ETI , טורקיה n\",,חטיף מיני בוטנים נוג,גרמים,140.00,100 גרם,false,,7.90,0.0564,true,1,2260425
8690526016207,false,אי טי אי - מיני עוגה מצופה במילוי קרמל 144 גרם,גורי ע.ע.ע. בעמ,,מיני עוגה קרמל 144 ג,גרמים,144.00,100 גרם,false,,7.90,0.0549,true,1,2355510
8690526019147,false,אי טי אי - וופל במילוי קרם אגוזי לוז 142 גרם,"GIDA ETI , טורקיה n\",,וופל קקאו במילוי קרם,גרמים,142.00,100 גרם,false,,4.90,0.0345,true,1,2260412
8690526019185,false,אי טי אי - וופל במילוי קרם שוקולד חלב 142 גרם,מולינו ניקולי s.p.a,,וופל קקאו במילוי קרם,גרמים,142.00,100 גרם,false,,4.90,0.0345,true,1,2260415
8690526019376,false,אי טי אי - שוקולד מריר 70% מוצקי קקאו 90 גרם,,,שוקולד מריר עם מוצקי,גרמים,90.00,100 גרם,false,,5.90,0.0656,true,1,2354547
8690526039190,false,אי טי אי - מארז חמישייה וופל במילוי קרם אגוזים וחתיכות בוטנים 145 גרם,אתי גידה סאנאי וה טיק .A,,וופל חמישיה אגוזים 5,גרמים,145.00,100 גרם,false,,7.90,0.0545,true,1,2355504
8690526049335,false,אי טי אי - שוקולד חלב עם פיסטוק 90 גרם,,,שוקולד חלב עם פיסטוק,גרמים,90.00,100 גרם,false,,5.90,0.0656,true,1,2354550
8690572775288,false,"גליס מרכך סרום שיקום עמוק 400 מ""ל",שוורצקוף Schwarzkopf,DE,גליס שמפו צבע אולטימטיבי,מיליליטרים,400.00,"100 מ""ל",false,,18.90,0.0472,true,1,1369890
8690572778326,false,פה ד.ספרי אנטיפרספינט 200 מל 1/12,שוורצקופף והנקל,,דאודורנט פה-ספריי,מיליליטרים,200.00,"100 מ""ל",false,,9.90,0.0495,true,1,1502043
8690572783931,false,"פה - דאודורנט ספריי לגבר אינוויזיבל פאוואר 200 מ""ל",שוורצקופף והנקל,,דאודורנט פה-ספריי,מיליליטרים,200.00,"100 מ""ל",false,,9.90,0.0495,true,1,1897620
8690572784303,false,שמפו גליס Gliss לשיער ארוך Supreme Length,שוורצקופף והנקל,,שמפו גליס אולטימט רי,מיליליטרים,400.00,"100 מ""ל",false,,18.90,0.0472,true,1,1996065
8690572786222,false,מרכך גליס Gliss לשיער ארוך Supreme Length,שוורצקופף והנקל,,מרכך גליס אולטימט רי,מיליליטרים,400.00,"100 מ""ל",false,,18.90,0.0472,true,1,1996069
8690572788851,false,"גליס - שמפו ביו טק 400 מ""ל",שוורצקופף והנקל,,שמפו גליס ביו-טק,מיליליטרים,400.00,"100 מ""ל",false,,18.90,0.0472,true,1,2234075
8690572788912,false,"גליס - ביו טק מרכך 400 מ""ל",שוורצקופף והנקל,,מרכך גליס ביו-טק,מיליליטרים,400.00,"100 מ""ל",false,,18.90,0.0472,true,1,2234082
8690572794715,false,"גליס - מרכך לאיזון והזנת הקרקפת 400 מ""ל","הובי קוסמטיק, חברת ייצור",,מרכך גליס נוטרי באלא,מיליליטרים,400.00,"100 מ""ל",false,,18.90,0.0472,true,1,2284345
8690572799505,false,סאיוס מרכך לחיזוק שורשי סיב השערה 500 מל,"הובי קוסמטיק, אנקרה, תור",,"מרכך סאיוס 500 מ""ל",מיליליטרים,500.00,"100 מ""ל",false,,14.90,0.0298,true,1,2301775
8690572799543,false,"סאיוס שמפו לחיזוק שורשי סיב השערה 500 מ""ל","הובי קוסמטיק, אנקרה, תור",,"שמפו סאיוס 500 מ""ל",מיליליטרים,500.00,"100 מ""ל",false,,14.90,0.0298,true,1,2301779
8690637073373,false,תה ארל גריי בטעם ברגמוט ליפטון 25 שקיקים,יוניליוור ישראל שיווק בע`מ,TR,ארל גריי 50 גר,גרמים,50.00,100 גרם,false,,7.90,0.1580,true,1,1389140
8690637073434,false,תה ארל גריי בטעם ברגמוט ללא שקית100ש,"יוניליוור ישראל שיווק בע""מ",,תה ליפטון ארל גריי 1,גרמים,200.00,100 גרם,false,,22.90,0.1145,true,1,1389141
8690637503856,false,ממרח הלמנס כ- 40% פחות שומן לעומת מיונז,יוניליוור ישראל שיווק בע`מ,,ממרח הלמנס לחיץ 355,גרמים,355.00,100 גרם,false,,16.90,0.0476,true,1,2275754
8690637504426,false,"קרם ניקוי סיף בניחוח לימון 500 מ""ל",יוניליוור ישראל שיווק בע`מ,,"סיף קרם לימון 500 מ""",מיליליטרים,500.00,"100 מ""ל",false,,10.90,0.0218,true,1,2327479
8690637505614,false,"מרכך כביסה אקסטרא פינוק קוקוס 960 מ""ל בדין",יוניליוור ישראל שיווק בע`מ,,בדין אקסטרא כחול-960,מיליליטרים,960.00,"100 מ""ל",false,,15.90,0.0166,true,1,2306317
8690637505935,false,דאב תחליב רחצה לידיים שמן אבוקדו ותמצית קלנדולה,יוניליוור ישראל שיווק בעמ,,סבון ידיים דאב אבוקד,מיליליטרים,500.00,"100 מ""ל",false,,16.90,0.0338,true,1,2328402
8690637505959,false,דאב סבון ידיים הזנה לוטוס 500 מל,יוניליוור ישראל שיווק בעמ,,סבון ידיים דאב לוטוס,מיליליטרים,500.00,"100 מ""ל",false,,16.90,0.0338,true,1,2328403
8690637506956,false,"דאב שמפו נגד קשקשים אלוורה 600 מ""ל","יוניליוור ישראל שיווק בע""מ",,שמפו דאב למניעת קשקש,מיליליטרים,600.00,"100 מ""ל",false,,18.90,0.0315,true,1,2363475
8690637688195,false,"תה ירוק קלאסי ליפטון 20 יחידות בד""צ",יוניליוור ישראל שיווק בע`מ,TR,ליפטון תה ירוק מעטפות קלא,גרמים,34.00,100 גרם,false,,15.90,0.4676,true,1,1389177
8690637704277,false,"שמפו ומרכך לשיער רגיל 600 מ""ל דאב","יוניליוור ישראל שיווק בע""מ",TR,דאב שמפו יום יומי 2 ב-1 6,מיליליטרים,600.00,"100 מ""ל",false,,18.90,0.0315,true,1,1389181
8690637704390,false,"מרכך שיער לטיפוח יום יומי דאב 600 מ""ל","יוניליוור ישראל שיווק בע""מ",TR,דאב מרכך יום יומי 600מל,מיליליטרים,600.00,"100 מ""ל",false,,18.90,0.0315,true,1,1389184
8690637704413,false,מרכך לשיקום אינטנסיבי לשיער פגום,"יוניליוור ישראל שיווק בע""מ",TR,דאב מרכך משקם 600מל,מיליליטרים,600.00,"100 מ""ל",false,,18.90,0.0315,true,1,1389185
8690637704437,false,שמפו עם שמני הזנה לטיפוח לשיער יבש,"יוניליוור ישראל שיווק בע""מ",TR,דאב שמפו שמני הזנה 600 מל,מיליליטרים,600.00,"100 מ""ל",false,,18.90,0.0315,true,1,1389186
8690637704451,false,מרכך עם שמני הזנה לטיפוח לשיער יבש,"יוניליוור ישראל שיווק בע""מ",TR,דאב מרכך שמני הזנה 600 מל,מיליליטרים,600.00,"100 מ""ל",false,,18.90,0.0315,true,1,1389187
8690637799594,false,תה ירוק ליפטון נענע בסגנון מרוקאי 20יח',"יוניליוור ישראל שיווק בע""מ",,תה ירוק ליפטון נענע,גרמים,34.00,100 גרם,false,,15.90,0.4676,true,1,1463367
8690637835643,false,"תה ירוק לימונית ולאויזה 30 גרם ""ליפטון""","יוניליוור ישראל שיווק בע""מ",,תה ירוק ליפטון לואיז,גרמים,30.00,100 גרם,false,,15.90,0.5300,true,1,1807929
8690637858734,false,ג'ל לניקוי כללי בתוספת אקונומיקה בניחוח לימון,"יוניליוור ישראל שיווק בע""מ",,סיף גל אקונומיקה 750,מיליליטרים,750.00,"100 מ""ל",false,,11.90,0.0159,true,1,1990746
8690637858741,false,ג'ל לניקוי כללי בתוספת אקונומיקה בניחוח רוח ים,יוניליוור ישראל שיווק בע`מ,,סיף גל אקונומיקה 750,מיליליטרים,750.00,"100 מ""ל",false,,11.90,0.0159,true,1,1990747
8690637858758,false,ג'ל לניקוי כללי בתוספת אקונומיקה בניחוח אורנים,יוניליוור ישראל שיווק בע`מ,,סיף גל אקונומיקה 750,מיליליטרים,750.00,"100 מ""ל",false,,11.90,0.0159,true,1,1990748
8690637865589,false,"דאב תרחיץ ידיים בניחוח מלפפונים ותה ירוק 500 מ""ל",יוניליוור ישראל שיווק בעמ,,סבון ידיים דאב מלפפו,מיליליטרים,500.00,"100 מ""ל",false,,16.90,0.0338,true,1,2148098
8690637865596,false,תחליב רחצה לניקוי וטיפוח עור היד 750 מ,יוניליוור ישראל שיווק בעמ,,סבון ידיים דאב הזנה,מיליליטרים,500.00,"100 מ""ל",false,,16.90,0.0338,true,1,2148099
8690637866753,false,"בדין מרכך כביסה מרוכז אקסטרה סגול 960 מ""ל","יוניליוור ישראלשיווק בע""מ",,"בדין אקסטרא 960 מ""ל",מיליליטרים,960.00,"100 מ""ל",false,,15.90,0.0166,true,1,1941443
8690637871047,false,דאב שמפו בתוספת שמן קוקוס וכורכום 600 מל,"יוניליוור ישראל שיווק בע""מ",,שמפו דאב 600 עם שמן,מיליליטרים,600.00,"100 מ""ל",false,,18.90,0.0315,true,1,2007278
8690637871061,false,"דאב שמפו עם שמן אבוקדו ותמצית קלנדולה 600 מ""ל",יוניליוור ישראל שיווק בע`מ,,שמפו דאב 600 עם שמן,מיליליטרים,600.00,"100 מ""ל",false,,18.90,0.0315,true,1,2007279
8690637871245,false,הלמנס מיונז אמיתי 395 גר' בקבוק לחיץ.,יוניליוור ישראל שיווק בע`מ,,ממרח מיונז אמיתי הלמ,גרמים,395.00,100 גרם,false,,16.90,0.0428,true,1,2139239
8690637916977,false,מרכך עם שמן קוקוס וכורכום למראה שיער משוקם,יוניליוור ישראל שיווק בעמ,,מרכך דאב עם שמן קוקס,מיליליטרים,600.00,"100 מ""ל",false,,18.90,0.0315,true,1,2205410
8690637946301,false,"בדין - מרכך כביסה אקסטרא בייביי כחול 960 מ""ל","יוניליוור ישראל שיווק בע""מ",,בדין אקסטרא בייבי 96,מיליליטרים,960.00,"100 מ""ל",false,,15.90,0.0166,true,1,2245723
8690637971310,false,"מרכך כביסה מרוכז אקסטרה בניחוח יערת הדבש בדין 960 מ""ל",יוניליוור ישראל שיווק בע`מ,,בדין אקסטרא יערת הדב,מיליליטרים,960.00,"100 מ""ל",false,,15.90,0.0166,true,1,2271264
8690637976995,false,"מרכך כביסה מרוכז אקסטרה ורוד סחלבים פראי בדין 960 מ""ל","יוניליוור ישראל שיווק בע""מ",,בדין אקסטרא ורוד- 96,מיליליטרים,960.00,"100 מ""ל",false,,15.90,0.0166,true,1,2271265
8690637977794,false,תחליב רחצה לידיים בניחוח חמאת שיאה ווניל,קוסטר אירוסול ולף סנ,,סבון ידיים דאב חמאת,מיליליטרים,500.00,"100 מ""ל",false,,16.90,0.0338,true,1,2275746
8690757002376,false,"משחה להברקת נעליים עם ספוג 50 SILVERמ""ל-צבע שחור",אינטרסן (1996) בעמ,,משחת נעליים,מיליליטרים,50.00,"100 מ""ל",false,,4.90,0.0980,true,1,1368938
8690757002444,false,"נוזל להברקת נעליים שחור 75 SILVERמ""ל",אינטרסן (1996) בעמ,,נוזל לנעליים,מיליליטרים,75.00,"100 מ""ל",false,,4.90,0.0653,true,1,1368944
8690757002451,false,"נוזל להברקת נעליים 75מ""ל חום",אינטרסן (1996) בעמ,,נוזל לנעליים,מיליליטרים,75.00,"100 מ""ל",false,,4.90,0.0653,true,1,1368945
8690757002482,false,"ספוג מבריק נעליים עם צבע 6 מ""ל SILVER -שחור",אינטרסן (1996) בעמ,,ספוג לנעלים,יחידה,0.00,יחידה,false,,8.90,0.0000,true,1,1368948
8690766156367,false,טבלת שוקולד חלב מעולה 90 גר` גודייבה,תה ויסוצקי (ישראל) בעמ,,שוקולד גודייבה חלב מ,גרמים,90.00,100 גרם,false,,10.90,0.1211,true,1,2234761
8690766156374,false,גודייבה שוקולד מריר מעולה 72% מוצקי קקאו 72גרם,תה ויסוצקי (ישראל) בעמ,,שוקולד גודייבה מריר,גרמים,90.00,100 גרם,false,,10.90,0.1211,true,1,2234762
8690766156381,false,גודייבה שוקולד מריר 90% מוצקי קקאו 90 גרם,תה ויסוצקי (ישראל) בעמ,,שוקולד גודייבה מריר,גרמים,90.00,100 גרם,false,,10.90,0.1211,true,1,2234763
8690766156398,false,"שוקולד חלב מעולה בתוספת שברי שקדים קלויים,דבש ומלח 90 גרם","אולקר מקבוצת פלאדיס, ציק",,שוקולד גודייבה חלב ב,גרמים,90.00,100 גרם,false,,10.90,0.1211,true,1,2234764
8690766156404,false,שוקולד מריר מעולה גודייבה תפוז אדום 90 גרם,תה ויסוצקי (ישראל) בעמ,,שוקולד גודייבה מריר,גרמים,90.00,100 גרם,false,,10.90,0.1211,true,1,2234765
8690766156411,false,שוקולד מריר מעולה בטעם פלפל ורוד עם חתיכות תות מסוכר 90 גרם,תה ויסוצקי (ישראל)בעמ,,שוקולד גודייבה מריר,גרמים,90.00,100 גרם,false,,10.90,0.1211,true,1,2234766
8690770322598,false,שמרים יבשים פוליבה הנמל 125 גרם,הנמל אריזות ושיווק (1984) בעמ,,שמרים יבשים 125 גרם,גרמים,125.00,100 גרם,false,,3.90,0.0312,true,1,1368270
8690777203012,false,פלפלים ירוקים כבושים לא חריפים סרה ויליפוד 600 גרם,ג. וילי-פוד אינטרנשיונל בע`מ,TR,פלפל ירוק כבוש לא חריף 60,גרמים,600.00,100 גרם,false,,12.90,0.0215,true,1,1353079
8690777204071,false,פלפלים כבושים חריפים סרה 320 גרם,ג. וילי-פוד אינטרנשיונל בע`מ,TR,פלפל חריף 640גרם מותג SER,גרמים,640.00,100 גרם,false,,12.90,0.0202,true,1,1353080
8690777206051,false,חציל קלוי על האש סרה ויליפוד 650 גרם,ג. וילי-פוד אינטרנשיונל בע`מ,TR,חצילים קלויים על האש 650ג,גרמים,650.00,100 גרם,false,,12.90,0.0198,true,1,1353081
8690777221405,false,פלפל אדום קלוי על האש 650 גר` ויליפוד,ג. וילי-פוד אינטרנשיונל בע`מ,TR,פלפל אדום קלוי על האש 650,גרמים,650.00,100 גרם,false,,12.90,0.0198,true,1,1353082
8690784516440,false,דאק נוזל לניקוי מתקדם בניחוח לבנדה בודד 750מל,"אס.סי.ג'\ונסון מידרכט, ה",,טואלט דאק ג'ל לניקוי,מיליליטרים,750.00,"100 מ""ל",false,,12.90,0.0172,true,1,1839996
8690784611442,false,סבון מוצק לניקוי אסלה בניחוח הדרים בתוספת אקונומיקה,דאופלור אס פי אי כונ,,דאק סבון ניקוי אסלה,גרמים,30.00,100 גרם,false,,7.90,0.2633,true,1,2233111
8690784614665,false,דאק סבון ניקוי לאסלה 5ב1 בניחוח ים,דאופלור אס פי אי כונ,,דאק סבון ניקוי אסלה,גרמים,30.00,100 גרם,false,,7.90,0.2633,true,1,1986382
8690784614771,false,סבון דאק לניקוי אסלה בניחוח רענן נתלה,דאופלור אס.פי.אי כונ,,דאק סבון ניקוי אסלה,גרמים,30.00,100 גרם,false,,7.90,0.2633,true,1,1986383
8690784616775,false,סבון מוצק לאסלה דאק אקווה בלו 4 ב-1 80 ג,טואלט דאק (ג'ונסון),,סבון ניקוי לאסלה דאק,יח',1.00,יח',false,,9.90,9.9000,true,1,2120420
8690784711777,false,דאק סבון אקטיבי בתוספת אקונומיקה מקציפה בניחוח ים,דאופלור אס פי אי כונ,,דאק סבון ניקוי אסלה,גרמים,30.00,100 גרם,false,,7.90,0.2633,true,1,2221954
8692952070020,false,"כוס בירה 380 מ""ל",,,"כוס בירה 380 מ""ל",יחידה,0.00,יחידה,false,,6.90,0.0000,true,1,2352840
8693323085100,false,גומי יוגטה שטיחים חמוצים טעם פירות 100 ג,ליימן שליסל בע`מ,,ממתק חמוץ בצורת שטיח,גרמים,100.00,100 גרם,false,,5.90,0.0590,true,1,2035698
8693495037853,false,זוג מברשות שיניים קולגייט סלים סופט זהב,הנסיך- מפעל לייצור ט,CN,קולגייט מברשת סלים סופט ז,יח',2.00,יח',false,,29.90,14.9500,true,1,1386612
8693495050333,false,"פלמוליב סבון נוזלי לגבר לימון ירוק 500 מ""ל",קולגייט פלמוליב,,סבון נוזלי פלמוליב ל,מיליליטרים,500.00,"100 מ""ל",false,,15.90,0.0318,true,1,1762247
8693495051002,false,מברשת שיניים לילדים מיניונים קולגייט 6+,קולגייט פלמוליב,,מברשת שיניים קולגייט,יח',1.00,יח',false,,18.90,18.9000,true,1,1804237
8693495051255,false,מברשת שיניים קולגייט סלים סופט זהב זוג,קולגייט - פלמוליב,,זוג מברשות שיניים קו,יח',2.00,יח',false,,29.90,14.9500,true,1,1831486
8693495052177,false,פלמוליב נטורלס תחליב רחצה זיתים 750 מל,קולגייט פלמוליב,,סבון נוזלי פלמוליב ז,מיליליטרים,750.00,"100 מ""ל",false,,17.90,0.0239,true,1,1863142
8693495054034,false,פלמוליב ס.נוזלי לומינוס אבוקדו 750 משאבה,קולגייט פלמוליב,,סבון נוזלי פלמוליב ל,מיליליטרים,750.00,"100 מ""ל",false,,17.90,0.0239,true,1,2329526
8696219365799,false,חמוצון הרמטי פרש בוק,,,חמוצון הרמטי פרש בוק,יחידה,0.00,יחידה,false,,14.90,0.0000,true,1,2329798
8696219376146,false,דלי שקוף מקושט 12 לי,,,דלי שקוף מקושט 12 לי,יחידה,0.00,יחידה,false,,19.90,0.0000,true,1,2329801
8696219395017,false,כד מידה מקצועי 0.5 ל,,,כד מידה מקצועי 0.5 ל,יחידה,0.00,יחידה,false,,9.90,0.0000,true,1,2329805
8697040108975,false,אסותא סבון נוזלי להיגיינה אישית 1/12,עיסא ערטול בעמ-סוכן הנקל סוד,,סבון נוזלי אסותא נשי,מיליליטרים,400.00,"100 מ""ל",false,,14.90,0.0373,true,1,1752988
8697040108982,false,אסותא סבון נוזלי לש.אינטמ,עיסא ערטול בעמ-סוכן הנקל סוד,,סבון נוזלי אסותא נשי,מיליליטרים,400.00,"100 מ""ל",false,,14.90,0.0373,true,1,1752989
8697040109323,false,אסותא סבון מוצק להיגיינה,עיסא ערטול בעמ-סוכן הנקל סוד,,סבון מוצק אסותא,גרמים,100.00,100 גרם,false,,3.90,0.0390,true,1,1417805
8697430885424,false,פסטה פרפרים ארבלה וי,ארבלה Arbella,TR,פרפרים 5 ARBELLA,גרמים,500.00,100 גרם,false,,4.90,0.0098,true,1,1395047
8697430885431,false,פסטה פנה ארבלה ויטה,ארבלה Arbella,TR,פנה 4 ARBELLA,גרמים,500.00,100 גרם,false,,4.90,0.0098,true,1,1395048
8697430885455,false,קונכיות ארבלה ויטה,ארבלה Arbella,TR,קונכיות 3 ARBELLA,גרמים,500.00,100 גרם,false,,4.90,0.0098,true,1,1395049
8697430885479,false,פוזילי ארבלה ויטה,ארבלה Arbella,TR,פוזילי 2 ARBELLA,גרמים,500.00,100 גרם,false,,4.90,0.0098,true,1,1395050
8697430885493,false,ספגטי ארבלה ויטה,ארבלה Arbella,TR,ספגטי 1 ARBELLA,גרמים,500.00,100 גרם,false,,4.90,0.0098,true,1,1395051
8697431460217,false,קונפיטורה 70% תפוזים 450 ג' FRUPPA,תומר יבוא ושיווק מוצרי מזון (1,,קונפיטור 70% תפוזים,גרמים,450.00,100 גרם,false,,12.90,0.0287,true,1,1387282
8697431460378,false,קונפיטורה 70% שזיף פרופה 450 גרם,פרוטנגו Fruitango,,קונפיטורה 70% שזיפים,גרמים,450.00,100 גרם,false,,12.90,0.0287,true,1,1387285
8697431921701,false,קונפיטורה תות שדה 70% פרי פרופה 454 גר',תומר יבוא ושיווק מוצרי מזון (1,,קונפיטור 70% תות,גרמים,450.00,100 גרם,false,,12.90,0.0287,true,1,1387286
8697431921718,false,קונפיטורה דובדבן חמוץ 70% פרי פרופה 454 גר',תומר יבוא ושיווק מוצרי מזון (1,,קונפיטור 70% דובדבן,גרמים,450.00,100 גרם,false,,12.90,0.0287,true,1,1387287
8697431925143,false,קונפיטורה 70% פירות יער 450 גר`תומר,תומר יבוא ושיווק מוצרי מזון (1,,קונפיטור 70% מיקס פי,גרמים,450.00,100 גרם,false,,12.90,0.0287,true,1,2113519
8697633821663,false,מסננת עגולה בינונית,,,מסננת עגולה בינונית,יחידה,0.00,יחידה,false,,9.90,0.0000,true,1,2365723
8699073291273,false,פלפל כבוש חריף 640 גרם MELIS כשרות K,ג. וילי-פוד אינטרנשיונל בע`מ,,פלפל כבוש חריף 640 ג,גרמים,640.00,100 גרם,false,,12.90,0.0202,true,1,2277976
8699073292768,false,חציל קלוי על האש 640 גרם MELIS כשרות K,ג. וילי-פוד אינטרנשיונל בע`מ,,חציל קלוי על האש 640,גרמים,640.00,100 גרם,false,,12.90,0.0202,true,1,2277977
8710428005762,false,תרכובת מזון לתינוקות על בסיס חלבון סויה איזומיל טף שלב 2,"אבוט מעבדות רפואיות בע""מ",ES,SIMILAC ISOMIL TAF NG 400,גרמים,400.00,100 גרם,false,,44.90,0.1122,true,1,1350680
8710428016348,false,אבקת משקה להשלמה תזונתית וניל 400 ג' פדיאשור,אבוט מעבדות רפואיות,,פדיאשור משקה להשלמה,גרמים,400.00,100 גרם,false,,39.90,0.0997,true,1,2271221
8710428017000,false,פדיאשור השלמה תזונתית בטעם וניל 850 גרם,שקד תבל בעמ-סימילק,,פדיאשור משקה להשלמה,גרמים,850.00,100 גרם,false,,79.90,0.0940,true,1,2267553
8710447224311,false,מרכך בוטניק בתוספת שמן קוקוס ואלוורה,יוניליוור ישראל שיווק בעמ,,מרכך טרזמה בוטניק 40,מיליליטרים,400.00,"100 מ""ל",false,,14.90,0.0373,true,1,2212276
8710447240915,false,טרזמה מסכה משקמת בתוספת ביוטין 300 מל,"יוניליוור פולין, רחוב קר",,מסכה לשיער טרזמה ביו,מיליליטרים,300.00,"100 מ""ל",false,,29.90,0.0997,true,1,2213500
8710447275306,false,דאב קרם ידיים שמן אבוקדו ותמצית קלנדולה,יוניליוור ישראל שיווק בעמ,,קרם ידיים דאב שמן אב,מיליליטרים,75.00,"100 מ""ל",false,,12.90,0.1720,true,1,2191025
8710447331095,false,טרזמה בוטניק מסכה לשיער 300 מל,"יוניליוור ישראלשיווק בע""מ",,מסכה לשיער טרזמה בוט,מיליליטרים,300.00,"100 מ""ל",false,,29.90,0.0997,true,1,2212279
8710502060021,false,מרבה פטיסרי עוגיות מאפין רכות 210 גרם,ש. שסטוביץ בע`מ,,עוגיות מרבה פטיסרי מ,גרמים,210.00,100 גרם,false,,9.90,0.0471,true,1,2356656
8710502064814,false,עוגיות מרבה שוקולד ציפס במרקם רך 175 גר,בנקטבקריי מרבה בי.וי,,עוגיות שוקולד ציפס 1,גרמים,175.00,100 גרם,false,,8.90,0.0509,true,1,1386617
8710502100864,false,מרבה פטיסרי עוגיות דאבל שוקולד 200 גרם,ש.שסטוביץ בעמ,,עוגיות מרבה פטיסרי ד,גרמים,200.00,100 גרם,false,,9.90,0.0495,true,1,2356657
8710502139017,false,עוגיות טריפל שוקולד צ`יפס מרבה (180 גרם),בנקטבקריי מרבה בי.וי,NL,מרבה עוגיות טריפל שוקולד,גרמים,180.00,100 גרם,false,,8.90,0.0494,true,1,1386618
8710502194801,false,"עוגיות שוקלד ציפס רכה פירות יער ""מרבה"" 175 גרם",בנקטבקריי מרבה בי.וי,,עוגיות שוקולד צי'פס,גרמים,175.00,100 גרם,false,,8.90,0.0509,true,1,1462582
8710502231018,false,מרבה מיני עוגיות שוקולד צ'יפס 175 גרם,ש. שסטוביץ בע`מ,,עוגיות מרבה שוקולד צ,גרמים,175.00,100 גרם,false,,9.90,0.0566,true,1,2282084
8710502279003,false,עוגיות שוקולד צ'יפס מצופות 49% 180 ג' מרבה פטיסרי,ש.שסטוביץ בעמ,,עוגיות מרבה פטיסרי ש,גרמים,180.00,100 גרם,false,,9.90,0.0550,true,1,2356658
8710502279010,false,מרבה עוגיות שוקולד צ'יפס מצופות שוקולד 175 גרם,"י.מרבה ישראל בע""מ",,עוגיות שוקולד צ'יפס,גרמים,175.00,100 גרם,false,,8.90,0.0509,true,1,2279301
8710502405204,false,עוגיות שוקולד צ'יפס עם קרם שוקולד מרבה 175 גרם,קריניציה ויטמינה אס,NL,מרבה עוגיות ממולאות קרם,גרמים,175.00,100 גרם,false,,8.90,0.0509,true,1,1386620
8710502470028,false,עוגיות שוקולד צ'יפס ממולאות בקרם נוגט,קריניציה ויטמינה אס,NL,מרבה עוגיות נוגטלי 160 ג,גרמים,160.00,100 גרם,false,,8.90,0.0556,true,1,1386622
8710502470035,false,עוגיות נוגטלי במילוי קרם אגוזים 200 ג' מרבה פטיסרי,ש. שסטוביץ בע`מ,,עוגיות מרבה פטיסרי נ,גרמים,200.00,100 גרם,false,,9.90,0.0495,true,1,2356659
8710552274614,false,שמפו קצף לנ.שטיחים וניש קליה גולד 600 מל,רקיט בנקיזר (ניר איסט) בעמ,,וניש גולד קצף שטיחים,מיליליטרים,600.00,"100 מ""ל",false,,29.90,0.0498,true,1,1992586
8710800027573,false,סוכריות מיני בטעם פירות מנטוס 178 גרם,פרפטי ואן מלה ברדה,,שקית מיני מנטוס,גרמים,178.00,100 גרם,false,,12.90,0.0725,true,1,1373500
8710800961310,false,סוכריות בטעם תות מנטוס 4*375 גרם,פרפטי ואן מלה ברדה,,מנטוס 1/4 טעם תות,גרמים,150.00,100 גרם,false,,10.90,0.0727,true,1,1373501
8710847860829,false,"רקסונה - דאודורנט רול און לאישה כותנה 50 מ""ל",יוניליוור פארם,,דאודורנט רול און רקס,מיליליטרים,50.00,"100 מ""ל",false,,15.90,0.3180,true,1,2225363
8710847860843,false,"רקסונה - דאודורנט רולאון לאישה אינביזיבל 50 מ""ל",יוניליוור אנגליה,,דאודורנט רול און רקס,מיליליטרים,50.00,"100 מ""ל",false,,15.90,0.3180,true,1,2227680
8710847942679,false,טרזמה שמפו לשיער יבש בתוספת שמן המפ,"יוניליוור ישראלשיווק בע""מ",,שמפו טרזמה קרטין 400,מיליליטרים,400.00,"100 מ""ל",false,,14.90,0.0373,true,1,2306318
8710847942693,false,טרזמה מרכך לשיער יבש שמן המפ 400 מל,יוניליוור ישראל שיווק בעמ,,מרכך טרזמה קרטין 400,מיליליטרים,400.00,"100 מ""ל",false,,14.90,0.0373,true,1,2306319
8710847973970,false,"תחליב רחצה דאב אלוורה מי עץ שדר, 750 מ""ל",יוניליוור ישראל שיווק בע`מ,,דאב תחליב רחצה אלוור,מיליליטרים,750.00,"100 מ""ל",false,,19.90,0.0265,true,1,2275747
8710908326691,false,"תחליב רחצה פרח האדמונית דאב 750 מ""ל",יוניליוור ישראל שיווק בע`מ,,דאב תחליב רחצה אדמונ,מיליליטרים,750.00,"100 מ""ל",false,,19.90,0.0265,true,1,1440823
8710908693809,false,"TRESSEMME מסיכה טיפולית עם קרטין 300מ""ל",יוניליוור ישראל שיווק בעמ,,מסכה לשיער טרזמה קרט,מיליליטרים,300.00,"100 מ""ל",false,,29.90,0.0997,true,1,1941444
8710908777394,false,דאב תח.גוף שמן אבוקדו400,יוניליוור גרמניה (בו,,דאב תחליב גוף,מיליליטרים,400.00,"400 מ""ל",false,,25.90,0.0647,true,1,2007939
8711000360606,false,קפסולות קפה אספרסו רוז) (952 גר`לור,דיפלומט מפיצים (1968) בעמ**,,לור קפסולות קפה אספר,גרמים,52.00,100 גרם,false,,19.90,0.3827,true,1,2257377
8711000362556,false,לור קפסולות קפה אספרסו פורזה 52 גר,דיפלומט מפיצים (1968) בעמ**,,לור קפסולות קפה אספר,גרמים,52.00,100 גרם,false,,19.90,0.3827,true,1,2041585
8711000362570,false,קפסולות קפה תואמות נספרסו פורזה 9 ל'אור 10 יחידות,דיפלומט מפיצים (1968) בעמ**,,לור קפסולות קפה אספר,גרמים,52.00,100 גרם,false,,19.90,0.3827,true,1,2041586
8711000362617,false,לור קפסולות קפה אספרסו לונגו פרופונדו 8,דיפלומט מפיצים (1968) בעמ**,,לור קפסולות קפה אספר,גרמים,52.00,100 גרם,false,,19.90,0.3827,true,1,2041587
8711000362631,false,קפסולות קפה תואמות נספרסו אוניקס 12 ל'אור 10 יחידות,דיפלומט מפיצים (1968) בעמ**,,לור קפסולות קפה אספר,גרמים,52.00,100 גרם,false,,19.90,0.3827,true,1,2041588
8711000362655,false,קפסולות קפה אספרסו אבסולו) (9 52 גר`לור,דיפלומט מפיצים (1968) בעמ**,,לור קפסולות קפה אספר,גרמים,52.00,100 גרם,false,,19.90,0.3827,true,1,2257378
8711000362679,false,קפסולות קפה תואמות נספרסו קולומביה 8 ל'אור 10 יחידות,דיפלומט מפיצים (1968) בעמ**,,לור קפסולות קפה אספר,גרמים,52.00,100 גרם,false,,19.90,0.3827,true,1,2201579
8711000371176,false,ג'ייקובס קפסולות קפה אספרסו קלאסיקו עוצמה 7,ג'ייקובס דאו אגברטס צרפת,,ג'ייקובס קפסולות קפה,גרמים,52.00,100 גרם,false,,16.90,0.3250,true,1,2080718
8711000371183,false,ג'ייקובס קפסולות קפה אספרסו אינטסו עוצמה 10,ג'ייקובס דאו אגברטס צרפת,,ג'ייקובס קפסולות קפה,גרמים,52.00,100 גרם,false,,16.90,0.3250,true,1,2107033
8711000371206,false,ג'ייקובס קפסולות קפה אספרסו ריסטרטו עוצמה 12,ג'ייקובס דאו אגברטס צרפת,,ג'ייקובס קפסולות קפה,גרמים,52.00,100 גרם,false,,16.90,0.3250,true,1,2107038
8711000371244,false,"ג'ייקובס קפסולות אספרסו (8) 10 יח', 52ג' לונגו",דיפלומט מפיצים (1968) בעמ**,,ג'ייקובס קפסולות קפה,גרמים,52.00,100 גרם,false,,16.90,0.3250,true,1,2233291
8711000397466,false,לור קפסולות קפה אספרסו ריסטרטו נטול קפאין,ג'ייקובס דאו אגברטס צרפת,,לור קפסולות קפה אספר,גרמים,52.00,100 גרם,false,,19.90,0.3827,true,1,2102813
8711000471296,false,קפסולות קפה תואמות נספרסו אולטימו 13 ל'אור 10 יחידות,ג'\ייקובס דאו אגרבטס צרפ,,לור קפסולות קפה אספר,גרמים,52.00,100 גרם,false,,19.90,0.3827,true,1,2257379
8711000472040,false,קפסולות קפה אספרסו סלקשיין גייקובס 52 גר,דיפלומט מפיצים (1968) בעמ**,,ג'ייקובס קפסולות קפה,גרמים,52.00,100 גרם,false,,16.90,0.3250,true,1,2311554
8712000051099,false,"שישיית בירה היינקן 0% אלכוהל בקבוק 330 מ""ל","מבשלת היינקן, ריטבלדנברג",,שישייה בירה הייניקן,ליטרים,1.98,ליטר,false,,29.90,15.1010,true,1,2057211
8712400802499,false,תרכובת מזון המשך לפעוטות על בסיס חלב שלב 1,דיפלומט מפיצים (1968) בעמ**,,נוטרילון חלב לתינוקו,גרמים,800.00,100 גרם,false,,64.90,0.0811,true,1,1351070
8712400802536,false,תרכובת מזון המשך לפעוטות על בסיס חלב שלב 3,דיפלומט מפיצים (1968) בעמ**,,נוטרילון חלב לתינוקו,גרמים,800.00,100 גרם,false,,64.90,0.0811,true,1,1351074
8712561594240,false,"דאב תחליב רחצה להזנה עמוקה500 מ""ל-מרכז",יוניליוור ישראל שיווק בע`מ,DE,דאב ת.ר הזנה עמוקה 250ML,מיליליטרים,500.00,"100 מ""ל",false,,14.90,0.0298,true,1,1389213
8712561611183,false,"דאב - תחליב רחצה תה ירוק ומלפפון 500 מ""ל",יוניליוור ישראל שיווק בע`מ,DE,דאב ת.ר פרש 500ML,מיליליטרים,500.00,"100 מ""ל",false,,14.90,0.0298,true,1,1389215
8712561611411,false,"תחליב רחצה בניחוח מלפפון ותה ירוק דאב 750 מ""ל",יוניליוור ישראל שיווק בע`מ,DE,דאב ת.ר פרש 750ML,מיליליטרים,750.00,"100 מ""ל",false,,19.90,0.0265,true,1,1389216
8712561626286,false,תחליב רחצה זוהר כמשי דאב (750 מל),יוניליוור ישראל שיווק בע`מ,DE,דאב ת.ר מענג 750ML,מיליליטרים,750.00,"100 מ""ל",false,,19.90,0.0265,true,1,1389218
8712561646024,false,"תחליב רחצה קרם פיסטוק ומגנוליה דאב 750 מ""ל","יוניליוור ישראל שיווק בע""מ",,תחליב רחצה דאב 750 מ,מיליליטרים,750.00,"100 מ""ל",false,,19.90,0.0265,true,1,2337451
8714599104316,false,ג'ייקובס קפה שחור קלוי וטחון טורקי 200 גרם,דיפלומט מפיצים (1968) בעמ**,,קפה שחור ג'יקובס 200,גרמים,200.00,100 גרם,false,,14.90,0.0745,true,1,2232497
8714599104330,false,ג'ייקובס קפה שחור 85 גרם קלוי וטחון טורקי,דיפלומט מפיצים (1968) בעמ**,,קפה שחור ג'יקובס 85,גרמים,85.00,100 גרם,false,,6.90,0.0812,true,1,2232498
8714599410806,false,ג'ייקובס קרוננג מיובש בהקפאה 160 גרם סגירה חוזרת,דיפלומט מפיצים (1968) בעמ**,,קפה ג'יקובס 160 גרם,גרמים,160.00,100 גרם,false,,17.90,0.1119,true,1,2102802
8714599412336,false,קפה נמס בריסטה אמריקנו קלוי וטחון 160 ג' ג'ייקובס,ג'\ייקובס דאו אגברטס רוס,,קפה ג'יקובס בריסטה,גרמים,160.00,100 גרם,false,,27.90,0.1744,true,1,2311556
8714599513781,false,"קפה נמס מיובש בהקפאה זהב צנצנת ג'ייקובס 200 גרם לל""ס",דיפלומט מפיצים (1968) בעמ**,,קפה ג'יקובס גולד 200,גרמים,200.00,100 גרם,false,,29.90,0.1495,true,1,1424968
8714599513835,false,גי'קובס קרונונג נייט אנד דיי - נטול קופיאין,דיפלומט מפיצים (1968) בעמ**,,קפה ג'יקובס נטול קפא,גרמים,200.00,100 גרם,false,,32.90,0.1645,true,1,1725032
8714599513866,false,"קפה נמס מיובש בהקפאה קרונג צנצנת ג'ייקובס 200 גרם לל""ס",דיפלומט מפיצים (1968) בעמ**,,קפה ג'יקובס 200 גרם,גרמים,200.00,100 גרם,false,,29.90,0.1495,true,1,1424969
8714789177229,false,רבעיית מברשות שיניים קולגייט אקסטרה קלין 1 יחידה,הנסיך- מפעל לייצור ט,CN,קולגייט אקסטרה קלין רביעי,יח',4.00,יח',false,,14.90,3.7250,true,1,1386628
8714789303925,false,מברשת שיניים 360 סנסטיב רכה במיוחד קולגייט 2 יחידות,קולגייט- פלמוליב,CH,קולגייט מברשת 360 סנסטיב,יח',2.00,יח',false,,24.90,12.4500,true,1,1386639
8714789402918,false,נוזל לניקוי כללי ורצפות בניחוח פרחי בר אג'קס 1.5 ליטר,הנסיך- מפעל לייצור ט,GR,אגקס חגיגת הפרחים אדום 1.,ליטרים,1.50,ליטר,false,,19.90,13.2667,true,1,1386642
8714789402932,false,נוזל לניקוי כללי ורצפות בניחוח ורדי בוקר אג'קס 1.5 ליטר,הנסיך- מפעל לייצור ט,GR,אגקס חגיגת הפרחים ורוד 1.,ליטרים,1.50,ליטר,false,,19.90,13.2667,true,1,1386643
8714789402970,false,נוזל לניקוי כללי ורצפות בניחוח פרחי אביב אגק'ס 1.5 ליטר,הנסיך- מפעל לייצור ט,GR,אגקס חגיגת הפרחים ירוק 1.,ליטרים,1.50,ליטר,false,,19.90,13.2667,true,1,1386644
8714789450315,false,פלמוליב כלים שקוף לימון 1.5 ליטר,הנסיך- מפעל לייצור ט,GR,פלמוליב כלים שקוף לימון 1,ליטרים,1.50,ליטר,false,,15.90,10.6000,true,1,1386645
8714789529561,false,"משחת שיניים סנסטיב פרו ריליף להלבנה קולגייט 75 מ""ל",קולגייט פלמוליב,BR,קולגייט סנסיטיב פרו ריליף,מיליליטרים,75.00,"100 מ""ל",false,,24.90,0.3320,true,1,1386652
8714789582764,false,אג'קס ספריי לניקוי חלונות ומשטחים,הנסיך- מפעל לייצור ט,GR,אגקס טריגר 750 מל,מיליליטרים,750.00,"100 מ""ל",false,,14.90,0.0199,true,1,1386655
8714789740058,false,מברשת שיניים טוויסטר סופט קולגייט 2 יחידות,הנסיך- מפעל לייצור ט,CN,קולגייט מברשת טוויסטר זוג,יח',2.00,יח',false,,19.90,9.9500,true,1,1386661
8714789797786,false,"פלמוליב נוזל לניקוי כלים גריז בלסטר 750 מ""ל",יבואן ומשווק: ש. שסט,GR,פלמוליב כלים שקוף גרםיס ב,מיליליטרים,750.00,"100 מ""ל",false,,9.90,0.0132,true,1,1386672
8714789831275,false,מברשת שיניים 360 אופטיק ווייט קולגייט 2 יחידות,קולגייט-פלמוליב,CN,קולגייט מברשת 360 אופטיק,יח',2.00,יח',false,,24.90,12.4500,true,1,1386678
8714789834467,false,פלמוליב נוזל לניקוי כלים קלאסי 1.5 ליטר,קולגייט-פלמוליב,GR,פלמוליב כלים שקוף קלאסי 1,ליטרים,1.50,ליטר,false,,15.90,10.6000,true,1,1386679
8714789930848,false,"משחת שיניים אופטיק וייט הלבנה מיידית קולגייט 75 מ""ל",איינשטיין-צור יבוא-יצוא וסחר ב,PL,קולגייט משחת אופטיק וייט,מיליליטרים,75.00,"100 מ""ל",false,,19.90,0.2653,true,1,1386685
8715035150300,false,"רוטב סויה קיקומן ללא גלוטן 250 מ""ל",דיפלומט מפיצים (1968) בעמ**,,רוטב סויה קיקומן ללא,מיליליטרים,250.00,"100 מ""ל",false,,19.90,0.0796,true,1,2122367
8715035520301,false,פונזו רוטב יפני מסורתי מבוסס על רוטב סויה ולימון,דיפלומט מפיצים (1968) בעמ**,,רוטב סויה ולימון פונ,מיליליטרים,250.00,"100 מ""ל",false,,19.90,0.0796,true,1,2156551
8715300238306,false,חמאה הולנדית ללא מלח 200 גרם,בני ג`ורג` שוקחה (חיפה) בעמ,,חמאה הולנדית ללא מלח,גרמים,200.00,100 גרם,false,,12.90,0.0645,true,1,2371006
8715700110141,false,מיונז קרמי היינץ צנצנת 460ג',דיפלומט מפיצים (1968) בעמ**,,ממרח מיונז היינץ בצנ,גרמים,460.00,100 גרם,false,,11.90,0.0259,true,1,1841499
8715700110158,false,היינץ ממרח במרקם קרמי צנצנת 490 גרם,דיפלומט מפיצים (1968) בעמ**,,מיונז היינץ בצנצנת 4,גרמים,490.00,100 גרם,false,,11.90,0.0243,true,1,1841500
8715700115641,false,ממרח מיונז לחיץ לייט במרקם קרמי 420 ג' היינץ,דיפלומט מפיצים (1968) בעמ**,,ממרח היינץ 420 גרם ל,גרמים,420.00,100 גרם,false,,14.90,0.0355,true,1,1758160
8715700117805,false,"קטשופ היינץ מתבל עגבניות ללא תוספת סוכר ומלח 425 מ""ל",דיפלומט מפיצים (1968) בעמ**,,קטשופ היינץ מופחת סו,גרמים,425.00,100 גרם,false,,11.90,0.0280,true,1,2245254
8715700120874,false,מתבל עגבניות היינץ בתוספת שום,דיפלומט מפיצים (1968) בעמ**,,קטשופ היינץ שום 460,גרמים,460.00,100 גרם,false,,12.90,0.0280,true,1,2315681
8715700419695,false,היינץ רוטב ברביקיו מתוק 500 גרם,דיפלומט מפיצים (1968) בעמ**,,רוטב ברבקיו 500 גרם,גרמים,500.00,100 גרם,false,,12.90,0.0258,true,1,1853130
8715700419732,false,מתבל עגבניות היינץ (700 גרם),דיפלומט מפיצים (1968) בעמ**,,קטשופ היינץ 700 גרם,גרמים,700.00,100 גרם,false,,11.90,0.0170,true,1,1351075
8715700421322,false,היינץ רוטב ברביקיו צ'ילי 490 גרם,דיפלומט מפיצים (1968) בעמ**,,רוטב ברבקיו 490 גרם,גרמים,490.00,100 גרם,false,,12.90,0.0263,true,1,1853131
8715700422473,false,ממרח לכריכים וסלטים ללא ח. משמרים היינץ 395 גרם,דיפלומט מפיצים (1968) בעמ**,,ממרח היינץ לחיץ ללא,גרמים,395.00,100 גרם,false,,14.90,0.0377,true,1,1712770
8715700423906,false,היינץ מתבל עגבניות מופחת סוכר ומלח 50/50 550 גרם,דיפלומט מפיצים (1968) בעמ**,,קטשופ היינץ 555 גרם,גרמים,555.00,100 גרם,false,,11.90,0.0214,true,1,1895191
8717163628355,false,"מרכך טרזמה להחלקה וצביעה 400 מ""ל",יוניליוור ישראל שיווק בעמ,,מרכך טרזמה להחלקה וצ,מיליליטרים,400.00,"100 מ""ל",false,,21.90,0.0547,true,1,2310630
8717163647226,false,"אקס דאודורנט ספריי גוף בלאק 150 מ""ל","יוניליוור ישראל שיווק בע""מ",,אקס ספריי בלאק,מיליליטרים,150.00,"100 מ""ל",false,,14.90,0.0993,true,1,2131581
8717163647233,false,"אקס דאודורנט ספריי גוף בלאק נייט 150 מ""ל",יוניליוור ישראל שיווק בע`מ,,אקס פריי בלאק,מיליליטרים,150.00,"100 מ""ל",false,,14.90,0.0993,true,1,2121424
8717163647240,false,"אקס דאודורנט ספריי גוף לגבר שוקולד 150 מ""ל",יוניליוור ישראל שיווק בע`מ,,אקס ספריי שוקולד,מיליליטרים,150.00,"100 מ""ל",false,,14.90,0.0993,true,1,2131582
8717163647264,false,"אקס דאודורנט ספריי גוף אייס צ'יל 150 מ""ל",יוניליוור ישראל שיווק בע`מ,,אקס ספריי אייס צ'יל,מיליליטרים,150.00,"100 מ""ל",false,,14.90,0.0993,true,1,2130879
8717163655764,false,"רקסונה - דאודורנט ספריי לאישה שוואר פרש 150 מ""ל",יוניליוור ישראל שיווק בעמ,,דאודורנט ספריי רקסונ,מיליליטרים,150.00,"100 מ""ל",false,,13.90,0.0927,true,1,2227681
8717163655825,false,"רקסונה דאו' ספריי לנשים בניחוח כותנה, 150 מ""ל","יוניליוור ישראל שיווק בע""מ",,דאודורנט ספריי רקסונ,מיליליטרים,150.00,"100 מ""ל",false,,13.90,0.0927,true,1,2227682
8717163658314,false,תחליב רחצה מים מיסלריים היפואלרגני לעור רגיש,יוניליוור ישראל שיווק בעמ,,דאב תחליב רחצה מים מ,מיליליטרים,500.00,"100 מ""ל",false,,16.90,0.0338,true,1,2121432
8717163714850,false,דאודורנט ספריי קוקוס ויסמין( 150 מל),"יוניליוור ישראל שיווק בע""מ",,דאב ספריי קוקוס ויסמ,מיליליטרים,150.00,"100 מ""ל",false,,17.90,0.1193,true,1,2205415
8717163842676,false,"תחליב רחצה חימר ורוד renewing glow דאב 500 מ""ל",יוניליוור ישראל שיווק בעמ,,דאב תחליב רחצה חימר,מיליליטרים,500.00,"100 מ""ל",false,,16.90,0.0338,true,1,2229173
8717163947692,false,"אקס ג'ל רחצה לגבר פרש ברגמוט ופינק פפר 400 מ""ל",יוניליוור ישראל שיווק בע`מ,,אקס ג'ל רחצה פינק פפ,מיליליטרים,400.00,"100 מ""ל",false,,15.90,0.0398,true,1,2247029
8717644390566,false,דאב סבון מוצק רביעייה- מלפפונים ותה ירו,יוניליוור ישראל שיווק בע`מ,DE,דאב סבון מוצק פרש טאץ' 40,גרמים,400.00,100 גרם,false,,18.90,0.0472,true,1,1389236
8717677336593,false,טוניס שוקולד חלב 180 גרם רבנות - נוכרי,טוניס/שוקולונלי,,שוקולד חלב 180 גרם ט,גרמים,180.00,100 גרם,false,,17.90,0.0994,true,1,2334197
8717677336616,false,שוקולד מריר עם שקדים ומלח טוניס' שוקולונלי 180 גרם,טוניס/שוקולונלי,,שוקולד מריר עם שקדים,גרמים,180.00,100 גרם,false,,17.90,0.0994,true,1,2334198
8717677336630,false,שוקולד חלב עם שקדים ודבש טוניס' שוקולונלי 180 גרם,ליימן שליסל בע`מ,,שוקולד חלב עם שקדים,גרמים,180.00,100 גרם,false,,17.90,0.0994,true,1,2334199
8717677336654,false,טוניס - שוקולד חלב מעולה עם שברי קרמל מלוח,ליימן שליסל בע`מ,,שוקולד חלב עם שברי ק,גרמים,180.00,100 גרם,false,,17.90,0.0994,true,1,2362429
8717677338436,false,שוקולד חלב עם אגוזי לוז טוניס' שוקולונלי 180 גרם,טוניס/שוקולונלי,,שוקולד חלב עם אגוזי,גרמים,180.00,100 גרם,false,,17.90,0.0994,true,1,2334201
8718114734484,false,ממרח מיוני מיילי 320 גרם,א. סיימן סחר בעמ,,מיונז מיילי,גרמים,320.00,100 גרם,false,,11.90,0.0372,true,1,1718388
8718117607662,false,נוטרילון A.R תרכובת מזון מגיל לידה,דיפלומט מפיצים (1968) בעמ**,,נוטרילון אנטי ריפלוק,גרמים,900.00,100 גרם,false,,99.90,0.1110,true,1,2228469
8718951030169,false,"קולגייט סנסיטיב הלבנה המסייעת בהגנה לשיניים רגישות 75 מ""ל",ש. שסטוביץ בע`מ,,משחת קולגייט סנסטיב+,מיליליטרים,75.00,"100 מ""ל",false,,19.90,0.2653,true,1,2250719
8718951030206,false,"קולגייט סנסיטיב פרוטקשן משחת שיניים לשיניים רגישות 75 מ""ל",קולגייט-פלמוליב,,משחת קולגייט סנסטיב,מיליליטרים,75.00,"100 מ""ל",false,,19.90,0.2653,true,1,2246730
8718951044913,false,משחת שיניים הלבנה מרידול (75 מל),קולגייט פלמוליב,DE,מרידול משחת שיניים הליטוז,גרמים,75.00,100 גרם,false,,21.90,0.2920,true,1,1386693
8718951048669,false,אג'קס ספריי לניקוי חלונות בניחוח חגיגת הפרחים,SAS-VA COLGATE-PALMOLIVE,,אג'קס חלונות טריגרם,מיליליטרים,750.00,"100 מ""ל",false,,14.90,0.0199,true,1,2335742
8718951079205,false,"קולגייט סנסיטיב פרו רליף רפיר אנד פריוונט 75 מ""ל",קולגייט-פלמוליב,,משחת שיניים סנסטיב פ,מיליליטרים,75.00,"100 מ""ל",false,,24.90,0.3320,true,1,1849291
8718951093331,false,מרידול זוג מברשות שיניים אקסטרה סופט,קולגייט פלמוליב,,מברשות שיניים זוג מר,יח',2.00,יח',false,,34.90,17.4500,true,1,1435616
8718951144064,false,מרידול מברשת שיניים פרודונט אקספרט זוג,"ש. שסטוביץ בע""\מ",,זוג מברשות שיניים מר,יח',2.00,יח',false,,34.90,17.4500,true,1,1782988
8718951159808,false,מברשות שיניים 360 מדיום- מארז שלישייה,קולגייט-פלמוליב,,מברשות שיניים שלישיי,יח',3.00,יח',false,,29.90,9.9667,true,1,1778498
8718951160897,false,ספריי אקונומיקה עוצמת ה7 טריגר אגקס 500מ,קולגייט פלמוליב,,א'גקס ספריי עוצמת ה7,מיליליטרים,500.00,"100 מ""ל",false,,14.90,0.0298,true,1,1814890
8718951166288,false,"משחת שיניים קולגייט מקס וייט 125 מ""ל",הנסיך- מפעל לייצור ט,,משחת שינים מקס וייט,גרמים,125.00,100 גרם,false,,19.90,0.1592,true,1,2054231
8718951166561,false,משחת שיניים לרעננות מוגברת max fresh cooling crystals,הנסיך- מפעל לייצור ט,,משחת שינים מקס פרש כ,גרמים,125.00,100 גרם,false,,19.90,0.1592,true,1,2054232
8718951175280,false,"קולגייט טוטאל משחת שיניים פרו ויזבל אקשן עם קצף פעיל 75 מ""ל",ש.שסטוביץ בעמ,,משחת שיניים קולגייט,מיליליטרים,75.00,"100 מ""ל",false,,19.90,0.2653,true,1,2095856
8718951175631,false,מש.שיניים קולגייט טוטל פרו גאם אקשן 75מל,ש. שסטוביץ בע`מ,,משחת שיניים קולגייט,מיליליטרים,75.00,"100 מ""ל",false,,19.90,0.2653,true,1,2095882
8718951176874,false,קולגייט שטיפת פה לילדים מיניונים 250 מל,קולגייט-פלמוליב,,מי פה קולגייט מיניון,מיליליטרים,250.00,"100 מ""ל",false,,16.90,0.0676,true,1,2314681
8718951187115,false,זוג מברשות שיניים אלמקס לילדים גילאי 3-6,ש.שסטוביץ בעמ,,מברשת שיניים זוג ילד,יח',2.00,יח',false,,19.90,9.9500,true,1,2350106
8718951222779,false,"מרידול פור משחה לשיניים וחניכיים בריאות 75 מ""ל",קולגייט פלמוליב,,מרידול פור משחת שיני,גרמים,75.00,100 גרם,false,,25.90,0.3453,true,1,2229595
8718951236790,false,"קולגייט טוטאל משחת שיניים קלין מינט לפה בריא 100 מ""ל",קולגייט פלמוליב,,משחת שינים קולגייט ט,מיליליטרים,100.00,"100 מ""ל",false,,16.90,0.1690,true,1,2095907
8718951236806,false,"קולגייט טוטאל הלבנה משחת שיניים המסייעת בהסרת כתמים 100 מ""ל",ש. שסטוביץ בע`מ,,משחת שיניים קולגייט,מיליליטרים,100.00,"100 מ""ל",false,,16.90,0.1690,true,1,2095908
8718951236813,false,"קולגייט טוטאל משחת שיניים ניקוי מתקדם לפה בריא יותר 100 מ""ל",קולגייט פלמוליב,,משחת שיניים קולגייט,מיליליטרים,100.00,"100 מ""ל",false,,16.90,0.1690,true,1,2095883
8718951240742,false,"קולגייט טוטאל משחת שיניים פסים מרעננים 100 מ""ל",איינשטיין-צור יבוא-יצוא וסחר ב,,משחת שינים קולגייט ט,מיליליטרים,100.00,"100 מ""ל",false,,16.90,0.1690,true,1,2095909
8718951247871,false,"מרסס אגקס טריגר לשירותים 500 מ""ל",ש.שסטוביץ בעמ,,אג'קס טריגר לשירותים,מיליליטרים,500.00,"100 מ""ל",false,,14.90,0.0298,true,1,2233927
8718951254527,false,קולגייט משחה סנסיטיב פרו רליף חוזק מוגבר,קולגייט פלמוליב,,משחת שיניים סנסטיב פ,מיליליטרים,75.00,"100 מ""ל",false,,24.90,0.3320,true,1,2222341
8718951259409,false,"פלמוליב תחליב רחצה נטורלס לעור עדין 750 מ""ל",קולגייט פלמוליב,,סבון נוזלי פלמוליב נ,מיליליטרים,750.00,"100 מ""ל",false,,19.90,0.0265,true,1,2371973
8718951264618,false,"קולגייט אופטיק וייט פחם צ'רקול משחת שיניים, 75 מ""ל",איינשטיין-צור יבוא-יצוא וסחר ב,,משחת שינים קולגייט א,מיליליטרים,75.00,"100 מ""ל",false,,29.90,0.3987,true,1,2247363
8718951281738,false,אלמקס סנסיטיב משחה לשיניים רגישות,ש.שסטוביץ בעמ,,משחת שיניים אלמקס 75,מיליליטרים,75.00,"100 מ""ל",false,,18.90,0.2520,true,1,2255026
8718951286733,false,"קולגייט אופטיק וייט לסטינג וייט משחת שיניים 75 מ""ל",ש. שסטוביץ בע`מ,,משחת שינים קולגייט א,מיליליטרים,75.00,"100 מ""ל",false,,29.90,0.3987,true,1,2318690
8718951289833,false,פלמוליב סבון מוצק רביעייה לומינוס 360 ג,קולגייט פלמוליב,,סבון מוצק רביעייה פל,גרמים,360.00,100 גרם,false,,16.90,0.0469,true,1,2230944
8718951290150,false,קולגייט שטיפת פה Gum Invigorate,ש.שסטוביץ בעמ,,מי פה לחניכיים 500מל,מיליליטרים,500.00,"100 מ""ל",false,,24.90,0.0498,true,1,2377372
8718951314023,false,פלמוליב נטורלס תחליב רחצה אפרסק 750 מל,קולגייט פלמוליב,,סבון נוזלי פלמוליב א,מיליליטרים,750.00,"100 מ""ל",false,,17.90,0.0239,true,1,2329529
8718951315303,false,"קולגייט אדומה משחת שיניים להגנה מפני עששת 2*100 מ""ל",קולגייט-פלמוליב,,משחת שיניים קולגייט,מיליליטרים,200.00,"100 מ""ל",false,,17.90,0.0895,true,1,2255027
8718951333048,false,"פלמוליב סבון לידיים למטבח, 300 מ""ל",הנסיך- מפעל לייצור ט,,סבון ידיים פלמוליב ל,מיליליטרים,300.00,"100 מ""ל",false,,10.90,0.0363,true,1,2282806
8718951334090,false,"מרכך כביסה מרוכז כחול 650 מ""ל סופלין",ש.שסטוביץ בעמ,,מרכך כביסה סופלין כח,מיליליטרים,650.00,"100 מ""ל",false,,10.90,0.0168,true,1,2251260
8718951338128,false,"ליידי ספיד סטיק רול און שאוור פרש 50 מ""ל",קולגייט פלמוליב,,דאודורנט רול און שאו,מיליליטרים,50.00,"100 מ""ל",false,,19.90,0.3980,true,1,2312930
8718951338364,false,ספריי ניקוי אנטיבקטריאלי בניחוח תפוח,קולגייט פלמוליב,,א'גקס טריגא פיור הום,מיליליטרים,500.00,"100 מ""ל",false,,14.90,0.0298,true,1,2268388
8718951350137,false,"פלמוליב תחליב רחצה מקדמיה וקקאו עם חמאת שיאה 750 מ""ל",קולגייט פלמוליב,,סבון נוזלי פלמוליב נ,מיליליטרים,750.00,"100 מ""ל",false,,19.90,0.0265,true,1,2371974
8718951354807,false,נוזל רצפות אגקס חגיגת הפרחים יסמין 1.5 ל,קולגייט פלמוליב,,אג'קס חגיגת הפרחים י,ליטרים,1.50,ליטר,false,,19.90,13.2667,true,1,2266385
8718951365865,false,קולגייט זוג מברשות עם סיבי פחם בצפיפות ג,קולגייט פלמוליב,,זוג מברשות שיניים קו,יח',2.00,יח',false,,29.90,14.9500,true,1,2307146
8718951370135,false,"סבון נוזלי ארומה סנסיישן גלואו 750 מ""ל פלמוליב",קולגייט פלמוליב,,סבון נוזלי פלמוליב א,מיליליטרים,750.00,"100 מ""ל",false,,17.90,0.0239,true,1,2256916
8718951377998,false,קולגייט סופט פואם זוג מברשות שיניים לניק,קולגייט פלמוליב,,מברשת שיניים קולגייט,יח',2.00,יח',false,,24.90,12.4500,true,1,2277850
8718951381292,false,"משחת שיניים מקס דיטוקס פואם קולגייט 125 מ""ל",ש. שסטוביץ בע`מ,,משחת שינים מקס דיטוק,גרמים,125.00,100 גרם,false,,19.90,0.1592,true,1,2279302
8718951382640,false,פלמוליב גל רחצה חימר דיטוקס משאבה 750,קולגייט פלמוליב,,ג'ל רחצה פלמוליב חימ,מיליליטרים,750.00,"100 מ""ל",false,,19.90,0.0265,true,1,2259925
8718951382718,false,"פלמוליב ג'ל רחצה חימר התחדשות 750 מ""ל",קולגייט פלמוליב,,ג'ל רחצה פלמוליב חימ,מיליליטרים,750.00,"100 מ""ל",false,,17.90,0.0239,true,1,2259926
8718951382787,false,"משחת שיניים אופטיק וויט חימר ומינרלים 75 מ""ל קולגייט",ש.שסטוביץ בעמ,,משחת שינים קולגייט א,מיליליטרים,75.00,"100 מ""ל",false,,29.90,0.3987,true,1,2334830
8718951385290,false,אג`קס ניקוי כללי עוצמת ב -7כחול 2 ליטר,קולגייט פלמוליב,,ניקוי כללי אג'קס 2 ל,ליטרים,2.00,ליטר,false,,22.90,11.4500,true,1,2282811
8718951391253,false,אגקס אנטי בקטריאלי רעננות הניקיון 1.5 ל,קולגייט-פלמוליב,,אג'קס אנטי בקטריאלי,ליטרים,1.50,ליטר,false,,21.90,14.6000,true,1,2299087
8718951391284,false,נוזל אנטיבקטריאלי לניקוי כללי ורצפות רעננות הים,קולגייט-פלמוליב,,אג'קס אנטי בקטריאלי,ליטרים,1.50,ליטר,false,,21.90,14.6000,true,1,2299088
8718951400597,false,"תחליב רחצה קוקוס וחלב ללא משאבה750 מ""ל פלמוליב",קולגייט פלמוליב,,סבון נוזלי פלמוליב ק,מיליליטרים,750.00,"100 מ""ל",false,,19.90,0.0265,true,1,2357845
8718951409798,false,זוג מברשות שיניים מקס וויט פחם קולגייט,הנסיך- מפעל לייצור ט,,זוג מברשות שניים קול,יח',2.00,יח',false,,24.90,12.4500,true,1,2304153
8718951412378,false,משחת שיניים לחניכיים רגישות ולנשימה רעננה,קולגייט פלמוליב,,מרידול משחת שיניים נ,גרמים,75.00,100 גרם,false,,25.90,0.3453,true,1,2357834
8718951415836,false,קולגייט מי פה פלאקס פחם לחיוך לבן 500 מל,ש.שסטוביץ בעמ,,מי פה קולגייט פלאקס,גרמים,500.00,100 גרם,false,,24.90,0.0498,true,1,2304158
8718951428492,false,"פלמוליב סבון רחצה לגבר 4ב1 מועשר בפחם 750 מ""ל",ש.שסטוביץ בעמ,,סבון נוזלי פלמוליב ל,מיליליטרים,750.00,"100 מ""ל",false,,17.90,0.0239,true,1,2335743
8718951428522,false,"פלמוליב סבון רחצה לגבר 4 ב-1 המפ 750 מ""ל",ש.שסטוביץ בעמ,,סבון נוזלי פלמוליב ל,מיליליטרים,750.00,"100 מ""ל",false,,17.90,0.0239,true,1,2327639
8718951431614,false,"סבון רחצה פלמוליב סו פירם מינרלים משאבה 750 מ""ל",קולגייט פלמוליב,,סבון נוזלי פלמוליב ס,מיליליטרים,750.00,"100 מ""ל",false,,19.90,0.0265,true,1,2318691
8718951433120,false,קולגייט טוטאל משחת שיניים לילדים לגילאי,קולגייט פלמוליב,,משחת שיניים קולגייט,מיליליטרים,50.00,"100 מ""ל",false,,16.90,0.3380,true,1,2363068
8718951443358,false,"סבון ידיים הגיינה פלמוליב מארז 3*300 מ""ל",ש.שסטוביץ בעמ,,סבון ידיים פלמוליב ה,מיליליטרים,900.00,"100 מ""ל",false,,24.90,0.0277,true,1,2314687
8718951443372,false,פלמוליב סבון ידיים ז,,,סבון ידיים פלמוליב ז,מיליליטרים,900.00,"100 מ""ל",false,,24.90,0.0277,true,1,2376960
8718951461413,false,"קולגייט טוטאל קלין מינט ביטיוב 100 מ""ל*2 כשל""פ",קולגייט פלמוליב,,קולגייט טוטל קלין מי,מיליליטרים,200.00,"100 מ""ל",false,,24.90,0.1245,true,1,2344122
8718951461444,false,"זוג משחת שיניים טוטאל הלבנה ביטיו *100 מ""ל קולגייט",קולגייט פלמוליב,,קולגייט טוטל הלבנה 1,מיליליטרים,200.00,"100 מ""ל",false,,32.90,0.1645,true,1,2344123
8718951466371,false,מרידול משחת לחניכיים רגישות 75 מל,קולגייט פלמוליב,,מרידול משחת שיניים 7,גרמים,75.00,100 גרם,false,,19.90,0.2653,true,1,2363681
8718951470323,false,קולגייט סופט פואם פחם זוג מברשות שיניים,קולגייט פלמוליב,,מברשת שיניים קולגייט,יח',2.00,יח',false,,24.90,12.4500,true,1,2357839
8718951477384,false,"קולגייט משחת שיניים טוטאל ג'ל מתקדם פיור 75 מ""ל",קולגייט פלמוליב,,משחת שיניים קולגייט,מיליליטרים,75.00,"100 מ""ל",false,,19.90,0.2653,true,1,2335587
8718951509627,false,"קולגייט אופטיק וייט לאוהבי קפה ותה משחת שיניים 75 מ""ל",קולגייט פלמוליב,,משחת שינים קולגייט א,מיליליטרים,75.00,"100 מ""ל",false,,29.90,0.3987,true,1,2349775
8719128110387,false,סירופ סודה סטרים דיאט אשכולית אדומה 0.5ל,סודהסטרים ישראל בעמ,,סירופ דיאט אשכולית א,מיליליטרים,500.00,"100 מ""ל",false,,19.90,0.0398,true,1,1929905
8719128117256,false,"סירופ סבן אפ 440 מ""ל סודהסטרים",סודהסטרים ישראל בעמ,,סירופ 7up,מיליליטרים,440.00,"100 מ""ל",false,,18.90,0.0430,true,1,2300538
8719128117263,false,"סירופ מירנדה 440 מ""ל סודהסטרים",סודהסטרים ישראל בעמ,,סירופ מירנדה,מיליליטרים,440.00,"100 מ""ל",false,,18.90,0.0430,true,1,2300539
8719128117294,false,"סירופ דייט סבן אפ 440 מ""ל סודהסטרים",סודה סטרים ישראל בעמ,,סירופ 7up זירו,מיליליטרים,440.00,"100 מ""ל",false,,18.90,0.0430,true,1,2300540
8719200998001,false,מרגרינה לאפיה ובישול בלי מלח 200 ג' בלו בנד,יוניליוור ישראל מזון בע\,,בלובנד בלי מלח 200 ג,גרמים,200.00,100 גרם,false,,4.30,0.0215,true,1,2228908
8719200998018,false,מחמאה מרגרינה בטעם חמאה בלובנד 200 גרם,"מיוצר ע""\י יוניליוור ישר",,מחמאה בלובנד 200 גרם,גרמים,200.00,100 גרם,false,,4.60,0.0230,true,1,2228909
8719200998094,false,"מרגרינה מזולה לאפיה ללא תוספת מלח 200גר - 40 יח' -כשל""פ","מיוצר ע""\י יוניליוור ישר",,מזולה לאפיה ללא מלח,גרמים,200.00,100 גרם,false,,6.90,0.0345,true,1,2228917
8719200998100,false,מרגרינה מזולה לאפיה טעם חמאה 200גר - 40 יח',דיפלומט מפיצים (1968) בעמ**,,מזולה לאפיה בטעם חמא,גרמים,200.00,100 גרם,false,,6.90,0.0345,true,1,2228918
8720181046605,false,דאב - דאודורנט ספריי לאישה אורגינל כחול 150מל,"יוניליוור ישראל שיווק בע""מ",,דאב דאו ספריי א.פ או,מיליליטרים,150.00,"100 מ""ל",false,,17.90,0.1193,true,1,2278000
8720181046612,false,"דאב - דאודורנט רול און לאישה אורגינל 50 מ""ל","יוניליוור ישראל שיווק בע""מ",,דאב רולאון אורגינל,מיליליטרים,50.00,"100 מ""ל",false,,17.90,0.3580,true,1,2299140
8720181090202,false,תחליב רחצה עם שמן זית דאב 750 מל,יוניליוור ישראל שיווק בע`מ,,תחליב רחצה דאב 750 מ,מיליליטרים,750.00,"100 מ""ל",false,,19.90,0.0265,true,1,2283554
8720181090219,false,תחליב רחצה רימונים ותמצית פרח היביסקוס,יוניליוור ישראל שיווק בעמ,,תחליב רחצה דאב 750 מ,מיליליטרים,750.00,"100 מ""ל",false,,19.90,0.0265,true,1,2299092
8720181123955,false,"אקס - ג'ל רחצה ריצארג קריד 400 מ""ל",יוניליוור ישראל שיווק בעמ,,אקס ג'ל רחצה ריצארג,מיליליטרים,400.00,"100 מ""ל",false,,15.90,0.0398,true,1,2328388
8720181201332,false,דאב אל סבון מוצק גרגרים 90 גרם רביעייה,יוניליוור ישראל טיפוח אי,,סבון מוצק דאב 4 יח',גרמים,360.00,100 גרם,false,,16.90,0.0469,true,1,2356918
8720182253156,false,דאב אל סבון מוצק מלפפונים 90 גרם רביעייה,יוניליוור ישראל טיפוח אי,,סבון מוצק דאב מלפפונ,גרמים,360.00,100 גרם,false,,16.90,0.0469,true,1,2356919
8720182253194,false,סבון מוצק דאב מלפפונים ותה ירוק שישיית,יוניליוור,,שישייה סבון מוצק דאב,גרמים,540.00,100 גרם,false,,22.50,0.0417,true,1,2360861
8720182256850,false,דאב אל סבון מוצק קלאסי 90 גרם רביעייה,יוניליוור ישראל שיווק בע`מ,,סבון דאב לבן 4 יח',גרמים,360.00,100 גרם,false,,16.90,0.0469,true,1,2356920
8723400756552,false,מארז סוכריות מנטוס Mentos ריינבואו,פרפטי ואן מלה ברדה,,מנטוס 1/4 טעמים,גרמים,150.00,100 גרם,false,,10.90,0.0727,true,1,1373502
8723400782520,false,מנטוס סוכריות לעיסה בתפזורת בטעם פירות 160 ג',ליימן שליסל בעמ,,סוכריות מנטוס לעיסה,גרמים,160.00,100 גרם,false,,7.90,0.0494,true,1,1871624
8723400782544,false,מנטוס סוכריות לעיסה בתפזורת בטעם מנטה 160 ג',ליימן שליסל בע`מ,,סוכריות מנטוס לעיסה,גרמים,160.00,100 גרם,false,,7.90,0.0494,true,1,1871625
8801055706440,false,מנות אישיות קפה נמס טייסטרס צ'ויס Taster's Choice,קבוצת אוסם סחר-שות.מוגבלת,KR,המוצר שייך ל - ONP,גרמים,36.00,100 גרם,false,,12.90,0.3583,true,1,1350420
8801055707966,false,קפה טייסטרס צ`ויס בריסטה נסקפה (180 גרם),קבוצת אוסם סחר שותפות מוגבלת,,טסטרס צ'ויס בריסטה,גרמים,180.00,100 גרם,false,,29.90,0.1661,true,1,1443849
8801055709427,false,נס קפה טייסטרס צ'ויס אלטה ריקה 100גרם,קבוצת אוסם סחר שותפות מוגבלת,,טסטרס צ'ויס אלטה ריק,גרמים,100.00,100 גרם,false,,16.90,0.1690,true,1,2318696
8801055709434,false,קפה נמס טסטר'ס צ'ויס קולומביה 100 גרם,קבוצת אוסם סחר-שות.מוגבלת,,טסטרס צ'ויס קולומביה,גרמים,100.00,100 גרם,false,,16.90,0.1690,true,1,2318697
8801055709458,false,אבקה להכנת משקה קפה בטעם קפוצ'ינו קרמל,קבוצת אוסם סחר שותפות מוגבלת,,נסקפה קפוצ'ינו קרמל,גרמים,170.00,100 גרם,false,,21.90,0.1288,true,1,2342648
8801055709465,false,אבקה להכנת משקה קפה בטעם קפוצ'ינו וניל,קבוצת אוסם סחר שותפות מוגבלת,,נסקפה קפוצ'ינו וניל,גרמים,185.00,100 גרם,false,,21.90,0.1184,true,1,2342649
8801055709472,false,נסטלה - נסקפה קפוצ'ינו קלאסי 12.50 גרם * 10,קבוצת אוסם סחר שותפות מוגבלת,,נסקפה קפוצ'ינו קלאסי,גרמים,125.00,100 גרם,false,,21.90,0.1752,true,1,2342650
8801055709489,false,אבקה להכנת משקה קפה בטעם קפוצ'ינו אגוזים,קבוצת אוסם סחר שותפות מוגבלת,,נסקפה קפוצ'ינו אגוזי,גרמים,180.00,100 גרם,false,,21.90,0.1217,true,1,2342655
8801055709526,false,אבקה להכנת משקה קפה בטעם קפוצ'ינו שוקולד לבן,קבוצת אוסם סחר שותפות מוגבלת,,נסקפה קפוצ'ינו שוקול,גרמים,180.00,100 גרם,false,,21.90,0.1217,true,1,2347385
8802241131664,false,חטיף אצות קלויות עם מלח ים Laverland Crunch,טחנת האבן קואופ בעמ,,חטיף אצות ים,גרמים,40.50,100 גרם,false,,24.90,0.6148,true,1,1744838
8850006331699,false,קולגייט מברשת שינייים סלים סופט שלישיה,קולגייט פלמוליב,,מברשות שיניים שלישיי,יח',3.00,יח',false,,29.90,9.9667,true,1,1978962
8850006932964,false,חמישיית מברשות שיניים קןלגייט טוויסטר מארז,קולגייט פלמוליב,,חמישיית מברשות שיניי,יח',5.00,יח',false,,29.90,5.9800,true,1,2285975
8850025000026,false,"משקה מי קוקוס 1000 מ""ל -ללא גלוטן",טחנת האבן קואופ בעמ,,משקה מי קוקוס 1 ליטר,ליטרים,1.00,100 ליטר,false,,16.90,16.9000,true,1,1491870
8850025001023,false,"משקה מי קוקוס 500 מ""ל -ללא גלוטן",טחנת האבן קואופ בעמ,,"משקה מי קוקוס 500 מ""",מיליליטרים,500.00,"100 מ""ל",false,,11.90,0.0238,true,1,1491865
8850161161247,false,קוקו מקס 100% מי קוקוס 1 ליטר,טויו סייקאן קו.אל.טי.די,,מי קוקוס קוקו מקס 1,ליטרים,1.00,ליטר,false,,14.90,14.9000,true,1,2209587
8850161167041,false,"קוקו וואי משקה קוקוס 270 מ""ל",טויו טייקאן קו.אל.טי.די,,חלב קוקוס קוקו וואי,מיליליטרים,270.00,"100 מ""ל",false,,7.90,0.0293,true,1,2209588
8850161167089,false,קוקו וואי משקה קוקוס 1 ליטר,טויו טייקאן קו.אל.טי.די,,חלב קוקוס קוקו וואי,ליטרים,1.00,ליטר,false,,14.90,14.9000,true,1,2209589
8850372000472,false,מקלוני שעועית תאילנד,טחנת האבן קואופ בעמ,CN,מקלוני שעועית תאילנדי 20,גרמים,200.00,100 גרם,false,,8.90,0.0445,true,1,1391173
8850389103111,false,סאפי משקה אלוורה בטעם ענבים 300מל,פארייפאבה אגרואינדוס,,סאפה משקה ענבים 300,מיליליטרים,300.00,"100 מ""ל",false,,5.90,0.0197,true,1,1350489
8850389103128,false,"משקה קל סאפה בטעם תפוח 300 מ""ל",פארייפאבה אגרואינדוס,,סאפה משקה תפוח 300 מ,מיליליטרים,300.00,"100 מ""ל",false,,5.90,0.0197,true,1,1350490
8850389103159,false,"משקה ליצ'י עם חתיכות גלי קוקוס 320 מ""ל מוגו מוגו",סאפה פובליק קומפני לימיט,,מוגו מוגו ליצ'י עם ח,גרמים,320.00,100 גרם,false,,6.90,0.0216,true,1,2352641
8850389104637,false,"משקה קל סאפה אלוורה אפרסק 300 מ""ל",פארייפאבה אגרואינדוס,,סאפה משקה אפרסק 300,מיליליטרים,300.00,"100 מ""ל",false,,5.90,0.0197,true,1,1350491
8850389105825,false,משקה אלוורה בטעם ענבים סאפה 1 ליטר,סאפה פובליק קומפני לימיט,,סאפה משקה אלוורה ענב,ליטרים,1.00,ליטר,false,,12.90,12.9000,true,1,1350492
8850389105832,false,סאפה משקה אלוורה בטעם תפוח עם קוביות אלוורה 1 ליטר,סאפה פובליק קומפני לימיט,,סאפה משקה אלוורה תפו,ליטרים,1.00,ליטר,false,,12.90,12.9000,true,1,1350493
8850389105849,false,סאפה משקה אלוורה מופחת קלוריות בטעם אפרסק 1 ליטר,סאפה פובליק קומפני לימיט,,סאפה משקה אלוורה אפר,ליטרים,1.00,ליטר,false,,12.90,12.9000,true,1,1350494
8850389111352,false,"משקה מלון עם חתיכות גלי קוקוס 320 מ""ל מוגו מוגו",סאפה פובליק קומפני לימיט,,מוגו מוגו מלון עם חת,גרמים,320.00,100 גרם,false,,6.90,0.0216,true,1,2352642
8850389115312,false,"סאפה אלוורה מלון בקבוק 300 מ""ל",סאפה פובליק קומפני ל,,משקה סאפה מלון 300 מ,מיליליטרים,300.00,"100 מ""ל",false,,5.90,0.0197,true,1,1941492
8850389115336,false,משקה אלוורה בטעם מלון סאפה 1 ליטר,סאפה פובליק קומפני לימיט,,סאפה משקה מלון ליטר,ליטרים,1.00,ליטר,false,,12.90,12.9000,true,1,1941487
8850632604259,false,"יוגטה, חיספוסים, ממתק חמוץ בצורת מקלות בטעם תות שדה,50 גרם",ליימן שליסל בע`מ,,ממתק חמוץ מקלות בטעם,גרמים,50.00,100 גרם,false,,4.90,0.0980,true,1,1373506
8850632604266,false,"יוגטה, ממתק חמוץ בצורת מקלות בטעם קולה, 50 גרם",ליימן שליסל בע`מ,,ממתק חמוץ מקלות בטעם,גרמים,50.00,100 גרם,false,,4.90,0.0980,true,1,1373507
8850632604372,false,"יוגטה, חיספוסים בצורת שטיח בטעם תות שדה 50 גרם",ליימן שליסל בע`מ,,ממתק חמוץ שטיח בטעם,גרמים,50.00,100 גרם,false,,4.90,0.0980,true,1,1373508
8850632604402,false,יוגטה חיספוסים בטעם מעורב תות שדה אבטיח ענבים בננה 50 גרם,ליימן שליסל בע`מ,,ממתק חמוץ שטיח בטעם,גרמים,50.00,100 גרם,false,,4.90,0.0980,true,1,1373509
8850632605201,false,"יוגטה, חיספוסים, ממתק חמוץ בצורת שטיח, בטעם מעורב- תות בננה, תפוח, תפוז, 50 גרם",הדקלאים אגודת שיתופי,,ממתק חמוץ מקלות בטעם,גרמים,50.00,100 גרם,false,,4.90,0.0980,true,1,1373510
8850632606390,false,"יוגטה, חיספוסים, ממתק חמוץ בצורת שטיח בטעם אבטיח, 50 גרם",ליימן שליסל בע`מ,,יוגטה חיספוסים בטעם,גרמים,50.00,100 גרם,false,,4.90,0.0980,true,1,1373513
8851251060860,false,סופרלוק זכוכית מרובע,,,סופרלוק זכוכית מרובע,יחידה,0.00,יחידה,false,,24.90,0.0000,true,1,2246315
8851251096302,false,קופסת מידה עגולה,,,קופסת מידה עגולה,יחידה,0.00,יחידה,false,,6.90,0.0000,true,1,2269260
8851251096319,false,קופסת מידה עגולה,,,קופסת מידה עגולה,יחידה,0.00,יחידה,false,,9.90,0.0000,true,1,2269261
8851251096326,false,קופסת מידה עגולה,,,קופסת מידה עגולה,יחידה,0.00,יחידה,false,,12.90,0.0000,true,1,2269262
8851251096333,false,קופסת מידה עגולה,,,קופסת מידה עגולה,יחידה,0.00,יחידה,false,,9.90,0.0000,true,1,2269263
8851251096340,false,קופסת מידה עגולה,,,קופסת מידה עגולה,יחידה,0.00,יחידה,false,,12.90,0.0000,true,1,2269264
8852633119039,false,רוטב דגים 300 מל- כשר,טחנת האבן קואופ בעמ,,רוטב דגים,גרמים,300.00,100 גרם,false,,7.90,0.0263,true,1,1461016
8852633119077,false,רוטב דגים ירוק טעמי,,,רוטב דגים,מיליליטרים,700.00,"100 מ""ל",false,,10.90,0.0156,true,1,1461017
8853662056098,false,"סריראצ'ה - רוטב צ'ילי חריף עם שום 455 מ""ל",EXOTIC FOOD PCL,,רוטב סריראצ'ה צילי ח,מיליליטרים,455.00,"100 מ""ל",false,,24.90,0.0547,true,1,2354969
8853662056661,false,"רוטב סריראצ''ה מיו 455 מ""ל",EXOTIC FOOD PCL,,רוטב סריראצ'ה מיו,מיליליטרים,455.00,"100 מ""ל",false,,24.90,0.0547,true,1,2076719
8853662056982,false,"רוטב סריראצ'ה צ'ילי ירוק חריף 455 מ""ל",EXOTIC FOOD PCL,,רוטב סריראצ'ה צ'ילי,מיליליטרים,455.00,"100 מ""ל",false,,24.90,0.0547,true,1,2076720
8853662060316,false,סריראצה רוטב צילי חר,EXOTIC FOOD PCL,,רוטב סריראצ'ה חריף,מיליליטרים,455.00,"100 מ""ל",false,,24.90,0.0547,true,1,2354970
8853662060385,false,"רוטב סריראצ'ה שחור רוטב על בסיס צ'ילי 455 מ""ל",EXOTIC FOOD PCL,,רוטב סריראצ'ה שחור,מיליליטרים,455.00,"100 מ""ל",false,,24.90,0.0547,true,1,2354971
8857101301008,false,רוטב צילי מתוק וילי 700 מל יצרןמותג: פאן,ג.וילי פוד אינטרנשיונל בעמ,TH,רוטב צ'ילי מתוק 700מ'ל,מיליליטרים,700.00,"100 מ""ל",false,,9.90,0.0141,true,1,1353088
8858744800019,false,מחית קארי ירוק 550 גרם כשר,קנוקוואן פוד פרודקטס,TH,ממרח קארי ירוק 50 גר' כשר,גרמים,50.00,100 גרם,false,,5.90,0.1180,true,1,1391183
8858744800033,false,מחית קארי פננג 50 גר`כשר,טחנת האבן קואופ בעמ,,מחית קארי פננג,גרמים,50.00,100 גרם,false,,5.90,0.1180,true,1,1391184
8858744800057,false,מחית טום-יאם 30 גרם,קנוקוואן פוד פרודקטס,,ממרח טום ים,גרמים,30.00,100 גרם,false,,5.90,0.1967,true,1,1391185
8858744800064,false,מחית קארי אדום 50 גרם כשר,קנוקוואן פוד פרודקטס,TH,מחית קארי אדום 50 גר' כשר,גרמים,50.00,100 גרם,false,,5.90,0.1180,true,1,1391186
8858744800088,false,מחית קארי מאסמן 50 גרם כשר,קנוקוואן פוד פרודקטס,,מחית קארי סמאמן,גרמים,50.00,100 גרם,false,,5.90,0.1180,true,1,1391187
8858744800149,false,תערובת חמישה תבלינים,קנוקוואן פוד פרודקטס,,תערובת חמשת תבלינים,יחידה,0.00,יחידה,false,,7.90,0.0000,true,1,1391189
8888021200256,false,סוללות אנרג'ייזר AA מקס 8 יחידות,יצרן: אנרג'ייזר סינג,US,סוללות ENERGIZER 1X8 AA M,יח',8.00,יח',false,,22.90,2.8625,true,1,1401249
8888021200720,false,סוללות אנרג'ייזר AAA מקס 8 יחידות,יצרן: אנרג'ייזר סינג,US,סוללות ENERGIZER 1X8 *AAA,יח',8.00,יח',false,,22.90,2.8625,true,1,1401250
8901138500306,false,משחת שיניים איורודית עם פלואוריד מן הטבע,הימלאיה Himalaya,IN,הימלאיה משחת שיניים 100 ג,גרמים,100.00,100 גרם,false,,17.90,0.1790,true,1,1350683
8901138511784,false,"הימלאיה - תרחיץ פנים ללא סבון 150 מ""ל",ניאולייף,,תרחיץ פנים ללא סבון,מיליליטרים,150.00,"100 מ""ל",false,,24.90,0.1660,true,1,1932956
8901537024014,false,"אורז בסמטי מובחר 1 ק""ג - דוואט) יורה דיעה",ג. וילי-פוד אינטרנשיונל בע`מ,IN,אורז בסמטי מובחר 1 DAAWAT,קילוגרמים,1.00,"ק""ג",false,,12.90,12.9000,true,1,1353089
8901537076679,false,אורז בסמטי חום מלא 1 קג`DAAWAT וילי פוד,ג. וילי-פוד אינטרנשיונל בע`מ,,אורז בסמטי חום מלא 1,קילוגרמים,1.00,"ק""ג",false,,12.90,12.9000,true,1,1925556
8960360022680,false,תמצית טבעית בטעם ורד,Bakto Flavors LLC,US,תמצית טבעית בטעם ורדים,מיליליטרים,29.00,"100 מ""ל",false,,29.90,1.0310,true,1,1412440
9000100590693,false,"סאיוס - מוס לשיער לייצוב מקסימלי 250 מ""ל",הנקל סוד בעמ,,מוס לשיער סאיוס,מיליליטרים,250.00,"100 מ""ל",false,,19.90,0.0796,true,1,1369896
9000100760591,false,"פה - דאודורנט רול און לגבר אינוויזיבל פאוואר 50 מ""ל",שוורצקופף והנקל,,דאודורנט פה רול-און,מיליליטרים,50.00,"100 מ""ל",false,,9.90,0.1980,true,1,1897621
9000100798709,false,"דאודורנט פה רול און כוח המשיכה 50 מ""ל",שוורצקופף והנקל,DE,פה דאודורנט רולאון כח המש,מיליליטרים,50.00,"100 מ""ל",false,,9.90,0.1980,true,1,1369902
9000100806657,false,"פה - דאודורנט רול און לאישה בלתי נראה 50 מ""ל",שוורצקופף והנקל,DE,פה דאודורנט רולאון אינווי,מיליליטרים,50.00,"100 מ""ל",false,,9.90,0.1980,true,1,1369903
9000101329322,false,סבון אסלה בניחוח מתחלף תפוח נופר 50 ג' ברף,גורי שיווק בעמ,,ברף בניחוח מתחלף תפו,יחידה,0.00,יחידה,false,,9.90,0.0000,true,1,2350304
9000101329742,false,סבון אסלה בניחוח מתחלף אפרסק תפוח 50 ג' ברף,גורי שיווק בעמ,,ברף בניחוח מתחלף תפו,יחידה,0.00,יחידה,false,,9.90,0.0000,true,1,2350305
9000101372878,false,קפסולות דיסקס לניקוי כביסה לבנה וצבעונית Deep Clean,גורי שיווק בעמ,,פרסיל דיסקס לכביסה ל,יח',22.00,יח',false,,34.90,1.5864,true,1,2301942
9000101375268,false,ברף דלקס שלישייה ניחוח יסמין,הנקל,,ברף סבון אסלה בניחוח,גרמים,150.00,100 גרם,false,,19.90,0.1327,true,1,2375761
9000101375299,false,ברף דלקס שלישייה ניחוח מגנוליה,הנקל,,ברף סבון אסלה בניחוח,גרמים,150.00,100 גרם,false,,19.90,0.1327,true,1,2375756
9000101380255,false,פרסיל דיסקס לכביסה ניקיון היגייני 22 יחידות,גורי שיווק בעמ,,פרסיל דיסקס לכביסה ע,יח',22.00,יח',false,,34.90,1.5864,true,1,2319498
9000101418163,false,שלישיית סבון אסלה בניחוח מתחלף תפוח ירוק ברף,גורי שיווק בעמ,,ברף בניחוח מתחלף תפו,גרמים,150.00,100 גרם,false,,19.90,0.1327,true,1,2350824
9000101509069,false,ברף - סבון אסלה ג'ל גשם אביב שלשות,הנקל,,ברף סבון אסלה בניחוח,גרמים,126.00,100 גרם,false,,19.90,0.1579,true,1,2375762
9000101509151,false,ברף - סבון אסלה ג'ל אוקיינוס הקרח הצפוני שלשות,הנקל,,ברף סבון אסלה בניחוח,גרמים,126.00,100 גרם,false,,19.90,0.1579,true,1,2375767
9000101512526,false,פרסיל - פאוור קאפס קפסולות ג'ל מרוכזות לכביסה 26 יח',גורי שיווק בעמ,,פרסיל קפסולות ג'ל 2,יח',26.00,יח',false,,34.90,1.3423,true,1,2325357
9000101515817,false,קפסולות ג'ל כביסה לבנה וצבעונית 56 יח' פרסיל,גורי שיווק בעמ,,פרסיל קאפסולות ג'ל 5,יח',56.00,יח',false,,64.90,1.1589,true,1,2325352
9000101520965,false,שלישיית סבון אסלה בניחוח מתחלף לוטוס עדין ברף,גורי שיווק בעמ,,ברף בניחוח מתחלף לוט,גרמים,150.00,100 גרם,false,,19.90,0.1327,true,1,2360350
9000101521436,false,סבון אסלה בניחוח מתחלף לוטוס במבוק 50 ג' ברף,גורי שיווק בעמ,,ברף בניחוח מתחלף תפו,יחידה,0.00,יחידה,false,,9.90,0.0000,true,1,2350306
9001395812200,false,חטיף בננה/תות 300 גר,,,חטיף בננה/תות 300 גר,גרמים,300.00,100 גרם,false,,12.90,0.0430,true,1,1822373
9001616202155,false,מוצץ לתינוק אולטי סיליקון ללא ביספנול 16+ מאם,אלפא קוסמטיקה בעמ,,זוג מוצצי MAM +16,יחידה,0.00,יחידה,false,,34.90,0.0000,true,1,1380848
9001616202377,false,מאם מוצצים סיליקון 0-6 לילה זוהרים תכלת,אלפא קוסמטיקה בעמ,,זוג מוצצי MAM 0-6 לי,יחידה,0.00,יחידה,false,,34.90,0.0000,true,1,1380853
9001616202445,false,מוצץ לתינוק מיני אולטי סיליקון עיגולים מאם 2 יחידות,אלפא קוסמטיקה בעמ,,זוג מוצצי MAM 0-6,יחידה,0.00,יחידה,false,,34.90,0.0000,true,1,1380854
9001616203305,false,זוג פטמות X לבקבוק 6+ חודשים,אלפא קוסמטיקה בעמ,,פטמה X,יח',2.00,יח',false,,24.90,12.4500,true,1,1380857
9001616203626,false,מאם זוג פטמות מס 3 זרימה מהירה,אלפא קוסמטיקה בעמ,,פטמה מס' 3 MAM,יחידה,0.00,יחידה,false,,24.90,0.0000,true,1,1380862
9001616205774,false,מוצצים 0-6 סיליקון בעלי חיים בן(תכלת),אלפא קוסמטיקה בעמ,,זוג מוצצי MAM 0-6,יחידה,0.00,יחידה,false,,34.90,0.0000,true,1,1380864
9001616671579,false,מאם מוצצים סיליקון 0-6 אייר תכלת,אלפא קוסמטיקה בעמ,,זוג מוצצים 0-6 MAM,יחידה,0.00,יחידה,false,,34.90,0.0000,true,1,1380873
9001616682216,false,מאם בקבוק אנטי קוליק 160 מל תכלת,אלפא קוסמטיקה בעמ,,בקבוק אנטי קוליק 160,יחידה,0.00,יחידה,false,,34.90,0.0000,true,1,2040406
9001616702600,false,זוג מוצצים בנות 0-2 ננו סיליקון,אלפא קוסמטיקה בעמ,,זוג מוצצים סיליקון 0,יחידה,0.00,יחידה,false,,34.90,0.0000,true,1,2040408
9001616702662,false,זוג מוצצים סיליקון פרל מאמ 0-6 ורוד,אלפא קוסמטיקה בעמ,,זוג מוצצים סיליקון פ,יחידה,0.00,יחידה,false,,34.90,0.0000,true,1,2040414
9001616702693,false,מוצצים 0-6 סיליקון בעלי חיים בת(ורוד),אלפא קוסמטיקה בעמ,,זוג מוצצים סיליקון 0,יחידה,0.00,יחידה,false,,34.90,0.0000,true,1,2040417
9001616702822,false,זוג מוצצים סיליקון קריסטל מאמ +6 ורוד,General,,זוג מוצצים סיליקון 6,יחידה,0.00,יחידה,false,,34.90,0.0000,true,1,2040430
9001616702846,false,מאם מוצצים סיליקון 0-6 אייר ורוד,אלפא קוסמטיקה בעמ,,זוג מוצצים איר 0-6 ס,יחידה,0.00,יחידה,false,,34.90,0.0000,true,1,2040432
9001616702877,false,זוג מוצצים סיליקון מאמ +16 ורוד,אלפא קוסמטיקה בעמ,,זוג מוצצים סיליקון 1,יחידה,0.00,יחידה,false,,34.90,0.0000,true,1,2040435
9001616702969,false,"בקבוק 270מ""ל ללא חלקים מתפרקים ורוד",אלפא קוסמטיקה בעמ,,"בקבוק תינוק 270 מ""ל",יחידה,0.00,יחידה,false,,34.90,0.0000,true,1,2040442
9002975393812,false,סוכריות גילי הריבו האפי צירי 70 גרם,"האריבו , ג'\י.אם.בי.אייץ",,סוכריות הריבו האפי צ,גרמים,70.00,100 גרם,false,,6.90,0.0986,true,1,2278733
9002975393829,false,הריבו סוכריות גומי אפרסק 70 גרם,"האריבו , ג'\י.אם.בי.אייץ",,סוכריות הריבו פיצ'ס,גרמים,70.00,100 גרם,false,,6.90,0.0986,true,1,2278734
9002975393836,false,סוכריות גילי הריבו האפי קולה 70 גרם,"האריבו , ג'\י.אם.בי.אייץ",,סוכריות הריבו האפי ק,גרמים,70.00,100 גרם,false,,6.90,0.0986,true,1,2278735
9002975393843,false,סוכריות גילי הריבו גולדברס 70 גרם,"האריבו , ג'\י.אם.בי.אייץ",,סוכריות הריבו גולדבר,גרמים,70.00,100 גרם,false,,6.90,0.0986,true,1,2278736
9002975393850,false,סוכריות גילי הריבו וורמס 70 גרם,"האריבו , ג'\י.אם.בי.אייץ",,סוכריות הריבו וורמס,גרמים,70.00,100 גרם,false,,6.90,0.0986,true,1,2278737
9003400393032,false,"פחית בירה הל שטיגל 500 מ""ל",,,בירה הל שטיגל בפחית,מיליליטרים,500.00,"100 מ""ל",false,,8.90,0.0178,true,1,2349125
9005835312732,false,"קלרו נוזל הברקה למדיח כלים 500 מ""ל CLARO","יעקב יעקבי ובניו בע""מ",,נוזל הברקה למדיח קלר,מיליליטרים,500.00,"100 מ""ל",false,,9.90,0.0198,true,1,2267461
9005835312756,false,"קלרו ניקוי יסודי למדיח כלים 250 מ""ל CLARO","יעקב יעקבי ובניו בע""מ",,מנקה מדיח קלרו,מיליליטרים,250.00,"100 מ""ל",false,,9.90,0.0396,true,1,2267462
9008700111546,false,נקטר דובדבנים חמוצים 1ל',Rauch fruchtsafte gm,,נקטר דובדבן חמוץ,ליטרים,1.00,ליטר,false,,11.90,11.9000,true,1,1387291
9044400826861,false,סוכריות פז מילוי סוכריות בטעם בננה אגס אסיאתי,פז פרודקשיין יורו,,סוכריות פז למילוי,גרמים,82.00,100 גרם,false,,9.90,0.1207,true,1,2370723
9044400851672,false,סוכריות פז סוגים שונים + 3 מילויים,ר.ב. מוצרי דגנים בעמ,,סוכריית פז פו הדב,גרמים,25.50,100 גרם,false,,12.90,0.5059,true,1,2350291
9044400885578,false,סוכ.פז מילוי ט.פירות68גר,ר.ב. מוצרי דגנים בעמ,,סוכריות פז למילוי,גרמים,82.00,100 גרם,false,,9.90,0.1207,true,1,2360058
9310072028743,false,טים טם ביסקוויט במילוי שוקולד 200 גרם,"ארנוטס ביסקוויטס בע""",,וופל טים טם שוקולד 2,גרמים,200.00,100 גרם,false,,19.90,0.0995,true,1,1438731
9310072028750,false,חטיף שוקולד דאבל קרם טים טם (200 גרם),"ארנוטס ביסקוויטס בע""",,וופל טים טם שוקולד 2,גרמים,200.00,100 גרם,false,,19.90,0.0995,true,1,1434873
9312931720300,false,סכיני גילוח שיק אינטואישן לנשים שלישייה,ש.שסטוביץ בעמ,,סכיני גילוח שיק אינט,יח',3.00,יח',false,,29.90,9.9667,true,1,1958235
9322969000015,false,פריכיות תירס בטעם אורגינל ריל פודס 150 ג',אף.סי תבליני בגליל ב,IL,פריכיות תירס - 150ג' בטעם,גרמים,150.00,100 גרם,false,,10.90,0.0727,true,1,1401253
9322969000039,false,פריכיות תירס עם ארבע דגנים מלאים 150 גר`,ריאל פודס בעמ,,פריכיות תירס,גרמים,150.00,100 גרם,false,,10.90,0.0727,true,1,2033909
9322969000046,false,פריכיות תירס שומשום אורגני ריל פודס 150 ג',אף.סי תבליני בגליל ב,IL,פריכיות תירס אורגניות - 1,גרמים,125.00,100 גרם,false,,10.90,0.0872,true,1,1401255
9322969000053,false,פריכיות אורז מלא ריל פוד 150 גרם,סנו מפעלי ברונוס.,,פריכיות אורז מלא 150,גרמים,150.00,100 גרם,false,,10.90,0.0727,true,1,2333407
9330344004473,false,סכין גילוח שיק היידרו סילק חד פעמי 2 יח,"אם החיטה בע""מ",,סכיני גילוח שיק הייד,יחידה,0.00,יחידה,false,,24.90,0.0000,true,1,2240895
9720188050109,false,ממרח על בסיס סויה בסגנון גבינה טופוטי 225 גרם,*החברה המרכזית להפצת משקאותבעמ,US,טופוטי - ממרח טופו בטעם ג,גרמים,225.00,100 גרם,false,,19.90,0.0884,true,1,1375547
9771565038357,false,עיתון ידיעות אחרונות,ידיעות אחרונות בעמ,,עיתון יום חול ידיעות,יחידה,0.00,יחידה,false,,5.00,0.0000,true,1,1958169
9963223685212,false,מלקחיים נירוסטה,,,מלקחיים נירוסטה,יחידה,0.00,יחידה,false,,6.90,0.0000,true,1,2302037
