code,internal_code,name,manufacturer_name,manufacture_country,manufacturer_item_description,unit_qty,quantity,unit_of_measure,weighted,qty_in_package,price,unit_of_measure_price,allow_discount,status,item_id
54051140,false,מעדן סויה טעם וניל אלפרו רביעיה * 125 ג',הנסיך- מפעל לייצור ט,BE,מארז מעדן סויה וניל,גרמים,500.00,100 גרם,false,,15.90,3.1800,true,1,254858
54051157,false,מעדן סויה טעם שוקו אלפרו רביעיה 125 ג',קריות זול,BE,מארז מעדן סויה שוקול,גרמים,500.00,100 גרם,false,,15.90,3.1800,true,1,266953
72917367,false,טעמי חטיף במילוי קרם נוגט וקרמל,"שטראוס גרופ בע""מ",IL,טעמי 40 גרם,גרמים,40.00,100 גרם,false,,3.90,9.7500,true,1,321237
72940754,false,"מילקי מעדן וניל עם קצפת שטראוס 133 מ""ל","שטראוס גרופ בע""\מ",IL,מילקי וניל 133 גרם,גרמים,133.00,100 גרם,false,,2.90,2.1805,true,1,248374
72940761,false,"מילקי מעדן שוקולד עם קצפת שטראוס 133 מ""ל",מיוצר עי קונדיטוריית,IL,מילקי שוקולד 133 גרם,מיליליטרים,133.00,"100 מ""ל",false,,2.90,2.1805,true,1,248375
72940952,false,מעדן מילקי בטעם שוקולד עם אקסטרה קצפת,"שטראוס גרופ בע""\מ",IL,מילקי אקסטרה קצפת 17,מיליליטרים,170.00,"100 מ""ל",false,,3.50,2.0588,true,1,248376
72945308,false,קוביית שמרים טריים לאפיה שמרית 50 גרם,"פאקא תעשיות בע""\מ",IL,קוביות שמרים טריים ש,גרמים,50.00,100 גרם,false,,3.50,7.0000,true,1,248377
72961209,false,"שמנת חמוצהבד""צ תנובה",תנובה מרכז שיתופי לש,IL,שמנית חמוצה 15% תנוב,מיליליטרים,200.00,"100 מ""ל",false,,2.40,1.2000,true,1,248379
72961223,false,"גילה 3% תנובה 200 מ""ל",תנובה מרכז שיתופי לש,IL,"גיל תנובה 200 מ""ל",מיליליטרים,200.00,"100 מ""ל",false,,1.50,0.7500,true,1,248381
72961520,false,"פרילי יוגורט עם אננס 1.5% תנובה 125 מ""ל",מיוצר עי קונדיטוריית,IL,פרילי אננס 125 גרם,מיליליטרים,125.00,"100 מ""ל",false,,3.60,2.8800,true,1,248391
72963753,false,שמנת אורגינל של פעם 27% שומן 200 ג' תנובה,תנובה מרכז שיתופי לש,IL,שמנת חמוצה 27% תנובה,מיליליטרים,200.00,"100 מ""ל",false,,4.10,2.0500,true,1,248394
72986370,false,"גלידת בן & ג'ריס פיינטים וניל 500מ""ל",מוצרי איכות אמריקאיים,IL,גלידת שמנת בן אנד גר,מיליליטרים,500.00,"100 מ""ל",false,,16.90,3.3800,true,1,303638
72986424,false,"גלידת בן & ג'ריס פיינטים קרם עוגיות 500מ""ל",מוצרי איכות אמריקאיים בע,IL,גלידת שמנת בן אנד גר,מיליליטרים,500.00,"100 מ""ל",false,,16.90,3.3800,true,1,303640
72989425,false,"גלידת בן & ג'ריס פיינטים שוקולד בראוניז 500מ""ל",מוצרי איכות אמריקאיים בע,IL,גלידת שמנת בן אנד גר,מיליליטרים,500.00,"100 מ""ל",false,,16.90,3.3800,true,1,306170
72991008,false,חטיף פסק זמן במילוי ופל מגולגל 45 גרם,"שטראוס גרופ בע""מ",IL,פסק זמן קלאסיק מגדים,גרמים,45.00,100 גרם,false,,4.90,10.8889,true,1,286932
72991886,false,"גלידת דולצ'ה בטעם ריבת חלב עם פאדג' בן וג'ירי 500 מ""ל",מוצרי איכות אמריקאיים בע,IL,גלידת שמנת בן אנד גר,מיליליטרים,500.00,"100 מ""ל",false,,16.90,3.3800,true,1,303641
72993637,false,מעדן חלב בטעם שוקולד 125 ג' דני,"שטראוס גרופ בע""\מ",IL,דני שוקולד 125 גרם,גרמים,125.00,100 גרם,false,,2.70,2.1600,true,1,253564
80773429,false,מנטוס בקבוק מעוגל - מסטיק ללא סוכר בטעם תות 60 גרם,"פרפטי ואן מלה ג'\ידה,סאן",TR,מסטיק מנטוס צנצנת בט,גרמים,60.00,100 גרם,false,,8.90,14.8333,true,1,303492
80773443,false,מנטוס בקבוק מעוגל - מסטיק ללא סוכר בטעם מנטה 60 גרם,"פרפטי ואן מלה ג'\ידה,סאן",TR,מסטיק מנטוס ספרמנט ב,גרמים,60.00,100 גרם,false,,8.90,14.8333,true,1,299560
80790990,false,מסטיק מנטוס בבקבוק מעוגל בטעם פירות -מנטה 60 ג',"פרפטי ואן מלה ג'\ידה,סאן",TR,מסטיק מנטוס בבלפרש ב,גרמים,60.00,100 גרם,false,,8.90,14.8333,true,1,299559
80843184,false,מנטוס מסטיק פיור פרש בטעם ענבים 60גר,פרפטי ואן מלה הולנד,TR,מסטיק מנטוס פיור פרש,Unknown,0.00,יחידה,false,,8.90,0.0000,true,1,319056
80864295,false,סוכריות פיור וויט טעם מנטה עדינה 60 ג' מנטוס,"פרפטי ואן מלה ג'ידה,סאן",TR,מסטיק מנטוס פיור ווי,Unknown,0.00,יחידה,false,,8.90,0.0000,true,1,319055
80896081,false,מנטוס בקבוק מעוגל - מסטיק ללא סוכר בטעם אבטיח 60 גרם,"פרפטי ואן מלה ג'\ידה,סאן",TR,מסטיק מנטוס צנצנת בט,גרמים,60.00,100 גרם,false,,8.90,14.8333,true,1,304341
80913467,false,מנטוס בקבוק מעוגל - מסטיק ללא סוכר בטעם מנטה,פרפטי ואן מלה הולנד,TR,מסטיק מנטוס מנטה בבק,גרמים,60.00,100 גרם,false,,8.90,14.8333,true,1,299561
80945468,false,סוכריות פיור וויט טעם מנטה מתוקה 60 ג' מנטוס,"פרפטי ואן מלה ג'ידה,סאן",TR,מסטיק מנטוס פיור ווי,גרמים,60.00,100 גרם,false,,8.90,14.8333,true,1,319057
80979128,false,מנטוס בקבוק מעוגל - מסטיק ללא סוכר בטעם דובדבן,פרפטי ואן מלה הולנד,TR,מסטיק מנטוס פיור פרש,Unknown,0.00,יחידה,false,,8.90,0.0000,true,1,319058
80986348,false,סוכריות פיור וויט טעם מנטה 60 ג' מנטוס,"פרפטי ואן מלה ג'ידה,סאן",TR,מסטיק מנטוס פיור ווי,Unknown,0.00,יחידה,false,,8.90,0.0000,true,1,319059
80995128,false,מנטוס בקבוק עגול בטעם הדרים בתוספת ויטמינים 60 גרם,פרפטי ואן מלה הולנד,TR,מסטיק מנטוס צנצנת בט,גרמים,60.00,100 גרם,false,,8.90,14.8333,true,1,324875
87108651,false,סוכריות בטעם מנטה מנטוס 4*37.5 גרם,הדקלאים אגודת שיתופי,NL,מנטוס מנטה 4 יח,גרמים,150.00,100 גרם,false,,10.90,7.2667,true,1,248678
87108712,false,סוכריות בטעם פירות מנטוס 4*37.5 גרם,פרפטי ואן מלה ברדה,NL,מנטוס טעם פירות 4 יח,גרמים,150.00,100 גרם,false,,10.90,7.2667,true,1,248679
11210000155,false,"רוטב טבסקו על בסיס פלפל אדום 150 מ""ל",ניצן,US,רוטב טבסקו אדום 150,מיליליטרים,150.00,"100 מ""ל",false,,17.90,11.9333,true,1,302984
11210007352,false,רוטב טבסקו שום 150 מ,ניצן,US,רוטב טבסקו שום 150 מ,מיליליטרים,150.00,"100 מ""ל",false,,17.90,11.9333,true,1,310854
11210007703,false,רוטב טבסקו צ'יפוטלי,ניצן,US,רוטב טבסקו צ'יפוטלי,מיליליטרים,150.00,"100 מ""ל",false,,17.90,11.9333,true,1,310855
11210009219,false,רוטב טבסקו ירוק 150,ניצן,US,רוטב טבסקו ירוק 150,מיליליטרים,150.00,"100 מ""ל",false,,17.90,11.9333,true,1,310856
11210698055,false,רוטב טבסקו סרירציה 566 גרם,מקאילהייני קו,US,רוטב סרירצ'ה טבסקו 5,גרמים,566.00,100 גרם,false,,24.90,4.3993,true,1,302983
14353112150,false,גבינת מוצרלה מגורדת,,,גבינת מוצרלה מגורדת 227 גרם מהדרין,גרמים,227.00,100 גרם,false,1,24.90,10.9692,true,1,295257
16000185517,false,דגני בוקר פייבר וואן עתירי סובין FIBRE1,בטר אנד דיפרנט,US,דגני בוקר פייבר וואן,גרמים,555.00,100 גרם,false,,29.90,5.3874,true,1,319702
16000292819,false,מארז נייטשר ואלי ש.ש,גנרל מילס,ES,מארז נייטשר ואלי ש.ש,גרמים,252.00,100 גרם,false,,9.90,3.9286,true,1,323067
18000701223,false,"פילסברי, עוגה בטעם שוקולד, תערובת להכנת עוגה בטעם שוקולד. 500 גרם",הדקלאים אגודת שיתופי,IL,תערובת לעוגת שוקולד,גרמים,500.00,100 גרם,false,,15.90,3.1800,true,1,264309
18000703494,false,"פילסברי, עוגה בטעם וניל, תערובת להכנת עוגה בטעם וניל. 500 גרם.",הדקלאים אגודת שיתופי,IL,תערובת לעוגת וניל 50,גרמים,500.00,100 גרם,false,,15.90,3.1800,true,1,264310
18000703517,false,"פילסברי, עוגה בטעם שוקולד וניל, תערובת להכנת עוגה בטעם וניל. 550 גרם.",הדקלאים אגודת שיתופי,IL,תערובת לעוגת שיש פרו,גרמים,550.00,100 גרם,false,,15.90,2.8909,true,1,264311
18000766413,false,"פילסברי, עוגה בטעם שוקולד, תערובת להכנת עוגה בטעם שוקולד. 550 גרם.",הדקלאים אגודת שיתופי,IL,תערובת לעוגה בראוניס,גרמים,550.00,100 גרם,false,,15.90,2.8909,true,1,264312
18176785508,false,שוקולד טורינו חלב 10,שוקולה קמיל בלוך,IL,שוקולד טורינו חלב 10,גרמים,100.00,100 גרם,false,,9.90,9.9000,true,1,245947
18176787007,false,שוקולד טורינו מריר פרווה 100 גר',שוקולה קמיל בלוך,IL,שוקולד טורינו 100 גר,גרמים,100.00,100 גרם,false,,9.90,9.9000,true,1,245948
21723339994,false,"רוטב דגים 300מ""ל (טיפרוס) (כ)",טאנג סאנג ראר קי,TH,רוטב דגים מזרח ומערב,מיליליטרים,300.00,"100 מ""ל",false,,9.50,3.1667,true,1,309779
22200956932,false,דאודורנט ספיד סטיק גל 24/7 כחול 85 גר,הנסיך- מפעל לייצור ט,US,דאו גל ספיד סטיק כחו,גרמים,85.00,100 גרם,false,,18.90,22.2353,true,1,259772
22200956949,false,דאודורנט ג'ל כתום לגבר ספיד סטיק 85 גרם,קולגייט-פלמוליב,US,דאו גל ספיד סטיק כתו,גרמים,85.00,100 גרם,false,,18.90,22.2353,true,1,259771
25675094703,false,פשקס לקקן טוטי פרוטי 50 יח' באריזה,DORI ALIMENTOS LTDA,NL,לקקן טופי דובדבן פשק,גרמים,540.00,100 גרם,false,,15.90,2.9444,true,1,250534
25675094710,false,לקקן טופי בטעם יוגורט,DORI ALIMENTOS LTDA,NL,לקקן טופי יוגורט פשק,גרמים,540.00,100 גרם,false,,15.90,2.9444,true,1,259474
25675094727,false,פשקס לקקן תות 50 יח' באריזה,DORI ALIMENTOS LTDA,NL,לקקן טופי תות 50 יח,גרמים,540.00,100 גרם,false,,15.90,2.9444,true,1,250535
25675094741,false,לקקן טופי פטל פשקס 5,DORI ALIMENTOS LTDA,NL,לקקן טופי פטל פשקס 5,גרמים,540.00,100 גרם,false,,15.90,2.9444,true,1,250533
25675124912,false,נאטי צ'ויס שוקולד בו,JUSTBORN,US,נאטי צ'ויס שוקולד בו,גרמים,280.00,100 גרם,false,,23.90,8.5357,true,1,323662
25675950313,false,פשקס סוכריות אודלס תות מארז שקית,ג'ודילינג פודס קומפנ,CN,סוכריות אודלס פשקס ב,גרמים,224.00,100 גרם,false,,12.90,5.7589,true,1,293350
25675950351,false,פשקס סוכריות אודלס דובדבן מארז שקית,ג'ודילינג פודס קומפנ,CN,סוכריות אודלס פשקס ב,גרמים,224.00,100 גרם,false,,12.90,5.7589,true,1,293351
25675950382,false,פשקס סוכריות אודלס פטל מארז שקית,ג'ודילינג פודס קומפנ,CN,סוכריות אודלס פשקס ב,גרמים,224.00,100 גרם,false,,12.90,5.7589,true,1,293352
25675950429,false,סביבון אודלס מאגדת שקיות מיקס 192 גרם,צאוזי גונדילונג פוד,CN,סוכריות אודלס סביבון,גרמים,192.00,100 גרם,false,,12.90,6.7188,true,1,298147
34000544028,false,סוכריות ארוכות בטעם תות טוויזלרס Twizzlers,ליימן מותגים,US,טוויזלרס ממתק בטעם ת,גרמים,198.00,100 גרם,false,,6.90,3.4848,true,1,256497
34000544431,false,ממתקי הרשיז טוויזלרס טעם דובדבן 172 גרם,ליימן מותגים,US,טוויזלרס ממתק בטעם ד,גרמים,170.00,100 גרם,false,,6.90,4.0588,true,1,320041
35000458476,false,קולגייט מברשת שיניים ילדים מארז רביעייה,קולגייט פלמוליב,VN,מברשת קולגייט ילדים,Unknown,0.00,יחידה,false,,19.90,0.0000,true,1,306148
38000232183,false,פרינגלס ביג אורגינל 149 גרם,פרינגלס מנופקצ'ורינג קונ,US,פרינגלס אורגינל 149,גרמים,149.00,100 גרם,false,,7.90,5.3020,true,1,309710
41190007097,false,"חומץ תפוחים שופרייט 946 מ""ל",,,חומץ תפוחים שופרייט,מיליליטרים,946.00,"100 מ""ל",false,,11.90,1.2579,true,1,323059
41390001505,false,רוטב סויה קיקומן 1.8,,,רוטב סויה קיקומן 1.8,קילוגרמים,1.89,ליטר,false,,39.90,21.1111,true,1,265653
42400037316,false,דגני בוקר בטעם פירות354ג,פוסט לקיוויל,IL,דגני בוקר בטעם פירות,גרמים,354.00,100 גרם,false,,19.90,5.6215,true,1,302019
43427017107,false,רסק תפוחים ממותק שישיות ליברס 680 גרם,בורנייט פודס,US,"רסק תפו""ע ליברס 6*11",גרמים,678.00,100 גרם,false,,16.90,2.4926,true,1,312757
43427111898,false,"מלפפונים חמוצים קטן מאוד ""ליברס"" 720 מ""ל",קיי איי פי,IN,מלפפון חמוץ קטן מאוד,גרמים,670.00,100 גרם,false,,17.90,2.6716,true,1,324097
43427130516,false,"קרקר מלוח סנקרס ""ליברס"" 388 גרם",ביי וואלי פודס,US,קרקר מלוח ליברס 388,גרמים,388.00,100 גרם,false,,21.90,5.6443,true,1,308536
43427171137,false,"עוגיות סנדוויץ דופלקס 368 גרם ""ליברס""",טרי האוז פודס,US,עוגיות סנדוויץ דופלק,גרמים,368.00,100 גרם,false,,12.90,3.5054,true,1,314532
43427171144,false,"עוגיות סנדוויץ בטעם שוקולד 368 גרם ""ליברס""",טרי האוז פודס,US,עוגיות סנדוויץ שוקול,גרמים,368.00,100 גרם,false,,12.90,3.5054,true,1,314533
43427182010,false,"בייגלה מקלות עבים 340 גרם ""ליברס""",בנזל פוד,US,בייגלה מקלות עבים לי,גרמים,340.00,100 גרם,false,,14.90,4.3824,true,1,323559
43427182034,false,בייגלה שמיניות עבים 340 גרם ליברס,בנזל פוד,US,בייגלה ביס ליברס 340,גרמים,340.00,100 גרם,false,,14.90,4.3824,true,1,323560
43427189002,false,"רסק תפוחים בתוספת סוכר כשל""פ ""ליברס"" 1.36 ק""ג",בורנייט פודס,US,"רסק תפו""ע ליברס 1.36",פריט,1.36,"ק""ג",false,,19.90,14.6324,true,1,316045
44164102385,false,נרונים 4 שעות שרגא 7,שרגא שווק ויצור נרות,IL,נרונים 4 שעות שרגא 7,Unknown,0.00,יחידה,false,,25.90,0.0000,true,1,247105
44164102453,false,נרונים 6 שעות שרגא 7,שרגא שווק ויצור נרות,IL,נרונים 6 שעות שרגא 7,Unknown,0.00,יחידה,false,,31.90,0.0000,true,1,247106
44164234345,false,שמן פראפין למאור סגו,שרגא שווק ויצור נרות,IL,שמן פראפין למאור סגו,קילוגרמים,1.00,ליטר,false,,19.90,19.9000,true,1,319222
44164290907,false,שמן פראפין למאור צהו,שרגא שווק ויצור נרות,IL,שמן פראפין למאור צהו,קילוגרמים,1.00,ליטר,false,,19.90,19.9000,true,1,319226
44164341142,false,נר זיכרון דולק 7 ימים -פלסטיק,שרגא שווק ויצור נרות,IL,נר זכרון 7 ימים שרגא,Unknown,0.00,יחידה,false,,8.90,0.0000,true,1,295163
44164369962,false,נר זיכרון דולק 9 ימים -פלסטיק,שרגא שווק ויצור נרות,IL,נר זכרון 9 ימים שרגא,Unknown,0.00,יחידה,false,,11.90,0.0000,true,1,295162
48256219456,false,תרסיס אסטוניש לניקוי,יעקב יעקובי,IL,תרסיס אסטוניש לניקוי,מיליליטרים,750.00,"100 מ""ל",false,,9.90,1.3200,true,1,320598
48256297164,false,תרסיס אסטוניש לניקוי,יעקב יעקובי,IL,תרסיס אסטוניש לניקוי,מיליליטרים,750.00,"100 מ""ל",false,,9.90,1.3200,true,1,292898
48256299557,false,תרסיס אסטוניש מסיר ע,יעקב יעקובי,IL,תרסיס אסטוניש מסיר ע,מיליליטרים,750.00,"100 מ""ל",false,,9.90,1.3200,true,1,292899
58000142169,false,"קולגייט משחת שיניים טוטאל קלין מינט 170 מ""ל",קולגייט,MX,משחת קולגייט טוטל קל,מיליליטרים,170.00,"100 מ""ל",false,,24.90,14.6471,true,1,325762
58000142176,false,"קולגייט משחת שיניים טוטאל הלבנה 170 מ""ל",cp,MX,משחת קולגייט טוטל הל,מיליליטרים,170.00,"100 מ""ל",false,,24.90,14.6471,true,1,325763
58000142343,false,"קולגייט משחת שיניים מקס פסים מרעננים 150 מ""ל",קולגייט,MX,משחת קולגייט מקס 150,מיליליטרים,150.00,"100 מ""ל",false,,22.90,15.2667,true,1,325764
58000313200,false,"קולגייט משחת שיניים פרש כחול 150 מ""ל",קולגייט,MX,משחת קולגייט מקס פרש,מיליליטרים,150.00,"100 מ""ל",false,,22.90,15.2667,true,1,325765
64144090013,false,פאם תרסיס על בסיס שמן קנולה בטעם חמאה,קונאגרה פודס,US,תרסיס שמן קנולה בטעם,מיליליטרים,148.00,"100 מ""ל",false,,16.90,11.4189,true,1,256172
64144090020,false,"ספריי שמן PAM בטעם שמן זית 141 מ""ל",קונאגרה פודס,US,תרסיס שמן זית פאם 14,מיליליטרים,148.00,"100 מ""ל",false,,16.90,11.4189,true,1,256171
64144090051,false,"ספריי שמן PAM קנולה אורגינל 148 מ""ל",קונאגרה פודס,US,תרסיס שמן קנולה פאם,מיליליטרים,148.00,"100 מ""ל",false,,16.90,11.4189,true,1,267961
70970471278,false,מייק לייק - סוכריות ג'לי בינס קרטונית פירות יער כחול 141 גרם,גאסט בורן,US,סוכריות ג'לי אוכמניו,גרמים,141.00,100 גרם,false,,8.90,6.3121,true,1,314427
70970471285,false,"סוכריות מייק אייק רד רייג'רס, 141 ג'",ג'אסט בורן,US,סוכריות ג'לי רד רייג,גרמים,141.00,100 גרם,false,,8.90,6.3121,true,1,315449
70970471308,false,"סוכריות מייק אייק רד רייג'רס, 141 ג'",ג'אסט בורן,US,סוכריות ג'לי ענבים מ,גרמים,141.00,100 גרם,false,,8.90,6.3121,true,1,316615
70970473562,false,מייק לייק - סוכריות ג'לי בינס קרטונית מגה מיקס 141 גרם,ג'\אסט בורן,US,סוכריות ג'לי מגה מיק,גרמים,141.00,100 גרם,false,,8.90,6.3121,true,1,312943
70970473609,false,מייק לייק - ג'לי בינס מגה מיקס סאוור 141 גרם,ג'\אסט בורן,US,סוכריות ג'לי מגה מיק,גרמים,141.00,100 גרם,false,,8.90,6.3121,true,1,312944
73490154027,false,מיץ ענבים גאולה 2.84,קדם,IL,מיץ ענבים גאולה 2.84,קילוגרמים,2.84,ליטר,false,,38.90,13.6972,true,1,258662
77245110610,false,סוכריות מאסט ללא סוכר בטעם מנטה 80 ג'עלית,MIESZKO S.A - MS. JO,PL,סוכריות מאסט מנטה 80,גרמים,80.00,100 גרם,false,,6.90,8.6250,true,1,248479
80432400432,false,וויסקי שיבאס רגאל 12,מזקקת האחים שיבאס,GB,ויסקי שיבאס 12 שנה 1,קילוגרמים,1.00,ליטר,false,,129.90,129.9000,true,1,302091
82184090442,false,וויסקי ג'ק דניאלס 1 ליטר,בראון פורמן,US,ויסקי טנסי ג'ק דניאל,קילוגרמים,1.00,ליטר,false,,139.90,139.9000,true,1,308260
85000019504,false,וודקה ניו אמסטרדם 4,גאלו,US,וודקה ניו אמסטרדם 4,קילוגרמים,1.00,ליטר,false,,64.90,64.9000,true,1,312704
87752005644,false,"יין מוסקטו ברטנורה 750 מ""ל",מיסזקו אס.איי,IT,יין ברטנורא מוסקטו,מיליליטרים,750.00,"100 מ""ל",false,,48.90,6.5200,true,1,253164
96619016273,false,סירופ מייפל 1 ליטר ק,קיקומן פודז אינק,US,סירופ מייפל 1 ליטר ק,קילוגרמים,1.00,ליטר,false,,79.90,79.9000,true,1,324507
96619084104,false,רוטב סלסה אורגניק קי,קוסקו הולסייל,US,רוטב סלסה אורגניק קי,פריט,1.08,"ק""ג",false,,9.90,9.1667,true,1,320802
96619115471,false,קפסולות ג'ל כביסה או,מקברייד,BE,קפסולות ג'ל כביסה או,גרמים,882.00,100 גרם,false,,39.90,4.5238,true,1,324257
96619206841,false,תרסיס שמן קנולה קירק,,,תרסיס שמן קנולה קירק,מיליליטרים,394.00,"100 מ""ל",false,,19.90,5.0508,true,1,308662
96619332717,false,מלח גס ים תיכוני עם,קוסקו הולסייל,US,מלח גס ים תיכוני עם,גרמים,737.00,100 גרם,false,,9.90,1.3433,true,1,313217
96619332724,false,פלפל שחור שלם עם מטח,קוסקו הולסייל,US,פלפל שחור שלם עם מטח,גרמים,356.00,100 גרם,false,,9.90,2.7809,true,1,313218
96619338696,false,קמח שקדים קירקלנד 1.,הוגסטון נט אי אן סי,US,קמח שקדים קירקלנד 1.,פריט,1.36,"ק""ג",false,,79.90,58.7500,true,1,324152
96619679133,false,סירופ מייפל אורגני 1,קיקומן פודז אינק,US,סירופ מייפל אורגני 1,קילוגרמים,1.00,ליטר,false,,79.90,79.9000,true,1,275594
97643070248,false,שוקולד שמרלינגס הרמוני רוזמרי לבן 100ג',שמרלינג,CH,שוקולד שמרלינג לבן פ,גרמים,100.00,100 גרם,false,,11.50,11.5000,true,1,253249
97643082142,false,"שוקולד רוזמרי קידס שמרלינג 100 גרם כשל""פ",שמרלינג,,שוקולד שמרלינג קידס,גרמים,100.00,100 גרם,false,,11.50,11.5000,true,1,253246
97643082449,false,"שוקולד חלב רוזמרי 100 גרם כשל""פ",שמרלינג,CH,שוקולד שמרלינג פרלין,גרמים,100.00,100 גרם,false,,11.50,11.5000,true,1,253247
97643082548,false,"שוקולד רוזמרי פרווה שמרלינג 100 גרם כשל""פ",שמרלינג,CH,שוקולד שמרלינג מריר,גרמים,100.00,100 גרם,false,,11.50,11.5000,true,1,253248
97643084047,false,"שוקולד רוזמרי ספילט שמרלינג 100 גרם כשל""פ",שמרלינג,,שוקולד שמרלינג פרלין,גרמים,100.00,100 גרם,false,,11.50,11.5000,true,1,253250
97643090345,false,"שוקולד טבלה רוזמרי חלבי לל""ס 100 גר'",,IL,שוקולד שמרלינג חלב ל,גרמים,100.00,100 גרם,false,,13.90,13.9000,true,1,261247
194961000428,false,ממרח שוקולד חלבי שני,SHNEIDER'S,NL,ממרח שוקולד חלבי שני,גרמים,700.00,100 גרם,false,,21.90,3.1286,true,1,314498
308910525744,false,אטריות אורז דקות 454 גרם ורמיצ'לי (כ),ליאן תאי רייס,TH,אטריות אורז דקות מזר,מיליליטרים,454.00,"100 מ""ל",false,,10.50,2.3128,true,1,309780
608614310463,false,אוכמניות יחידה,אראל תוצרת חקלאית בע,IL,אוכמניות יח,Unknown,0.00,יחידה,false,,14.90,0.0000,true,1,324070
622356239769,false,בלנדר נינג'ה QB3001,,,בלנדר נינג'ה QB3001,Unknown,0.00,יחידה,false,,199.00,0.0000,true,1,325258
675470000142,false,נייר אפיה קשת 72 יח,טופ פלסט 2002 בעמ,IL,נייר אפיה קשת 72 יח,Unknown,0.00,יחידה,false,,9.90,0.0000,true,1,288851
693493001007,false,"גאון בניקיון תרסיס 350 מ""ל אריסטוקרט",אריסטוקרט,IL,תרסיס ניקוי גאון בני,מיליליטרים,350.00,"100 מ""ל",false,,18.90,5.4000,true,1,304878
693493034456,false,סרדין מרוקאי בשמן זי,אטלנטיק הום סרדינס א,MA,סרדין מרוקאי בשמן זי,גרמים,125.00,100 גרם,false,,5.90,4.7200,true,1,310730
693493034487,false,פילה סרדין בשמן זית 125גר,יוניון דה פחריס אפרי,MA,פילה סרדין בשמן זית,גרמים,125.00,100 גרם,false,,6.50,5.2000,true,1,310732
693493034524,false,מארז פילה אנשובי בשמ,פאטינה פוד,MA,מארז פילה אנשובי בשמ,גרמים,200.00,100 גרם,false,,21.90,10.9500,true,1,319207
693493057820,false,חלת קונדיטור מאפיית הלמנס,ספיישל בייקרי,IL,חלה חצי מתוקה 500 גר,גרמים,500.00,100 גרם,false,,12.90,2.5800,true,1,308781
693493057851,false,חלה קמח מלא מאפיית הלמנס,ספיישל בייקרי,IL,חלה קמח מלא 500 גרם,גרמים,500.00,100 גרם,false,,15.90,3.1800,true,1,308784
693493089319,false,מולטי ויטמין אקסטרה,,,מולטי ויטמין אקסטרה,Unknown,0.00,יחידה,false,,59.90,0.0000,true,1,319024
693493089340,false,ויטמין C לא חומצי +,,,ויטמין C לא חומצי +,Unknown,0.00,יחידה,false,,59.90,0.0000,true,1,319019
693493089364,false,מגנזיום ציטראט 400 מ,,,מגנזיום ציטראט 400 מ,Unknown,0.00,יחידה,false,,59.90,0.0000,true,1,319018
693493089371,false,ויטמין C לא חומצי 10,,,ויטמין C לא חומצי 10,Unknown,0.00,יחידה,false,,59.90,0.0000,true,1,319020
693493089395,false,"ויטמין B12 מק""ג 1000",,,"ויטמין B12 מק""ג 1000",Unknown,0.00,יחידה,false,,59.90,0.0000,true,1,319021
693493089418,false,"ויטמין D3 יחב""ל 1000",,,"ויטמין D3 יחב""ל 1000",Unknown,0.00,יחידה,false,,59.90,0.0000,true,1,319022
693493089425,false,פרוביוטיקה אקסטרה פא,,,פרוביוטיקה אקסטרה פא,Unknown,0.00,יחידה,false,,59.90,0.0000,true,1,319023
693493089463,false,דובוני ויטמין D לילד,,,דובוני ויטמין D לילד,Unknown,0.00,יחידה,false,,39.90,0.0000,true,1,319047
693493089470,false,דובוני ויטמין C לילד,,,דובוני ויטמין C לילד,Unknown,0.00,יחידה,false,,39.90,0.0000,true,1,319048
693493089487,false,דובוני מולטי ויטמין,,,דובוני מולטי ויטמין,Unknown,0.00,יחידה,false,,39.90,0.0000,true,1,319027
693493089494,false,דגי אומגה 3 לילדים א,,,דגי אומגה 3 לילדים א,Unknown,0.00,יחידה,false,,39.90,0.0000,true,1,319028
693493089586,false,מולטי ויטמין + ברזל,,,מולטי ויטמין + ברזל,Unknown,0.00,יחידה,false,,39.90,0.0000,true,1,321199
693493089685,false,תוסף ברזל נוזלי אקסט,,,תוסף ברזל נוזלי אקסט,Unknown,0.00,יחידה,false,,59.90,0.0000,true,1,323741
693493113663,false,מארז סרדין מרוקאי בש,אטלנטיק הום סרדינס א,MA,מארז סרדין מרוקאי בש,גרמים,500.00,100 גרם,false,,14.90,2.9800,true,1,316478
693493113687,false,מארז פילה אנשובי וצל,,,מארז פילה אנשובי וצל,גרמים,200.00,100 גרם,false,,21.90,10.9500,true,1,324907
693493113694,false,מארז סרדין מרוקאי בש,אטלנטיק הום סרדינס א,MA,מארז סרדין מרוקאי בש,גרמים,500.00,100 גרם,false,,14.90,2.9800,true,1,316479
693493142892,false,רביעיית פוקצות פרימיום עם זעתר פיתא 480 גרם,פיתא,IL,פוקצ'ה פרימיום עם זע,גרמים,480.00,100 גרם,false,,16.90,3.5208,true,1,325596
693493142908,false,רביעיית פוקצות פרימיום עם בצל פיתא 480 גרם,פיתא,IL,פוקצ'ה פרימיום עם בצ,גרמים,480.00,100 גרם,false,,16.90,3.5208,true,1,325595
693493180771,false,פסטרמה חזה בקר ONEG,"דליקטס ארטיזנל בע""מ",IL,פסטרמה חזה בקר ONEG,גרמים,150.00,100 גרם,false,,24.90,16.6000,true,1,324252
693493186902,false,שמיניית מיני פרנה 500 גרם,,IL,לחם מיני פרנה מרוקאי,גרמים,500.00,100 גרם,false,,14.90,2.9800,true,1,322993
693493186926,false,רביעיית פרנה פיתא 480 גרם,פיתא,IL,לחם פרנה מרוקאי פיתא,גרמים,480.00,100 גרם,false,,14.90,3.1042,true,1,325597
693493192514,false,אבקת חלבון בטעם וניל,,,אבקת חלבון בטעם וניל,גרמים,400.00,100 גרם,false,,69.00,17.2500,true,1,324274
693493192521,false,אבקת חלבון בטעם שוקו,,,אבקת חלבון בטעם שוקו,גרמים,400.00,100 גרם,false,,69.00,17.2500,true,1,324275
701197351820,false,תמצית וניל טהור 473,קוסקו הולסייל,US,תמצית וניל טהור 473,גרמים,473.00,100 גרם,false,,149.90,31.6913,true,1,316392
710069082229,false,ממרח חרדל 340 גרם,,IL,חרדל גפן 340 גרם,גרמים,340.00,100 גרם,false,,9.90,2.9118,true,1,291810
710069082236,false,חרדל גפן 454 גרם,,,חרדל גפן 454 גרם,גרמים,454.00,100 גרם,false,,9.90,2.1806,true,1,292362
712963001801,false,שוקולד מריר עלים עם שברי אגוזים 125 גר',טעמן,,עלי שוקולד מריר גרוס,גרמים,125.00,100 גרם,false,,16.90,13.5200,true,1,249566
712963001818,false,שוקולד עלים מריר בטעם תפוז 125 גר',שקד,IL,עלי שוקולד מריר תפוז,גרמים,125.00,100 גרם,false,,16.90,13.5200,true,1,262905
712963002921,false,נפוליטנים שוויצרי מעורבים 150 גרם,,IL,נפוליטנים מעורב גרוס,גרמים,150.00,100 גרם,false,,15.90,10.6000,true,1,261677
712963004482,false,שוקולד עלים חלב קרמל ומלח ים 125 גר',רויאל,BE,עלי שוקולד חלב קרמל,גרמים,125.00,100 גרם,false,,16.90,13.5200,true,1,309061
712963005922,false,שוקולד עלים מריר מנטה 125 גר',,IL,עלי שוקולד מריר מנטה,גרמים,125.00,100 גרם,false,,16.90,13.5200,true,1,324857
722776001509,false,ממתיק ספלנדה 1200 יח,,,ממתיק ספלנדה 1200 יח,פריט,1.20,"ק""ג",false,,129.90,108.2500,true,1,297117
722776002445,false,מארז ממתיק ספלנדה שק,,,מארז ממתיק ספלנדה שק,גרמים,715.00,100 גרם,false,,89.90,12.5734,true,1,302144
744985658817,false,סלמי בקר ONEG 200 ג,דליקטס,IL,סלמי בקר ONEG 200 ג,גרמים,200.00,100 גרם,false,,24.90,12.4500,true,1,325155
753182231761,false,"משקה אנרגיה BLU ללא תוספת סוכר 250 מ""ל",אקווה ויט,PL,משקה אנרגיה בלו סיקס,מיליליטרים,250.00,"100 מ""ל",false,,4.50,1.8000,true,1,252162
768404001640,false,"גלידה בן&ג'ריס קפה משפחתית 500מ""ל",מוצרי איכות אמריקאיים בע,IL,גלידת שמנת בן אנד גר,מיליליטרים,500.00,"100 מ""ל",false,,16.90,3.3800,true,1,303639
769904000607,false,שקדי מרק משובח 200 גרם כשלפ,גיי אפ פי ייצור מזון,IL,"שקדי מרק משובח כל""פ",גרמים,200.00,100 גרם,false,,9.90,4.9500,true,1,251343
782706222404,false,חזה הודו בדבש 250 גרם,"דליקטס ארטיזנל בע""מ",IL,פסטרמה הודו בדבש ONE,גרמים,250.00,100 גרם,false,,24.90,9.9600,true,1,324378
811146030383,false,פשקס סוכריות קשות בצורת ספינר 120גר,פרימיום פודס,CN,סוכריות קשות בצורת ס,גרמים,180.00,100 גרם,false,,11.90,6.6111,true,1,309001
811146030390,false,סוכריות קשות בצורת שבשבת פשקס 12 יח,קיומי שנגיואנג פודס,CN,סוכריות קשות בצורת ש,גרמים,180.00,100 גרם,false,,11.90,6.6111,true,1,309002
811146030666,false,טוויסטי פופ בורג 408 גרם,קיומי שנגיואנג פודס,CN,לקקן טוויסטי פופ בור,גרמים,408.00,100 גרם,false,,29.90,7.3284,true,1,308897
811146030697,false,טוויסטי פופ כוכב 408 גרם,קיומי שנגיואנג פודס,CN,לקקן טוויסטי פופ כוכ,Unknown,0.00,יחידה,false,,29.90,0.0000,true,1,308900
811146030741,false,סוכריות לולי פופ חמוץ משפחתי 144 גרם,גואנגדונג צאואן פוד,CN,לקקן בטעם פירות לילו,גרמים,150.00,100 גרם,false,,11.90,7.9333,true,1,315241
811146030758,false,סוכריות פרו זיפס פירות בשקית 255 גרם,גוגרנולא פוד אינדסטר,PK,סוכריות טופי פרוזיפס,גרמים,255.00,100 גרם,false,,9.90,3.8824,true,1,319161
811146030765,false,פרו זיפס כפול פירות בשקית 255 גרם,גוגרנולא פוד אינדסטר,PK,סוכריות טופי פרוזיפס,גרמים,255.00,100 גרם,false,,9.90,3.8824,true,1,319162
811146030772,false,פרו זיפס ארוכות פירות בשקית 255 גרם,גוגרנולא פוד אינדסטר,PK,סוכריות טופי פרוזיפס,גרמים,240.00,100 גרם,false,,9.90,4.1250,true,1,319163
811146031007,false,לקקן טוויסטי פופ לב,פרימיום פודס,CN,לקקן טוויסטי פופ לב,גרמים,408.00,100 גרם,false,,29.90,7.3284,true,1,324380
811146031205,false,סוכריות טופי פרוזיפס,גוגרנולא פוד אינדסטר,PK,סוכריות טופי פרוזיפס,גרמים,255.00,100 גרם,false,,9.90,3.8824,true,1,321325
835811000068,false,מגבוני טואלט קשת 3*4,עלבד משואות יצחק,IL,מגבוני טואלט קשת 3*4,Unknown,0.00,יחידה,false,,11.90,0.0000,true,1,308230
835811000075,false,עדשים ירוקות הנמל 1.,הנמל,IL,עדשים ירוקות הנמל 1.,פריט,1.20,"ק""ג",false,,13.90,11.5833,true,1,312429
835811000099,false,עדשים אדומות הנמל 1.,הנמל,IL,עדשים אדומות הנמל 1.,פריט,1.20,"ק""ג",false,,13.90,11.5833,true,1,312430
835811000112,false,שעועית לחמין הנמל 1.,הנמל,IL,שעועית לחמין הנמל 1.,פריט,1.20,"ק""ג",false,,14.90,12.4167,true,1,312435
835811000136,false,"כוסמת הנמל 1.2 ק""ג",הנמל,IL,"כוסמת הנמל 1.2 ק""ג",פריט,1.20,"ק""ג",false,,12.90,10.7500,true,1,312431
835811000143,false,מפת ניילון בגליל 40 מטר הנמל,,IL,מפת ניילון בגליל 1.5,Unknown,0.00,יחידה,false,,29.90,0.0000,true,1,321382
835811000150,false,"בורגול הנמל 1.2 ק""ג",הנמל,IL,"בורגול הנמל 1.2 ק""ג",פריט,1.20,"ק""ג",false,,8.90,7.4167,true,1,312432
835811000174,false,שעועית לבנה הנמל 1.2,הנמל,IL,שעועית לבנה הנמל 1.2,פריט,1.20,"ק""ג",false,,13.90,11.5833,true,1,312436
835811000204,false,צמרוני אזניים עץ הנמ,גרנג יוניברס,CN,צמרוני אזניים עץ הנמ,Unknown,0.00,יחידה,false,,4.90,0.0000,true,1,307062
835811000228,false,"חומוס הנמל 1.2 ק""ג",הנמל,IL,"חומוס הנמל 1.2 ק""ג",פריט,1.20,"ק""ג",false,,13.90,11.5833,true,1,312440
835811000280,false,גריסי פנינה הנמל 1.2,הנמל,IL,גריסי פנינה הנמל 1.2,פריט,1.20,"ק""ג",false,,9.90,8.2500,true,1,312433
835811000303,false,"אפונה הנמל 1.2 ק""ג",הנמל,IL,"אפונה הנמל 1.2 ק""ג",פריט,1.20,"ק""ג",false,,8.90,7.4167,true,1,312434
835811000310,false,ספוג לניקוי קשת 4 יח,,IL,ספוג לניקוי קשת 4 יח,Unknown,0.00,יחידה,false,,10.90,0.0000,true,1,309750
835811000327,false,חומוס ענק הנמל 1.2 ק,הנמל,IL,חומוס ענק הנמל 1.2 ק,פריט,1.20,"ק""ג",false,,21.90,18.2500,true,1,312438
835811000334,false,ספוגיות לניקוי קשת 1,סדובסקי,IL,ספוגיות לניקוי קשת 1,Unknown,0.00,יחידה,false,,10.90,0.0000,true,1,309751
835811000341,false,"חיטה הנמל 1.2 ק""ג",הנמל,IL,"חיטה הנמל 1.2 ק""ג",פריט,1.20,"ק""ג",false,,8.90,7.4167,true,1,312439
835811000358,false,מטליות לניקוי כללי מ,סדובסקי,IL,מטליות לניקוי כללי מ,Unknown,0.00,יחידה,false,,19.90,0.0000,true,1,310323
835811000365,false,מטליות רצפה מיקרופיי,סדובסקי,IL,מטליות רצפה מיקרופיי,Unknown,0.00,יחידה,false,,29.90,0.0000,true,1,310324
835811000396,false,נייר אפיה לתבנית מוארכת - מארז 30 ניירות,יבוא ושיווק: הנמל אריזות,CN,נייר אפיה לתבנית מאו,Unknown,0.00,יחידה,false,,9.90,0.0000,true,1,308502
835811000464,false,"תמצית מטעם רום 250 מ""ל הנמל",,IL,תמצית רום הנמל 250 מ,מיליליטרים,250.00,"100 מ""ל",false,,8.90,3.5600,true,1,306168
835811000471,false,"תמצית מטעם וניל 250 מ""ל",,IL,תמצית בטעם וניל הנמל,מיליליטרים,250.00,"100 מ""ל",false,,8.90,3.5600,true,1,306169
835811000518,false,תמצית וניל טהור הנמל,,IL,תמצית וניל טהור הנמל,מיליליטרים,29.00,"100 מ""ל",false,,21.90,75.5172,true,1,324242
835811000549,false,מגבוני טואלט מועשר ב,עלבד משואות יצחק,IL,מגבוני טואלט מועשר ב,Unknown,0.00,יחידה,false,,11.90,0.0000,true,1,324644
835811000693,false,כוסיות לחיים מרובעות,ביירט,CN,כוסיות לחיים מרובעות,Unknown,0.00,יחידה,false,,17.90,0.0000,true,1,307483
835811000709,false,מטליות לניקוי רצפה ק,,,מטליות לניקוי רצפה ק,Unknown,0.00,יחידה,false,,6.90,0.0000,true,1,307080
835811000723,false,נרות חימום 100 יח הנ,מולר פבריקה נרות,PL,נרות חימום 100 יח הנ,Unknown,0.00,יחידה,false,,17.90,0.0000,true,1,307067
835811000730,false,גליליות וופל למילוי 15יחי' 150 גרם,גילרו,IL,מארז גליליות הנמל למ,גרמים,150.00,100 גרם,false,,14.90,9.9333,true,1,307806
835811000747,false,מזלגות איכותיות קרם,מיקרו,TR,מזלגות איכותיות קרם,Unknown,0.00,יחידה,false,,26.90,0.0000,true,1,307553
835811000754,false,כפות איכותיות קרם בל,מיקרו,TR,כפות איכותיות קרם בל,Unknown,0.00,יחידה,false,,26.90,0.0000,true,1,307554
835811000761,false,כפיות איכותיות קרם ב,מיקרו,TR,כפיות איכותיות קרם ב,Unknown,0.00,יחידה,false,,26.90,0.0000,true,1,307555
835811000778,false,סכינים איכותיים קרם,מיקרו,TR,סכינים איכותיים קרם,Unknown,0.00,יחידה,false,,26.90,0.0000,true,1,307556
835811000785,false,מזלגות איכותיות שקוף,מיקרו,TR,מזלגות איכותיות שקוף,Unknown,0.00,יחידה,false,,26.90,0.0000,true,1,307557
835811000792,false,כפות איכותיות שקוף ב,מיקרו,TR,כפות איכותיות שקוף ב,Unknown,0.00,יחידה,false,,26.90,0.0000,true,1,307558
835811000808,false,כפיות איכותיות שקוף,מיקרו,TR,כפיות איכותיות שקוף,Unknown,0.00,יחידה,false,,26.90,0.0000,true,1,307559
835811000815,false,סכינים איכותיים שקוף,מיקרו,TR,סכינים איכותיים שקוף,Unknown,0.00,יחידה,false,,26.90,0.0000,true,1,307552
835811001096,false,סוכריות לקישוט מיני,ממתקי עלה,IL,סוכריות לקישוט מיני,גרמים,400.00,100 גרם,false,,17.90,4.4750,true,1,309993
835811001232,false,"נייר אפיה לתבנית עגולה 26 ס""מ - מארז 10 ניירות",האנג טונג,CN,נייר אפיה לתבנית עגו,Unknown,0.00,יחידה,false,,9.90,0.0000,true,1,315850
835811001300,false,סט אירוח צלחות ונציה,מיקרון מקינה,TR,סט אירוח צלחות ונציה,Unknown,0.00,יחידה,false,,36.90,0.0000,true,1,312778
835811001317,false,סט צלחות שטוחות נצנצ,מיקרון מקינה,TR,סט צלחות שטוחות נצנצ,Unknown,0.00,יחידה,false,,36.90,0.0000,true,1,312779
835811001355,false,כוסות מרובעות בלו שי,בי רייט,CN,כוסות מרובעות בלו שי,Unknown,0.00,יחידה,false,,29.90,0.0000,true,1,313090
835811001409,false,"תבנית ח""פ עבה רוסטר",אופל אריזות בעמ,IL,"תבנית ח""פ עבה רוסטר",Unknown,0.00,יחידה,false,,19.90,0.0000,true,1,316117
835811001416,false,"תבנית ח""פ עבה לחלה 1",אופל אריזות בעמ,IL,"תבנית ח""פ עבה לחלה 1",Unknown,0.00,יחידה,false,,19.90,0.0000,true,1,316118
835811001423,false,"תבנית ח""פ עבה רוסטר",אופל אריזות בעמ,IL,"תבנית ח""פ עבה רוסטר",Unknown,0.00,יחידה,false,,19.90,0.0000,true,1,316119
835811001430,false,"תבנית ח""פ עבה רוסטר",אופל אריזות בעמ,IL,"תבנית ח""פ עבה רוסטר",Unknown,0.00,יחידה,false,,19.90,0.0000,true,1,316120
835811001454,false,מארז גפרור ענק שלישי,נור,SE,גפרורים ארוך מאוד הנ,Unknown,0.00,יחידה,false,,9.90,0.0000,true,1,316401
835811001461,false,גפרורים בינוני הנרות,,IL,גפרורים בינוני הנרות,Unknown,0.00,יחידה,false,,5.90,0.0000,true,1,316876
835811001621,false,"קינואה הנמל 1.2 ק""ג",הנמל,IL,"קינואה הנמל 1.2 ק""ג",פריט,1.20,"ק""ג",false,,19.90,16.5833,true,1,315216
835811001713,false,נילון נצמד 150 מטר רוחב 30 סמ,ווינפאק סחר בעמ,IL,ניילון נצמד הנמל 150,מטרים,150.00,מטר,false,,14.90,0.0993,true,1,288920
835811001928,false,קוקטים לאפיה 3 אוז 50 יח',בי רייט,CN,תבניות אישיות לאפיה,Unknown,0.00,יחידה,false,,6.90,0.0000,true,1,266136
835811001935,false,קוקטים לאפיה 5.5 אוז 50 יח',בי רייט,CN,תבניות אישיות לאפיה,Unknown,0.00,יחידה,false,,6.90,0.0000,true,1,266137
835811002215,false,מאפינס צבעוני מס' 4 הנמל 200 יח',יונק,IL,מאפינס צבעוני 200 יח,Unknown,0.00,יחידה,false,,9.90,0.0000,true,1,295285
835811002239,false,מאפינס צבעוני מס' 3 הנמל 200 יח',יונק,,מאפינס צבעוני 200 יח,Unknown,0.00,יחידה,false,,8.90,0.0000,true,1,295284
835811002246,false,מאפינס צבעוני מס' 2 הנמל 200 יח',יונק,IL,מאפינס צבעוני 200 יח,Unknown,0.00,יחידה,false,,7.90,0.0000,true,1,295283
835811002253,false,מאפינס צבעוני מס' 1.5 הנמל 200 יח',יונק,,מאפינס צבעוני 200 יח,Unknown,0.00,יחידה,false,,6.90,0.0000,true,1,295282
835811002277,false,"שיפודי במבוק גדול במיוחד ""הנמל""",גרנג יוניברס,CN,שיפודי במבוק עבים הנ,Unknown,0.00,יחידה,false,,5.90,0.0000,true,1,317281
835811002406,false,מטליות רצפה מותאם למ,עופרטקס תעשיות 1997,IL,מטליות רצפה מותאם למ,Unknown,0.00,יחידה,false,,19.90,0.0000,true,1,290324
835811002451,false,נרות צבעוני 6 שעות 2,מולר פבריקה נרות,PL,נרות צבעוני 6 שעות 2,Unknown,0.00,יחידה,false,,12.90,0.0000,true,1,289441
835811002628,false,ופל קראנץ עלמה 60 יח,גילרו,IL,ופל קראנץ עלמה 60 יח,גרמים,720.00,100 גרם,false,,17.90,2.4861,true,1,314544
835811002970,false,סט אירוח צלחות ונציה,מיקרון מקינה,TR,סט אירוח צלחות ונציה,Unknown,0.00,יחידה,false,,36.90,0.0000,true,1,316661
835811002987,false,סט אירוח צלחות ונציה,מיקרון מקינה,TR,סט אירוח צלחות ונציה,Unknown,0.00,יחידה,false,,36.90,0.0000,true,1,316662
835811003007,false,סט מרקיות ולפתניות צ,מיקרון מקינה,TR,סט מרקיות ולפתניות צ,Unknown,0.00,יחידה,false,,34.90,0.0000,true,1,316664
835811003106,false,כפות הגשה שקוף 10 יח' הנמל,מיקרון מקינה,TR,כפות הגשה מפלסטיק שק,Unknown,0.00,יחידה,false,,12.90,0.0000,true,1,321416
835811003113,false,מזלגות איכותיות שקוף,מיקרו,TR,מזלגות איכותיות שקוף,Unknown,0.00,יחידה,false,,26.90,0.0000,true,1,317823
835811003120,false,כפות איכותיות שקוף נ,מיקרו,TR,כפות איכותיות שקוף נ,Unknown,0.00,יחידה,false,,26.90,0.0000,true,1,317824
835811003137,false,כפיות איכותיות שקוף,מיקרו,TR,כפיות איכותיות שקוף,Unknown,0.00,יחידה,false,,26.90,0.0000,true,1,317821
835811003144,false,סכינים איכותיים שקוף,מיקרו,TR,סכינים איכותיים שקוף,Unknown,0.00,יחידה,false,,26.90,0.0000,true,1,317822
835811003199,false,נייר אפיה לתבנית מרובע 6X32 16 יח',יבוא ושיווק: הנמל אריזות,CN,נייר אפיה לתבנית מלב,Unknown,0.00,יחידה,false,,17.90,0.0000,true,1,318701
835811003328,false,"תבנית ח""פ עבות במיוח",,IL,"תבנית ח""פ עבות במיוח",Unknown,0.00,יחידה,false,,44.90,0.0000,true,1,320458
835811003601,false,צימרונים לתינוק 90 יח' הנמל,ספה,TR,צמרוני אוזניים לתינו,Unknown,0.00,יחידה,false,,5.90,0.0000,true,1,302443
835811003663,false,סירופ בטעם מייפל 600,O.S,,סירופ בטעם מייפל 600,גרמים,600.00,100 גרם,false,,9.90,1.6500,true,1,300668
835811003670,false,סירופ בטעם שוקולד 60,O.S,,סירופ בטעם שוקולד 60,גרמים,600.00,100 גרם,false,,9.90,1.6500,true,1,300667
835811003694,false,מזוודה טישו משי הנמל 140*10 יח',לילה,TR,טישו הנמל 10*140 יח,Unknown,0.00,יחידה,false,,23.90,0.0000,true,1,300311
835811003700,false,סודה לשתיה הנמל 250 גרם,פוליבה,IL,סודה לשתייה הנמל 250,גרמים,250.00,100 גרם,false,,5.90,2.3600,true,1,311490
835811003878,false,שקיות אשפה עם ידיות הנמל 40 יח 50*70,זמזמ תעשיות פלסטיק,IL,שקיות אשפה עם ידיות,Unknown,0.00,יחידה,false,,11.90,0.0000,true,1,298186
835811004189,false,פרורי לחם מוזהבים בתוספת שומשום 800 גר',הנמל,IL,פירורי לחם מוזהבים ה,גרמים,800.00,100 גרם,false,,9.90,1.2375,true,1,324702
835811004202,false,מפות ניילון עבות הנמ,זמזמ תעשיות פלסטיק,IL,מפות ניילון עבות הנמ,Unknown,0.00,יחידה,false,,9.90,0.0000,true,1,301730
835811004219,false,מפות שולחן ניילון עבה הנמל 8 יח',זמזמ תעשיות פלסטיק,IL,מפות ניילון עבות הנמ,Unknown,0.00,יחידה,false,,9.90,0.0000,true,1,301731
835811004226,false,מפת ניילון בגליל 45 מטר,,IL,מפת ניילון בגליל 45,Unknown,0.00,יחידה,false,,29.90,0.0000,true,1,316486
835811004233,false,מפות ניילון 18 יח ה,זמזמ תעשיות פלסטיק,IL,מפות ניילון 18 יח ה,Unknown,0.00,יחידה,false,,16.90,0.0000,true,1,302625
835811004240,false,מפות ניילון 22 יח הנ,זמזמ תעשיות פלסטיק,IL,מפות ניילון 22 יח הנ,Unknown,0.00,יחידה,false,,16.90,0.0000,true,1,302624
835811004257,false,נייר אלומיניום הנמל,גי.טי,CN,נייר אלומיניום הנמל,מטרים,30.00,מטר,false,,23.90,0.7967,true,1,301785
835811004271,false,סלטינה אמריקאית 100 יח',ביירט,CN,צלחות סלטינה אמריקאי,Unknown,0.00,יחידה,false,,20.90,0.0000,true,1,304537
835811004417,false,ריבת חלב הנמל 340 גר,,,ריבת חלב הנמל 340 גר,גרמים,340.00,100 גרם,false,,11.90,3.5000,true,1,309473
835811004424,false,חלב מרוכז 340 גרם הנמל,פוליבה בעמ,IL,חלב מרוכז הנמל 340 ג,גרמים,340.00,100 גרם,false,,11.90,3.5000,true,1,303080
835811004523,false,קשים מיוחדים לשייק הנמל 75 יחידות,,CN,קשים לשייק הנמל 75 י,Unknown,0.00,יחידה,false,,6.90,0.0000,true,1,305208
835811004660,false,עטרות אלו' 1.50 לאפיה 100יח,הנג טון,CN,מנגטים לאפייה כסף/ז,Unknown,0.00,יחידה,false,,4.90,0.0000,true,1,265903
835811004677,false,עטרות אלו' 4 לאפייה 100 יח',הנג טון,CN,מנגטים לאפייה כסף/זה,Unknown,0.00,יחידה,false,,8.90,0.0000,true,1,265906
835811004684,false,עטרות אלו' 3 לאפיה 100יח,הנג טון,CN,מנגטים לאפייה כסף/זה,Unknown,0.00,יחידה,false,,6.90,0.0000,true,1,265905
835811004691,false,עטרות אלו' לאפיה 100 יח' מס' 2 כסף/ זהב,הנג טון,CN,מנגטים לאפייה כסף/זה,Unknown,0.00,יחידה,false,,5.90,0.0000,true,1,265904
835811004707,false,פירורי לחם מוזהבים 440 ג' הנמל,ברמן שוקולד ועוגיות,IL,פירורי לחם מוזהבים ה,גרמים,440.00,100 גרם,false,,6.70,1.5227,true,1,252419
835811004943,false,קעריות קסרול שקופות,"אינפלסטיק בע""מ",IL,קסרול שקוף אלגנט 10,Unknown,0.00,יחידה,false,,10.90,0.0000,true,1,252130
835811005025,false,סיר אלומיניום בינוני עם מכסה 2 יח',קינפויל גאנגזו,CN,סיר אלומיניום בינוני,Unknown,0.00,יחידה,false,,14.90,0.0000,true,1,251875
835811005247,false,קערות מהודרות משובחות ואיכותיות,הנג טונג,CN,קערה שקופה 4 יח 4 או,Unknown,0.00,יחידה,false,,7.90,0.0000,true,1,255403
835811005421,false,"שיפודים עבים 25 ס""מ 75 יח` הנמל",שוורצקוף& הנקל דיסלד,IN,"שיפודים עבים 25 ס""מ",Unknown,0.00,יחידה,false,,2.50,0.0000,true,1,253967
835811005728,false,עלים לקרמשניט הנמל 400 גרם,"רונית מאפים בע""מ",IL,עלים לקרמשניט 400 גר,גרמים,400.00,100 גרם,false,,14.90,3.7250,true,1,259239
835811005735,false,כריות לכלים הנמל 12,סדובסקי,IL,כריות לכלים הנמל 12,Unknown,0.00,יחידה,false,,9.90,0.0000,true,1,258374
835811005773,false,מטליות לניקוי אבק הנ,מ.א.יצור ויבוא מטליו,IL,מטליות לניקוי אבק הנ,Unknown,0.00,יחידה,false,,19.90,0.0000,true,1,258370
835811005803,false,"שקיות אשפה עם ידיות 75x90 ס""מ 25 יח'",תעשיות והשקעה אל רסא,IL,שקיות אשפה עם ידיות,Unknown,0.00,יחידה,false,,11.90,0.0000,true,1,265313
835811006046,false,ליפתן אמרקאיות 5 אונז` 100 יח`,בי רייט,CN,לפתניות אמריקאיות 10,Unknown,0.00,יחידה,false,,17.90,0.0000,true,1,286922
835811006176,false,כוס קינוח קריסטל 24 יח',מיקרון מקינה,TR,כוס קינוח קריסטלי 60,Unknown,0.00,יחידה,false,,14.90,0.0000,true,1,256724
835811006497,false,אבקת סוכר 500 גרם הנמל,ר.ס. חברה ליבוא ויצו,IL,אבקת סוכר הנמל 500 ג,גרמים,500.00,100 גרם,false,,6.90,1.3800,true,1,288852
835811006534,false,"כוסות קרטון לשתיה חמה 475 מ""ל",הנמל,CN,כוסות נייר 50 יח 16,Unknown,0.00,יחידה,false,,22.90,0.0000,true,1,264334
835811006763,false,מאפינס אלומיניום לאפיה ולהגשה 20 יח`,האנוי ואיוין אינטרנש,CN,"תבניות ח""פ לאפיה איש",Unknown,0.00,יחידה,false,,5.90,0.0000,true,1,260470
835811007166,false,כוסות חד פעמיות מקרטון עם מכסה פלסטיק,"צח ייבוא ושיווק בע""מ",IL,כוסות לקפה + מכסה 16,Unknown,0.00,יחידה,false,,12.90,0.0000,true,1,248588
835811007494,false,ג'לטין טהור מדגים14X2גרם,גואנגדונג מיניאנג,TW,אבקת גלטין טהור הנמל,גרמים,28.00,100 גרם,false,,8.90,31.7857,true,1,248590
835811007562,false,תבניות קרטון אינגליש קייק 6יח` ארוז 29X9X6,דוקרט תעשיית אריזות,IL,תבניות קרטון אינגליש,Unknown,0.00,יחידה,false,,8.90,0.0000,true,1,248591
835811007661,false,שקיות הקפאה 200 יחידות הנמל 25*35 ס''מ,סאם גלובל תורכיה,CN,שקיות הקפאה הנמל 200,Unknown,0.00,יחידה,false,,6.90,0.0000,true,1,248592
835811007678,false,שקיות אוכל הנמל 200 יח',סאם גלובל תורכיה,CN,שקיות אוכל הנמל 200,Unknown,0.00,יחידה,false,,2.80,0.0000,true,1,248593
835811008132,false,ספוג מתכת בגליל 6 יח`,שוורצקוף& הנקל דיסלד,CN,ספוג מתכת הנמל 6 יח,Unknown,0.00,יחידה,false,,9.90,0.0000,true,1,248598
835811008347,false,גפרור מיוחד ענק הנמל 1 יחידה,הנמל,SE,גפרורים ענק הנרות,Unknown,0.00,יחידה,false,,3.90,0.0000,true,1,248604
835811008606,false,"סיר אלומיניום ומכסה ח""פ הנמל 3 יח'",קינפויל/גאנגזו,CN,סיר אלומיניום 3 יחיד,Unknown,0.00,יחידה,false,,12.90,0.0000,true,1,249067
835811008729,false,צלחות ענק אמריקאיות הנמל 100 יח,בי רייט,CN,צלחות אמריקאיות ענק,Unknown,0.00,יחידה,false,,59.90,0.0000,true,1,284265
835811008736,false,"צלחות אמרקאיות גדול ח""פ 100 יח'",בי רייט,CN,צלחות אמריקאיות גדול,Unknown,0.00,יחידה,false,,48.90,0.0000,true,1,283669
835811008774,false,"צלחות אמריקאיות 7"" קטן ח""פ 100 יח'",בי רייט,CN,צלחות אמריקאיות קטנו,Unknown,0.00,יחידה,false,,29.90,0.0000,true,1,250486
835811008781,false,"מרקיות אמריקאיות 12OZ ח""פ 100 יח'",בי רייט,CN,"מרקיות אמריקאיות ח""פ",Unknown,0.00,יחידה,false,,29.90,0.0000,true,1,283668
835811008910,false,ליפתניות הגשה 8יח הנ,בי רייט,CN,לפתניות הגשה 8 יח',Unknown,0.00,יחידה,false,,7.90,0.0000,true,1,249061
835811008927,false,כוס ויסקי גבוהה 10 יח,בי רייט,CN,כוס ויסקי הנמל 10 יח,Unknown,0.00,יחידה,false,,11.50,0.0000,true,1,324703
835811008996,false,"כוסות חד פעמי קרטון 295 מ""ל",הנמל,CN,כוסות נייר 50 יח 300,Unknown,0.00,יחידה,false,,13.90,0.0000,true,1,249058
835811009016,false,כוסות נייר OZ4 הנמל 50 יחידות,הנמל,CN,כוסות נייר 50 יח 120,Unknown,0.00,יחידה,false,,6.90,0.0000,true,1,249059
838948000048,false,ממרח שוקולד אגוזים ש,SHNEIDER'S,NL,ממרח שוקולד אגוזים ש,גרמים,700.00,100 גרם,false,,21.90,3.1286,true,1,288521
844510013101,false,"יין ירושלים הילז קברנה סוביניון 750 מ""ל",הרי ירושלים,IL,יין ג'רוזלם הילז קבר,מיליליטרים,750.00,"100 מ""ל",false,,39.90,5.3200,true,1,312698
844510013125,false,"יין ירושלים הילז מרלו 750 מ""ל",אגדת,IL,יין ג'רוזלם הילז מרל,מיליליטרים,750.00,"100 מ""ל",false,,39.90,5.3200,true,1,312699
844510013149,false,יין ירושלים הילס קבר,אגדת,IL,יין ג'רוזלם הילז קבר,מיליליטרים,750.00,"100 מ""ל",false,,39.90,5.3200,true,1,312700
844510013200,false,יין ירושלים הילס רוז,אנטי פוד משקאות,IL,יין ג'רוזלם הילז רוז,מיליליטרים,750.00,"100 מ""ל",false,,39.90,5.3200,true,1,320635
844510013309,false,"יין גרוזלם הילז רזרב 750 מ""ל",אגדת,IL,יין ג'רוזלם הילז רזר,מיליליטרים,750.00,"100 מ""ל",false,,69.90,9.3200,true,1,312717
854928007067,false,שוקולד מריר 41% רוקה,מאונטיין צוקולט ק.פ.,HK,שוקולד מריר 41% רוקה,גרמים,600.00,100 גרם,false,,16.90,2.8167,true,1,313908
856591000055,false,עוגיות מזרחיות קריספי שרוף במיוחד,מאפיית יוסף ושמחה עבאדי,IL,עוגיות מזרחיות קריספ,גרמים,400.00,100 גרם,false,,15.80,3.9500,true,1,308901
856591000062,false,עוגיות מזרחיות עם מלח עבאדי 400 גרם,מאפיית יוסף ושמחה עבאדי,IL,עוגיות מזרחיות מלח ע,גרמים,400.00,100 גרם,false,,15.80,3.9500,true,1,273898
856591000109,false,עוגיות מזרחיות פריך במיוחד עבאדי 400 גרם,מאפיית יוסף ושמחה עבאדי,IL,עוגיות מזרחיות פריכו,גרמים,400.00,100 גרם,false,,15.80,3.9500,true,1,308882
856591000512,false,עוגיות מזרחיות מקלונים עם שומשום עבאדי 400 גרם,מאפיית יוסף ושמחה עבאדי,IL,עוגיות מזרחיות מקלונ,גרמים,400.00,100 גרם,false,,16.90,4.2250,true,1,315224
856591000949,false,"מאפה חיטה מלוח ""קטנטנים"" עבאדי 350 גרם",עבאדי,IL,עוגיות קטנטנים עבאדי,גרמים,350.00,100 גרם,false,,16.90,4.8286,true,1,320096
856591000970,false,מאפה חיטה עבאדי מקלונים בטעם חריף 400 גר,עבאדי,IL,עוגיות מזרחיות מקלונ,גרמים,400.00,100 גרם,false,,16.90,4.2250,true,1,323683
884912117625,false,דגני שלווה מצופים בדבש Golden Crisp,הנסיך- מפעל לייצור ט,US,דגני בוקר גולדן קריס,גרמים,418.00,100 גרם,false,,19.90,4.7608,true,1,323570
884912359414,false,דגני בוקר האני באנצ'ס קינמון פוסט 340 גרם,פוסט ארצות הברית,US,דגני בוקר האני בנצ',גרמים,340.00,100 גרם,false,,17.90,5.2647,true,1,323575
884912365200,false,דגני בוקר אוראו שחור ולבן 311 גרם,פוסט ארצות הברית,US,דגני בוקר עם פירורי,גרמים,311.00,100 גרם,false,,19.90,6.3987,true,1,323669
884912377142,false,דגני בוקר האני באנצס וניל 340 ג' POST,פוסט ארצות הברית,US,דגני בוקר האני בנצ',גרמים,340.00,100 גרם,false,,17.90,5.2647,true,1,325557
3014260022730,false,מב.שיניים אדוונטג 40 מדיום אורל בי זוג,פרוקטר אנד גמבל,IE,מברשת אורל בי אדוונט,Unknown,0.00,יחידה,false,,16.90,0.0000,true,1,268980
3014260112080,false,מברשת אורל בי אדוונט,פרוקטר & גמבל,DE,מברשת אורל בי אדוונט,Unknown,0.00,יחידה,false,,16.90,0.0000,true,1,325724
3059944021197,false,"ויט קרם להסרת שיער לעור רגיש (אריזת חיסכון) 400 מ""ל",רקיט בנקיזר צרפת,FR,קרם להסרת שיער ויט 4,מיליליטרים,400.00,"100 מ""ל",false,,39.90,9.9750,true,1,317874
3141360054405,false,פיניש מפיץ ריח למדיח בניחוח לימון וליים,הדקלאים אגודת שיתופי,HU,מפיג ריח פיניש לימון,Unknown,0.00,יחידה,false,,14.90,0.0000,true,1,295681
3387390320244,false,פיטנס דגני בוקר מחיטה מלאה עם פירות נסטלה 375 גרם,נסטלה צרפת איטנקורט,FR,דגני בוקר פיטנס עם פ,גרמים,375.00,100 גרם,false,,19.90,5.3067,true,1,246704
3387390525960,false,קראנץ' דגני בוקר עם שוקולד חלב נסטלה 500 גרם,הנסיך- מפעל לייצור ט,FR,דגני בוקר קראנצ 500,גרמים,500.00,100 גרם,false,,19.90,3.9800,true,1,260038
3574660058857,false,גונסונס בייבי שמן 500 מל חדש,גונסון אנד גונסון,IT,שמן גונסונס בייבי 50,גרמים,500.00,100 גרם,false,,29.90,5.9800,true,1,305799
3574660089547,false,טמפונים נורמל קלאסי אובה 32 יחידות,ג'\ונסון אנד ג'\ונסון,GR,טמפונים אובה פרוקומפ,Unknown,0.00,יחידה,false,,19.90,0.0000,true,1,254861
3574660115154,false,או-בה טמפונים קלאסי סופר 32יח',ג'\ונסון אנד ג'\ונסון,GR,טמפונים אובה פרוקומפ,Unknown,0.00,יחידה,false,,19.90,0.0000,true,1,254863
3574660239829,false,קרם ידיים קל סדרה נורבגית נוטרוגינה 50 מ,ניוטרוג'ינה Neutrogena,FR,קרם ידיים ניוטרוג'ינ,מיליליטרים,75.00,"100 מ""ל",false,,19.90,26.5333,true,1,324592
3574660464337,false,מגני תחתון קרפרי נורמל אוורירי מבושם,ג'\ונסון אנד ג'\ונסון,GR,מגן תחתון קרפרי נורמ,Unknown,0.00,יחידה,false,,22.90,0.0000,true,1,268977
3574660464368,false,קרפרי מגן תחתון אוורירי אלוורה 76 יח'',גונסון אנד גונסון,GR,מגן תחתון קרפרי אלוו,Unknown,0.00,יחידה,false,,22.90,0.0000,true,1,268978
3574660514643,false,קרם לחות רב שימושי עשיר נוטרוגינה 300 מל,ניוטרוג'ינה Neutrogena,IT,קרם לחות מרגיע ניוטר,מיליליטרים,300.00,"100 מ""ל",false,,19.90,6.6333,true,1,324601
3574661098937,false,נטרוגינה תחליב גוף-יבש סדרה נורווגית,ניוטרוג'ינה Neutrogena,FR,תחליב גוף ניוטרוג'ינ,מיליליטרים,400.00,"100 מ""ל",false,,19.90,4.9750,true,1,324596
3574661226491,false,ליסטרין - מי פה טוטאל קר 1 ליטר,גונסון אנד גונסון,IT,מי פה ליסטרין טוטאל,קילוגרמים,1.00,ליטר,false,,29.90,29.9000,true,1,316606
3574661487632,false,מגני תחתון פלוס לארג' בניחוח עדין L,ג'\ונסון אנד ג'\ונסון,GR,מגן תחתון קרפרי לארג,Unknown,0.00,יחידה,false,,22.90,0.0000,true,1,308707
3574669907682,false,גונסונס בייבי טלק 500 גרם חדש,גונסון אנד גונסון,IT,טלק גונסונס בייבי 50,גרמים,500.00,100 גרם,false,,29.90,5.9800,true,1,307642
3574669907729,false,גונסונס בייבי שמפו לתינוק 750 מל,גונסון אנד גונסון,IT,שמפו גונסונס בייבי ג,מיליליטרים,750.00,"100 מ""ל",false,,23.90,3.1867,true,1,322203
3574669908665,false,גונסונס בייבי אל סבון לפני השינה 750 מל,גונסון אנד גונסון,IT,אל סבון לפני השינה ג,מיליליטרים,750.00,"100 מ""ל",false,,19.90,2.6533,true,1,307599
3574669908948,false,"גונסונס בייבי אל סבון לרחצה עדינה 750 מ""ל",גונסון אנד גונסון,IT,תחליב רחצה עדין גונס,מיליליטרים,750.00,"100 מ""ל",false,,19.90,2.6533,true,1,307600
3607343817547,false,"אדידס - דאודורנט ספריי לגבר קליימקול 150 מ""ל",קולפ,PT,דאו אדידס ספריי לגבר,מיליליטרים,150.00,"100 מ""ל",false,,11.90,7.9333,true,1,324037
3607349687458,false,"דאו' ספריי לגבר קול דריי פרש 150מ""ל",קוטי HFC,PT,דאו אדידס ספריי לגבר,מיליליטרים,150.00,"100 מ""ל",false,,11.90,7.9333,true,1,324038
3614223736003,false,"אדידס - דאודורנט ספריי לגבר אדיפיור 150 מ""ל",איגפק אס.איי,PT,דאו אדידס ספריי לגבר,מיליליטרים,150.00,"100 מ""ל",false,,11.90,7.9333,true,1,324039
3661163991146,false,"אדידס - דאודורנט ספריי לאישה קול אנד קר פרש 150 מ""ל",מיוצר עי קונדיטוריית,PT,דאו אדידס ספריי לאיש,מיליליטרים,150.00,"100 מ""ל",false,,11.90,7.9333,true,1,284339
3661163991344,false,"אדידס דאודורנט ספריי מקס פרו-קליר לאישה 150 מ""ל",מיוצר עי קונדיטוריית,PT,דאו אדידס ספריי לאיש,מיליליטרים,150.00,"100 מ""ל",false,,11.90,7.9333,true,1,284343
4001432773230,false,בלו ווין מוסקטו 1 ליטר,יקב רמת הגולן,DE,יין בלו ווין מוסקטו,מיליליטרים,750.00,"100 מ""ל",false,,49.90,6.6533,true,1,321351
4002448017684,false,"סיליט באנג ספריי ניקוי כללי מסיר אבנית 750 מ""ל",הדקלאים אגודת שיתופי,PL,תרסיס סיליט באנג 750,מיליליטרים,750.00,"100 מ""ל",false,,12.50,1.6667,true,1,271170
4002448019480,false,"סיליט באנג מסיר שומנים רב שימושי 750 מ""ל",סיליט באנג Cillit Bang,PL,תרסיס סיליט באנג מסי,מיליליטרים,750.00,"100 מ""ל",false,,12.50,1.6667,true,1,271172
4008287051032,false,בירה קרומבאכר פילס 0.50 ליטר פחית,מנדלז סי.אר. פרודקשן,DE,בירה קרומבאכר פילס פ,מיליליטרים,500.00,"100 מ""ל",false,,9.90,1.9800,true,1,316454
4008287058161,false,"שישייה בירה קרומבאכר פילס 330X6 מ""ל",מנדלז סי.אר. פרודקשן,DE,מארז בירה קרומבאכר פ,קילוגרמים,1.98,ליטר,false,,29.90,15.1010,true,1,316457
4008287905786,false,בירה קרומבאכר חיטה 5.3% פחית 500 מל,מנדלז סי.אר. פרודקשן,DE,בירה קרומבאכר חיטה פ,מיליליטרים,500.00,"100 מ""ל",false,,9.90,1.9800,true,1,316456
4008496884896,false,מארז 10 סוללות ורטה,,,מארז 10 סוללות ורטה,Unknown,0.00,יחידה,false,,14.90,0.0000,true,1,312402
4008496927364,false,מארז 10 סוללות VARTA AAA -חדש,,,מארז 10 סוללות ורטה,Unknown,0.00,יחידה,false,,14.90,0.0000,true,1,312403
4008535095351,false,בננית חטיף ממולא קרם בטעם בננה בציפוי שוקולד 300 גר',שקדיה,IL,בננית מצופה שוקולד ש,גרמים,300.00,100 גרם,false,,12.90,4.3000,true,1,318378
4009300522935,false,תה ירוק פומפדור לימונית ולואיזה 20 יחידות,"איטיליאן פוד, אס.פי.",DE,תה ירוק פומפדור לימו,גרמים,30.00,100 גרם,false,,14.90,49.6667,true,1,261992
4009300522966,false,תה ירוק עם נענע פומפדור 20 יחידות,"איטיליאן פוד, אס.פי.",DE,תה ירוק פומפדור נענע,גרמים,30.00,100 גרם,false,,14.90,49.6667,true,1,261991
4009300524588,false,חליטת צמחים פומפדור פירות יער 20 יחידות,פומפדור Pompadour,DE,חליטת צמחים פומפדור,גרמים,60.00,100 גרם,false,,11.90,19.8333,true,1,261987
4009300524625,false,תה צ'אי מסאלה פומפדור 20 יחידות,פומפדור Pompadour,DE,תה פומפדר צאי מסאלה,גרמים,40.00,100 גרם,false,,11.90,29.7500,true,1,261990
4009300525684,false,חליטת צמחים פומפדור ג'ינג'ר ולימון 20 יחידות,פומפדור Pompadour,DE,חליטת פירות פומפדור,גרמים,35.00,100 גרם,false,,11.90,34.0000,true,1,261984
4009300526438,false,תה ירוק פומפדור קלאסי 20 יחידות,"איטיליאן פוד, אס.פי.",DE,תה ירוק פומפדור קלאס,גרמים,30.00,100 גרם,false,,14.90,49.6667,true,1,266255
4009900402965,false,אורביט וויט בטעם פירות בקבוקון 46מלבניות,ריגלי פולין,PL,מסטיק אורביט בבקבוק,גרמים,64.40,100 גרם,false,,9.40,14.5963,true,1,288836
4009900403023,false,אורביט וויט בטעם מנטה בקבוקון 46 מלבניות,"ב.א מזון בע""מ",PL,מסטיק אורביט בבקבוק,גרמים,64.40,100 גרם,false,,9.40,14.5963,true,1,288832
4009900420129,false,מסטיק אורביט פרופשנל פפרמינט בקבוקון 64 גר',מרס נדרלנד,PL,מסטיק אורביט בבקבוק,גרמים,64.00,100 גרם,false,,9.40,14.6875,true,1,305987
4009900465304,false,סוכריות סקיטלס בטעם פירות חמוצים,ריגלי ממתקים,CZ,סוכריות סקיטלס פירות,גרמים,174.00,100 גרם,false,,7.90,4.5402,true,1,267239
4009900479998,false,אורביט וויט אוכמניות בקבוקון 46 מלבניות,ריגלי פולין,PL,מסטיק אורביט בבקבוק,גרמים,64.40,100 גרם,false,,9.40,14.5963,true,1,288834
4009900482417,false,מסטיק אורביט פירות מנטה בקבוקון באבל מינט 45יח,ריגלי פולין,PL,מסטיק אורביט בבקבוק,גרמים,64.40,100 גרם,false,,9.40,14.5963,true,1,288833
4009900483803,false,מסטיק איירובס מנטה אקליפטוס בקבוקון 60יח',איירוויבס Airwaves,PL,מסטיק אירוובס פרופשי,גרמים,84.00,100 גרם,false,,12.90,15.3571,true,1,305865
4009900484060,false,מסטיק אורביט פרופשיונל בטעם מנטה ללא סוכר,ריגלי פולין,PL,מסטיק אורביט פרופשיו,גרמים,84.00,100 גרם,false,,12.90,15.3571,true,1,267240
4009900491044,false,מסטיק איירובס אוכמניות בקבוקון 60יח',איירוויבס Airwaves,PL,מסטיק אירוובס אוכמנ,גרמים,84.00,100 גרם,false,,12.90,15.3571,true,1,305866
4009900496247,false,מסטיק אורביט בטעם פירות ומנטה ללא סוכר,אורביט Orbit,PL,מסטיק אורביט בבלימנט,גרמים,84.00,100 גרם,false,,12.90,15.3571,true,1,305867
4009900531122,false,"מסטיק בטעם מנטה ספירמינט, 64 ג' פרופשיונל אורביט",מרס נדרלנד,PL,מסטיק אורביט בבקבוק,גרמים,64.40,100 גרם,false,,9.40,14.5963,true,1,305988
4012273123009,false,נטרוגינה קרם ידיים 50 מל הסדרה הנורבגית,גונסון אנד גונסון,FR,קרם ידיים ניוטרוג'ינ,מיליליטרים,50.00,"100 מ""ל",false,,19.90,39.8000,true,1,324593
4015400695677,false,פמפרס בייבי דריי מידה 4+ 80 יח,פרוקטר & גמבל,TR,חיתולי פמפרס בייבי ד,Unknown,0.00,יחידה,false,,64.90,0.0000,true,1,321317
4015400695691,false,פמפרס בייבי דריי מידה 5 74 יח,פרוקטר & גמבל,TR,חיתולי פמפרס בייבי ד,Unknown,0.00,יחידה,false,,64.90,0.0000,true,1,321318
4015400746812,false,מגני תחתון אולוויז נורמל עם ניחוח מגה פק,פרוקטר אנד גמבל,UA,מגן תחתון אולוויז מג,Unknown,0.00,יחידה,false,,16.90,0.0000,true,1,293501
4015600762742,false,שמפו יומיומי למניעת קשקשים הנוסחה הקלאסית,פרוקטר אנד גמבל,RO,שמפו הד&שולדרס קלאסי,מיליליטרים,500.00,"100 מ""ל",false,,17.90,3.5800,true,1,260920
4015600762780,false,שמפו וקונדישינר יומיומי למניעת קשקשים הנוסחה הקלאסית 2in1,פרוקטר אנד גמבל,RO,שמפו ומרכך הד&שולדרס,מיליליטרים,500.00,"100 מ""ל",false,,17.90,3.5800,true,1,260921
4015600763022,false,שמפו יומיומי למניעת קשקשים לשיער יבש/פגום לשיער רך כמשי,פרוקטר אנד גמבל,RO,שמפו הד&שולדרס מגע מ,מיליליטרים,500.00,"100 מ""ל",false,,17.90,3.5800,true,1,260924
4015600810849,false,גילט דאו קליר גל 70 מל פאוור ראש,פרוקטר אנד גמבל,CZ,דאו גל גילט קליר פאו,גרמים,70.00,100 גרם,false,,17.90,25.5714,true,1,290880
4022025001905,false,"בלו ווין מבעבע זהב 750 מ""ל",היי סישל סוהן טראבן,DE,יין בלו ווין זהב 24K,מיליליטרים,750.00,"100 מ""ל",false,,49.90,6.6533,true,1,321352
4022025261002,false,"בלו ווין גוורצטרמינר 750 מ""ל",לנגוט טראבן,DE,יין לבן בלו ווין גוו,מיליליטרים,750.00,"100 מ""ל",false,,44.90,5.9867,true,1,313992
4053700292455,false,ויט רצועות שעווה מוכנות להסרת שיער לעור רגיל 12 יחידות,רקיט בנקיזר צרפת,FR,רצועות שעווה לעור רג,Unknown,0.00,יחידה,false,,19.90,0.0000,true,1,309530
4105120623941,false,"בירה ויינשטפן בק' ח""פ 500 מ""ל","ויינשטפן, ת.ד 1155 פרייז",DE,בירה ויינשטפן 5.4% 5,מיליליטרים,500.00,"100 מ""ל",false,,10.90,2.1800,true,1,298995
4105120624412,false,"בירה ויינשטפן ויטוס 500 מ""ל","ויינשטפן, ת.ד 1155 פרייז",DE,בירה ויינשטפן 7.7% 5,מיליליטרים,500.00,"100 מ""ל",false,,10.90,2.1800,true,1,314402
4210201176688,false,אורל בי ראש חשמלי סנסיטיב 4 יחידות,פרוקטר אנד גמבל,DE,ראש חשמלי למברשת שינ,Unknown,0.00,יחידה,false,,69.90,0.0000,true,1,319868
4210201245193,false,אורל בי מברשת חשמלית נטענת לילדים-פרוזן,פרוקטר אנד גמבל,DE,מברשת שיניים חשמלית,Unknown,0.00,יחידה,false,,69.90,0.0000,true,1,312284
4210201262183,false,מברשת שיניים חשמלית ויטליטי Vitality נטענת,פרוקטר אנד גמבל,DE,מברשת שיניים חשמלית,Unknown,0.00,יחידה,false,,69.90,0.0000,true,1,310573
4210201320111,false,אורל בי מברשת חשמלית נטענת לילדים-ספיידר,"מיוצר עבור בראון, גרמניה",DE,מברשת שיניים חשמלית,Unknown,0.00,יחידה,false,,69.90,0.0000,true,1,320602
4210201360742,false,אורל בי ראש חשמלי פלקסי סופט 4 יחידות,פרוקטר אנד גמבל,DE,ראש חשמלי למברשת שינ,Unknown,0.00,יחידה,false,,69.90,0.0000,true,1,319870
4210201365334,false,אורל בי ראש חשמלי סיבי פחם ארבע יחידות,פרוקטר אנד גמבל,DE,ראש חשמלי למברשת שינ,Unknown,0.00,יחידה,false,,69.90,0.0000,true,1,320600
4210201403319,false,אורל בי מברשת חשמלית נטענת ויטליטי פחם,פרוקטר אנד גמבל,DE,מברשת שיניים חשמלית,Unknown,0.00,יחידה,false,,69.90,0.0000,true,1,320601
4260147890537,false,אטריות ביצים רצועות רחבות 500 גר,דין שיווק,PL,אטריות ביצים רחבות ש,גרמים,500.00,100 גרם,false,,9.90,1.9800,true,1,253853
4260147890711,false,אטריות ביצים מגולגול 500 ג',דין שיווק,PL,אטריות ביצים מגולגלו,גרמים,500.00,100 גרם,false,,9.90,1.9800,true,1,253851
4603400000067,false,וודקה רוסקי סטנדרט 1,רוסקי סטנדרט,RU,וודקה רוסקי סטנדרט 1,קילוגרמים,1.00,ליטר,false,,74.90,74.9000,true,1,307427
4603400002542,false,וודקה רוסקי סטנדרט מ,רוסקי סטנדרט,RU,וודקה רוסקי סטנדרט מ,קילוגרמים,1.00,ליטר,false,,99.90,99.9000,true,1,320013
4603928000983,false,וודקה בלוגה 1 ליטר,מרינסקי ליקרו-וודאצ'ני ז,RU,וודקה בלוגה 1 ליטר,קילוגרמים,1.00,ליטר,false,,119.90,119.9000,true,1,299267
4610028130014,false,וודקה לג'נד אוף קרמל,טולה פקטורי 1911,RU,וודקה לג'נד אוף קרמל,קילוגרמים,1.00,ליטר,false,,129.90,129.9000,true,1,322914
4640018993398,false,פיניש קוואנטום 60 יח' קפסולות ג'ל למדיח כלים,רקיט בנקיזר,PL,טבליות פיניש קוואנטו,Unknown,0.00,יחידה,false,,54.90,0.0000,true,1,311217
4710964104916,false,"שמן שומשום טהור 370 מ""ל (כ)",פלייבור פול פודס טיי,TW,שמן שומשום טהור מזרח,מיליליטרים,370.00,"100 מ""ל",false,,19.90,5.3784,true,1,309793
4710964170799,false,שומשום שחור קלוי 91 גרם,פלייבור פול פודס טיי,TW,שומשום שחור קלוי מזר,גרמים,91.00,100 גרם,false,,16.50,18.1319,true,1,309794
4751007730938,false,שפרוטים מעושנים 240 גרם,פודסטוק,LV,שפורט מעושן בשמן דבר,גרמים,240.00,100 גרם,false,,7.90,3.2917,true,1,302718
4791021002789,false,תה ירוק אימפרה 100 ש,IMPERIAL TEA EXPORT,,תה ירוק 100 שקיקים,גרמים,200.00,100 גרם,false,,19.90,9.9500,true,1,275538
4791021004462,false,תה ירוק תפוח 25 שקיק,IMPERIAL TEA EXPORT,,תה ירוק תפוח 25 שקיק,גרמים,50.00,100 גרם,false,,9.90,19.8000,true,1,301156
4791021004554,false,תה ירוק מנטה 25 שקיק,IMPERIAL TEA EXPORT,,תה ירוק מנטה 25 שקיק,גרמים,50.00,100 גרם,false,,9.90,19.8000,true,1,301157
4791021009399,false,תה ירוק קלאסי 25 שקי,IMPERIAL TEA EXPORT,,תה ירוק קלאסי 25 שקי,גרמים,50.00,100 גרם,false,,9.90,19.8000,true,1,301155
4791021901969,false,תה ירוק חמוציות 25 ש,IMPERIAL TEA EXPORT,,תה ירוק חמוציות 25 ש,גרמים,50.00,100 גרם,false,,9.90,19.8000,true,1,301153
4791021901983,false,תה ירוק צאי מסאלה אימפרה 30שק',IMPERIAL TEA EXPORT,,תה ירוק צאי מסלה 25,גרמים,50.00,100 גרם,false,,9.90,19.8000,true,1,301154
4791021904861,false,תה ירוק גינגר 25 שקי,IMPERIAL TEA EXPORT,,תה ירוק גינגר 25 שקי,גרמים,50.00,100 גרם,false,,9.90,19.8000,true,1,301152
4791021944720,false,תה ארל גריי ספיישל 2,IMPERIAL TEA EXPORT,,תה ארל גריי שחור 10,גרמים,200.00,100 גרם,false,,19.90,9.9500,true,1,302109
4891228430054,false,סכיני גילוח לנשים שיק אקזקטה 2 5 יח,שיק,CN,סכיני גילוח לנשים שי,Unknown,0.00,יחידה,false,,9.90,0.0000,true,1,295698
4891228430092,false,סכיני גילוח שיק אקסטרים קומפורט לנשים 3 להבים 4 יחידות,אנרג'יזר Energizer,CN,סכיני גילוח לנשים שי,Unknown,0.00,יחידה,false,,14.90,0.0000,true,1,297813
4891228460242,false,שיק קוואטרו חד פעמי לנשים 3 יחידות,אנרג'יזר Energizer,CN,סכיני גילוח לנשים 4,Unknown,0.00,יחידה,false,,19.90,0.0000,true,1,308876
5000157143365,false,מתבל בטעם מיונז וקטשופ היינץ 425 גרם,"פודליצקי ספ.ז.או.או,",PL,רוטב בטעם מיונז וקטש,גרמים,425.00,100 גרם,false,,14.90,3.5059,true,1,315428
5000281005416,false,ויסקי טליסקר סינגל מ,טליסקר,GB,ויסקי טליסקר סינגל מ,מיליליטרים,700.00,"100 מ""ל",false,,149.90,21.4143,true,1,317377
5000299225004,false,"וויסקי שיבאס ריגאל 18 שנה 700 מ""ל",מזקקת האחים שיבאס,GB,ויסקי שיבאס ריגל 18,מיליליטרים,700.00,"100 מ""ל",false,,199.90,28.5571,true,1,294753
5000299607091,false,ויסקי סקוטי סקאפה 70,,IS,ויסקי סקוטי סקאפה 70,מיליליטרים,700.00,"100 מ""ל",false,,129.90,18.5571,true,1,318999
5000299607176,false,ויסקי סקאפה גלאנסה ס,,IS,ויסקי סקאפה גלאנסה ס,מיליליטרים,700.00,"100 מ""ל",false,,129.90,18.5571,true,1,320014
5000394093812,false,סוללות דורסל סימפלי,דורסל,,סוללות דורסל סימפלי,Unknown,0.00,יחידה,false,,24.90,0.0000,true,1,301734
5000394093836,false,סוללות דורסל סימפלי,דורסל,,סוללות דורסל סימפלי,Unknown,0.00,יחידה,false,,24.90,0.0000,true,1,301735
5010029000252,false,וויטביקס תערובת דגנים מחיטה מלאה 430 גרם,וויטביקס,GB,דגני בוקר וויטביקס א,גרמים,430.00,100 גרם,false,,21.90,5.0930,true,1,323586
5010106111956,false,וויסקי בלנטיין פיינסט 1 ליטר,בלנטיינ'ס Ballantines,US,ויסקי בלנטיינס 1 ליט,קילוגרמים,1.00,ליטר,false,,89.90,89.9000,true,1,302099
5010677551281,false,בקרדי בריזר לימון 275 בקבוק,בקרדי בריזר Bacardi Breezer,BE,בקרדי בריזר לימון 27,מיליליטרים,275.00,"100 מ""ל",false,,12.90,4.6909,true,1,284017
5010677551397,false,"בקרדי בריזר לימון ליים 275 מ""ל",בקרדי בריזר Bacardi Breezer,BE,בקרדי בריזר ליים 275,מיליליטרים,275.00,"100 מ""ל",false,,12.90,4.6909,true,1,309623
5010677552387,false,בריזר ט.אננס בקבוק 275מל,בקרדי בריזר Bacardi Breezer,BE,בקרדי בריזר אננס 275,מיליליטרים,275.00,"100 מ""ל",false,,12.90,4.6909,true,1,284018
5010677554398,false,בקרדי בריזר אבטיח 275 בקבוק,בקרדי בריזר Bacardi Breezer,BE,בקרדי בריזר אבטיח 27,מיליליטרים,275.00,"100 מ""ל",false,,12.90,4.6909,true,1,284016
5011007003227,false,וויסקי גיימיסון 1 ליטר,אייריש דיסטלריז,,ויסקי גיימסון 1 ליטר,קילוגרמים,1.00,ליטר,false,,109.90,109.9000,true,1,302108
5014271001227,false,מעדן פרי סנדלפור משמ,סנדלפור St.dalfour,FR,מעדן משמש סנט דלפור,גרמים,500.00,100 גרם,false,,24.90,4.9800,true,1,298177
5014271001234,false,מעדן פרי דובדבנים שחורים,סנדלפור St.dalfour,FR,מעדן דובדבן סנט דלפו,גרמים,500.00,100 גרם,false,,24.90,4.9800,true,1,298175
5014271001241,false,מעדן פרי סנדלפור תות,סנדלפור St.dalfour,FR,מעדן תות סנט דלפור 5,גרמים,500.00,100 גרם,false,,24.90,4.9800,true,1,298174
5024546366630,false,וויסקי לאודרס 1 ליטר SCOTCH,לאודרס,IL,ויסקי לאודרס סקוטי 1,קילוגרמים,1.00,ליטר,false,,89.90,89.9000,true,1,317274
5053827215862,false,קלוגס קוקו פופס שוקו 500ג',קלוגס מניופקטורינג אספנה,GB,קלוגס קוקו פופס שוקו,גרמים,500.00,100 גרם,false,,14.90,2.9800,true,1,317015
5060060211605,false,קרם אסטוניש לניקוי ב,יעקב יעקובי,IL,קרם אסטוניש לניקוי ב,מיליליטרים,500.00,"100 מ""ל",false,,9.90,1.9800,true,1,320596
5060060211612,false,קרם אסטוניש לניקוי ע,יעקב יעקובי,IL,קרם אסטוניש לניקוי ע,מיליליטרים,500.00,"100 מ""ל",false,,9.90,1.9800,true,1,320597
5060809351401,false,כפפות ויניל 100 יח מ,,,כפפות ויניל 100 יח מ,Unknown,0.00,יחידה,false,,14.90,0.0000,true,1,318370
5060809354761,false,כפפות ניטריל 100 יחי,,,כפפות ניטריל 100 יחי,Unknown,0.00,יחידה,false,,21.90,0.0000,true,1,320719
5060809354778,false,כפפות ניטריל 100 יחי,,,כפפות ניטריל 100 יחי,Unknown,0.00,יחידה,false,,21.90,0.0000,true,1,320721
5099864006384,false,תחליף חלב למהדרין שלב 2 סימילאק 900 גרם,אבוט מעבדות רפואיות,ES,סימילאק מהדרין שלב 2,גרמים,900.00,100 גרם,false,,69.90,7.7667,true,1,253679
5099864006391,false,תחליף חלב למהדרין שלב 3 סימילאק 900 גרם,אבוט מעבדות רפואיות,ES,סימילאק מהדרין שלב 3,גרמים,900.00,100 גרם,false,,69.90,7.7667,true,1,253680
5099873088654,false,ויסקי ג'ק דניאלס סינ,ג'ק דניאלס,US,ויסקי ג'ק דניאלס סינ,מיליליטרים,700.00,"100 מ""ל",false,,169.90,24.2714,true,1,318388
5201085540084,false,סוכריות ג'ילי מיקס שקית 800 גר',פאלאס אס איי,GR,סוכריות גילו מיקס 70,גרמים,700.00,100 גרם,false,,13.90,1.9857,true,1,254460
5201246002215,false,"בירה פילס היילס ויליפוד 500 מ""ל",הלניק בריויריס אוף א,GR,בירה פילס היילס 3.8%,מיליליטרים,500.00,"100 מ""ל",false,,4.90,0.9800,true,1,261107
5201347400545,false,רצועות שעווה מוכנות לשימוש לפנים ולאזורים רגישים,רקיט בנקיזר צרפת,FR,רצועות שעווה פנים וי,Unknown,0.00,יחידה,false,,19.90,0.0000,true,1,309598
5391523062152,false,סימילאק למהדרין 400 גרם שלב 1,אבוט אירלנד,IE,סימילאק מהדרין שלב 1,גרמים,400.00,100 גרם,false,,29.90,7.4750,true,1,323668
5410126006087,false,עוגיות לוטוס ארוזות בתפזורת 700 גרם,לוטוס ביקרי נ.וי.,BE,ביסקוויט קרמל לוטוס,גרמים,700.00,100 גרם,false,,19.90,2.8429,true,1,264129
5410126106022,false,מארז עוגיות לוטוס 250 גר*2,לוטוס ביקרי נ.וי.,BE,עוגיות לוטוס מארז חג,גרמים,500.00,100 גרם,false,,14.90,2.9800,true,1,323887
5410126116953,false,ממרח ביסקוויט קרמל לוטוס 400 גרם,לוטוס בייקרי בלגיה נ,BE,ממרח עוגיות לוטוס 40,גרמים,400.00,100 גרם,false,,19.90,4.9750,true,1,258317
5410126666038,false,"ביסקוויט קרמל לוטוס 279 גרם בד""צ",לוטוס ביקרי נ.וי.,BE,ביסקוויט קרמל לוטוס,גרמים,279.00,100 גרם,false,,9.90,3.5484,true,1,303188
5410126726947,false,ממרח ביסקוויט קרמל קראנץ' לוטוס 380 גרם,לוטוס בייקרי בלגיה נ,BE,ממרח עוגיות קראנצ לו,גרמים,380.00,100 גרם,false,,19.90,5.2368,true,1,265317
5410228141785,false,"בירה הוגרדן בקבוק330מ""ל",קרלסברג יבוא יצוא,BE,"בירה הוגרדן 330 מ""ל",מיליליטרים,330.00,"100 מ""ל",false,,6.90,2.0909,true,1,308940
5410228142089,false,בירה לף בלונד בקבוק330מל,אינבב.ברוורייליין1,BE,בירה לף בלונד 6.6%,מיליליטרים,330.00,"100 מ""ל",false,,6.90,2.0909,true,1,266847
5410228217732,false,"סטלה ארטואה -פחית 440 מ""ל",מנדלז סי.אר. פרודקשן,BE,בירה סטלה ארטואה 5.2,מיליליטרים,440.00,"100 מ""ל",false,,12.90,2.9318,true,1,323105
5410316983693,false,"סמירנוף אייס בקבוק 275 מ""ל",סמירנוף אייס Smirnoff ice,IT,"סמירנוף אייס 275 מ""ל",מיליליטרים,275.00,"100 מ""ל",false,,12.90,4.6909,true,1,313713
5411188081852,false,אלפרו משקה סויה בטעם וניל 1 ל',הנסיך- מפעל לייצור ט,BE,משקה סויה וניל אלפרו,קילוגרמים,1.00,ליטר,false,,11.90,11.9000,true,1,264697
5411188094159,false,רביעיית מעדן סויה שוקו מריר אלפרו 125 גרם,הנסיך- מפעל לייצור ט,BE,מארז מעדן סויה שוקול,גרמים,500.00,100 גרם,false,,15.90,3.1800,true,1,254859
5411188096108,false,"שמנת לבישול ע""ב סויה 250 מ""ל אלפרו",אלפרו C.V.A,BE,סויה לבישול 4.7% אלפ,מיליליטרים,250.00,"100 מ""ל",false,,9.90,3.9600,true,1,266950
5411188106159,false,אלפרו סויה לייט מופחת שומן 1.2% 1 ליטר,הנסיך- מפעל לייצור ט,BE,משקה סויה מופחת שומן,קילוגרמים,1.00,ליטר,false,,11.90,11.9000,true,1,266948
5411188110835,false,אלפרו חלב סויה שקדים וניל 1ל',הנסיך- מפעל לייצור ט,BE,משקה שקדים אלפרו 1 ל,קילוגרמים,1.00,ליטר,false,,12.90,12.9000,true,1,266946
5411188112709,false,"משקה קוקוס אלפרו 1 ליטר משקה שקדים לל""ס",הנסיך- מפעל לייצור ט,BE,משקה שקדים לא ממותק,קילוגרמים,1.00,ליטר,false,,12.90,12.9000,true,1,302748
5411188115366,false,משקה קוקוס אלפרו 1 ליטר משקה שיבולת שועל 1 ליטר,הנסיך- מפעל לייצור ט,BE,משקה שיבולת שועל אלפ,קילוגרמים,1.00,ליטר,false,,12.90,12.9000,true,1,266943
5411188115434,false,משקה אלפרו בריסטה סויה 1 ליטר,אלפרו C.V.A,BE,משקה בריסטה סויה אלפ,קילוגרמים,1.00,ליטר,false,,12.90,12.9000,true,1,322189
5411188115472,false,משקה סויה אלפרו 1 ליטר,הנסיך- מפעל לייצור ט,BE,משקה סויה אלפרו 1 לי,קילוגרמים,1.00,ליטר,false,,11.90,11.9000,true,1,313811
5411188120742,false,משקה קוקוס אלפרו 1 ליטר שקדים וניל 1 ל',הנסיך- מפעל לייצור ט,BE,משקה שקדים וניל אלפר,קילוגרמים,1.00,ליטר,false,,12.90,12.9000,true,1,291892
5411188120957,false,"אלפרו תערובת לבישול על בסיס קוקוס 250 מ""ל",אלפרו C.V.A,BE,קוקוס לבישול 14% אלפ,מיליליטרים,250.00,"100 מ""ל",false,,10.90,4.3600,true,1,321002
5411188124689,false,משקה אלפרו שיבולת שועל ללא סוכר 1 ליטר,אלפרו C.V.A,BE,משקה שיבולת שועל ללא,קילוגרמים,1.00,ליטר,false,,12.90,12.9000,true,1,314700
5411188134985,false,משקה NOT MILK שיבולת שועל 3.5% אלפרו 1 ליטר,הנסיך- מפעל לייצור ט,BE,משקה שיבולת שועל 3.5,קילוגרמים,1.00,ליטר,false,,14.90,14.9000,true,1,321003
5411188135005,false,משקה NOT MILK שיבולת שועל 1.8% אלפרו 1 ליטר,הנסיך- מפעל לייצור ט,BE,משקה שיבולת 1.8% שו,קילוגרמים,1.00,ליטר,false,,14.90,14.9000,true,1,321004
5411188300328,false,אלפרו סויה שוקו 1 ליטר * 8 יחי,הנסיך- מפעל לייצור ט,BE,משקה סויה שוקו אלפרו,קילוגרמים,1.00,ליטר,false,,11.90,11.9000,true,1,264696
5411188513483,false,"סויה לבישול 14% שומן אלפרו 250 מ""ל",אלפרו C.V.A,BE,סויה לבישול 14% אלפר,מיליליטרים,250.00,"100 מ""ל",false,,10.90,4.3600,true,1,321005
5411188543398,false,משקה סויה ללא סוכר אלפרו 1 ליטר,הנסיך- מפעל לייצור ט,BE,משקה סויה ללא תוספת,קילוגרמים,1.00,ליטר,false,,11.90,11.9000,true,1,313142
5711953106583,false,גבינת שמנת בטעם טבעי 200 ג' ארלה,ארלה פודס אמבה,DK,גבינת שמנת טבעי 24.5,גרמים,200.00,100 גרם,false,,14.90,7.4500,true,1,309288
5711953106590,false,גבינת שמנת ארלה שמנת שום 200 גרם,ארלה פודס אמבה,DK,גבינת שמנת שום 24% א,גרמים,200.00,100 גרם,false,,14.90,7.4500,true,1,309289
5711953106606,false,גבינת שמנת עם תבלינים ועשבי תיבול 23.5%,ארלה פודס אמבה,DK,גבינת שמנת עשבי תיבו,גרמים,200.00,100 גרם,false,,14.90,7.4500,true,1,309290
5900020026552,false,דגני בוקר האני נאט צ'יריוס בטעם דבש ושקדים,נסטלה צרפת איטנקורט,FR,דגני בוקר האני נאט צ,גרמים,625.00,100 גרם,false,,19.90,3.1840,true,1,310040
5900020039590,false,פיטנס חטיף דגנים קלאסי פרווה 8 6*23.5 ג,נסטלה פולין דגני בוק,PL,חטיף דגנים קלאסי פיט,גרמים,141.00,100 גרם,false,,9.60,6.8085,true,1,318884
5900020039620,false,פיטנס חטיף דגנים שקדים ודבש פרווה 8 6*23 ג,נסטלה פולין ברים,PL,חטיף דגנים שקדים ודב,גרמים,141.00,100 גרם,false,,9.60,6.8085,true,1,318885
5900020041142,false,קורנפלקס פיטנס 500 ג' אסם,נסטלה צרפת איטנקורט,PL,קורנפלקס פיטנס 500 ג,גרמים,500.00,100 גרם,false,,9.90,1.9800,true,1,324937
5900907000583,false,מלפפונים שלמים בחומץ900ג,סגל דברים טובים,PL,מלפפון בחומץ בצנצנת,גרמים,920.00,100 גרם,false,,13.90,1.5109,true,1,288868
5901483010102,false,"חליטת תפו""ע פירות יע",bifix,,"חליטת תפו""ע פירות יע",גרמים,50.00,100 גרם,false,,7.90,15.8000,true,1,266703
5901483020309,false,חליטת פירות יער 25 ש,bifix,,חליטת פירות יער 25 ש,גרמים,50.00,100 גרם,false,,7.90,15.8000,true,1,266815
5901483060022,false,חליטת עלי מרווה ביופ,bifix,,חליטת עלי מרווה 20 ש,גרמים,40.00,100 גרם,false,,7.90,19.7500,true,1,266820
5901483060060,false,חליטת שומר 20 שקיקים,ביופלוייד,PL,חליטת שומר 20 שקיקים,גרמים,40.00,100 גרם,false,,7.90,19.7500,true,1,301159
5901483060206,false,חליטת מנטה 20 שקיקים,bifix,,חליטת מנטה 20 שקיקים,גרמים,40.00,100 גרם,false,,7.90,19.7500,true,1,266818
5901483081027,false,חליטת לואיזה 20 שקיק,bifix,,חליטת לואיזה 20 שקיק,גרמים,35.00,100 גרם,false,,7.90,22.5714,true,1,267554
5902198160403,false,XL משקה אנרגיה מוגז ללא סוכר עד 10 קלוריות לפחית 250 מל,"טמפו משקאות בע""\מ",IL,משקה אנרגיה אקסל ללא,מיליליטרים,250.00,"100 מ""ל",false,,3.90,1.5600,true,1,297301
5904941750312,false,"משקה אנרגיה BLU מוחיטו בודד 250 מ""ל",אקו - ביט,PL,משקה אנרגיה בלו דיי,מיליליטרים,250.00,"100 מ""ל",false,,4.50,1.8000,true,1,260001
5904941751241,false,"משקה אנרגיה BLU דיי סיקס ללא סוכר 250 מ""ל",אקו - ביט,PL,משקה אנרגיה בלו דיי,מיליליטרים,250.00,"100 מ""ל",false,,4.50,1.8000,true,1,313619
5904941751302,false,"משקה אנרגיה בלו 250 מ""ל- בודד",אקו - ביט,PL,משקה אנרגיה בלו 250,מיליליטרים,250.00,"100 מ""ל",false,,4.50,1.8000,true,1,250295
5904941751920,false,"משקה אנרגיה BLU day רגיל 250 מ""ל",אקו - ביט,PL,משקה אנרגיה בלו דיי,מיליליטרים,250.00,"100 מ""ל",false,,4.50,1.8000,true,1,259601
5906485301012,false,"משקה אנרגיה XL פחית 250 מ""ל","טמפו משקאות בע""מ",IL,משקה אנרגיה אקסל 250,מיליליטרים,250.00,"100 מ""ל",false,,3.90,1.5600,true,1,251758
6102021100869,false,מארז 19 סוללות כפתור,,,מארז 19 סוללות כפתור,Unknown,0.00,יחידה,false,,9.90,0.0000,true,1,319729
6102022100202,false,מארז 12 סוללות אלקלי,,,מארז 12 סוללות אלקלי,Unknown,0.00,יחידה,false,,11.90,0.0000,true,1,322880
6102022100219,false,מארז 12 סוללות אלקלי,,,מארז 12 סוללות אלקלי,Unknown,0.00,יחידה,false,,11.90,0.0000,true,1,322881
6111049000150,false,סרדין בשמן צמחי ולימון 125גר,אטלנטיק הום סרדינס א,MA,סרדין בשמן ולימון 12,גרמים,125.00,100 גרם,false,,4.90,3.9200,true,1,258775
6111049003106,false,מארז סרדין מרוקאי בש,אטלנטיק הום סרדינס א,MA,מארז סרדין מרוקאי בש,גרמים,500.00,100 גרם,false,,14.90,2.9800,true,1,307073
6111049003113,false,מארז סרדין מרוקאי בש,אטלנטיק הום סרדינס א,MA,מארז סרדין מרוקאי בש,גרמים,500.00,100 גרם,false,,14.90,2.9800,true,1,307074
6111119000011,false,"קוסקוס מרוקאי פרידה 1 ק""ג",אטלס קוסקוס,MA,קוסקוס מרוקאי פרידה,פריט,1.00,"ק""ג",false,,12.90,12.9000,true,1,249189
6111119000028,false,קוסקוס פרידה 500 גרם,,,קוסקוס פרידה 500 גרם,גרמים,500.00,100 גרם,false,,5.90,1.1800,true,1,315440
6112014100301,false,נר הבדלה פמוט פירמיד,,,נר הבדלה פמוט פירמיד,Unknown,0.00,יחידה,false,,14.90,0.0000,true,1,267740
6112014100318,false,נר הבדלה דלוקס,,,נר הבדלה דלוקס,Unknown,0.00,יחידה,false,,5.90,0.0000,true,1,267739
6112015100072,false,ליפה חבלים,,,ליפה חבלים,Unknown,0.00,יחידה,false,,14.90,0.0000,true,1,287265
6112017100513,false,נר הבדלה דגם מס 7,,,נר הבדלה דגם מס 7,Unknown,0.00,יחידה,false,,12.90,0.0000,true,1,295805
6112017103996,false,שקיות הקפאה פסגור או,יואן קאי יון,CN,שקיות הקפאה פסגור או,Unknown,0.00,יחידה,false,,14.90,0.0000,true,1,304320
6112017104016,false,שקיות אוכל פסגור אול,,,שקיות אוכל פסגור אול,Unknown,0.00,יחידה,false,,14.90,0.0000,true,1,304587
6112017104030,false,ספוג מסאג אמבטיה 2 י,,,ספוג מסאג אמבטיה 2 י,Unknown,0.00,יחידה,false,,13.90,0.0000,true,1,303323
6112017105358,false,שקיות הקפאה 30 יח,,,שקיות הקפאה 30 יח,Unknown,0.00,יחידה,false,,14.90,0.0000,true,1,307709
6112017105549,false,כריות קרצוף זוג מסיל,,,כריות קרצוף זוג מסיל,Unknown,0.00,יחידה,false,,16.90,0.0000,true,1,307812
6112017105556,false,כריות קרצוף זוג מסיל,,,כריות קרצוף זוג מסיל,Unknown,0.00,יחידה,false,,16.90,0.0000,true,1,307813
6112017105723,false,חוט דנטלי זוג,,,חוט דנטלי זוג,Unknown,0.00,יחידה,false,,8.90,0.0000,true,1,308247
6112017105877,false,אטבי כביסה אולינהום,,,אטבי כביסה אולינהום,Unknown,0.00,יחידה,false,,17.90,0.0000,true,1,309214
6112017106256,false,אטבי כביסה אולינהום,,,אטבי כביסה אולינהום,Unknown,0.00,יחידה,false,,17.90,0.0000,true,1,309764
6112017106294,false,כפפות גומי L אולינהו,,,כפפות גומי L אולינהו,Unknown,0.00,יחידה,false,,8.90,0.0000,true,1,309522
6112017106782,false,ספוג למקלחת זוג,,,ספוג למקלחת זוג,Unknown,0.00,יחידה,false,,19.90,0.0000,true,1,314365
6112017106881,false,כפפות גומי 4 יח' S א,,,כפפות גומי 4 יח' S א,Unknown,0.00,יחידה,false,,8.90,0.0000,true,1,312814
6112017106898,false,כפפות גומי 4 יח' M א,,,כפפות גומי 4 יח' M א,Unknown,0.00,יחידה,false,,8.90,0.0000,true,1,312815
6224009175062,false,תחתיות ארטישוק 3-7 1קג,O.K FRUIT,EG,תחתיות ארטישוק קפוא,פריט,1.00,"ק""ג",false,,14.90,14.9000,true,1,309910
6224009175123,false,פול קפוא אינדירה 1,O.K FRUIT,EG,פול קפוא אינדירה 1,פריט,1.00,"ק""ג",false,,13.90,13.9000,true,1,309911
6224009175147,false,"במיה קפואה 1 ק""ג",O.K FRUIT,EG,"במיה קפואה 1 ק""ג",פריט,1.00,"ק""ג",false,,11.90,11.9000,true,1,309912
6224009175192,false,"תות שדה 1 ק""ג קפוא ב",O.K FRUIT,EG,"תות שדה קפוא 1 ק""ג",פריט,1.00,"ק""ג",false,,14.90,14.9000,true,1,309913
6412700021027,false,וודקה פינלנדיה 1 ליט,,,וודקה פינלנדיה 1 ליט,קילוגרמים,1.00,ליטר,false,,79.90,79.9000,true,1,297876
6910191800287,false,אצות נורי בלו 10 דף (ננגטונג),ננטונג היידה אקווטוק,CN,אצות נורי לסושי מזרח,Unknown,0.00,יחידה,false,,11.90,0.0000,true,1,309784
6934731200078,false,אטריות טריות דקות מזרח מערב 200 גרם,יאנטאי ינסידה לנוגקא,CN,אטריות טריות דקות מז,גרמים,200.00,100 גרם,false,,6.90,3.4500,true,1,324762
6934731210138,false,אטריות טריות עבות מזרח מערב 200 גרם,יאנטאי ינסידה לנוגקא,CN,אטריות טריות עבות מז,גרמים,200.00,100 גרם,false,,6.90,3.4500,true,1,324763
6934931807268,false,פסטרמה אילטקית 200 גרם,"דליקטס ארטיזנל בע""מ",IL,פסטרמה איטלקית ONEG,גרמים,200.00,100 גרם,false,,24.90,12.4500,true,1,324246
6934931807336,false,כתף בקר מפולפל ONEG,"דליקטס ארטיזנל בע""מ",IL,כתף בקר מפולפל ONEG,גרמים,150.00,100 גרם,false,,24.90,16.6000,true,1,324247
6934931807404,false,קורנביף ONEG 150 גרם,"דליקטס ארטיזנל בע""מ",IL,קורנביף ONEG 150 גרם,גרמים,150.00,100 גרם,false,,24.90,16.6000,true,1,324253
6934931807572,false,רוסטביף ONEG 150 גרם,"דליקטס ארטיזנל בע""מ",IL,רוסטביף ONEG 150 גרם,גרמים,150.00,100 גרם,false,,24.90,16.6000,true,1,324248
6935487561246,false,מסכות למבוגרים לבן 50 יחי',,IL,מסכות כירורגיות 50 י,Unknown,0.00,יחידה,false,,5.90,0.0000,true,1,315082
6936745600462,false,רוטב מירין לתיבול מז,דאנינג יוה פודס קו,CN,מירין מזרח ומערב 500,מיליליטרים,500.00,"100 מ""ל",false,,17.90,3.5800,true,1,309795
6936745600783,false,"חומץ אורז מזרח מערב 500 מ""ל",דאנינג יוה פודס קו,CN,חומץ אורז מזרח ומערב,מיליליטרים,500.00,"100 מ""ל",false,,14.90,2.9800,true,1,309786
6952379521317,false,ספוג רחצה 3 יח',,,ספוג רחצה 3 יח',Unknown,0.00,יחידה,false,,12.90,0.0000,true,1,264993
6974800740104,false,"טבעות תפו""ע טבעי עם",היאגואן,CN,"טבעות תפו""ע טבעי עם",גרמים,88.00,100 גרם,false,,12.90,14.6591,true,1,323659
6974800740203,false,"טבעות תפו""ע טבעי עם",היאגואן,CN,"טבעות תפו""ע טבעי עם",גרמים,88.00,100 גרם,false,,12.90,14.6591,true,1,323660
6974800740302,false,"טבעות תפו""ע טבעי עם קינמון",היאגואן,CN,"טבעות תפו""ע טבעי מיו",גרמים,88.00,100 גרם,false,,12.90,14.6591,true,1,323661
6985425120165,false,ליפה לרחצה,,,ליפה לרחצה,Unknown,0.00,יחידה,false,,7.90,0.0000,true,1,252399
7290000000282,false,חסה ערבית יחידה,אראל תוצרת חקלאית בע,IL,שום 12 ראשים,Unknown,12.00,יחידה,false,,17.90,1.4917,true,1,246383
7290000000411,false,שום יבש יבוא רמי לוי,אראל תוצרת חקלאית בע,IL,שום 4 ראשים,Unknown,0.00,יחידה,false,,5.90,0.0000,true,1,290183
7290000000787,false,תפוח עץ חרמון,אראל תוצרת חקלאית בע,IL,שום 4 ראשים,Unknown,4.00,יחידה,false,,5.90,1.4750,true,1,293834
7290000000978,false,חסה ברכת קטיף מהדרין,ביכורי השקמה,IL,חסה גלאט ברכת קטיף,Unknown,0.00,יחידה,false,,5.90,0.0000,true,1,249260
7290000000985,false,פטרוזיליה ברכת קטיף ייבול נוכרי בוסתן,ברכת קטיף,IL,פטרוזיליה גלאט ברכת,Unknown,0.00,יחידה,false,,5.90,0.0000,true,1,249261
7290000001043,false,כרוב לבן מהדרין קטיף טרי,ברכת קטיף,IL,כרוב לבן ברכת קטיף,Unknown,0.00,יחידה,false,,19.90,0.0000,true,1,249268
7290000001074,false,כרוב אדום מהדרין קטיף טרי.,קרלברג ייצור ושיווק,IL,כרוב אדום ברכת קטיף,Unknown,0.00,יחידה,false,,19.90,0.0000,true,1,249270
7290000001524,false,בצל ירוק מהדרין קטיף טרי,מעדני מניה תעשיות בש,IL,בצל ירוק,Unknown,0.00,יחידה,false,,5.90,0.0000,true,1,249267
7290000001579,false,סלרי מהדרין קטיף טרי,ביכורי השקמה,IL,סלרי גלאט ברכת קטיף,Unknown,0.00,יחידה,false,,6.90,0.0000,true,1,249265
7290000001593,false,נענע מהדרין קטיף טרי,ברכת קטיף,IL,נענע גלאט ברכת קטיף,Unknown,0.00,יחידה,false,,5.90,0.0000,true,1,249264
7290000001609,false,עלי סלק מהדרין קטיף טרי,ביכורי השקמה,IL,עלי סלק גלאט,Unknown,0.00,יחידה,false,,5.90,0.0000,true,1,249266
7290000001616,false,כוסברה ייבול נוכרי בוסתן,ברכת קטיף,IL,כוסברה גלאט ברכת קטי,Unknown,0.00,יחידה,false,,5.90,0.0000,true,1,249262
7290000009810,false,כרובית מהדרין ברכת ק,ברכת קטיף,IL,כרובית מהדרין ברכת ק,Unknown,0.00,יחידה,false,,24.90,0.0000,true,1,249269
7290000023007,false,"ברנדי שטוק 84 37 % 750 מ""ל","יקבי ברקן בע""ם",IL,"ברנדי שטוק 84 750 מ""",מיליליטרים,750.00,"100 מ""ל",false,,64.90,8.6533,true,1,270374
7290000023083,false,ערק אשקלון בקבוק 700,"יקבי ברקן בע""\מ",IL,ארק אשקלון 40% 700 מ,מיליליטרים,700.00,"100 מ""ל",false,,49.90,7.1286,true,1,264856
7290000023410,false,"ליקר שטוק קפה 750 מ""ל","יקבי ברקן בע""\מ",IL,ליקר סטוק גלה קפה 75,מיליליטרים,750.00,"100 מ""ל",false,,49.90,6.6533,true,1,268069
7290000023427,false,"ליקר שטוק אמרטו 750 מ""ל","יקבי ברקן בע""\מ",IL,ליקר סטוק אמרטו 750,מיליליטרים,750.00,"100 מ""ל",false,,49.90,6.6533,true,1,268070
7290000023434,false,"ליקר שטוק וישניאק 750מ""ל","יקבי ברקן בע""\מ",IL,ליקר סטוק וישניאק 75,מיליליטרים,750.00,"100 מ""ל",false,,49.90,6.6533,true,1,268073
7290000023441,false,ליקר שטוק בטעם שוקול,קריות זול,,ליקר בטעם שוקולד שטו,מיליליטרים,750.00,"100 מ""ל",false,,49.90,6.6533,true,1,268068
7290000023809,false,"יין קלאסיק קברנה סוביניון ברקן 750 מ""ל",יקבי ברקן שיווק והפצה בע,IL,יין קלאסיק קברנה,מיליליטרים,750.00,"100 מ""ל",false,,27.90,3.7200,true,1,251381
7290000023816,false,"יין קלאסיק אמרלד ריזלינג ברקן 750 מ""ל",יקבי ברקן שיווק והפצה בע,IL,יין קלאסיק אמרלד ריז,מיליליטרים,750.00,"100 מ""ל",false,,27.90,3.7200,true,1,251251
7290000023977,false,"יין קלאסיק מרלו ברקן 750 מ""ל",יקבי ברקן שיווק והפצה בע,IL,יין קלאסיק מרלו,מיליליטרים,750.00,"100 מ""ל",false,,27.90,3.7200,true,1,250037
7290000024202,false,"יין רזרב קברנה סוביניון ברקן 750 מ""ל",ברקן שיווק והפצה בעמ,IL,יין רזרב קברנה סובני,מיליליטרים,750.00,"100 מ""ל",false,,38.90,5.1867,true,1,260685
7290000024264,false,"יין רזרב מרלו ברקן 750 מ""ל","כרמי צבי - אחים סגל בע""\",IL,יין רזרב מרלו,מיליליטרים,750.00,"100 מ""ל",false,,38.90,5.1867,true,1,260686
7290000024523,false,"תירוש של סגל ,מיץ ענבים , 1 ליטר",כרמי צבי - האחים סגל,IL,מיץ ענבים תירוש אדום,קילוגרמים,1.00,ליטר,false,,12.90,12.9000,true,1,316595
7290000024554,false,"יין אסמבלאז' ריחן 2013 ברקן 750 מ""ל",יקבי ברקן,IL,יין ריחן אסמבלאז,מיליליטרים,750.00,"100 מ""ל",false,,49.90,6.6533,true,1,302121
7290000024561,false,"יין אסמבלאז' איתן 2011 ברקן 750 מ""ל",יקבי ברקן,IL,יין אסמבלאז איתן,מיליליטרים,750.00,"100 מ""ל",false,,49.90,6.6533,true,1,302119
7290000024905,false,"וודקה קגלביץ' קלאסיקה 700 מ""ל","יקבי ברקן בע""\מ",IL,וודקה קגלביץ קלאסיקה,מיליליטרים,700.00,"100 מ""ל",false,,49.90,7.1286,true,1,249761
7290000024912,false,"וודקה קגלביץ' לימון 700 מ""ל","יקבי ברקן בע""מ",IL,וודקה קגלביץ לימון 2,מיליליטרים,700.00,"100 מ""ל",false,,44.90,6.4143,true,1,249762
7290000040301,false,תנובה עין גדי קממבר מחלב בקר 24% שומן,תנובה מרכז שיתופי לש,IL,גבינה קממבר 24% תנוב,גרמים,125.00,100 גרם,false,,18.90,15.1200,true,1,246928
7290000040318,false,גבינת ברי 24% קולאז עדי תנובה 125 ג',תנובה מרכז שיתופי לש,IL,גבינת עדי/ברי תנובה,גרמים,125.00,100 גרם,false,,18.60,14.8800,true,1,246929
7290000040462,false,טוסטי גבינה בסגנון אמריקאי אדם 23% תנובה 200 גרם,תנובה מרכז שיתופי לש,IL,גבינה טעם אמריקאי 22,גרמים,200.00,100 גרם,false,,17.90,8.9500,true,1,246930
7290000040974,false,חלב דל לקטוז 2% תנובה קרטון 1 ליטר,תנובה מרכז שיתופי לש,IL,חלב טרי דל לקטוז 1 ל,קילוגרמים,1.00,ליטר,false,,7.10,7.1000,true,1,253923
7290000041407,false,"גיל קטן 3% תנובה 125 מ""ל בד""ץ",תנובה מרכז שיתופי לש,IL,"גיל תנובה 125 מ""ל",מיליליטרים,125.00,"100 מ""ל",false,,0.90,0.7200,true,1,247031
7290000041445,false,קוטג תנובה גביע 250 גרם 5% בדצ,מיוצר עי קונדיטוריית,IL,קוטג 5% תנובה 250 גר,גרמים,250.00,100 גרם,false,,5.50,2.2000,true,1,247032
7290000041452,false,קוטג תנובה גביע 250 גרם 9% בדצ,תנובה מרכז שיתופי לש,IL,קוטג 9% תנובה 250 גר,גרמים,250.00,100 גרם,false,,5.50,2.2000,true,1,247033
7290000041858,false,"שמנת חמוצה 15% מועשרת יטבתה 200 מ""ל",שטראוס גרופ,IL,שמנת חמוצה 15% יטבתה,מיליליטרים,200.00,"100 מ""ל",false,,2.70,1.3500,true,1,253560
7290000042015,false,"חלב שתייה תנובה בד""צ בשקית 1 ליטר",תנובה מרכז שיתופי לש,IL,חלב שקית 3% תנובה 1,קילוגרמים,1.00,ליטר,false,,5.30,5.3000,true,1,247041
7290000042367,false,חלב טרי 3% בקבוק תנובה 1 ליטר מהדרין,תנובה מרכז שיתופי לש,IL,חלב בבקבוק 3% תנובה,קילוגרמים,1.00,ליטר,false,,6.20,6.2000,true,1,298938
7290000042671,false,חלב עמיד %3 קרטון 1 ל בהכשר בדצ,תנובה מרכז שיתופי לש,IL,חלב עמיד 3% תנובה 1,קילוגרמים,1.00,ליטר,false,,7.30,7.3000,true,1,247083
7290000042855,false,"שוקו בשקית 250 מ""ל ""יטבתה""",שטראוס גרופ,IL,שוקו שקית יטבתה 225,מיליליטרים,225.00,"100 מ""ל",false,,2.50,1.1111,true,1,252882
7290000043012,false,"שוקו עמיד 2% בקרטון 250 מ""ל תנובה",תנובה מרכז שיתופי לש,IL,שוקו עמיד תנובה 250,מיליליטרים,250.00,"100 מ""ל",false,,4.70,1.8800,true,1,247086
7290000043814,false,השף הלבן שמנת להקצפה 38% שומן 250 מל - מוצר בפיקוח,תנובה מרכז שיתופי לש,IL,שמנת להקצפה 38% השף,מיליליטרים,250.00,"100 מ""ל",false,,6.40,2.5600,true,1,247098
7290000043890,false,תנובה רויון לבן מחלב מפסוטר 1.5%,תנובה מרכז שיתופי לש,IL,רויון 1.5% תנובה 1 ל,קילוגרמים,1.00,ליטר,false,,11.90,11.9000,true,1,247099
7290000044712,false,יוגורט עם תות 1.5% שומן 500 ג' פרילי,מיוצר עי קונדיטוריית,IL,פרילי תות 500 גרם,מיליליטרים,500.00,"100 מ""ל",false,,10.50,2.1000,true,1,247126
7290000044880,false,באדי יוגורט תות 3% שומן 500 ג' תנובה,מיוצר עי קונדיטוריית,IL,"באדי תות 500 מ""ל",מיליליטרים,500.00,"100 מ""ל",false,,9.90,1.9800,true,1,247127
7290000045399,false,שמיניית גבינה מותכת 2.6% תנובה 25 גרם,תנובה מרכז שיתופי לש,IL,גבינה מותכת 26% ניר,גרמים,200.00,100 גרם,false,,14.40,7.2000,true,1,247153
7290000045771,false,יוגורט לבן 4% תנובה 3 ליטר,מיוצר עי קונדיטוריית,IL,משקה יוגורט 4% תנובה,קילוגרמים,3.00,ליטר,false,,26.90,8.9667,true,1,249503
7290000047546,false,השף הלבן כנען גבינה לבנה דלת נתרן 5% תנובה 500 גרם,תנובה מרכז שיתופי לש,IL,גבינת כנען 5% 500 גר,גרמים,500.00,100 גרם,false,,24.50,4.9000,true,1,247233
7290000047621,false,גבינה לבנה רכה 5% תנובה 250ג' מהדרין,מיוצר עי קונדיטוריית,IL,גבינה 5% תנובה 250 ג,גרמים,250.00,100 גרם,false,,4.90,1.9600,true,1,247235
7290000047942,false,"גבינה לבנה בד""צ 9% תנובה 250 גרם",תנובה מרכז שיתופי לש,IL,גבינה 9% תנובה 250 ג,גרמים,250.00,100 גרם,false,,4.90,1.9600,true,1,247236
7290000048185,false,גבינה לבנה 5% תנובה 250 גרם מהדרין,מיוצר עי קונדיטוריית,IL,גבינה 5% תנובה 250 ג,גרמים,250.00,100 גרם,false,,4.90,1.9600,true,1,247238
7290000048307,false,גבינת קוטג' עם זיתים 5% תנובה 250 גרם,מיוצר עי קונדיטוריית,IL,קוטג עם זיתים 5% תנו,גרמים,250.00,100 גרם,false,,5.80,2.3200,true,1,247239
7290000048413,false,פיראוס חמד גבינה מלוחה 16% שומן,תנובה מרכז שיתופי לש,IL,גבינת חמד 16% פיראוס,גרמים,250.00,100 גרם,false,,18.50,7.4000,true,1,247240
7290000048437,false,פיראוס צפתית 5% שומן 200 גרם,פארייפאבה אגרואינדוס,IL,גבינה צפתית 5% פיראו,גרמים,200.00,100 גרם,false,,14.70,7.3500,true,1,247246
7290000048444,false,"גבינת חמד 16%שומן 1 ק""ג",תנובה מרכז שיתופי לש,IL,גבינת חמד 16% פיראוס,פריט,1.00,"ק""ג",false,,52.90,52.9000,true,1,247247
7290000048451,false,פיראוס חרמון מלוחה 16% 250גר,תנובה מרכז שיתופי לש,IL,גבינת חרמון 16% פירא,גרמים,250.00,100 גרם,false,,18.90,7.5600,true,1,247248
7290000050447,false,"יוגורט ביו בטעם תות YYY יופלה 500 מ""ל",מיוצר עי קונדיטוריית,IL,יופלה תות 3% 500 גרם,מיליליטרים,500.00,"100 מ""ל",false,,13.20,2.6400,true,1,249511
7290000050454,false,יוגורט יופלה אפרסק 3% שומן 500 גרם,מיוצר עי קונדיטוריית,IL,יופלה אפרסק 3% 500 ג,מיליליטרים,500.00,"100 מ""ל",false,,13.20,2.6400,true,1,249505
7290000051307,false,"מארז הפסקת אוכל עם דגני עוגי ומשקה חלב עמיד בטעם וניל 150 מ""ל",תנובה מרכז שיתופי לש,IL,מארז הפסקת אוכל דגני,מיליליטרים,150.00,"100 מ""ל",false,,9.90,6.6000,true,1,260309
7290000051376,false,יוגורט יופלה דיאט אננס 0% שומן 150 גרם,תנובה מרכז שיתופי לש,IL,יופלה דיאט 0% אננס 1,גרמים,150.00,100 גרם,false,,5.00,3.3333,true,1,307361
7290000052311,false,גבינה צהובה עמק לייט 15% שומן 200 גרם,תנובה מרכז שיתופי לש,IL,גבינה עמק מופחת שומן,גרמים,200.00,100 גרם,false,,15.90,7.9500,true,1,252962
7290000052649,false,גבינת לאבנה 5% שומן 500 ג' פיראוס,תנובה מרכז שיתופי לש,IL,לאבנה על בסיס יוגורט,גרמים,500.00,100 גרם,false,,19.90,3.9800,true,1,251592
7290000052717,false,גבינת קוטג' שום שמיר 5% תנובה 250 גרם,מיוצר עי קונדיטוריית,IL,קוטג עם שום שמיר 5%,גרמים,250.00,100 גרם,false,,5.80,2.3200,true,1,258524
7290000052946,false,מארז יוגורט יופלה לבן מעודן בדצ 8*150,תנובה מרכז שיתופי לש,IL,מארז יופלה וניל במתי,גרמים,800.00,100 גרם,false,,20.90,2.6125,true,1,251812
7290000053998,false,"יופלה לבן ביו 1.5% טבעי מארז 150X8מ""ל בד""צ",תנובה מרכז שיתופי לש,IL,מארז יוגורט ביו יופל,קילוגרמים,1.20,ליטר,false,,17.20,14.3333,true,1,252151
7290000055206,false,גבינה לבנה 5% בטעם בצל מטוגן 250 ג' תנובה,תנובה מרכז שיתופי לש,IL,גבינה 5% עם בצל מטוג,גרמים,250.00,100 גרם,false,,5.60,2.2400,true,1,255451
7290000055329,false,"משקה בוקר יוגורט 1.5% בטעם תות מלון יופלה 250 מ""ל",תנובה מרכז שיתופי לש,IL,משקה יוגורט יופלה תו,גרמים,250.00,100 גרם,false,,5.40,2.1600,true,1,260432
7290000055336,false,"משקה יוגורט 1.5% בטעם בננה אפרסק יופלה 250 מ""ל",תנובה מרכז שיתופי לש,IL,משקה יוגורט יופלה בנ,גרמים,250.00,100 גרם,false,,5.40,2.1600,true,1,260433
7290000055343,false,משקה יוגורט יופלה פירות טרופיים 250 גרם,תנובה מרכז שיתופי לש,IL,משקה יוגורט יופלה טר,גרמים,250.00,100 גרם,false,,5.40,2.1600,true,1,260434
7290000055756,false,גבינה לבנה 5% תנובה מארז 850X2ג' בדץ,תנובה מרכז שיתופי לש,IL,מארז גבינה 5% תנובה,פריט,1.70,"ק""ג",false,,31.90,18.7647,true,1,253347
7290000055893,false,חמאה משמנת מפוסטרת 200גרם 82% כ.מהדרין - מוצר בפיקוח,תנובה מרכז שיתופי לש,IL,חמאה תנובה 200 גרם,גרמים,200.00,100 גרם,false,,8.20,4.1000,true,1,254423
7290000056272,false,גבינה לבנה 5% עם זיתים ירוקים 250 ג' תנובה,תנובה מרכז שיתופי לש,IL,גבינה 5% עם זיתים תנ,גרמים,250.00,100 גרם,false,,5.60,2.2400,true,1,255453
7290000056760,false,גבינת עמק פרוס 28% בקופסא 400 גרם,תנובה מרכז שיתופי לש,IL,גבינה עמק 28% 400 גר,גרמים,400.00,100 גרם,false,,29.90,7.4750,true,1,257397
7290000056845,false,תנובה חלב טרי 3% שומן 1.5 ליטר - מוצר בפיקוח,פארייפאבה אגרואינדוס,IL,חלב 3% תנובה 1.5 ליט,קילוגרמים,1.50,ליטר,false,,9.30,6.2000,true,1,319116
7290000056883,false,שמיניית יוגורט יופלה 3% טעמים שונים 150 גרם,תנובה מרכז שיתופי לש,IL,מארז יופלה פרי 8*150,פריט,1.20,"ק""ג",false,,29.90,24.9167,true,1,269663
7290000056890,false,שמיניית דיאט יופלה 0% טעמים שונים 150 גרם,מיוצר עי קונדיטוריית,IL,מארז יופלה פרי דיאט,קילוגרמים,1.20,ליטר,false,,29.90,24.9167,true,1,254784
7290000057088,false,עמק גבינה צהובה פרוסה דק דק 28% תנובה 200 גרם,תנובה מרכז שיתופי לש,IL,גבינה עמק דק דק 28%,גרמים,200.00,100 גרם,false,,15.90,7.9500,true,1,261779
7290000057118,false,גבינה צהובה עמק 28% שומן ואקום 400 גרם,תנובה מרכז שיתופי לש,IL,גבינה עמק 28% 400 גר,גרמים,400.00,100 גרם,false,,19.90,4.9750,true,1,255340
7290000057477,false,חלב בקרטון 3% הומוגני 1.5 ליטר,תנובה מרכז שיתופי לש,IL,חלב 3% תנובה 1.5 ליט,קילוגרמים,1.50,ליטר,false,,9.30,6.2000,true,1,256021
7290000057934,false,"שוקו בבקבוק תנובה 1 ליטר בד""ץ",תנובה מרכז שיתופי לש,IL,משקה שוקו תנובה 1 לי,קילוגרמים,1.00,ליטר,false,,12.90,12.9000,true,1,256389
7290000058047,false,שמנת להקצפה 38% 500מל מהדרין עמיד השף הלבן,תנובה מרכז שיתופי לש,IL,שמנת להקצפה 38% השף,גרמים,500.00,100 גרם,false,,12.80,2.5600,true,1,256618
7290000058276,false,"שמיניית קרלו מיני תות 100 גרם בד""ץ",תנובה מרכז שיתופי לש,IL,מארז קרלו מיני תות 8,מיליליטרים,800.00,"100 מ""ל",false,,13.90,1.7375,true,1,256685
7290000058979,false,גיל בטעם תות 3% שומן 125 ג' תנובה,תנובה מרכז שיתופי לש,IL,גיל בטעם תות תנובה 1,גרמים,125.00,100 גרם,false,,1.40,1.1200,true,1,258045
7290000060088,false,בייגלה מקלות מלוחים אסם 400 גרם,מיוצר עי קונדיטוריית,IL,בייגלה מקלות מלח אסם,גרמים,400.00,100 גרם,false,,7.90,1.9750,true,1,252926
7290000060163,false,אטריות דקות אסם 400 גרם,"אסם תעשיות בע""מ",IL,אטריות דקות אסם 400,גרמים,400.00,100 גרם,false,,4.90,1.2250,true,1,247625
7290000060200,false,אוסם - פתיתים אפויים קוסקוס 500 גרם,"אסם תעשיות בע""מ",IL,פתיתים קוסקוס אסם 50,גרמים,500.00,100 גרם,false,,4.90,0.9800,true,1,247626
7290000060217,false,פסטה מקרוני מספר 7 אסם 500 גרם,קריות זול,IT,מקרוני 7 אסם 500 גרם,גרמים,500.00,100 גרם,false,,4.90,0.9800,true,1,247627
7290000060248,false,פסטה אסם פתיתים תלתלים 500 גר',קריות זול,IT,פסטה תלתלים אסם 500,גרמים,500.00,100 גרם,false,,4.90,0.9800,true,1,247628
7290000060316,false,פרפקטו ספגטי מס' 8 אסם 500 גרם,אסם פרפקטו Perfecto,IT,ספגטי פרפקטו 500 גרם,גרמים,500.00,100 גרם,false,,5.90,1.1800,true,1,247630
7290000060408,false,פתיתים אפויים טבעות אסם 500 גרם,מיוצר עי קונדיטוריית,IL,פתיתים טבעות אסם 500,גרמים,500.00,100 גרם,false,,4.90,0.9800,true,1,247634
7290000060415,false,"פסטה פרפקטו לאזניה 500 ג' ""אסם""",אסם פרפקטו Perfecto,IT,לזניה פרפקטו 500 גרם,גרמים,500.00,100 גרם,false,,9.90,1.9800,true,1,247635
7290000060576,false,פתיתים אפויים כוכבים אסם 500 גרם,"אסם השקעות בע""\מ",IL,פתיתים כוכבים אסם 50,גרמים,500.00,100 גרם,false,,4.90,0.9800,true,1,247638
7290000060781,false,פסטה מסולסלים אסם 500 גרם,קריות זול,IT,פסטה מסולסלת אסם 500,גרמים,500.00,100 גרם,false,,4.90,0.9800,true,1,247641
7290000060828,false,פסטה קרניים בינוניות אסם 500 גרם,קריות זול,IT,פסטה קרניים אסם 500,גרמים,500.00,100 גרם,false,,4.90,0.9800,true,1,247642
7290000060842,false,פסטה צדפים גדולים אסם 500 גרם,קריות זול,IT,פסטה צדפים גדולים אס,גרמים,500.00,100 גרם,false,,4.90,0.9800,true,1,247643
7290000060880,false,פסטה ספגטי מספר 8 אסם 500 גרם,קריות זול,IT,ספגטי אסם 500 גרם,גרמים,500.00,100 גרם,false,,4.90,0.9800,true,1,247645
7290000060903,false,אוסם - פתיתים אפויים אורז 500 גרם,"אסם השקעות בע""\מ",IL,פתיתים אורז אסם 500,גרמים,500.00,100 גרם,false,,4.90,0.9800,true,1,247646
7290000060958,false,אטריות בינוניות אסם 400 גרם,"אסם השקעות בע""\מ",IL,אטריות בינוניות אסם,גרמים,400.00,100 גרם,false,,4.90,1.2250,true,1,247647
7290000060965,false,איטריות מובחר רחבות 400 ג',"אסם השקעות בע""\מ",IL,אטריות רחבות אסם 400,גרמים,400.00,100 גרם,false,,4.90,1.2250,true,1,247648
7290000061061,false,קרקר חיטה עם בצל אסם,"אסם השקעות בע""\מ",IL,קרקר בצל אסם 250 גרם,גרמים,250.00,100 גרם,false,,8.90,3.5600,true,1,247652
7290000061085,false,"רוטב צילי מתוק 290 מ""ל-בקבוק","אסם השקעות בע""\מ",IL,רוטב צילי מתוק אסם 2,מיליליטרים,290.00,"100 מ""ל",false,,9.90,3.4138,true,1,247653
7290000061108,false,"רוטב טריאקי 290 מ""ל-בקבוק","אסם השקעות בע""\מ",IL,רוטב טריאקי אסם 360,גרמים,360.00,100 גרם,false,,8.90,2.4722,true,1,247654
7290000061214,false,פתיתים אפויים קוסקוס עם בצל אסם 500 גרם,"אסם השקעות בע""\מ",IL,פתיתים עם בצל אסם 50,גרמים,500.00,100 גרם,false,,4.90,0.9800,true,1,250125
7290000061245,false,עוגיות שוקולד צ'יפס במילוי קרם בטעם שוקולד,מיוצר עי קונדיטוריית,IL,עוגיות שוקולד ציפס מ,גרמים,220.00,100 גרם,false,,9.90,4.5000,true,1,247655
7290000061450,false,פתיתים אפויים קוסקוס 3 צבעים אסם 500 גרם,"אסם השקעות בע""\מ",IL,פתיתים אפויים קוסקוס,גרמים,500.00,100 גרם,false,,4.90,0.9800,true,1,250122
7290000062129,false,"אינסטנט פודינג בטעם וניל אסם 1 ק""ג","אסם תעשיות בע""מ",IL,פודינג אינסטנט וניל,פריט,1.00,"ק""ג",false,,23.90,23.9000,true,1,247661
7290000063140,false,שקדי מרק רכיבים טבעיים בשקית 400 ג' אסם,"אסם תעשיות בע""מ",IL,שקדי מרק אסם 400 גרם,גרמים,400.00,100 גרם,false,,9.60,2.4000,true,1,247690
7290000063157,false,"קמח עוגה תופח מאליו אסם 1 ק""ג","אסם השקעות בע""\מ",IL,"קמח תופח אסם 1 ק""ג",פריט,1.00,"ק""ג",false,,7.90,7.9000,true,1,247691
7290000064871,false,"אוסם - מנה חמה פירה תפו""א עם בצל 56 גרם","אסם תעשיות בע""מ",IL,מנה חמה פירה בצל אסם,גרמים,56.00,100 גרם,false,,4.90,8.7500,true,1,247712
7290000065090,false,מיני קרוטונים מתובלים למרק ולסלט אסם 400 גרם,עינת תעשיות מזון אגו,IL,מיני קרוטונים למרק/ס,גרמים,400.00,100 גרם,false,,20.90,5.2250,true,1,247731
7290000065335,false,אוסם - מנה חמה פירה עם ירקות 55 גרם,"אסם תעשיות בע""מ",IL,מנה חמה פירה עם ירקו,גרמים,55.00,100 גרם,false,,4.90,8.9091,true,1,247737
7290000065540,false,אוסם - מנה חמה פסטה מוקרמת בטעם עוף 55 גרם,"אסם תעשיות בע""מ",IL,מנה חמה פסטה מוקרמת,גרמים,55.00,100 גרם,false,,4.90,8.9091,true,1,288924
7290000065557,false,אוסם - מנה חמה קוסקוס עם ירקות 84 גרם,"אסם תעשיות מזון בע""מ",IL,מנה חמה קוסקוס וירקו,גרמים,84.00,100 גרם,false,,4.90,5.8333,true,1,288925
7290000066134,false,ביסלי חטיף בטעם פלאפל אסם 70 גרם,"אסם השקעות בע""\מ",IL,ביסלי פלאפל 70 גרם,גרמים,70.00,100 גרם,false,,3.90,5.5714,true,1,247745
7290000066141,false,ביסלי חטיף בטעם גריל אסם 70 גרם,"אסם השקעות בע""\מ",IL,ביסלי גריל 70 גרם,גרמים,70.00,100 גרם,false,,3.90,5.5714,true,1,247746
7290000066172,false,ביסלי חטיף בטעם פיצה אסם 70 גרם,"אסם השקעות בע""\מ",IL,ביסלי פיצה 70 גרם,גרמים,70.00,100 גרם,false,,3.90,5.5714,true,1,247749
7290000066189,false,ביסלי חטיף בטעם פלאפל אסם 200 גרם,"אסם השקעות בע""\מ",IL,ביסלי פלאפל 200 גרם,גרמים,200.00,100 גרם,false,,6.50,3.2500,true,1,247750
7290000066196,false,ביסלי חטיף בטעם גריל אסם 200 גרם,מיוצר עי קונדיטוריית,IL,ביסלי גריל 200 גרם,גרמים,200.00,100 גרם,false,,6.50,3.2500,true,1,247751
7290000066226,false,ביסלי חטיף בטעם פיצה אסם 200 גרם,מיוצר עי קונדיטוריית,IL,ביסלי פיצה 200 גרם,גרמים,200.00,100 גרם,false,,6.50,3.2500,true,1,247754
7290000066264,false,דובונים חטיף תפוחי אדמה אסם 40 גרם,"אסם השקעות בע""\מ",IL,דובונים 40 גרם,גרמים,40.00,100 גרם,false,,3.90,9.7500,true,1,247755
7290000066318,false,במבה חטיף בוטנים אסם 80 גרם,"אסם השקעות בע""\מ",IL,במבה 80 גרם,גרמים,80.00,100 גרם,false,,3.90,4.8750,true,1,247757
7290000066332,false,אפרופו חטיף תירס אסם 50 גרם,מיוצר עי קונדיטוריית,IL,אפרופו 50 גרם,גרמים,50.00,100 גרם,false,,4.50,9.0000,true,1,247758
7290000066349,false,אפרופו חטיף תירס אסם 100 גרם,מיוצר עי קונדיטוריית,IL,אפרופו 100 גרם,גרמים,100.00,100 גרם,false,,7.90,7.9000,true,1,325169
7290000066431,false,פופקו חטיף פופקורן בטעם חמאה ודבש אסם 80 גרם,מיוצר עי קונדיטוריית,IL,פופקו 80 גרם,גרמים,80.00,100 גרם,false,,4.50,5.6250,true,1,247759
7290000067599,false,מנה חמה ספגטי ברוטב בולונז אסם 65 גרם,"אסם השקעות בע""\מ",IL,מנה חמה ספגטי בולונז,גרמים,65.00,100 גרם,false,,4.90,7.5385,true,1,247805
7290000068138,false,אינסטנט פודינג בטעם וניל אסם 80 גרם,מיוצר עי קונדיטוריית,IL,פודינג אינסטנט וניל,גרמים,80.00,100 גרם,false,,4.90,6.1250,true,1,247850
7290000068190,false,אסם ג'לי תות שדה צבעים טבעיים 90 גרם,מיוצר עי קונדיטוריית,IL,גלי בטעם תות אסם 85,גרמים,85.00,100 גרם,false,,5.90,6.9412,true,1,247852
7290000068206,false,אסם ג'לי משמש צבעים טבעיים 85 גרם,מיוצר עי קונדיטוריית,IL,גלי בטעם משמש אסם 80,גרמים,85.00,100 גרם,false,,5.90,6.9412,true,1,247853
7290000068251,false,אבקה להכנת ג'לי בטעם אננס אסם 85 גרם,מיוצר עי קונדיטוריית,IL,גלי בטעם אננס אסם 85,גרמים,85.00,100 גרם,false,,5.90,6.9412,true,1,247859
7290000068343,false,אסם פריכונים פרוסות קלויות מלא,"פרח תעשיות מזון בע""מ.",IL,פריכונים מאורז מלא א,גרמים,140.00,100 גרם,false,,6.90,4.9286,true,1,253473
7290000068770,false,במבה יום הולדת חטיף בוטנים אסם 80 גרם,"אסם השקעות בע""\מ",IL,במבה יום הולדת 80 גר,גרמים,80.00,100 גרם,false,,3.90,4.8750,true,1,247865
7290000069739,false,אוסם - חטיפי קרקר שומשום 300 גרם,"אסם השקעות בע""\מ",IL,חטיפי קרקר שומשום אס,גרמים,300.00,100 גרם,false,,10.90,3.6333,true,1,309440
7290000070308,false,אבקת מרק עוף אמיתי בשרי אסם 400 גרם,"אסם השקעות בע""\מ",IL,מרק עוף אמיתי אסם 40,גרמים,400.00,100 גרם,false,,16.90,4.2250,true,1,247893
7290000070322,false,אבקת מרק פטריות רכיבים טבעיים אסם 400 גרם,"אסם השקעות בע""\מ",IL,מרק פטריות ר.טבעיים,גרמים,400.00,100 גרם,false,,21.90,5.4750,true,1,247894
7290000070353,false,אבקת מרק בצל רכיבים טבעיים אסם 400 גרם,"אסם השקעות בע""\מ",IL,מרק בצל ר.טבעיים אסם,גרמים,400.00,100 גרם,false,,21.90,5.4750,true,1,247895
7290000072067,false,במבה במילוי קרם חלבה 60ג' אסם,מיוצר עי קונדיטוריית,IL,במבה חלוה 60 גרם,גרמים,60.00,100 גרם,false,,4.50,7.5000,true,1,251239
7290000072241,false,"רוטב פיצה 290 מ""ל-בקבוק","אסם השקעות בע""\מ",IL,רוטב לפיצה אסם 320 מ,מיליליטרים,320.00,"100 מ""ל",false,,8.90,2.7813,true,1,247908
7290000072623,false,קטשופ אסם בקבוק לחיץ 750 גרם,"אסם תעשיות בע""מ",IL,קטשופ לחיץ אסם 750 ג,גרמים,750.00,100 גרם,false,,8.70,1.1600,true,1,247910
7290000072630,false,קטשופ אסם חריף 750 גרם-בקבוק,"אסם תעשיות בע""מ",IL,קטשופ חריף אסם 750 ג,גרמים,750.00,100 גרם,false,,11.90,1.5867,true,1,247911
7290000072753,false,קפה נמס מגורען טסטרס צ'ויס 200 גרם-,נסטלה קוריאה - קפה,KR,קפה נמס טסטרס צויס 2,גרמים,200.00,100 גרם,false,,29.90,14.9500,true,1,247914
7290000072777,false,קפה נמס מגורען נטול קפאין טסטרס צ'ויס 200 גרם,נסטלה קוריאה - קפה,KR,קפה נמס טסטרס צויס נ,גרמים,200.00,100 גרם,false,,35.90,17.9500,true,1,247915
7290000073415,false,אוסם - מנה חמה פסטה ברוטב פיצה 61 גרם,"אסם השקעות בע""\מ",IL,מנה חמה פסטה רוטב פי,גרמים,61.00,100 גרם,false,,4.90,8.0328,true,1,248446
7290000073750,false,מנה חמה נודלס אטר+ירקות טעם עוף 70 גרם,PUB FOODS PRESIDENT THAI,TH,מנה חמה נודלס בטעם ע,גרמים,70.00,100 גרם,false,,4.90,7.0000,true,1,252369
7290000073767,false,מנה חמה נודלס אטר.+ירקות טעם בקר 70 גרם,PUB FOODS PRESIDENT THAI,TH,מנה חמה נודלס בטעם ב,גרמים,71.00,100 גרם,false,,4.90,6.9014,true,1,248447
7290000073774,false,מנה חמה נודלס אטר+ירקות טעם צילי 70 גרם,טאי רזידנט,TH,מנה חמה נודלס פיקנטי,גרמים,76.00,100 גרם,false,,4.90,6.4474,true,1,252370
7290000074153,false,ביסקוויט פתי בר שוקולד אסם 500 גרם,מיוצר עי קונדיטוריית,IL,פתיבר שוקו אסם 500 ג,גרמים,500.00,100 גרם,false,,8.90,1.7800,true,1,251053
7290000074184,false,ביסקויט פתיבר קלאסי 500 גרם,"אסם השקעות בע""\מ",IL,פתיבר אסם 500 גרם,גרמים,500.00,100 גרם,false,,8.90,1.7800,true,1,251054
7290000074245,false,אוסם - קרם קרקר אסם 250 גרם,"אסם השקעות בע""\מ",IL,קרם קרקר 250 גרם,גרמים,250.00,100 גרם,false,,7.80,3.1200,true,1,248449
7290000074252,false,קרקר שומשון אסם 250 גרם,"אסם השקעות בע""\מ",IL,קרקר שומשום אסם 250,גרמים,250.00,100 גרם,false,,7.90,3.1600,true,1,248450
7290000074276,false,קרקר פיקנטי טבעון 250 ג' אסם,"אסם השקעות בע""\מ",IL,קרקר קלאסי אסם 250 ג,גרמים,250.00,100 גרם,false,,8.90,3.5600,true,1,248451
7290000074375,false,אוסם - קרקר זהב 150 גרם,"אסם השקעות בע""\מ",IL,קרקר זהב 150 גרם,גרמים,150.00,100 גרם,false,,6.50,4.3333,true,1,248453
7290000074481,false,לחמית אגוזים אסם 160 גרם,"אסם השקעות בע""\מ",IL,לחמית אגוזים 160 גרם,גרמים,160.00,100 גרם,false,,8.90,5.5625,true,1,255062
7290000074696,false,אסם קרם קרקר 4*1קג ח,"אסם השקעות בע""\מ",IL,"קרם קרקר 1 ק""ג",פריט,1.00,"ק""ג",false,,19.90,19.9000,true,1,248454
7290000074764,false,קרקר הזהב אסם 900 גרם,"אסם השקעות בע""\מ",IL,קרקר זהב 900 גרם,גרמים,900.00,100 גרם,false,,19.90,2.2111,true,1,248458
7290000075204,false,אוסם - לחמית חיטה מלאה 250 גרם,"אסם השקעות בע""\מ",IL,לחמית חיטה מלאה 250,גרמים,250.00,100 גרם,false,,7.90,3.1600,true,1,248461
7290000075693,false,עוגת הבית שמרים בריוש שוקולד אסם 360 גרם,מיוצר עי קונדיטוריית,IL,עוגת שמרים בריוש שוק,גרמים,360.00,100 גרם,false,,14.90,4.1389,true,1,254261
7290000076133,false,בייגלה שמיניות קטנות עם מלח אסם 400 גרם,"אסם השקעות בע""\מ",IL,בייגלה שמיניות מלח א,גרמים,400.00,100 גרם,false,,7.90,1.9750,true,1,248465
7290000077017,false,עוגיות קרמוגית במילוי קרם שוקולד אסם 200 גרם,מיוצר עי קונדיטוריית,IL,עוגיות ממולאות שוקול,גרמים,200.00,100 גרם,false,,9.90,4.9500,true,1,248476
7290000077253,false,אוסם - לחמית כפרית עם דגנים מלאים 190 גרם,"אסם השקעות בע""\מ",IL,לחמית כפרית 190 גרם,גרמים,190.00,100 גרם,false,,8.90,4.6842,true,1,252044
7290000078762,false,אוסם - חטיפי פריכונים מאורז מלא בטעם דבש 80גר,סנורייס בלגיום אן. ו,GB,פריכונים אורז מלא וד,גרמים,80.00,100 גרם,false,,6.90,8.6250,true,1,248486
7290000081663,false,"בייגלה טבעות שומשום אסם 300 גרם בד""ץ",מיוצר עי קונדיטוריית,IL,בייגלה טבעות שומשום,גרמים,300.00,100 גרם,false,,7.90,2.6333,true,1,248515
7290000100289,false,"לקט שדה ירקות קפואים 700 גר' סנפרוסט-תנובה בד""ץ","סנפרוסט בע""\מ",IL,לקט ירקות השדה סנפרו,גרמים,700.00,100 גרם,false,,19.90,2.8429,true,1,303247
7290000100302,false,פול ירוק קלוף סנפרוסט 600 גרם,"סנפרוסט בע""\מ",IL,פול ירוק קלוף סנפרוס,גרמים,600.00,100 גרם,false,,21.90,3.6500,true,1,305008
7290000100593,false,פרוסות אנטיפסטי לתנור סנפרוסט 600 גרם,"סנפרוסט בע""\מ",IL,פרוסות אנטיפסטי לתנו,גרמים,600.00,100 גרם,false,,19.90,3.3167,true,1,310452
7290000100609,false,קוביות אנטיפסטי להקפצה סנפרוסט 600 גרם,"סנפרוסט בע""\מ",IL,קוביות אנטיפסטי להקפ,גרמים,600.00,100 גרם,false,,19.90,3.3167,true,1,310378
7290000100975,false,שעועית ירוקה עדינה שלמה סנפרוסט 600 גרם,"סנפרוסט בע""\מ",IL,שעועית ירוקה עדינה ש,גרמים,600.00,100 גרם,false,,19.90,3.3167,true,1,299842
7290000103495,false,"אפונת גינה בד""ץ סנפרוסט 700 גרם","סנפרוסט בע""\מ",IL,אפונת גינה סנפרוסט 7,גרמים,700.00,100 גרם,false,,15.90,2.2714,true,1,264861
7290000103501,false,"שעועית ירוקה חתוכה סנפרוסט 700 גר' בד""צ","סנפרוסט בע""\מ",IL,שעועית ירוקה חתוכה ס,גרמים,700.00,100 גרם,false,,15.90,2.2714,true,1,264862
7290000103518,false,שעועית ירוקה שלמה סנפרוסט 700ג' בדץ,"סנפרוסט בע""\מ",IL,שעועית ירוקה שלמה סנ,גרמים,700.00,100 גרם,false,,15.90,2.2714,true,1,264863
7290000103525,false,גזר גמדי -שמיטה 700 גרם סנפרוסט,"סנפרוסט בע""\מ",IL,גזר גמדי סנפרוסט 700,גרמים,700.00,100 גרם,false,,15.90,2.2714,true,1,264864
7290000103532,false,גרעיני תירס סנפרוסט 700ג' בדץ,"סנפרוסט בע""\מ",IL,גרעיני תירס סנפרוסט,גרמים,700.00,100 גרם,false,,15.90,2.2714,true,1,264865
7290000103556,false,גרגירי חומוס מבושל סנפרוסט 700ג' בדצ,"סנפרוסט בע""\מ",IL,גרגירי חומוס מבושלים,גרמים,700.00,100 גרם,false,,15.90,2.2714,true,1,264867
7290000104218,false,סנפרוסט במיה 600 גרם,"איי, בי, אינבוו",IL,במיה סנפרוסט 600 גרם,גרמים,600.00,100 גרם,false,,14.90,2.4833,true,1,245668
7290000104713,false,פול ירוק סנפרוסט 800 גרם,"איי, בי, אינבוו",IL,פול ירוק סנפרוסט 800,גרמים,800.00,100 גרם,false,,21.90,2.7375,true,1,245676
7290000104768,false,תרד עלים סנפרוסט 800 ג ',"איי, בי, אינבוו",IL,עלי תרד סנפרוסט 800,גרמים,800.00,100 גרם,false,,19.90,2.4875,true,1,269187
7290000104775,false,תרד מדליונים סנפרוסט 800 גרם,"איי, בי, אינבוו",IL,מדליוני תרד סנפרוסט,גרמים,800.00,100 גרם,false,,19.90,2.4875,true,1,269188
7290000104799,false,שעועית לבנה מבושלת סנפרוסט 800 גרם,"איי, בי, אינבוו",IL,שעועית לבנה סנפרוסט,גרמים,800.00,100 גרם,false,,14.90,1.8625,true,1,245679
7290000107189,false,תחתיות ארטישוק סנפרוסט 400 גרם,"איי, בי, אינבוו",IL,תחתיות ארטישוק סנפרו,גרמים,400.00,100 גרם,false,,19.90,4.9750,true,1,245686
7290000111353,false,"מיונז אמיתי תלמה 1 ק""ג",יוניליוור ישראל מזון בע\,IL,"מיונז תלמה 1 ק""ג",פריט,1.00,"ק""ג",false,,16.90,16.9000,true,1,245697
7290000112237,false,"טחינה גולמית שומשום טהור בארכה 1 ק""ג","רושדי תעשיות מזון בע""\מ",IL,"טחינה בארכה 1 ק""ג",פריט,1.00,"ק""ג",false,,19.90,19.9000,true,1,245703
7290000121079,false,גבינה מותכת למריחה עם שום שמיר 9% מון בלאן 120 גרם,שלושת האופים,IL,גבינה מותכת שום שמיר,גרמים,120.00,100 גרם,false,,8.90,7.4167,true,1,245760
7290000121093,false,גבינה מותכת לייט בטעם שוויצרי 7% מון בלאן 120 גר',האי נאם סי או אל.טי.,IL,גבינה מותכת שוויצרי,גרמים,120.00,100 גרם,false,,8.90,7.4167,true,1,245761
7290000121109,false,גבינה מותכת לייט עם זיתים 7% מון בלאן 120 גרם,האי נאם סי או אל.טי.,IL,גבינה מותכת זיתים 7%,גרמים,120.00,100 גרם,false,,8.90,7.4167,true,1,245762
7290000133645,false,שלישיית משחת שיניים סודה אורביטול 145 גרם,טרופיקל דגיל תעשיות קוסמ,IL,משחת אורביטול הלבנה,גרמים,435.00,100 גרם,false,,14.90,3.4253,true,1,245812
7290000136141,false,משקה בטעם קולה 1.5ל' פפסי,"טמפו משקאות בע""\מ",IL,פפסי קולה 1.5 ליטר,קילוגרמים,1.50,ליטר,false,,6.90,4.6000,true,1,319593
7290000136158,false,פפסי מקס משקה מוגז דל קלוריות בטעם קולה,"טמפו משקאות בע""\מ",IL,פפסי מקס 1.5 ליטר,קילוגרמים,1.50,ליטר,false,,6.90,4.6000,true,1,319594
7290000136165,false,משקה מירינדה 1.5ליטר,"טמפו משקאות בע""\מ",IL,מירינדה 1.5 ליטר,קילוגרמים,1.50,ליטר,false,,6.90,4.6000,true,1,319589
7290000136172,false,סבן אפ בקבוק 1.5 ליט,"טמפו משקאות בע""\מ",IL,סבן אפ 1.5 ליטר,קילוגרמים,1.50,ליטר,false,,6.90,4.6000,true,1,319595
7290000136189,false,סבן אף דיאט 1.5 ליטר בודד,"טמפו משקאות בע""\ם.",IL,סבן אפ דיאט 1.5 ליטר,קילוגרמים,1.50,ליטר,false,,6.90,4.6000,true,1,319590
7290000136240,false,סודה 1.5 ליטר שישייה בודד,"טמפו משקאות בע""\מ",IL,סודה טמפו 1.5 ליטר,קילוגרמים,1.50,ליטר,false,,2.90,1.9333,true,1,319588
7290000136455,false,משקה בטעם אשכוליות תריסר 1.5 ל' ג'אמפ,"טמפו משקאות בע""\ם.",IL,גאמפ אשכוליות 1.5 לי,קילוגרמים,1.50,ליטר,false,,6.90,4.6000,true,1,319559
7290000136486,false,משקה בטעם אשכוליות דיאט תריסר 1.5 ל' ג'אמפ,"טמפו משקאות בע""\ם.",IL,גאמפ אשכוליות דיאט 1,קילוגרמים,1.50,ליטר,false,,6.90,4.6000,true,1,319560
7290000136516,false,משקה בטעם מנגו פסיפלורה תריסר 1.5 ל' ג'אמפ,טמפו משקאות בעמ,IL,גאמפ מנגו פסיפלורה 1,קילוגרמים,1.50,ליטר,false,,6.90,4.6000,true,1,319556
7290000136523,false,משקה בטעם ענבים תריסר 1.5 ל' ג'אמפ,"טמפו משקאות בע""\ם.",IL,גאמפ ענבים 1.5 ליטר,קילוגרמים,1.50,ליטר,false,,6.90,4.6000,true,1,319561
7290000136561,false,משקה בטעם תות בננה תריסר 1.5 ל' ג'אמפ,"טמפו משקאות בע""\מ",IL,גאמפ תות בננה 1.5 לי,קילוגרמים,1.50,ליטר,false,,6.90,4.6000,true,1,319562
7290000136585,false,משקה בטעם תפוזים תריסר 1.5 ל' ג'אמפ,"טמפו משקאות בע""\ם.",IL,גאמפ תפוז 1.5 ליטר,קילוגרמים,1.50,ליטר,false,,6.90,4.6000,true,1,319557
7290000136608,false,משקה בטעם תפוח צלול תריסר 1.5 ל' ג'אמפ,"טמפו משקאות בע""\ם.",IL,גאמפ תפוח 1.5 ליטר,קילוגרמים,1.50,ליטר,false,,6.90,4.6000,true,1,319584
7290000136646,false,בירה נשר מאלט ללא אלכוהול 1.5 ליטר,"טמפו משקאות בע""\מ",IL,בירה נשר מאלט 1.5 לי,קילוגרמים,1.50,ליטר,false,,8.80,5.8667,true,1,319553
7290000136653,false,דיאט נשר מאלט ללא אלכוהול 1.5 ליטר,"טמפו משקאות בע""\מ",IL,בירה נשר מאלט דיאט 1,קילוגרמים,1.50,ליטר,false,,8.80,5.8667,true,1,319554
7290000136691,false,מארז שישייה סבן אפ 1.5 ל',סבן אפ 7up,IL,מארז סבן אפ 6 *1.5 ל,קילוגרמים,9.00,ליטר,false,,37.90,4.2111,true,1,319596
7290000136752,false,סבן אפ דיאט מארז שישייה 1.5 ל' FREE,"טמפו משקאות בע""\מ",IL,מארז סבן אפ דיאט 6*,קילוגרמים,9.00,ליטר,false,,35.90,3.9889,true,1,319591
7290000136769,false,מארז שישיה בטעם קולה 1.5 ל' פפסי,"טמפו משקאות בע""\מ",IL,מארז פפסי קולה 6*1.5,קילוגרמים,9.00,ליטר,false,,35.90,3.9889,true,1,319597
7290000136776,false,שישיית פפסי מקס דל קלוריות 1.5 ליטר,פפסי Pepsi,IL,מארז פפסי מקס 6*1.5,קילוגרמים,9.00,ליטר,false,,35.90,3.9889,true,1,319598
7290000136783,false,מארז שישייה מרינדה 1.5 ל',"טמפו משקאות בע""\מ",IL,מארז מירינדה 6*1.5 ל,קילוגרמים,9.00,ליטר,false,,37.90,4.2111,true,1,319592
7290000136790,false,שישיית מי סודה טמפו 1.5 ליטר,"טמפו משקאות בע""\מ",IL,מארז סודה טמפו 6*1.5,קילוגרמים,9.00,ליטר,false,,15.90,1.7667,true,1,319586
7290000136806,false,מארז סודה רביעייה לימון ליים 1.5 ל' טמפו,טמפו משקאות בעמ,IL,מארז סודה לימון ליים,קילוגרמים,6.00,ליטר,false,,10.90,1.8167,true,1,320321
7290000136813,false,סודה בטעם אננס מארז רביעייה 1.5 ל' טמפו,טמפו משקאות בע''מn\,IL,מארז סודה אננס טמפו,קילוגרמים,6.00,ליטר,false,,10.90,1.8167,true,1,320323
7290000136820,false,סודה בטעם פירות יער מארז ריבעיה * 1.5 ל' טמפו,טמפו משקאות בע''מn\,IL,מארז סודה פירות יער,קילוגרמים,6.00,ליטר,false,,10.90,1.8167,true,1,320324
7290000136837,false,רביעיית מי סודה נגיעות אפרסק טמפו 1.5 ליטר,טמפו משקאות בע''מn\,IL,מארז סודה אפרסק טמפו,קילוגרמים,6.00,ליטר,false,,10.90,1.8167,true,1,320322
7290000136844,false,מארז מים מזוככים אקווה נובה שישיית 2 ליטר,"טמפו משקאות בע""\מ",IL,מים אקווה נובה 6*2 ל,קילוגרמים,12.00,ליטר,false,,11.90,0.9917,true,1,319555
7290000136868,false,סאן בנדטו - מים מינרלים - מארז שישיית 1.5 ליטר,אקווה מינרלה סאן בנדטו ב,IT,מים סאן בנדטו 6*1.5,קילוגרמים,9.00,ליטר,false,,16.90,1.8778,true,1,319558
7290000139104,false,שלווה חיטה תפוחה מתוקה אשבול 230 גרם,"אשב""ל בע""מ",IL,שלווה חיטה תפוחה ומת,גרמים,230.00,100 גרם,false,,8.70,3.7826,true,1,245834
7290000139227,false,דגן לבן משפחתי 150 גר' אשבול,אשבל מזון פונקציונלי,IL,תירס תפוח מתוק אשבול,גרמים,150.00,100 גרם,false,,8.70,5.8000,true,1,245835
7290000143293,false,"הוואי - מרכך ילדים מתיר קשרים 700 מ""ל",טרופיקל דגיל,IL,מרכך הוואי לילדים 70,מיליליטרים,700.00,"100 מ""ל",false,,8.90,1.2714,true,1,245842
7290000144467,false,שמן חמניות מועשר בנוגדי חמצון 1 ל' עץ הזית,"נארז ע""י : א.ג. גילר",GR,שמן חמניות בריאות עץ,קילוגרמים,1.00,ליטר,false,,14.90,14.9000,true,1,245844
7290000144474,false,שמן עץ הזית קנולה 1 ליטר בריאות מהטבע,שמן תעשיות בעמ,EE,שמן קנולה בריאות עץ,קילוגרמים,1.00,ליטר,false,,14.90,14.9000,true,1,245845
7290000149615,false,רביעיית סבון מוצק קלאסי לתינוק נקה 7 4*100 גרם,גליל כימיקלים בעממשו,IL,סבון מוצק נקה 7 לתינ,גרמים,400.00,100 גרם,false,,10.90,2.7250,true,1,245856
7290000149851,false,סבון לניקוי והסרת כתמים סינטבון 460 גרם,יבואן ומשווק: ש. שסט,IL,סינטבון כפול לנקיון,גרמים,460.00,100 גרם,false,,9.90,2.1522,true,1,245857
7290000149905,false,טקסטיל נוזל לכביסה עדינה נקה 1 ליטר,מיוצר עי קונדיטוריית,IL,טקסטיל שמפו נוזלי 1,קילוגרמים,1.00,ליטר,false,,12.90,12.9000,true,1,245858
7290000152288,false,עוף טוב נקניקיות עוף מיס לוסי 400 גרם,מוצרי עוף טוב (2001) בע\,IL,נקניקיות עוף טוב 400,גרמים,400.00,100 גרם,false,,9.90,2.4750,true,1,267016
7290000152943,false,מארז פסטרמה כפרית וסלמי כפרי עוף טוב 2*350 גרם,מוצרי עוף טוב (2001) בע\,IL,מארז פסטרמה/סלמי כפר,גרמים,700.00,100 גרם,false,,18.90,2.7000,true,1,305228
7290000170053,false,"שוקולד פרה חלב 100 גרם בד""צ לל""ג","שטראוס גרופ בע""\מ.",IL,שוקולד פרה חלב 100 ג,גרמים,100.00,100 גרם,false,,5.90,5.9000,true,1,269931
7290000174723,false,שוקולית אבקה להכנת משקה שוקו 500 גרם,הנסיך- מפעל לייצור ט,IL,שוקולית 500 גרם,גרמים,500.00,100 גרם,false,,11.90,2.3800,true,1,269936
7290000176420,false,קפה נמס פחית עלית 200 גרם,שטראוס קפה בי.וי,IL,קפה נמס 200 גרם,גרמים,200.00,100 גרם,false,,18.90,9.4500,true,1,245919
7290000176475,false,האג קפה נמס נטול קפאין עלית 200 גרם,שטראוס גרופ,VN,קפה נמס האג נטול קפא,גרמים,200.00,100 גרם,false,,33.90,16.9500,true,1,245920
7290000178721,false,תפוצ'יפס בטעם טבעי 200 גרם,"שטראוס פריטו ליי בע""\מ )",IL,תפוציפס מלוח 200 גרם,גרמים,200.00,100 גרם,false,,9.90,4.9500,true,1,245925
7290000180212,false,שוקולוד פרה מריר אגוזים 100ג' עלית,"שטראוס גרופ בע""מ",IL,שוקולד פרה מריר אגוז,גרמים,100.00,100 גרם,false,,5.90,5.9000,true,1,269966
7290000186337,false,ניקול שלשיית מטליות לחות לניקוי כללי,עלבד משואות יצחק,IL,מטליות לחות לניקוי כ,Unknown,0.00,יחידה,false,,21.90,0.0000,true,1,287757
7290000186535,false,נייר טואלט תלת שכבתי לבן לילי 32 יחידות,לילי נייר טואלט חוגלה,IL,נייר טואלט לילי טריפ,מטרים,537.00,מטר,false,,41.90,0.0780,true,1,313704
7290000187921,false,נייר טואלט דו שכבתי לבן לילי 32 יחידות,לילי נייר טואלט חוגלה,IL,נייר טואלט לבן לילי,מטרים,588.00,מטר,false,,41.50,0.0706,true,1,249883
7290000187938,false,"נייר טואלט ""לילי"" פסטל 32 גלילים",לילי נייר טואלט חוגלה,IL,נייר טואלט פסטל לילי,מטרים,0.00,מטר,false,,38.90,0.0000,true,1,249882
7290000187952,false,נייר טואלט תלת שכבתי ורוד לילי 32 יחידות,לילי נייר טואלט חוגלה,IL,נייר טואלט לילי טריפ,מטרים,537.00,מטר,false,,41.90,0.0780,true,1,313705
7290000188386,false,מגבת נייר ניקול 12 יחידות,חוגלה קימברלי,IL,מגבות נייר ניקול 12,מטרים,129.00,מטר,false,,22.40,0.1736,true,1,266366
7290000188553,false,קוטקס מגן תחתון יאנג ביג 60 יחידות,קימברלי קלארק,CN,מגן תחתון קוטקס נורמ,Unknown,0.00,יחידה,false,,18.50,0.0000,true,1,266384
7290000188591,false,קוטקס מגן תחתון יאנג ביג 60 יחידות,קימברלי קלארק,CN,מגן תחתון קוטקס יאנג,Unknown,0.00,יחידה,false,,18.50,0.0000,true,1,266385
7290000189680,false,ניקול זוג מטליות לחות לרצפה,חוגלה קימברלי,IL,מטליות לחות לרצפה ני,Unknown,0.00,יחידה,false,,19.90,0.0000,true,1,287756
7290000191225,false,חיתולים ליטל בייביז מידה 2 האגיס 46 יחידות,קימברלי קלארק שיווק,IL,חיתולי האגיס 44 יח ש,Unknown,0.00,יחידה,false,,28.90,0.0000,true,1,287556
7290000191539,false,חמישיית ממחטות טישו צבועני לילי 100 יחידות,חוגלה קימברלי,IL,טישו צבעוני לילי 5*9,Unknown,450.00,יחידה,false,,13.70,0.0304,true,1,266340
7290000191645,false,"חיתולים האגיס ליטל בייביס ניו בורן שלב 1 עד 4 ק""ג",קימברלי קלארק ארהב,US,חיתולי האגיס 36 יח נ,Unknown,0.00,יחידה,false,,28.90,0.0000,true,1,263921
7290000191652,false,שלישיית ממחטות אולטרה סופט קלינקס 90 יחידות,חוגלה קימברלי,IL,טישו קלינקס 3*90 יח,Unknown,270.00,יחידה,false,,10.70,0.0396,true,1,266364
7290000193014,false,מגן תחתון פדיות אינטרלוד לילי 50 יחידות,חוגלה קימברלי,CZ,מגן תחתון לילי אינטר,Unknown,0.00,יחידה,false,,9.90,0.0000,true,1,266341
7290000193083,false,נובה-לי תחבושות היגייניות לילי 28 יחידות,חוגלה קימברלי,CZ,תחבושות לילי נובה לי,Unknown,0.00,יחידה,false,,8.90,0.0000,true,1,266342
7290000193472,false,מגן תחתון נטורל נורמל לילי 60 יחידות,חוגלה קימברלי,ES,מגן תחתון לילי נטורל,Unknown,0.00,יחידה,false,,14.90,0.0000,true,1,266346
7290000193540,false,מגן תחתון לונג נטורל לילי 52 יחידות,חוגלה קימברלי,ES,מגן תחתון לילי נטורל,Unknown,0.00,יחידה,false,,14.90,0.0000,true,1,266347
7290000193953,false,תחבושות לילי נורמל24*2יח,חוגלה קימברלי,ES,תחבושות ללי נורמל עם,Unknown,0.00,יחידה,false,,24.90,0.0000,true,1,270060
7290000193960,false,תח.לילי סופר פלוס 24*2יח,חוגלה קימברלי,ES,תחבושות לילי סופר +,Unknown,0.00,יחידה,false,,24.90,0.0000,true,1,270061
7290000194172,false,"חטיף אטיאס 250 גרם לל""ס",ממתקי השלום,IL,חטיפים מעורב 250 גרם,גרמים,300.00,100 גרם,false,,12.90,4.3000,true,1,252072
7290000195537,false,האגיס - מגבוני האגיס דיילי קר לא מבושם 64 יח' * 4,חוגלה קימברלי,IL,מגבונים האגיס ללא בי,Unknown,0.00,יחידה,false,,20.70,0.0000,true,1,266352
7290000197425,false,חיתולים פרידום דריי שלב 3 האגיס 52 יחידות,קימברלי קלארק ישראל,IL,חיתולי האגיס פרידום,Unknown,0.00,יחידה,false,,43.90,0.0000,true,1,314499
7290000197456,false,חיתולים פרידום דריי שלב 4 האגיס 44 יחידות,קימברלי קלארק ישראל,IL,חיתולי האגיס פרידום,Unknown,0.00,יחידה,false,,43.90,0.0000,true,1,314500
7290000197463,false,חיתולים פרידום דריי שלב +4 האגיס 40 יחידות,קימברלי קלארק ישראל,IL,חיתולי האגיס פרידום,Unknown,0.00,יחידה,false,,43.90,0.0000,true,1,314501
7290000197548,false,חיתולים פרידום דריי שלב 5 האגיס 36 יחידות,קימברלי קלארק ישראל,IL,חיתולי האגיס פרידום,Unknown,0.00,יחידה,false,,43.90,0.0000,true,1,314502
7290000197678,false,חיתולי האגיס פרידום דריי שלב 6 30 יחידות,קימברלי קלארק ישראל,IL,חיתולי האגיס פרידום,Unknown,0.00,יחידה,false,,43.90,0.0000,true,1,314503
7290000201818,false,טיטולים פרימיום שלב 2 64 יחידות,חוגלה קימברלי,IL,חיתולי טיטולים פרימי,Unknown,0.00,יחידה,false,,31.90,0.0000,true,1,307472
7290000201832,false,טיטולים פרימיום שלב 3 50 יחידות,חוגלה קימברלי,IL,חיתולי טיטולים פרימי,Unknown,0.00,יחידה,false,,31.90,0.0000,true,1,307473
7290000201849,false,טיטולים פרימיום שלב 4 42 יח' (8-14),חוגלה קימברלי,IL,חיתולי טיטולים פרימי,Unknown,0.00,יחידה,false,,31.90,0.0000,true,1,307474
7290000201856,false,טיטולים פרימיום שלב4+ 38 יחידות .,חוגלה קימברלי,IL,חיתולי טיטולים פרימי,Unknown,0.00,יחידה,false,,31.90,0.0000,true,1,307475
7290000201863,false,טיטולים פרימיום שלב 5 34 יחידות,חוגלה קימברלי,IL,חיתולי טיטולים פרימי,Unknown,0.00,יחידה,false,,31.90,0.0000,true,1,307476
7290000201870,false,טיטולים פרימיום שלב 6 30 יחידות,חוגלה קימברלי,IL,חיתולי טיטולים פרימי,Unknown,0.00,יחידה,false,,31.90,0.0000,true,1,307477
7290000204086,false,ניקול כרית קרצוף מארז שלישייה,חוגלה קימברלי,US,כריות קרצוף ניקול 3,Unknown,0.00,יחידה,false,,9.90,0.0000,true,1,266354
7290000204215,false,שישיית כרית יפנית ניקול 6 יחידות,פלסטו פוליש (ברקן),IL,כריות יפניות ניקול 6,Unknown,0.00,יחידה,false,,9.90,0.0000,true,1,266355
7290000204253,false,מטליות רב שימושיות לניקיון ניקול 9 יחידות,נועם אורים-קיבוץ אור,IL,מטליות לניקוי כללי נ,Unknown,0.00,יחידה,false,,9.90,0.0000,true,1,266356
7290000205762,false,חיתולי האגיס אקסטרה קר מידה 3 48 יחידות,חוגלה קימברלי,IL,חיתולי האגיס אקסטרא,Unknown,0.00,יחידה,false,,54.90,0.0000,true,1,325202
7290000205915,false,חיתולי האגיס אקסטרה קייר מידה 4 40 יחידות,חוגלה קימברלי,IL,חיתולי האגיס אקסטרא,Unknown,0.00,יחידה,false,,54.90,0.0000,true,1,325203
7290000208077,false,אפונת גינה רגילה 550 גרם יכין,"זנלכל בע""\מ",IL,אפונה גדולה יכין 550,גרמים,550.00,100 גרם,false,,6.90,1.2545,true,1,257324
7290000208114,false,"אפונה וגזר יכין A2 פ""ק בית יוסף","זנלכל בע""\מ",IL,אפונה וגזר יכין 550,גרמים,550.00,100 גרם,false,,6.90,1.2545,true,1,257412
7290000208213,false,שעועית לבנה אפויה A2 ברוטב עגבניות יכין 560ג',היינץ צפון אמריקה מק,IL,שעועית לבנה ברוטב יכ,גרמים,560.00,100 גרם,false,,6.90,1.2321,true,1,246080
7290000208220,false,"שעועית צ'לי יכין פ""ק A2 בית יוסף",היינץ צפון אמריקה מק,IL,שעועית צילי חריף יכי,גרמים,580.00,100 גרם,false,,9.90,1.7069,true,1,246081
7290000208329,false,גרעיני תירס מתוק 550 גרם יכין,"זנלכל בע""\מ",IL,תירס גרעינים יכין 55,גרמים,550.00,100 גרם,false,,6.90,1.2545,true,1,257410
7290000208428,false,יכין חומוס בשימורים 550 גרם,"זנלכל בע""\מ",IL,חומוס שלם יכין 550 ג,גרמים,550.00,100 גרם,false,,6.90,1.2545,true,1,263476
7290000209012,false,חומץ 1ליטר יכין הדרים,"זנלכל בע""\מ",IL,חומץ 5% יכין 1 ליטר,קילוגרמים,1.00,ליטר,false,,6.90,6.9000,true,1,266252
7290000209043,false,מיץ לימון לתיבול יכין 1 ליטר,היינץ צפון אמריקה מק,IL,רוטב לימון משומר יכי,קילוגרמים,1.00,ליטר,false,,5.90,5.9000,true,1,266253
7290000209555,false,סירופ דיאט בטעם תפוחים יכין 1 ליטר,"זנלכל בע""\מ",IL,סירופ יכין תפוע דיאט,קילוגרמים,1.00,ליטר,false,,17.90,17.9000,true,1,253928
7290000209579,false,סירופ דיאט בטעם אננס יכין 1 ליטר,"זנלכל בע""\מ",IL,סירופ יכין אננס דיאט,קילוגרמים,1.00,ליטר,false,,17.90,17.9000,true,1,253932
7290000209722,false,רוטב עגבניות פריכוז יכין 580 גרם,"זנלכל בע""\מ",IL,תרכיז עגבניות פריכוז,גרמים,580.00,100 גרם,false,,9.90,1.7069,true,1,246082
7290000211442,false,"אורז פרסי קלאסי סוגת 1 ק""ג",האי נאם סי או אל.טי.,IL,"אורז פרסי סוגת 1 ק""ג",פריט,1.00,"ק""ג",false,,9.90,9.9000,true,1,246109
7290000211503,false,סוכר לבן ארוז בשקית,"סוגת תעשיות בע""\מ",IL,"סוכר סוגת 1 ק""ג",פריט,1.00,"ק""ג",false,,4.90,4.9000,true,1,246110
7290000211985,false,"סוגת אורז עגול ריזוטו 1 ק""ג","סוגת תעשיות בע""\מ",IL,אורז ריזוטו עגול סוג,פריט,1.00,"ק""ג",false,,11.90,11.9000,true,1,246114
7290000226514,false,עוגת דובוש טעם ריבת חלב קפולסקי 450 גרם,תופינים מקבוצת קפולסקי,IL,עוגת דובוש ריבת חלב,גרמים,450.00,100 גרם,false,,38.90,8.6444,true,1,246159
7290000226552,false,קפולסקי עוגת טורט ריבת חלב+ קוקוס קפוא,קפולסקי שיווק וקמעונ,IL,עוגת טורט בטעם ריבת,פריט,1.00,"ק""ג",false,,63.90,63.9000,true,1,246161
7290000226569,false,"עוגת טורט קצפת שוקולד קפולסקי 1 ק""ג",תופינים מקבוצת קפולסקי,IL,עוגת טורט קצפת בטעם,פריט,1.00,"ק""ג",false,,63.90,63.9000,true,1,246162
7290000226576,false,"עוגת טורט מצופה שוקולד קפולסקי 1 ק""ג",תופינים מקבוצת קפולסקי,IL,עוגת טורט בטעם שוקול,פריט,1.00,"ק""ג",false,,63.90,63.9000,true,1,246163
7290000238029,false,"בצק עלים צרפתי מרודד מעדנות 1 ק""ג",מיוצר עי קונדיטוריית,IL,בצק עלים מרודד מעדנו,פריט,1.00,"ק""ג",false,,17.90,17.9000,true,1,246244
7290000238036,false,מלאווח בקופסא מעדנות 700 גרם,מיוצר עי קונדיטוריית,IL,מלוואח מעדנות 700 גר,גרמים,700.00,100 גרם,false,,12.90,1.8429,true,1,246245
7290000238173,false,בורקס גבינה מעדנות 800 גרם,מיוצר עי קונדיטוריית,IL,בורקס גבינה מעדנות 8,גרמים,800.00,100 גרם,false,,17.90,2.2375,true,1,246246
7290000238180,false,בורקס תפוחי אדמה מעדנות 800 גרם,מיוצר עי קונדיטוריית,IL,בורקס תפוא מעדנות 80,גרמים,800.00,100 גרם,false,,16.90,2.1125,true,1,246247
7290000245089,false,סוד סגול אלגנט 4 ל מרכך כביסה,"הנקל סוד בע""מ",IL,מרכך סוד סגול 4 ליטר,קילוגרמים,4.00,ליטר,false,,16.90,4.2250,true,1,246278
7290000245157,false,מרכך כביסה סנסיישין לבן 4 ל' סוד,"הנקל סוד בע""\מ",IL,מרכך סוד לבן 4 ליטר,קילוגרמים,4.00,ליטר,false,,16.90,4.2250,true,1,246279
7290000245782,false,סוד ורוד מסתורי 4 ל מרכך כביסה,"הנקל סוד בע""\מ",IL,מרכך סוד ורוד 4 ליטר,קילוגרמים,4.00,ליטר,false,,16.90,4.2250,true,1,246281
7290000245799,false,סוד כחול מרענן 4 ל מרכך כביסה,"הנקל סוד בע""\מ",IL,מרכך סוד כחול 4 ליטר,קילוגרמים,4.00,ליטר,false,,16.90,4.2250,true,1,246282
7290000253084,false,שוקולד ציפס חום לבן,אופנהיימר,IL,שוקולד ציפס חום לבן,גרמים,750.00,100 גרם,false,,19.90,2.6533,true,1,269233
7290000253107,false,צמקאו לבישול ואפיה א,אופנהיימר,IL,צמקאו לבישול ואפיה א,גרמים,900.00,100 גרם,false,,16.90,1.8778,true,1,268623
7290000253206,false,שוקולד ציפס אופנהיימ,אופנהיימר,IL,שוקולד ציפס אופנהיימ,גרמים,680.00,100 גרם,false,,19.90,2.9265,true,1,262606
7290000253251,false,שוקולד צ'יפס לבן אופנהיימר 250 גרם,אופנהיימר,IL,שוקולד ציפס לבן אופנ,גרמים,250.00,100 גרם,false,,9.90,3.9600,true,1,253181
7290000253329,false,צמקאו חום/לבן לבישול,אופנהיימר,IL,צמקאו חום/לבן לבישול,גרמים,900.00,100 גרם,false,,16.90,1.8778,true,1,269234
7290000253565,false,מזרה צבעוני ארוך אופ,אופנהיימר,IL,מזרה צבעוני ארוך אופ,גרמים,170.00,100 גרם,false,,6.90,4.0588,true,1,315156
7290000253589,false,מזרה חום ארוך אופנהי,אופנהיימר,IL,מזרה חום ארוך אופנהי,גרמים,200.00,100 גרם,false,,6.90,3.4500,true,1,313150
7290000253596,false,מזרה צבעוני עגול אופ,אופנהיימר,IL,מזרה צבעוני עגול אופ,גרמים,200.00,100 גרם,false,,6.90,3.4500,true,1,313151
7290000262161,false,נייר טואלט לב אדום 40 גלילים מולט,מולט / שמורת טבע,IL,נייר טואלט מולט 40 ג,מטרים,704.00,מטר,false,,34.50,0.0490,true,1,266358
7290000262413,false,חיתולי האגיס אקסטרה קייר מידה 5 34 יחידות,חוגלה קימברלי,IL,חיתולי האגיס אקסטרא,Unknown,0.00,יחידה,false,,54.90,0.0000,true,1,325204
7290000263359,false,חיתולים ליטל בייביז מידה 1 האגיס 40 יחידות,קימברלי קלארק שיווק,IL,חיתולי האגיס 40 יח ש,Unknown,0.00,יחידה,false,,28.90,0.0000,true,1,266372
7290000267425,false,שמן זית שקדיה כתית מעולה 750מל,שקדיה,IL,שמן זית כתית שקדיה 7,מיליליטרים,750.00,"100 מ""ל",false,,29.90,3.9867,true,1,285159
7290000272443,false,סירופ דיאט בטעם תפוזים עסיס 1 ליטר,בית-השיטה עסיס תעשיות מז,IL,סירופ עסיס תפוז דיאט,קילוגרמים,1.00,ליטר,false,,15.90,15.9000,true,1,246353
7290000272467,false,עסיס פטל דיאט סירופ 1 ליטר,בית-השיטה עסיס תעשיות מז,IL,סירופ עסיס פטל דיאט,קילוגרמים,1.00,ליטר,false,,15.90,15.9000,true,1,246354
7290000272696,false,עסיס מיץ לימון טבעי משומר 1 ל' אסם,בית-השיטה עסיס תעשיות מז,IL,מיץ לימון משומר עסיס,קילוגרמים,1.00,ליטר,false,,8.30,8.3000,true,1,246355
7290000272726,false,חומץ רכיבים רכיבים טבעיים 5% עסיס 1 ליטר,בית-השיטה עסיס תעשיות מז,IL,חומץ 5% עסיס 1 ליטר,קילוגרמים,1.00,ליטר,false,,5.90,5.9000,true,1,246356
7290000286228,false,ספוגיות לניקוי כללי סנו סושי 6 יחידות,סנו מפעלי ברונו בעמ,IL,ספוגיות סנו סושי 6 י,Unknown,0.00,יחידה,false,,9.90,0.0000,true,1,246395
7290000286297,false,"אנטי קאלק מסיר אבנית מקומקום סנו 700 מ""ל",סנו מפעלי ברונוס בעמ,IL,נוזל אנטי קאלק מסיר,מיליליטרים,700.00,"100 מ""ל",false,,9.90,1.4143,true,1,246396
7290000286488,false,ספוג כיף פיראט 1 יחידה,קוסמופארם,IL,ספוג כיף פיראט,Unknown,0.00,יחידה,false,,6.90,0.0000,true,1,246397
7290000286525,false,ספוג כיף רחצה פרינה 1 יח,קוסמופארם,IL,ספוג כיף רחצה פרינה,Unknown,0.00,יחידה,false,,9.90,0.0000,true,1,246399
7290000286549,false,מטליות לניקוי כללי סנו סושי 9 יחידות,נועם אורים תעשיות בע,IL,מטליות לניקוי כללי ס,Unknown,0.00,יחידה,false,,9.90,0.0000,true,1,246400
7290000286761,false,ניילון נצמד סנו סושי פלסטיק מארז 30X2 מ',מיוצר עי קונדיטוריית,CN,ניילון נצמד סנו סושי,מטרים,60.00,מטר,false,,9.90,0.1650,true,1,246404
7290000286921,false,"ספריי להסרת כתמים סנו קל 750 מ""ל",סנו מפעלי ברונוס בעמ,IL,תרסיס רסס כבס סנוקל,מיליליטרים,750.00,"100 מ""ל",false,,10.90,1.4533,true,1,249455
7290000287102,false,"ספריי שמפו לניקוי שטיחים סנו 600 מ""ל",מיוצר עי קונדיטוריית,IL,תרסיס סנו שטיחים איר,מיליליטרים,600.00,"100 מ""ל",false,,19.70,3.2833,true,1,246411
7290000287195,false,"סנו רהיט ספריי עשיר בווקס להברקה 305 מ""ל",מיוצר עי קונדיטוריית,IL,תרסיס סנו רהיט 305 מ,מיליליטרים,305.00,"100 מ""ל",false,,13.70,4.4918,true,1,246417
7290000287409,false,"שלישיית סנובון תות לאסלה ""סנו""",סנו מפעלי ברונוס בעמ,IL,סבון אסלה סנובון תות,גרמים,165.00,100 גרם,false,,10.70,6.4848,true,1,246419
7290000287430,false,סנובון צבעוני לאסלה בריח לימון שלישייה,סנו מפעלי ברונו בעמ,IL,סבון אסלה סנובון צבע,גרמים,165.00,100 גרם,false,,10.70,6.4848,true,1,246420
7290000287485,false,סנובון סבון אסלה בריח לובר סנו 3 יחידות,סנו מפעלי ברונו בעמ,IL,סבון אסלה סנובון לוב,גרמים,165.00,100 גרם,false,,10.70,6.4848,true,1,246421
7290000287492,false,"סנובון נוזל לניקוי אסלות בריח לימון סנו 750 מ""ל","סנו מפעלי ברונוס בע""מ",IL,סנובון נוזלי לימון 7,מיליליטרים,750.00,"100 מ""ל",false,,8.90,1.1867,true,1,263992
7290000288024,false,סנו - ז'אוול אקונומיקה בריח לימון 4 ליטר,"סנו מפעלי ברונוס בע""מ",IL,אקונומיקה סנו גאוול,קילוגרמים,4.00,ליטר,false,,16.90,4.2250,true,1,246428
7290000288048,false,סנו זאוול מרסס מונבלאן 1 ליטר,"סנו מפעלי ברונוס בע""מ",IL,תרסיס ניקוי סנו ז'או,קילוגרמים,1.00,ליטר,false,,16.90,16.9000,true,1,246430
7290000288086,false,אבקת ניקוי עם אקונומיקה בריח לימון סנו ז'אוול 600 ג',מיוצר עי קונדיטוריית,IL,אבקת ניקוי סנו גאוול,גרמים,600.00,100 גרם,false,,9.90,1.6500,true,1,246431
7290000288352,false,"קוטל חרקים וזוחלים K-300 סנו 630 מ""ל","סנו מפעלי ברונוס בע""מ",IL,"קוטל K300 סנו 630 מ""",מיליליטרים,630.00,"100 מ""ל",false,,19.90,3.1587,true,1,246435
7290000288383,false,"קוטל נמלים ותיקנים K-500 סנו 400 מ""ל",מיוצר עי קונדיטוריית,IL,קוטל K500 נמלים סנו,מיליליטרים,400.00,"100 מ""ל",false,,19.90,4.9750,true,1,246436
7290000288390,false,"קוטל זבובים ויתושים K-600 סנו 500 מ""ל","סנו מפעלי ברונוס בע""מ",IL,"קוטל K600 סנו 500 מ""",מיליליטרים,500.00,"100 מ""ל",false,,19.90,3.9800,true,1,246437
7290000288420,false,סנו די תרסיס דוחה יתושים,סנו מפעלי ברונוס בע',IL,"סנו די תרסיס 125 מ""ל",מיליליטרים,125.00,"100 מ""ל",false,,19.90,15.9200,true,1,246439
7290000288529,false,"משחת כלים סאן לימון 3.5 ק""ג",סנו,IL,משחת כלים סנוסאן ברי,פריט,3.50,"ק""ג",false,,19.90,5.6857,true,1,246441
7290000288642,false,מקסימה מרכך כביסה סנסיטיב בייבי סנו 4 ליטר,"סנו מפעלי ברונוס בע""\מ",IL,מרכך מקסימה סנסטיב 4,קילוגרמים,4.00,ליטר,false,,21.50,5.3750,true,1,246442
7290000289052,false,פוליויקס נוזל רצפות בניחוח סחלבים סנו 4 ליטר,סנו פוליויקס,IL,פוליויקס סחלבים 4 לי,קילוגרמים,4.00,ליטר,false,,34.90,8.7250,true,1,246444
7290000289069,false,סנו - ז'אוול מרסס קצף ניקוי בתוספת אקונומיקה בריח לימון 1 ליטר,"סנו מפעלי ברונוס בע""מ",IL,תרסיס ניקוי סנו גאוו,קילוגרמים,1.00,ליטר,false,,16.90,16.9000,true,1,246445
7290000289236,false,K3 נמלים פיתיון ג'ל - קוטל נמלים בבית ובחצר,"סנו מפעלי ברונוס בע""\מ",IL,ג'ל פיתיון נמלים K3,גרמים,10.00,100 גרם,false,,39.90,399.0000,true,1,311348
7290000289472,false,סנו סושי שקיות אשפה - 50 יחידות,מיוצר עי קונדיטוריית,IL,שקיות אשפה 76*90 סנו,Unknown,0.00,יחידה,false,,16.90,0.0000,true,1,246449
7290000289595,false,"אורביטול משחת שיניים לילדים בטעם תות שדה 145 מ""ל",טרופיקל דגיל תעשיות קוסמ,IL,משחת אורביטול ילדים,גרמים,145.00,100 גרם,false,,7.50,5.1724,true,1,246451
7290000291932,false,"סנובון נוזל לניקוי אסלה בניחוח לבנדר סנו 750 מ""ל","סנו מפעלי ברונוס בע""מ",IL,סנובון נוזלי לבנדר 7,מיליליטרים,750.00,"100 מ""ל",false,,8.90,1.1867,true,1,263994
7290000292007,false,K3 פיתיון ג'ל קוטל תיקנים (ג'וקים) בבית ובחצר,מיוצר עי קונדיטוריית,IL,גל פיתיון K3 סנו,גרמים,10.00,100 גרם,false,,39.90,399.0000,true,1,305501
7290000292137,false,"נוזל לניקוי וטיפול מוצרי עור סנו 500 מ""ל",מיוצר עי קונדיטוריית,IL,תחליב סנו לניקוי עור,מיליליטרים,500.00,"100 מ""ל",false,,29.90,5.9800,true,1,246484
7290000292564,false,סנו K-2000 תרסיס מיקרו קפסולרי ללא ריח 750 מ”ל,מיוצר עי קונדיטוריית,IL,קוטל K2000 ללא ריח ס,מיליליטרים,750.00,"100 מ""ל",false,,28.90,3.8533,true,1,246492
7290000292595,false,סופר פוליש מבריק רצפות 2לי,סנו,IL,סופר פוליש סנו 2 ליט,קילוגרמים,2.00,ליטר,false,,39.90,19.9500,true,1,246493
7290000292687,false,סנובון מוצק לניקוי אסלה קלאסיק כחול סנו 3 יחידות,מיוצר עי קונדיטוריית,IL,סנובון כחול 3 יח,גרמים,165.00,100 גרם,false,,14.90,9.0303,true,1,246494
7290000292915,false,"תרסיס לניקוי כללי רסס ונגב סנו 750 מ""ל","סנו מפעלי ברונוס בע""\מ",IL,תרסיס סנו רסס ונגב 7,מיליליטרים,750.00,"100 מ""ל",false,,10.90,1.4533,true,1,246496
7290000293073,false,מקסימה מרכך כביסה ביו לבן סנו 4 ליטר,"סנו מפעלי ברונוס בע""\מ",IL,מרכך מקסימה ביו 4 לי,קילוגרמים,4.00,ליטר,false,,21.50,5.3750,true,1,246497
7290000293943,false,"מרסס לבן מסיר אבנית 1 ליטר אנטי קאלק ""סנו""",מיוצר עי קונדיטוריית,IL,תרסיס אנטי קאלק מסיר,קילוגרמים,1.00,ליטר,false,,16.70,16.7000,true,1,246513
7290000294780,false,אקונומיקה סמיכה בריח לימון סנו ז'אוול 4 ליטר,"סנו מפעלי ברונוס בע""מ",IL,אקונומיקה סנו גאוול,קילוגרמים,4.00,ליטר,false,,16.90,4.2250,true,1,246530
7290000295503,false,זוג שקיות מזון טבע 19*25 סנו סושי 150 יחידות,"אשפלסט תעשיות בע""מ",CN,שקיות אוכל סנו סושי,Unknown,0.00,יחידה,false,,13.70,0.0000,true,1,246538
7290000295558,false,"רדיד אלומיניום רוחב 30 ס""מ סנו סושי 2 יח' 7.5 מטר",מולינו ניקולי s.p.a,TR,נייר אלומיניום סנו ס,מטרים,15.00,מטר,false,,9.90,0.6600,true,1,246540
7290000295565,false,"רדיד אלומיניום רוחב 45 ס""מ סנו 2 יח' 7.5 מטר",בורסה פאזרי,TR,נייר אלומניום סנו סו,מטרים,15.00,מטר,false,,14.90,0.9933,true,1,246541
7290000295749,false,ספוג סאקי מסאז' כיף 1 יחידה,גוד פוד פרודקטס S.p,IL,ספוג כיף סאקי מסאז,Unknown,0.00,יחידה,false,,9.90,0.0000,true,1,246544
7290000295824,false,"רדיד אלומיניום 30 ס""מ רוחב סנו סושי 100 מטר",מולינו ניקולי s.p.a,TR,נייר אלומיניום סנו ס,Unknown,0.00,יחידה,false,,45.90,0.0000,true,1,263598
7290000311098,false,ופל מן לימון 3*200 ג,רוקחמן,IL,ופל מן לימון 3*200 ג,גרמים,600.00,100 גרם,false,,12.90,2.1500,true,1,311723
7290000311128,false,מן עוגיות בטעם חמאה 300 גרם*נ.ל.פ,תות ממתקי איכות,IL,עוגיות בטעם חמאה מן,גרמים,300.00,100 גרם,false,,6.70,2.2333,true,1,246616
7290000311135,false,מן עוגיות סטיקס בטעם שוקולד 300 גרם*,"רוקחמן בע""מ",IL,עוגיות סטיקס שוקו מן,גרמים,300.00,100 גרם,false,,6.70,2.2333,true,1,246617
7290000311180,false,ופל ופליתעשיריות מן 250 גרם מארז 10 יחידות,"רוקחמן בע""מ",IL,ופלית מן 10 יח,גרמים,250.00,100 גרם,false,,6.90,2.7600,true,1,246618
7290000311258,false,מן וופל מצופה שוקולד 250 גרם,"רוקחמן בע""מ",IL,ופלים מצופים בטעם שו,גרמים,250.00,100 גרם,false,,6.70,2.6800,true,1,302728
7290000311326,false,ופל קפה מן 3*200 גרם,רוקחמן,IL,ופל קפה מן 3*200 גרם,גרמים,600.00,100 גרם,false,,12.90,2.1500,true,1,311724
7290000311357,false,מן וופלים בטעם אגוזים 10*28 גר-נ.ל.פ,"רוקחמן בע""מ",IL,ופל אגוזית מן 10 יח,גרמים,280.00,100 גרם,false,,9.90,3.5357,true,1,246619
7290000311364,false,מן וופלים שוקולד טייק 1 מן 10*21 גרם,מן עוגיות,IL,ופל שוקולד מן 10 יח,גרמים,210.00,100 גרם,false,,6.80,3.2381,true,1,270831
7290000311425,false,ופל מצופה עשיריות מן 220 גרם מארז 10 יחידות,תות ממתקי איכות,IL,ופל מצופה מן 10 יח,גרמים,220.00,100 גרם,false,,6.90,3.1364,true,1,246620
7290000311432,false,עוגיות גרנולה קינמון ללא תוספת סוכר 200ג,"רוקחמן בע""מ",IL,עוגיות גרנולה קינמון,גרמים,200.00,100 גרם,false,,8.70,4.3500,true,1,323600
7290000311463,false,מן עוגיות חיטה מלאה חמאה ללא סוכר 200 גרם,"רוקחמן בע""מ",IL,עוגיות חיטה בטעם חמא,גרמים,200.00,100 גרם,false,,8.70,4.3500,true,1,323601
7290000311470,false,מיני ופלים בטעם שוקולד ללא סוכר מן 200 גרם,"רוקחמן בע""מ",IL,מיני ופלים בטעם שוקו,גרמים,200.00,100 גרם,false,,8.70,4.3500,true,1,324665
7290000311487,false,מאגדת ופל מקמח מלא בטעם שוקולד ללא תוספת סוכר,"רוקחמן בע""מ",IL,ופל בטעם שוקולד קמח,גרמים,140.00,100 גרם,false,,6.90,4.9286,true,1,324662
7290000311500,false,מן וופלים בטעם שוקולד 500 ג-נ.ל.פ,"רוקחמן בע""מ",IL,ופל שוקולד מן 500 גר,גרמים,500.00,100 גרם,false,,8.90,1.7800,true,1,246621
7290000311517,false,מן וופלים בטעם לימון 500 גרם,מן עוגיות,IL,ופל לימון מן 500 גרם,גרמים,500.00,100 גרם,false,,8.90,1.7800,true,1,246622
7290000311708,false,מן עוגיות מחיטה מלאה 300 גרם*נ.ל.פ,תות ממתקי איכות,IL,עוגיות חיטה מלאה מן,גרמים,300.00,100 גרם,false,,6.70,2.2333,true,1,246623
7290000311715,false,מן עוגיות כוכבים בטעם שוקולד 300 גרם*נ.ל.פ,תות ממתקי איכות,IL,עוגיות כוכבים שוקולד,גרמים,300.00,100 גרם,false,,6.70,2.2333,true,1,246624
7290000311722,false,מן עוגיות כוכבים וניל 300 גרם,תות ממתקי איכות,IL,עוגיות כוכבים וניל מ,גרמים,300.00,100 גרם,false,,6.70,2.2333,true,1,246625
7290000311746,false,עוגיות מן בטעם קרמל 300 גר',"רוקחמן בע""מ",IL,עוגיות בטעם קרמל מן,גרמים,300.00,100 גרם,false,,6.70,2.2333,true,1,289588
7290000311753,false,עוגיות חיטה מלאה בטעם חלווה מן 250 גר',"רוקחמן בע""מ",IL,עוגיות חיטה מלאה בטע,גרמים,250.00,100 גרם,false,,6.70,2.6800,true,1,308932
7290000311845,false,מן עוגיות חיטה מלאה ללא תוספת סוכר 200 ג,"רוקחמן בע""מ",IL,עוגיות חיטה ללא סוכר,גרמים,200.00,100 גרם,false,,8.70,4.3500,true,1,289589
7290000311869,false,מן-וופלים בטעם שוק ללא תוספת סוכר 180ג,תות ממתקי איכות,IL,ופל ללא סוכר בטעם שו,גרמים,180.00,100 גרם,false,,7.90,4.3889,true,1,289591
7290000311876,false,מן-וופלים בטעם וניל ללא תוספת סוכר 180ג,"רוקחמן בע""מ",IL,ופל ללא סוכר בטעם ונ,גרמים,180.00,100 גרם,false,,7.90,4.3889,true,1,289590
7290000311883,false,מן עוגיות גרנולה ללא תוספת סוכר 200 גר,תות ממתקי איכות,IL,עוגיות גרנולה ללא סו,גרמים,200.00,100 גרם,false,,8.70,4.3500,true,1,282872
7290000311890,false,ופלים בטעם לימון ללא תוספת סוכר 180 גרם,"רוקחמן בע""מ",IL,ופל ללא סוכר בטעם לי,גרמים,180.00,100 גרם,false,,7.90,4.3889,true,1,313820
7290000311975,false,ופל מן 5 יח' X 200 גרם,רוקחמן,IL,ופל מן 5*200 גרם,פריט,1.00,"ק""ג",false,,19.70,19.7000,true,1,246631
7290000312767,false,מלך הבייגל בייגלה שטוח מלוח 200 גרם,מאיר בייגל,IL,בייגלה שטוחים מלוח מ,גרמים,200.00,100 גרם,false,,4.90,2.4500,true,1,263313
7290000312811,false,מלך הבייגלה שמיניות מלח 200גר',מאיר בייגל,IL,בייגלה שמיניות מלך ה,גרמים,200.00,100 גרם,false,,3.90,1.9500,true,1,325606
7290000312842,false,בייגלה שמיניות מלך ה,מאיר בייגל,IL,בייגלה שמיניות מלך ה,גרמים,300.00,100 גרם,false,,5.90,1.9667,true,1,316389
7290000312859,false,גריסיני קלאסי מלך הג,מאיר בייגל,IL,גריסיני קלאסי מלך הג,גרמים,180.00,100 גרם,false,,5.90,3.2778,true,1,316390
7290000312873,false,מלך הבייגל בייגלה שטוח שומשום 180 גרם,מאיר בייגל,IL,בייגלה שטוח שומשום מ,גרמים,180.00,100 גרם,false,,4.90,2.7222,true,1,323451
7290000312880,false,מלך הבייגל בייגלה שטוח כפרי 180 גרם,מאיר בייגל,IL,בייגלה שטוח כפרי מלך,גרמים,180.00,100 גרם,false,,4.90,2.7222,true,1,323452
7290000313290,false,נודלס אטריות מסולסלות הסדרה האסייתית,תאי פרזידנט פוד בנגק,TH,נודלס אטריות מסולסלו,גרמים,200.00,100 גרם,false,,8.90,4.4500,true,1,262482
7290000345215,false,תה כחול קלאסיק ויסוצקי 100 יחידות,מולינו ניקולי s.p.a,IL,תה ויסוצקי טעם מעודן,גרמים,100.00,100 גרם,false,,15.90,15.9000,true,1,246741
7290000345307,false,תה ארל גריי ויסוצקי 50 יחידות,תה ויסוצקי,IL,תה ארל גריי ויסוצקי,גרמים,75.00,100 גרם,false,,24.90,33.2000,true,1,246744
7290000345536,false,תה נענע ויסוצקי 25 יחידות,מולינו ניקולי s.p.a,IL,תה נענע 1.5 גרם 25 ש,גרמים,38.00,100 גרם,false,,16.50,43.4211,true,1,270975
7290000346205,false,חליטת קמומיל הגן הקסום ויסוצקי 25 יחידות,תה ויסוצקי,IL,תה קמומיל הגן קסום 1,גרמים,38.00,100 גרם,false,,16.90,44.4737,true,1,267507
7290000347738,false,תה ירוק נענע ויסוצקי 25 יחידות,תה ויסוצקי,IL,תה ירוק נענע 25 שקיק,גרמים,38.00,100 גרם,false,,21.90,57.6316,true,1,246757
7290000347752,false,תה ירוק לימונית ולואיזה 25 שקיקים *1.5 ג'' ויסוצקי,תה ויסוצקי,IL,תה ירוק לימון ולואיז,גרמים,38.00,100 גרם,false,,21.90,57.6316,true,1,246758
7290000363202,false,סלמי גליל מעושן נקניק מעושן חצי יבש 600 גרם,הנסיך- מפעל לייצור ט,IL,סלמי גליל מעושן טירת,גרמים,600.00,100 גרם,false,,24.90,4.1500,true,1,265284
7290000363363,false,קבנוס נקניק מעושן יבש 160 גרם,הנסיך- מפעל לייצור ט,IL,קבנוס מיוחד טירת צבי,גרמים,160.00,100 גרם,false,,12.90,8.0625,true,1,269592
7290000364285,false,דקניקים סלסולי פסטרמה הודו טירת צבי 120 גרם,הנסיך- מפעל לייצור ט,IL,סלסולי פסטרמה הודו ט,גרמים,120.00,100 גרם,false,,12.90,10.7500,true,1,255514
7290000364858,false,"נקניקיות עוף טרי טירת צבי 1 ק""ג",הנסיך- מפעל לייצור ט,IL,נקניקיות עוף טירת צב,פריט,1.00,"ק""ג",false,,22.90,22.9000,true,1,246803
7290000369037,false,סלט קוביות בולגרית גבינות ניצן 200 גרם,גבינות אמיר ניצן בעמ,IL,סלט קוביות בולגרית ב,גרמים,200.00,100 גרם,false,,12.90,6.4500,true,1,296277
7290000369617,false,מעדן כדורי פטה בשמן מתובל ניצן 230 גרם,גבינות אמיר ניצן בעמ,IL,כדורי פטה בשמן ניצן,גרמים,150.00,100 גרם,false,,16.90,11.2667,true,1,285166
7290000379258,false,"חלה מתוקה קונדטוריה ארוזה ""אנג'ל""",מאפיית שלמה א. אנג'\ל בע,IL,חלה קונדיטוריה אנגל,גרמים,500.00,100 גרם,false,,12.90,2.5800,true,1,303052
7290000379357,false,חלה קלה פרוסה אנגל 5,מאפיית שלמה א. אנג'\ל בע,IL,חלה קלה פרוסה אנגל 5,גרמים,500.00,100 גרם,false,,13.80,2.7600,true,1,303057
7290000408354,false,יוגורט עם אורז מצופה שוקולד קקאו 175 ג' דנונה,"שטראוס בריאות בע""\מ",IL,דנונה בר פצפוצים,מיליליטרים,175.00,"100 מ""ל",false,,4.50,2.5714,true,1,246936
7290000412481,false,נוזל לניקוי אסלות 00 סנו 1 ליטר,מיוצר עי קונדיטוריית,IL,מנקה אסלות 00 1 ליטר,קילוגרמים,1.00,ליטר,false,,7.50,7.5000,true,1,246965
7290000416632,false,קרם מובחר בטעם שוקולד פרווה השחר למהדרין,השחר העולה תעשית ממת,IL,ממרח בטעם שוקולד השח,פריט,1.00,"ק""ג",false,,22.90,22.9000,true,1,250417
7290000416861,false,"ממרח שוקולד חלבי השחר בד""צ 750 גרם",השחר העולה תעשית ממת,IL,ממרח בטעם שוקולד השח,גרמים,750.00,100 גרם,false,,19.90,2.6533,true,1,311921
7290000418131,false,תחבושות טופ פד מקופלת 18 יח',מוצרי נייר עמיר,IL,תחבושות טופ פד 18 יח,Unknown,0.00,יחידה,false,,4.90,0.0000,true,1,247036
7290000418155,false,תחבושות טופ-פד סופר-פלוס 16 יחידות,מוצרי נייר עמיר,IL,תחבושות טופ פד סופר,Unknown,0.00,יחידה,false,,4.90,0.0000,true,1,247037
7290000419220,false,מארז קפה לנדוור לבוקר 3 יח 100 גרם,קפה לנדוור,IL,מארז קפה טורקי לנדוו,גרמים,300.00,100 גרם,false,,18.90,6.3000,true,1,254446
7290000419374,false,שלישיית קפה טחון טורקי לנדוור 100 גרם,קפה לנדוור,IL,מארז קפה טורקי לנדוו,גרמים,300.00,100 גרם,false,,18.90,6.3000,true,1,254447
7290000432205,false,נר תמיד בכוס פאלאס 4,פאלאס תעשיות נטו (20,CN,נר תמיד בכוס פאלאס 4,Unknown,0.00,יחידה,false,,3.90,0.0000,true,1,288487
7290000432359,false,נר נשמה בכוס שבועי פ,פאלאס,CN,נר נשמה בכוס שבועי פ,Unknown,0.00,יחידה,false,,9.90,0.0000,true,1,288486
7290000436326,false,עוגיות שוקולד ציפס ב,ברמן שוקולד ועוגיות,IL,עוגיות שוקולד ציפס ב,פריט,1.00,"ק""ג",false,,19.90,19.9000,true,1,300901
7290000436340,false,עוגיות במילוי שוקולד,ברמן שוקולד ועוגיות,IL,עוגיות במילוי שוקולד,גרמים,900.00,100 גרם,false,,19.90,2.2111,true,1,300903
7290000436357,false,עוגיות ממולאות בטעם,ברמן שוקולד ועוגיות,IL,עוגיות ממולאות בטעם,פריט,1.00,"ק""ג",false,,19.90,19.9000,true,1,302537
7290000436371,false,עוגיות סהר בציפוי שו,ברמן שוקולד ועוגיות,IL,עוגיות סהר בציפוי שו,פריט,1.00,"ק""ג",false,,19.90,19.9000,true,1,302536
7290000442310,false,טפטפים בייביסקין משחה לטוסיק מבושם 100,"רצט שקיים בע""מ",IL,משחת החתלה לתינוק 10,גרמים,100.00,100 גרם,false,,10.90,10.9000,true,1,305677
7290000446325,false,תרכיז תפוחים בטר אנד דיפרנט 1.2 ליטר,בטר אנד דיפרנט,IL,תרכיז ב.ד תפוחים טבע,קילוגרמים,1.20,ליטר,false,,41.90,34.9167,true,1,249487
7290000446523,false,ממרח בוטנים מתוק בטר אנד דיפרנט 350 גרם,בטר אנד דיפרנט,IL,חמאת בוטנים מתוקה ב.,גרמים,350.00,100 גרם,false,,13.90,3.9714,true,1,247114
7290000446530,false,"ממרח בוטנים מתוק בטר אנד דיפרנט 1 ק""ג",בטר אנד דיפרנט,IL,חמאת בוטנים מתוקה ב.,פריט,1.00,"ק""ג",false,,26.90,26.9000,true,1,247115
7290000446547,false,חמאת בוטנים טבעית בטר אנד דיפרנט 350 גרם,"בטר אנד דיפרנט בע""מ",IL,חמאת בוטנים טבעית ב.,גרמים,350.00,100 גרם,false,,13.90,3.9714,true,1,247116
7290000446554,false,"חמאת בוטנים טבעית בטר אנד דיפרנט 1 ק""ג",בטר אנד דיפרנט B&D,IL,חמאת בוטנים טבעית ב.,פריט,1.00,"ק""ג",false,,26.90,26.9000,true,1,247117
7290000446721,false,מארז פריכיות אורז ב.,בטר אנד דיפרנט,IL,מארז פריכיות אורז ב.,גרמים,420.00,100 גרם,false,,14.90,3.5476,true,1,247120
7290000446776,false,פיצפוצי אורז מלא ללא סוכר ומלח בשקית 450 גרם,בטר אנד דיפרנט,IL,פצפוצי אורז ללא תוספ,גרמים,450.00,100 גרם,false,,18.90,4.2000,true,1,247121
7290000446936,false,ציפוי עדיף מפתיתי קורנפלקס טחון דק בטר אנד דיפרנט 300 גרם,בטר אנד דיפרנט,IL,פירורי קורנפלקס לציפ,גרמים,250.00,100 גרם,false,,9.90,3.9600,true,1,258142
7290000453019,false,שמרים טריים לאפייה שקית שמרית 50 ג',"פאקא תעשיות בע""\מ",IL,שמרים טריים שמרית 50,גרמים,50.00,100 גרם,false,,4.10,8.2000,true,1,247140
7290000453125,false,שמרים ומשפר אפיה ביתי שמרית 100ג',"פאקא תעשיות בע""\מ",IL,שמרים טריים+משפר אפי,גרמים,100.00,100 גרם,false,,7.20,7.2000,true,1,247141
7290000453385,false,שמרים יבשים פארא אינסטנט 500 גרם עלית,"פאקא תעשיות בע""מ",GB,שמרים יבשים פאקא 500,גרמים,500.00,100 גרם,false,,12.90,2.5800,true,1,254656
7290000453408,false,בצק פיצה דק מצונן ומוכן לאפייה שמרית 415 גרם,"פאקא תעשיות בע""מ",FR,בצק פיצה מוכן לאפיה,גרמים,415.00,100 גרם,false,,15.80,3.8072,true,1,313788
7290000453415,false,בצק עלים מצונן ומוכן לאפייה שמרית 300 גרם,"פאקא תעשיות בע""מ",FR,בצק עלים מוכן לאפיה,גרמים,300.00,100 גרם,false,,15.90,5.3000,true,1,313789
7290000453422,false,בצק פילו מצונן ומוכן לאפייה שמרית 300 גרם,"פאקא תעשיות בע""מ",GR,בצק פילו מוכן לאפיה,גרמים,300.00,100 גרם,false,,15.90,5.3000,true,1,313790
7290000453484,false,בצק שיערות קדאיף מצונן לשימוש מיידי,"פאקא תעשיות בע""מ",GR,בצק קדאיף שמרית 350,גרמים,350.00,100 גרם,false,,15.90,4.5429,true,1,322146
7290000453866,false,נטורינה תחליף מרגרינה לבישול ואפיה קוקוס שמרית 200 גרם,גרונבאנג- גרונדנסק א,DK,נטורינה תחליף מרגרינ,גרמים,200.00,100 גרם,false,,6.90,3.4500,true,1,308755
7290000453880,false,מרגרינה ללא מלח לאפיה ובישול שמרית 200גר,"פאקא תעשיות בע""מ",IL,מרגרינה ללא מלח שמרי,גרמים,200.00,100 גרם,false,,6.00,3.0000,true,1,291358
7290000462103,false,סחוג תימני אדום חריף עדין זהבי הכרם 150 גרם,קריניסה ויטמין אס אי,IL,סחוג תימני זהבי 150,גרמים,150.00,100 גרם,false,,6.90,4.6000,true,1,249588
7290000462141,false,סחוג אדום תימני מקורי חריף מאוד זהבי 150 גרם,קריניסה ויטמין אס אי,IL,סחוג תימני חריף זהבי,גרמים,150.00,100 גרם,false,,6.90,4.6000,true,1,249589
7290000462172,false,סחוג תימני ירוק חריף זהבי הכרם 150 גרם,קריניסה ויטמין אס אי,IL,סחוג ירוק זהבי 150 ג,גרמים,140.00,100 גרם,false,,6.90,4.9286,true,1,249590
7290000467153,false,מלך החומוס סמיר הגדול 400 גרם צבר,סלטי צבר,IL,חומוס עם המון טחינה,גרמים,400.00,100 גרם,false,,13.90,3.4750,true,1,264540
7290000469638,false,"ספריי לגיהוץ קל מריטו 500 מ""ל",בולטון מניטובה,IT,ספריי לגיהוץ מריטו 5,מיליליטרים,500.00,"100 מ""ל",false,,19.90,3.9800,true,1,254850
7290000474502,false,גבינה לבנה טרה 5% מרכיבים טבעיים,הפריט בפיקוח,IL,גבינה 5% טרה 250 גרם,גרמים,250.00,100 גרם,false,,4.90,1.9600,true,1,249751
7290000474540,false,טוב טעם גבינה לבנה 3% טרה 250 גרם,קריות זול,IL,גבינה 3% טוב טעם 250,גרמים,250.00,100 גרם,false,,10.20,4.0800,true,1,247229
7290000474830,false,נעם גבינה צהובה מגורדת 28% טרה 500 גרם,מילקו תעשיות בעמ,IL,גבינה מגורדת 28% טרה,גרמים,500.00,100 גרם,false,,27.90,5.5800,true,1,247230
7290000480107,false,קוואקר שיבולת שועל פחית 500 גרם,וולקרס סנקס לימיטד,GB,שיבולת שועל קוואקר 5,גרמים,500.00,100 גרם,false,,10.90,2.1800,true,1,264672
7290000484747,false,"ארק איילות 40% 700 מ""ל",יקב הגליל יוסף גולד ובניו,IL,"עלית הארק 40% 700 מ""",מיליליטרים,700.00,"100 מ""ל",false,,49.90,7.1286,true,1,291872
7290000490601,false,גלידל וניל פלדמן מארז שמינייה,הגלידות של פלדמן,IL,מאגדת גלידל שלגון ב,גרמים,400.00,100 גרם,false,,28.90,7.2250,true,1,324545
7290000490762,false,גלידל שוקו פלדמן מארז שמינייה,הגלידות של פלדמן,IL,מאגדת גלידל שלגון בט,גרמים,400.00,100 גרם,false,,28.90,7.2250,true,1,324546
7290000493176,false,אסם אבקת רוטב צלי לבשר 22 ג',"אסם השקעות בע""\מ",IL,אבקה להכנת רוטב צלי,גרמים,22.00,100 גרם,false,,3.60,16.3636,true,1,247262
7290000493183,false,אבקת רוטב פטריות לבשר-30 גרם,"אסם השקעות בע""\מ",IL,אבקת רוטב פטריות אסם,גרמים,30.00,100 גרם,false,,3.50,11.6667,true,1,247263
7290000494760,false,קפה טורקי כתר בוואקו,רוני רג'ואן,IL,קפה טורקי בוואקום כת,פריט,1.00,"ק""ג",false,,39.90,39.9000,true,1,274573
7290000497044,false,"לחם אקטיב 750 גרם ""ברמן""",מאפית י את א ברמן בע,IL,לחם אקטיב ברמן 750 ג,גרמים,750.00,100 גרם,false,,15.50,2.0667,true,1,266278
7290000497198,false,מארז פיתות עשירייה אסלי,מאפית י את א ברמן בע,IL,פיתות ברמן 10 יח,פריט,1.00,"ק""ג",false,,11.90,11.9000,true,1,249995
7290000497228,false,לחמניה רגילה בשקית ברמן 6יח',מאפית י את א ברמן בע,IL,לחמניות אצבע ברמן 6,גרמים,450.00,100 גרם,false,,9.90,2.2000,true,1,247274
7290000497273,false,לחמניות ברמן אקטיב 6יח 450גר,מאפית י את א ברמן בע,IL,לחמניות קמח מלא אקטי,גרמים,450.00,100 גרם,false,,13.90,3.0889,true,1,292885
7290000497303,false,"שישיית לחמניות מקמח מלא ""ברמן""",מאפית י את א ברמן בע,IL,לחמניות קמח מלא ברמן,גרמים,450.00,100 גרם,false,,12.90,2.8667,true,1,247275
7290000497426,false,לחם ברמן לענין פלוס 500 גרם,מאפית י את א ברמן בע,IL,לחם לעניין פלוס ברמן,גרמים,500.00,100 גרם,false,,13.90,2.7800,true,1,249998
7290000497532,false,"לחם מקמח מלא""לעניין"" 750 גר'",מאפית י את א ברמן בע,IL,לחם קמח מלא לעניין ב,גרמים,750.00,100 גרם,false,,12.90,1.7200,true,1,247277
7290000497570,false,לחם דגנים פלוס ברמן 500 גרם,מאפית י את א ברמן בע,IL,לחם דגנים פלוס ברמן,גרמים,500.00,100 גרם,false,,13.90,2.7800,true,1,249999
7290000498003,false,לחם מקמח חיטה מלא 750 גר,מאפית י את א ברמן בע,IL,לחם קמח מלא E-FREE ב,גרמים,750.00,100 גרם,false,,14.90,1.9867,true,1,300786
7290000498034,false,E-FREEלחם מקמח כוסמין מלא 750 גר',מאפית י את א ברמן בע,IL,לחם קמח מלא כוסמין E,גרמים,750.00,100 גרם,false,,14.90,1.9867,true,1,308090
7290000504049,false,סוכרזית קלאסי קנקן 1200 טבליות,אף.סי תבליני בגליל ב,IL,ממתיק קלאסי סוכרזית,גרמים,98.00,100 גרם,false,,17.90,18.2653,true,1,247308
7290000504209,false,"סוכרזית דיאט טיפ נוזלי 220 מ""ל",אף.סי תבליני בגליל ב,IL,ממתיק נוזלי קלאסי סו,מיליליטרים,220.00,"100 מ""ל",false,,14.80,6.7273,true,1,247309
7290000504278,false,ממתיק סוכרזית אריזת פטנט 700 טבליות,אף.סי תבליני בגליל ב,IL,ממתיק קלאסי סוכרזית,Unknown,0.00,יחידה,false,,13.90,0.0000,true,1,247310
7290000521008,false,יין אדום יבש של סגל750מל,"כרמי צבי - אחים סגל בע""\",IL,יין סגל אדום יבש,מיליליטרים,750.00,"100 מ""ל",false,,21.50,2.8667,true,1,247332
7290000521404,false,"יין מרום גליל קברנה סוביניון סינגל 750 מ""ל",כרמי צבי אחים סגל בע,IL,יין סגל מרום גליל קב,מיליליטרים,750.00,"100 מ""ל",false,,28.90,3.8533,true,1,260683
7290000523224,false,מלח הארץ הים האדום 500 ג' עדין,"חברת מלח הארץ אילת בע""\מ",IL,מלח עדין הים האדום 5,גרמים,500.00,100 גרם,false,,7.90,1.5800,true,1,247336
7290000523804,false,"מלח עדין צנצנת 1 ק""ג מלח הארץ","חברת מלח הארץ אילת בע""\מ",IL,"מלח עדין 1 ק""ג בצנצנ",פריט,1.00,"ק""ג",false,,6.90,6.9000,true,1,260774
7290000523811,false,"צנצנת מלח גס 1 ק""ג מלח הארץ","חברת מלח הארץ אילת בע""\מ",IL,"מלח גס 1 ק""ג בצנצנת",פריט,1.00,"ק""ג",false,,6.90,6.9000,true,1,260775
7290000530086,false,נקניק סלמי מעושן זוגלובק 600 גרם,נקניק נהריה כשר זוגל,IL,סלמי מעושן 7000 זוגל,גרמים,600.00,100 גרם,false,,24.90,4.1500,true,1,265165
7290000530109,false,קבנוס זוגי בואקום זוגלובק 180ג',נקניק נהריה כשר זוגל,IL,זוג קבנוס זוגלובק 2*,Unknown,0.00,יחידה,false,,24.90,0.0000,true,1,251727
7290000530116,false,נקניק סלמי מעושן בשן 470 ג' זוגלובק,נקניק נהריה כשר זוגל,IL,סלמי בשן זוגלובק 470,גרמים,470.00,100 גרם,false,,19.90,4.2340,true,1,265166
7290000530468,false,"נקניקיות וינר זוגלובק 1 ק""ג",זוגלובק,IL,נקניקיות וינר זוגלוב,פריט,1.00,"ק""ג",false,,23.90,23.9000,true,1,263920
7290000531977,false,בורקס גבינה זוגלובק 800 גרם,נקניק נהריה כשר זוגל,IL,בורקס גבינה זוגלובק,גרמים,800.00,100 גרם,false,,13.90,1.7375,true,1,251996
7290000533353,false,"בצק עלים צרפתי 1 ק""ג זוגלובק",נקניק נהריה כשר זוגל,IL,בצק עלים זוגלובק 1 ק,פריט,1.00,"ק""ג",false,,13.50,13.5000,true,1,247354
7290000536316,false,"שניצל מן הצומח זוגלובק 1 ק""ג",נקניק נהריה כשר זוגל,IL,שניצל מן הצומח זוגלו,פריט,1.00,"ק""ג",false,,23.90,23.9000,true,1,247356
7290000536743,false,שניצלונים קריספי ט. תירס 500 גר' זוגלובק,נקניק נהריה כשר זוגל,IL,קריספי סטיקס טבעי זו,גרמים,500.00,100 גרם,false,,14.90,2.9800,true,1,266570
7290000536774,false,"נקניקיות מן הצומח זוגלובק 1ק""ג בד""צ",זוגלובק טבע,IL,נקניקיות מן הצומח זו,פריט,1.00,"ק""ג",false,,23.90,23.9000,true,1,247358
7290000536781,false,"קבב צמחי זוגלובק 1 ק""ג",זוגלובק,IL,קבב מן הצומח זוגלובק,פריט,1.00,"ק""ג",false,,26.90,26.9000,true,1,247359
7290000537603,false,"נקניקיות עוף זוגלובק 1 ק""ג",זוגלובק,IL,נקניקיות עוף זוגלובק,פריט,1.00,"ק""ג",false,,23.90,23.9000,true,1,251728
7290000551654,false,בשר מס 3 חזה בקר צרכ,,,בשר מס 3 חזה בקר צרכ,קילוגרמים,1.00,"ק""ג",true,,29.90,29.9000,true,1,249829
7290000551678,false,בשר מס 8 שריר צרכני,קונספסיון פניסקור,,בשר מס 8 שריר צרכני,קילוגרמים,1.00,"ק""ג",true,,24.90,24.9000,true,1,247507
7290000554402,false,מעדן חלב מלבי 5% גד 170 גרם,"מיוצר ע""\י קוד יצרן EDNK",IL,מלבי גד 160 גרם,מיליליטרים,160.00,"100 מ""ל",false,,5.90,3.6875,true,1,247510
7290000554471,false,נקניק מוצרלה 22 אחוז 180גרם גד מהדרין,"מחלבות גד בע""\מ",IL,גבינת מוצרלה 22% גד,גרמים,180.00,100 גרם,false,,16.90,9.3889,true,1,247512
7290000554600,false,מוצרלה מגורדת 22 אחוז 300גרם גד מהדרין,מחלבות גד בעמ,IL,גבינת מוצרלה מגורדת,גרמים,300.00,100 גרם,false,,25.90,8.6333,true,1,247513
7290000554624,false,מעדן חלב ירח מתוק עם אורז 3% גד 150 גרם,"מיוצר ע""\י קוד יצרן EDNK",IL,מעדן ירח מתוק 3% גד,מיליליטרים,150.00,"100 מ""ל",false,,5.50,3.6667,true,1,247514
7290000554822,false,ריקוטה גבינה לבנה בסגנון איטלקי 5% גד 250 גרם,מחלבות גד בעמ,IL,גבינת ריקוטה 5% גד 2,גרמים,250.00,100 גרם,false,,13.90,5.5600,true,1,247516
7290000554839,false,מסקרפונה שמנת מתוקה קשה בסגנון איטלקי 40% גד 250 גרם,מחלבות גד בעמ,IL,גבינת מסקרפונה 40% ג,גרמים,250.00,100 גרם,false,,21.90,8.7600,true,1,247517
7290000571812,false,גבינת פרמז'ן מגורד 200 גרם,גבינות משק אחים מאיר,IL,גבינה פרמזן מגורדת ה,גרמים,200.00,100 גרם,false,,21.90,10.9500,true,1,264131
7290000572055,false,אחוה חלוה ללא סוכר עם סיבים ואגוזים 400 גרם,אחדות ביחר לטחינה חל,IL,חלוה אגוזים ללא סוכר,גרמים,400.00,100 גרם,false,,14.90,3.7250,true,1,247575
7290000572086,false,טחינה אורגנית אחדות 500 גרם,אחדות ביחר לטחינה חל,IL,טחינה אורגנית אחוה 5,גרמים,500.00,100 גרם,false,,10.90,2.1800,true,1,247576
7290000572215,false,חלבה וניל מצופה אחווה 80ג',אחדות ביחר לטחינה חל,IL,חטיף חלוה מצופה אחוה,גרמים,80.00,100 גרם,false,,2.90,3.6250,true,1,252662
7290000572222,false,חלווה בלוק וניל אחוה 500 גרם,שוורצקוף& הנקל דיסלד,IL,חלוה בטעם וניל אחוה,גרמים,500.00,100 גרם,false,,9.80,1.9600,true,1,247577
7290000572536,false,אחווה חלווה ווניל במגש 400 גר,אחדות ביחר לטחינה חל,IL,חלוה וניל אחוה 400 ג,גרמים,400.00,100 גרם,false,,9.80,2.4500,true,1,247579
7290000572543,false,חלוה בטעם שוקו וניל אחווה 400 גרם,אחדות ביחר לטחינה חל,IL,חלוה שוקו וניל אחוה,גרמים,400.00,100 גרם,false,,9.80,2.4500,true,1,247580
7290000572628,false,חטיפי חלווה ללא סוכר בקופסא 250 גרם,שוורצקוף& הנקל דיסלד,IL,חטיפי חלוה ללא תוספת,גרמים,275.00,100 גרם,false,,11.90,4.3273,true,1,247582
7290000572673,false,מארז חלווה אחוה 12 יחידות 300 גרם,שוורצקוף& הנקל דיסלד,IL,חטיפי חלוה בטעמים אח,גרמים,300.00,100 גרם,false,,11.90,3.9667,true,1,248981
7290000572819,false,"טחינה גולמית אחווה 1 ק""ג",אחדות ביחר לטחינה חל,IL,"טחינה אחוה 1 ק""ג",פריט,1.00,"ק""ג",false,,18.90,18.9000,true,1,247585
7290000598918,false,עוגיות בטעם חמאה יהו,מצות יהודה,IL,עוגיות בטעם חמאה יהו,פריט,1.50,"ק""ג",false,,24.90,16.6000,true,1,247612
7290000630076,false,עוף קפוא מס' 2 עטרה מחיר,עטרה,IL,עוף מס 2 קפוא עטרה,קילוגרמים,1.00,"ק""ג",true,,21.90,21.9000,true,1,247676
7290000631295,false,לבבות עוף טרי עטרה לקג,שונות,IL,לבבות עוף טרי עטרה,קילוגרמים,1.00,"ק""ג",true,,12.90,12.9000,true,1,247689
7290000632209,false,חזה עוף קפוא עטרה מחיר ל,שונות,IL,חזה עוף קפוא עטרה,קילוגרמים,1.00,"ק""ג",true,,29.90,29.9000,true,1,247692
7290000632391,false,כרעיים עוף קפוא עטרה מחי,שונות,IL,כרעיים עוף קפוא עטרה,קילוגרמים,1.00,"ק""ג",true,,29.90,29.9000,true,1,247693
7290000632599,false,ירכיים פטם קפוא עטרה מחי,שונות,IL,ירכיים עוף קפוא עטרה,קילוגרמים,1.00,"ק""ג",true,,29.90,29.9000,true,1,247694
7290000632698,false,שוקיים עוף קפוא עטרה מחי,שונות,IL,שוקיים עוף קפוא עטרה,קילוגרמים,1.00,"ק""ג",true,,29.90,29.9000,true,1,247695
7290000633800,false,כנפיים עוף קפוא עטרה מחי,שונות,IL,כנפיים עוף קפוא עטרה,קילוגרמים,1.00,"ק""ג",true,,11.90,11.9000,true,1,247698
7290000688381,false,שישיית מי עדן פקק ספורט 0.5 ליטר,"מופק ממקור בזלתי עדן ,1",IL,"מים מי עדן 6*500 מ""ל",קילוגרמים,3.00,ליטר,false,,12.90,4.3000,true,1,247866
7290000688503,false,"מים מינרלים פקק ספורט מי עדן 6*750 מ""ל","מופק ממקור בזלתי עדן ,1",IL,מים מי עדן ספורט 6*7,קילוגרמים,4.50,ליטר,false,,14.90,3.3111,true,1,259374
7290000692135,false,ספיד סטיק דאו בסיסי ירוק א.פ פרש פאוור,קולגייט-פלמוליב,TR,דאו ספיד סטיק פאואר,Unknown,0.00,יחידה,false,,18.90,0.0000,true,1,259789
7290000692203,false,נוזל לניקוי כללי ורצפות בניחוח לימון אג'קס 2 ליטר,הנסיך- מפעל לייצור ט,GR,נוזל אג'קס לימון 2 ל,קילוגרמים,2.00,ליטר,false,,19.90,9.9500,true,1,254846
7290000692210,false,נוזל לניקוי כללי ורצפות בניחוח לבנדר אג'קס 2 ליטר,הנסיך- מפעל לייצור ט,GR,נוזל אג'קס לבנדר 2 ל,קילוגרמים,2.00,ליטר,false,,19.90,9.9500,true,1,254844
7290000692937,false,"קולגייט משחת שיניים אדומה, זוג* 100 מ""ל",קולגייט-פלמוליב,PL,משחת קולגייט מקסימום,גרמים,200.00,100 גרם,false,,15.90,7.9500,true,1,256829
7290000694108,false,חטיף פיקנטי דבאייל ח,חטיפי יעקובי,IL,מקלוני חומוס דאבייל,גרמים,230.00,100 גרם,false,,11.90,5.1739,true,1,253124
7290000803180,false,"מרידול - מי פה שטיפה דנטלית 400 מ""ל",קולגייט פלמוליב,CH,"מי פה מרידול 400 מ""ל",מיליליטרים,400.00,"100 מ""ל",false,,24.90,6.2250,true,1,248504
7290000901022,false,פקדון בקבוק/ פחית,,,פקדון בקבוק/ פחית,Unknown,0.00,יחידה,false,,0.30,0.0000,true,1,248786
7290000901046,false,מיחזור אריזה זכוכית,,,מיחזור אריזה,Unknown,0.00,יחידה,false,,0.30,0.0000,true,1,246249
7290000901091,false,מיחזור אריזה פלסטיק,,,מיחזור אריזה פלסטיק,Unknown,0.00,יחידה,false,,1.80,0.0000,true,1,247867
7290000901107,false,מיחזור אריזה זכוכית,,,מיחזור אריזה זכוכית,Unknown,0.00,יחידה,false,,1.80,0.0000,true,1,245873
7290000901114,false,מיחזור אריזה פחית שי,,,מיחזור אריזה פחית שי,Unknown,0.00,יחידה,false,,1.80,0.0000,true,1,248791
7290000901121,false,צלעות טרי בלי עצם עט,,,צלעות טרי בלי עצם עט,קילוגרמים,1.00,"ק""ג",true,,69.90,69.9000,true,1,249866
7290000901152,false,צלעות כבש טרי עטרה,,,צלעות כבש טרי עטרה,קילוגרמים,1.00,"ק""ג",true,,199.90,199.9000,true,1,250360
7290000902203,false,בשר עגל טחון טרי עטר,,,בשר עגל טחון טרי עטר,קילוגרמים,1.00,"ק""ג",true,,29.90,29.9000,true,1,250981
7290000902241,false,אנטריקוט עגל טרי עטר,,,אנטריקוט עגל טרי עטר,קילוגרמים,1.00,"ק""ג",true,,129.90,129.9000,true,1,250985
7290000902258,false,צלי כתף עגל טרי עטרה,,,צלי כתף עגל טרי עטרה,קילוגרמים,1.00,"ק""ג",true,,99.90,99.9000,true,1,250986
7290000902265,false,פילה מדומה עגל טרי ע,,,פילה מדומה עגל טרי ע,קילוגרמים,1.00,"ק""ג",true,,79.90,79.9000,true,1,250987
7290000902272,false,כתף עגל טרי עטרה,,,כתף עגל טרי עטרה,קילוגרמים,1.00,"ק""ג",true,,69.90,69.9000,true,1,250988
7290000902289,false,אוסובוקו עגל טרי עטר,,,אוסובוקו עגל טרי עטר,קילוגרמים,1.00,"ק""ג",true,,69.90,69.9000,true,1,250989
7290000902357,false,קופון נייר מגבת ניקו,,,אסאדו עם עצם טרי עטר,קילוגרמים,1.00,"ק""ג",true,,69.90,69.9000,true,1,250996
7290000902616,false,מיחזור אריזה 4 יח,,,מיחזור אריזה 4 יח,Unknown,0.00,יחידה,false,,1.20,0.0000,true,1,251384
7290000904900,false,מגבת נייר קירקלנד 1,,,מגבת נייר קירקלנד 1,מטרים,24.78,מטר,false,,9.90,0.3995,true,1,260146
7290000909387,false,ניוקי תפוח אדמה 1 קג,סיאם אלימינטרי,IT,"ניוקי דרומי 1 ק""ג",פריט,1.00,"ק""ג",false,,9.90,9.9000,true,1,290960
7290000961804,false,תבלין עמבה,ברכת קטיף,IL,דלעת,Unknown,0.00,יחידה,false,,8.90,0.0000,true,1,267671
7290000976433,false,קשיו קלוי תפזורת,"דין שיווק וקלייה בע""",VN,קשיו טבעי במשקל,קילוגרמים,1.00,"ק""ג",true,,85.00,85.0000,true,1,308215
7290000976471,false,גרעיני דלעת קלופים ת,"דין שיווק וקלייה בע""",IL,גרעין דלעת מקולפת במ,קילוגרמים,1.00,"ק""ג",true,,55.00,55.0000,true,1,249419
7290000976785,false,קשיו מסוכר במשקל,"דין שיווק וקלייה בע""",IL,קשיו מסוכר במשקל,קילוגרמים,1.00,"ק""ג",true,,85.00,85.0000,true,1,294667
7290000976846,false,פיסטוק חלבי קלוף תפז,"דין שיווק וקלייה בע""",TR,פיסטוק מקולף,קילוגרמים,1.00,"ק""ג",true,,150.00,150.0000,true,1,251261
7290000977102,false,תערובת פיצוחים מיוחד,דין שיווק,TR,תערובת פיצוחים במשקל,קילוגרמים,1.00,"ק""ג",true,,85.00,85.0000,true,1,250104
7290000977713,false,אגוז קליפה טבעי במשק,דין שיווק,IL,אגוז קליפה טבעי במשק,קילוגרמים,1.00,"ק""ג",true,,29.00,29.0000,true,1,249241
7290000977881,false,"תפו""ע במשקל",דין שיווק,CN,"תפו""ע במשקל",קילוגרמים,1.00,"ק""ג",true,,45.00,45.0000,true,1,250092
7290000978307,false,חמוציות ללא סוכר במש,דין שיווק,US,חמוציות ללא סוכר במש,קילוגרמים,1.00,"ק""ג",true,,69.00,69.0000,true,1,249484
7290000978574,false,פרלינים במשקל,דין שיווק,IL,פרלינים במשקל,קילוגרמים,1.00,"ק""ג",true,,75.00,75.0000,true,1,249479
7290000978703,false,סוכריות קשות במשקל,,GB,סוכריות קשות במשקל,קילוגרמים,1.00,"ק""ג",true,,36.00,36.0000,true,1,249380
7290000978789,false,תבלינים קבוצה 1 במשק,נפטון,IL,תבלינים קבוצה 1 במשק,קילוגרמים,1.00,"ק""ג",true,,40.00,40.0000,true,1,249354
7290000978864,false,תבלינים קבוצה 5 שקיל,"דין שיווק וקלייה בע""",CN,תבלינים קבוצה 5,קילוגרמים,1.00,"ק""ג",true,,200.00,200.0000,true,1,249357
7290000979427,false,עגבניות שרי כתום לבבות,אראל תוצרת חקלאית בע,IL,עגבניות שרי צהוב 460,גרמים,460.00,100 גרם,false,,9.90,2.1522,true,1,312027
7290000989778,false,חמוציות מיובשות בתפז,"דין שיווק וקלייה בע""",US,חמוציות במשקל,קילוגרמים,1.00,"ק""ג",true,,30.00,30.0000,true,1,249481
7290000992730,false,עגבניות שרי מיקס טרי,אראל תוצרת חקלאית בע,IL,עגבניות שרי מיקס טרי,גרמים,460.00,100 גרם,false,,9.90,2.1522,true,1,325790
7290000993461,false,שרי צהוב לבבות ארוז,אראל תוצרת חקלאית בע,IL,עגבניות שרי צהוב 460,גרמים,460.00,100 גרם,false,,9.90,2.1522,true,1,309053
7290000993560,false,עגבניות שרי שוקו \מנומר 500ג' ארוז,אראל תוצרת חקלאית בע,IL,עגבניות שרי שוקו 460,גרמים,460.00,100 גרם,false,,9.90,2.1522,true,1,309740
7290001022153,false,חמאה יורו וילי פוד ב,דותן,IL,חמאה יורו וילי פוד ב,קילוגרמים,1.00,"ק""ג",true,,49.00,49.0000,true,1,324065
7290001041017,false,חוואיג' תימני בצנצנת מיה 50 גרם,מיה תעשיות מזון מ.ת.מ. ב,IL,חוואיג תימני מיה 50,גרמים,50.00,100 גרם,false,,5.80,11.6000,true,1,245649
7290001041482,false,זנגויל בצנצנת מיה 50 גרם,מיה תעשיות מזון מ.ת.מ. ב,IL,זנגוויל מיה 50 גרם,גרמים,50.00,100 גרם,false,,5.80,11.6000,true,1,245659
7290001041888,false,פפריקה מתוקה בצנצנת מיה 300 גרם,מיה תעשיות מזון מ.ת.מ. ב,IL,פפריקה מתוקה מיה 300,גרמים,300.00,100 גרם,false,,14.90,4.9667,true,1,245663
7290001041895,false,פלפל שחור בצנצנת מיה 300 גרם,מיה תעשיות מזון מ.ת.מ. ב,IL,פלפל שחור מיה 300 גר,גרמים,300.00,100 גרם,false,,27.90,9.3000,true,1,245664
7290001072882,false,"שמפו לסירוק קל נובו 700 מ""ל",סאסאטק,IL,שמפו לסירוק קל נובו,מיליליטרים,700.00,"100 מ""ל",false,,5.90,0.8429,true,1,324666
7290001072899,false,"נובו מרכך לסירוק קל 700 מ""ל",סאסאטק,IL,מרכך לסירוק קל נובו,מיליליטרים,700.00,"100 מ""ל",false,,5.90,0.8429,true,1,324667
7290001123010,false,בשר מס 2 צלעות קפוא,עטרה,IL,בשר מס 2 צלעות קפוא,קילוגרמים,1.00,"ק""ג",true,,29.90,29.9000,true,1,245704
7290001123041,false,צלי כתף 5 חלק קפוא קג,שונות,XX,בשר מס 5 צלי כתף קפו,קילוגרמים,1.00,"ק""ג",true,,54.90,54.9000,true,1,245705
7290001123058,false,פילה מדומה מס6' חלק קפוא,פניסקור בארת,IL,בשר מס 6 פילה מדומה,קילוגרמים,1.00,"ק""ג",true,,34.90,34.9000,true,1,245706
7290001123065,false,בשר מס 7 מכסה הצלע ק,קונספסיון פניסקור פר,,בשר מס 7 מכסה הצלע ק,קילוגרמים,1.00,"ק""ג",true,,24.90,24.9000,true,1,249832
7290001134146,false,שישליק הודו טרי ארוז,,,שישליק הודו טרי ארוז,קילוגרמים,1.00,"ק""ג",true,,29.90,29.9000,true,1,303515
7290001134153,false,גרונות הודו קפוא כשר,יסכה,IL,גרונות הודו קפוא כשר,קילוגרמים,1.00,"ק""ג",true,,19.90,19.9000,true,1,308428
7290001136287,false,"שמפו לשיער רגיל בבושם פרחים נקה 7 750 מ""ל","אמיליה קוסמטיקס בע""מ",IL,שמפו נקה 7 לשיער רגי,מיליליטרים,750.00,"100 מ""ל",false,,8.70,1.1600,true,1,245714
7290001136294,false,"שמפו לשיער יבש בבישום פרחים נקה 7 750 מ""ל","אמיליה קוסמטיקס בע""מ",IL,שמפו נקה 7 לשיער יבש,מיליליטרים,700.00,"100 מ""ל",false,,8.70,1.2429,true,1,245715
7290001136362,false,נקה 7 תחליב רחצה אלוורה ארומה ירוק 1 ל',מיוצר בסין.יבוא ושיו,IL,תחליב נקה 7 אלוורה ו,קילוגרמים,1.00,ליטר,false,,12.70,12.7000,true,1,245717
7290001136683,false,"מרכך לשיער רגיל בבושם פרחים נקה 7 750 מ""ל","אמיליה קוסמטיקס בע""מ",IL,מרכך נקה 7 לשיער רגי,מיליליטרים,750.00,"100 מ""ל",false,,8.70,1.1600,true,1,245719
7290001136799,false,נקה 7 תחליב רחצה ארומה ורוד יסמין 1 ל',מיוצר בסין.יבוא ושיו,IL,תחליב נקה 7 ורד ויסמ,קילוגרמים,1.00,ליטר,false,,12.70,12.7000,true,1,245720
7290001136973,false,נקה 7 תחליב רחצה ארומה קמומיל לבן 1 ל',טרופיקל דגיל תעשיות,IL,תחליב נקה 7 קמומיל 1,קילוגרמים,1.00,ליטר,false,,12.70,12.7000,true,1,245721
7290001201510,false,תבנית ביצים מדיום 30 יח',לסר,IL,ביצים 30 יח בינוני ל,Unknown,30.00,יחידה,false,,27.80,0.9267,true,1,307267
7290001201572,false,ביצים ארוזות XL 12יחידות,שופרסל,IL,ביצים 12 יח ענק XL,Unknown,12.00,יחידה,false,,13.10,1.0917,true,1,314086
7290001201602,false,ביצים 18 יח גדול לסר,לסר,IL,ביצים 18 יח גדול לסר,Unknown,18.00,יחידה,false,,18.00,1.0000,true,1,252991
7290001201619,false,ביצים M/18 בינוני ארוז,לסר,IL,ביצים 18 יח בינוני ל,Unknown,18.00,יחידה,false,,16.70,0.9278,true,1,253033
7290001201657,false,ביצים אומגה M/30 בינוני ארוז,לסר,IL,ביצים אומגה 30 יח בי,Unknown,30.00,יחידה,false,,37.90,1.2633,true,1,252994
7290001201671,false,מארז ביצים בינוני 2*,לסר,IL,מארז ביצים בינוני 2*,Unknown,60.00,יחידה,false,,55.50,0.9250,true,1,252992
7290001201824,false,תבנית ביצים 12 יח' לארג' אורגני,מ.לסר,IL,ביצים אורגני 12 יח,Unknown,12.00,יחידה,false,,19.80,1.6500,true,1,310256
7290001201862,false,ביצי חופש לארג' 12 יחידות,מ.לסר,IL,ביצים חופש 12 יח גדו,Unknown,12.00,יחידה,false,,16.90,1.4083,true,1,310251
7290001208403,false,חמצוצים / ליקריץ במש,,ES,חמצוצים / ליקריץ במש,קילוגרמים,1.00,"ק""ג",true,,50.00,50.0000,true,1,249358
7290001209042,false,רוסטביף עגל רשת עטרה לקג,עטרה,IL,רוסטביף מעובד קפוא ע,קילוגרמים,1.00,"ק""ג",true,,56.90,56.9000,true,1,245737
7290001209189,false,נקניקיות חריפות עטרה 400ג' מהדרין,מעדני הטלה והעגל,IL,נקניקיות חריפות קפוא,גרמים,400.00,100 גרם,false,,9.90,2.4750,true,1,245742
7290001209349,false,עוף טרי שלם ארוז עטר,שונות,IL,עוף שלם טרי עטרה,קילוגרמים,1.00,"ק""ג",true,,22.90,22.9000,true,1,245745
7290001209356,false,כרעיים עוף טרי ארוז עטרה,שונות,IL,כרעיים עוף טרי עטרה,קילוגרמים,1.00,"ק""ג",true,,29.90,29.9000,true,1,245746
7290001209363,false,שניצל עוף טרי ארוז עטרה,שונות,IL,שניצל עוף טרי עטרה,קילוגרמים,1.00,"ק""ג",true,,35.90,35.9000,true,1,245747
7290001209370,false,ירכיים עוף טרי ארוז עטרה,שונות,IL,ירכיים עוף טרי עטרה,קילוגרמים,1.00,"ק""ג",true,,29.90,29.9000,true,1,245748
7290001209387,false,שוקיים עוף טרי ארוז עטרה,שונות,IL,שוקיים עוף טרי עטרה,קילוגרמים,1.00,"ק""ג",true,,32.90,32.9000,true,1,245749
7290001209394,false,כנפיים עוף טרי ארוז עטרה,שונות,IL,כנפיים עוף טרי עטרה,קילוגרמים,1.00,"ק""ג",true,,15.90,15.9000,true,1,245750
7290001209516,false,סטייק עין עטרה מעובד עטרה 800 גרם,טיבון ויל אחזקות בעמ,IL,סטייק עין עטרה 800 ג,גרמים,800.00,100 גרם,false,,49.90,6.2375,true,1,245753
7290001216057,false,"טחינה שומשום טהור אל ארז 1 ק""ג",אגס ירוק מסחר ושירותים,IL,"טחינה אל ארז 1 ק""ג",פריט,1.00,"ק""ג",false,,26.90,26.9000,true,1,284632
7290001216101,false,"טחינה שומשום מלא אל ארז 1 ק""ג",טחינה אל ארז,IL,טחינה מלאה אל ארז 1,פריט,1.00,"ק""ג",false,,28.90,28.9000,true,1,314241
7290001245613,false,מטליות לחות לניקוי כ,סאסאטק,IL,מטליות לחות לניקוי כ,Unknown,0.00,יחידה,false,,14.90,0.0000,true,1,304726
7290001246061,false,מרכך מרוכז פרפיום פנטזי טאצ 1ל',סאסאטק,IL,מרכך מרוכז טאצ' כחול,קילוגרמים,1.00,ליטר,false,,9.90,9.9000,true,1,323472
7290001246078,false,מרכך מרוכז פרפיום סנשואל טאצ' 1 ל',סאסאטק,IL,מרכך מרוכז טאצ' סגול,קילוגרמים,1.00,ליטר,false,,9.90,9.9000,true,1,324573
7290001246498,false,נוזל רצפות מגיק סחלב,סאסאטק,IL,נוזל רצפות מגיק סחלב,קילוגרמים,4.00,ליטר,false,,9.90,2.4750,true,1,265098
7290001246504,false,אקונומיקה מגיק מבושמ,סאסאטק,IL,אקונומיקה מגיק מבושמ,קילוגרמים,4.00,ליטר,false,,7.90,1.9750,true,1,265192
7290001246528,false,מרכך כביסה מרוכז פרפיום מיסטרי טאצ' 1 ל',סאסאטק,IL,מרכך מרוכז טאצ' שחור,קילוגרמים,1.00,ליטר,false,,9.90,9.9000,true,1,323473
7290001247068,false,קרטונית נקטר ספרינג תות בננה 1 ליטר,יפאורה שותפות מובגלת לשיווק,IL,נקטר ספרינג תות בננה,קילוגרמים,1.00,ליטר,false,,6.90,6.9000,true,1,245777
7290001247082,false,מיץ עגבניות רכיבים טבעיים ספרינג 1 ליטר,יפאורה שותפות מובגלת לשיווק,IL,נקטר ספרינג עגבניות,קילוגרמים,1.00,ליטר,false,,6.50,6.5000,true,1,245779
7290001247099,false,קרטונית נקטר ספרינג מנגו 1 ליטר,יפאורה שותפות מובגלת לשיווק,IL,נקטר ספרינג מנגו 1 ל,קילוגרמים,1.00,ליטר,false,,6.90,6.9000,true,1,245780
7290001247105,false,קרטונית נקטר ספרינג אפרסק 1 ליטר,יפאורה שותפות מובגלת לשיווק,IL,נקטר ספרינג אפרסק 1,קילוגרמים,1.00,ליטר,false,,6.90,6.9000,true,1,245781
7290001247112,false,קרטונית נקטר ספרינג לימונענע 1 ליטר,יפאורה שותפות מובגלת לשיווק,IL,נקטר ספרינג לימון 1,קילוגרמים,1.00,ליטר,false,,6.90,6.9000,true,1,245782
7290001247129,false,נקטר ספרינג תפוזים קרטונית 1 ל',יפאורה שותפות מובגלת לשיווק,IL,נקטר ספרינג תפוז 1 ל,קילוגרמים,1.00,ליטר,false,,6.90,6.9000,true,1,245783
7290001247143,false,קרטונית נקטר ספרינג תפוחים 1 ליטר,יפאורה שותפות מובגלת לשיווק,IL,נקטר ספרינג תפוח 1 ל,קילוגרמים,1.00,ליטר,false,,6.90,6.9000,true,1,245784
7290001274934,false,"שמיניית גלידל פרי לימון ""פלדמן""",הגלידות של פלדמן,IL,מאגדת גלידל פרי לימו,גרמים,640.00,100 גרם,false,,21.90,3.4219,true,1,312008
7290001335895,false,שיפודי כבד עגל ארוז,נתח אדום,IL,שיפודי כבד עגל ארוז,גרמים,500.00,100 גרם,false,,29.90,5.9800,true,1,323509
7290001342350,false,פילה הרינג עם בצל 700 גרם,אלדג,IL,פילה הרינג עם בצל אל,גרמים,700.00,100 גרם,false,,44.90,6.4143,true,1,269829
7290001342565,false,חזרת 380 גר' ללא סוכר אלדג,אלדג,IL,חזרת ללא סוכר אלדג 3,גרמים,300.00,100 גרם,false,,16.90,5.6333,true,1,251610
7290001343845,false,"גרנולה פירות 1 ק""ג - ורוד שקדיה",הנסיך- מפעל לייצור ט,IL,גרנולה עם פירות יבשי,פריט,1.00,"ק""ג",false,,19.90,19.9000,true,1,245819
7290001407813,false,חלבה שאמית וניל עם פיסטוק במרקם מעודן,"רושדי תעשיות מזון בע""\מ",IL,חלבה שאמית וניל עם פ,גרמים,350.00,100 גרם,false,,14.90,4.2571,true,1,245837
7290001407844,false,חלבה קלאסית בטעם וניל בארכה 350 גרם,"רושדי תעשיות מזון בע""\מ",IL,חלבה קלאסית בטעם וני,גרמים,350.00,100 גרם,false,,12.90,3.6857,true,1,245839
7290001407936,false,טחינה גולמית מעודנת לחיץ בארכה 310ג',"רושדי תעשיות מזון בע""\מ",IL,טחינה מעודנת בארכה ל,גרמים,310.00,100 גרם,false,,9.90,3.1935,true,1,292243
7290001476208,false,גד ברי פקאן משולשים צאן 22% במשקל,מחלבות גד,IL,גבינה ברי פקאן גד במ,קילוגרמים,1.00,"ק""ג",true,,99.00,99.0000,true,1,255925
7290001482186,false,אננס חתוך בסירופ קל ויליפוד 565 גרם,הנסיך- מפעל לייצור ט,TH,לפתן אננס חתוך ויליפ,גרמים,565.00,100 גרם,false,,4.90,0.8673,true,1,313328
7290001482506,false,"חומץ בלסמי וילי פוד 500 מ""ל",וילי פוד,IT,חומץ בלסמי ויליפוד 5,מיליליטרים,500.00,"100 מ""ל",false,,14.90,2.9800,true,1,245848
7290001485019,false,גבינת קרם שמנת טבעי 5% טרה 200 גרם,קריות זול,IL,גבינת שמנת טבעי 5% ט,גרמים,200.00,100 גרם,false,,10.50,5.2500,true,1,245849
7290001491096,false,תה ירוק בתוספת לימונית ולואיזה 50 שקיקים ויסוצקי,תה ויסוצקי,IL,תה ירוק לימונית לואי,גרמים,75.00,100 גרם,false,,39.90,53.2000,true,1,263419
7290001532010,false,סלמון בעישון חם הרמס,"הרמס דגים בע""מ",IL,סלמון בעישון חם הרמס,קילוגרמים,1.00,"ק""ג",true,,99.00,99.0000,true,1,308919
7290001532065,false,טונה מעושנת הרמס במש,"הרמס דגים בע""מ",IL,טונה מעושנת הרמס במש,קילוגרמים,1.00,"ק""ג",true,,109.00,109.0000,true,1,308921
7290001532225,false,פילה מקרל מעושן הרמס,"הרמס דגים בע""מ",IL,פילה מקרל מעושן הרמס,קילוגרמים,1.00,"ק""ג",true,,79.00,79.0000,true,1,308976
7290001532249,false,מקרל מקרוסקה מעושן ה,"הרמס דגים בע""מ",IL,מקרל מקרוסקה מעושן ה,קילוגרמים,1.00,"ק""ג",true,,109.00,109.0000,true,1,308977
7290001591819,false,פרוסות גבינה חצי קשה,ספולדויאלניה,PL,פרוסות גבינה חצי קשה,גרמים,400.00,100 גרם,false,,13.50,3.3750,true,1,322944
7290001591840,false,פרוסות גבינה 28% הר,,,פרוסות גבינה 28% הר,פריט,1.00,"ק""ג",false,,32.90,32.9000,true,1,322230
7290001594810,false,"בירה שחורה מאלטי בקב' מארז 330X6מ""ל",החברה המרכזית לייצור משקאות,IL,"בירה מאלטי 6*330 מ""ל",קילוגרמים,1.98,ליטר,false,,19.90,10.0505,true,1,269881
7290001594858,false,"שישייה בירה טובורג רד בקבוק 330 מ""ל",מבשלות בירה בינלאומיות ב,IL,מארז בירה טובורג רד,קילוגרמים,1.98,ליטר,false,,27.90,14.0909,true,1,245874
7290001594865,false,"שישייה בירה קרלסברג בקבוק 330 מ""ל",מבשלות בירה בינלאומיות ב,IL,מארז בירה קרלסברג 5%,קילוגרמים,1.98,ליטר,false,,29.90,15.1010,true,1,245875
7290001648285,false,אבקה להכנת שוקו מוקו,רוני רג'ואן,IL,אבקה להכנת שוקו מוקו,פריט,1.30,"ק""ג",false,,11.90,9.1538,true,1,320158
7290001648643,false,מארז קפה טורקי כתר 100X3 גרם,רוני רג'ואן ושות,IL,מארז קפה טורקי כתר 3,גרמים,300.00,100 גרם,false,,13.90,4.6333,true,1,269912
7290001670514,false,מלית אוכמניות הנמל 400 גרם,"פוליבה בע""מ",IL,מלית אוכמניות הנמל 4,גרמים,400.00,100 גרם,false,,9.90,2.4750,true,1,245907
7290001670668,false,קרחונית שקיות להכנת קרח הנמל 12 יחידות,"איטיליאן פוד, אס.פי.",TR,שקיות הקפאה לקרח הנמ,Unknown,0.00,יחידה,false,,2.90,0.0000,true,1,245909
7290001670873,false,"צלחות גדולות לבנות קשיח ח""פ הנמל 66יח'",הנמל אריזות ושיווק ב,IL,צלחות גדולות עבות במ,Unknown,0.00,יחידה,false,,38.90,0.0000,true,1,245912
7290001679609,false,מארז עוגיות אוראו 4*,מונדליז,CZ,מארז עוגיות אוראו 4*,גרמים,704.00,100 גרם,false,,26.90,3.8210,true,1,302544
7290001780428,false,גלידיאט שלגון מצופה נסטלה 312 גרם מארז 6 יחידות,גלידות נסטלה )נגה גלידות,IL,שלגוני לייט נסטלה שו,גרמים,312.00,100 גרם,false,,26.90,8.6218,true,1,245924
7290001791349,false,פיסגה אקונומיקה ריחנית סנו 4 ליטר,"סנו מפעלי ברונוס בע""מ",IL,אקונומיקה פסגה 4 ליט,קילוגרמים,4.00,ליטר,false,,9.90,2.4750,true,1,245926
7290001791356,false,"פרש מבשם אויר אוטומטי בניחוח לבנדר סנו 250 מ""ל",סנו מפעלי ברונוס בעמ,IL,מבשם אויר סנו פרש או,מיליליטרים,250.00,"100 מ""ל",false,,12.90,5.1600,true,1,269950
7290001791776,false,"סנו-די דוחה יתושים רול און עם אלוורה סנו 50 מ""ל",גוד פוד פרודקטס S.p,IL,סנו די רול און אלוור,מיליליטרים,50.00,"100 מ""ל",false,,19.90,39.8000,true,1,249439
7290001813454,false,"עוגיות חיוכים שוקולד עלית 900 גרם מארז 6 יחידות בד""צ",אפיפית נצרת תעשיות ב,IL,עוגיות חיוכים שוקו ע,גרמים,900.00,100 גרם,false,,18.90,2.1000,true,1,245935
7290001813478,false,"עוגיות חיוכים וניל עלית 900 גרם מארז 6 יחידות בד""צ",אפיפית נצרת תעשיות ב,IL,עוגיות חיוכים וניל ע,גרמים,900.00,100 גרם,false,,18.90,2.1000,true,1,245936
7290001855232,false,שמן למאור מרום הגליל,ירושלים שיווק שמן זית וזיתים,IL,שמן למאור מרום הגליל,קילוגרמים,1.00,ליטר,false,,9.90,9.9000,true,1,257725
7290001867600,false,"תפו""א בייבי פרימיום",אראל תוצרת חקלאית בע,IL,תפוח אדמה פרימיום,Unknown,0.00,יחידה,false,,17.90,0.0000,true,1,316543
7290001867655,false,תפוא לבן פרמיום לאפי,אראל תוצרת חקלאית בע,IL,תפוח אדמה פרימיום,Unknown,0.00,יחידה,false,,17.90,0.0000,true,1,316544
7290001873984,false,טונה בשמן ויליגר 6*1,ויליגר,,טונה בשמן ויליגר 6*1,גרמים,840.00,100 גרם,false,,25.90,3.0833,true,1,316249
7290001886601,false,שניצל עוף פרימיום טר,,IL,שניצל עוף פרימיום טר,קילוגרמים,1.00,"ק""ג",true,,34.90,34.9000,true,1,314487
7290001901045,false,רולדה גפילטע פיש ירושלמי 600 גר',דג טעים בעמ,IL,רולדה גפילטע פיש ירו,גרמים,600.00,100 גרם,false,,24.90,4.1500,true,1,245956
7290001901052,false,גפילטע פיש הונגרי רולדה גלאט עוף 600 גרם,דג טעים בעמ,IL,רולדה גפילטע פיש הונ,גרמים,600.00,100 גרם,false,,24.90,4.1500,true,1,245957
7290001901656,false,היימיש פיש הדג המיוחד 7 קציצות 600 גרם,דג טעים בעמ,IL,גפילטע פיש היימיש פי,גרמים,555.00,100 גרם,false,,8.90,1.6036,true,1,293109
7290001946121,false,פפריקה מרוקאית מתוקה תבליני ביטון 400 גרם,"דין שיווק וקלייה בע""",IL,פפריקה מרוקאית יוחאי,גרמים,400.00,100 גרם,false,,19.90,4.9750,true,1,253107
7290001970263,false,רחת לוקום במשקל,דין שיווק,IL,רחת לוקום במשקל,קילוגרמים,1.00,"ק""ג",true,,79.00,79.0000,true,1,303713
7290001970478,false,אגוזי מלך קלופים חצא,,US,אגוז מלך קלופים שקיל,קילוגרמים,1.00,"ק""ג",true,,89.00,89.0000,true,1,299129
7290001970492,false,קשיו קלוי על גחלים ב,"דין שיווק וקלייה בע""",CN,קשיו קלוי על גחלים ב,קילוגרמים,1.00,"ק""ג",true,,96.00,96.0000,true,1,299130
7290001970768,false,פקאן קלוי במשקל,דין שיווק,IL,פקאן קלוי במשקל,קילוגרמים,1.00,"ק""ג",true,,130.00,130.0000,true,1,302627
7290001970775,false,בוטן קלוי ענק במשקל,דין שיווק,CN,בוטן קלוי ענק במשקל,קילוגרמים,1.00,"ק""ג",true,,24.00,24.0000,true,1,302626
7290002003168,false,"שלישיית קרם ידיים קלאסי פנג'ל 80 מ""ל",אינטרקוסמא 1985 במ,IL,קרם ידיים פנגל 3*80,גרמים,240.00,100 גרם,false,,13.90,5.7917,true,1,251258
7290002007296,false,צמר פלדה הנמל 350 גרם,פלסטו פוליש,IL,צמר פלדה הנמל 350 גר,גרמים,350.00,100 גרם,false,,8.90,2.5429,true,1,245983
7290002007357,false,שקיות צליה דליקטס מיקרוגל הנמל 10 יח',הנמל,IL,שקיות לצליה דליקטס 1,Unknown,0.00,יחידה,false,,3.90,0.0000,true,1,245984
7290002007487,false,צמר פלדה הנמל 100 גרם,"איטיליאן פוד, אס.פי.",IL,צמר פלדה הנמל 100 גר,Unknown,0.00,יחידה,false,,2.90,0.0000,true,1,245986
7290002007500,false,קיסמי שיניים הנמל במבוק 500 יחידות,הנמל אריזות ושיווק בעמ,IL,קיסמי שיניים הנמל 50,Unknown,0.00,יחידה,false,,2.70,0.0000,true,1,245987
7290002007623,false,כוסות ליין 50 יחידות,יבוא ושיווק: הנמל אריזות,TR,כוסיות ליין 50 יח,Unknown,0.00,יחידה,false,,3.90,0.0000,true,1,245988
7290002007760,false,"פירורי לחם הנמל 1 ק""",הנמל,IL,"פירורי לחם הנמל 1 ק""",פריט,1.00,"ק""ג",false,,9.90,9.9000,true,1,245990
7290002008040,false,שיפודי במבוק הנמל 100 יחידות,"הנמל אריזות ושיווק בע""\מ",IL,שיפודים 100 יח,Unknown,0.00,יחידה,false,,2.50,0.0000,true,1,245998
7290002008071,false,גביעי נייר מספר 2 הנמל 1 יחידה,"הנמל אריזות ושיווק בע""\מ",IL,עטרות חום בקופסא מס2,Unknown,0.00,יחידה,false,,3.90,0.0000,true,1,245999
7290002008149,false,מדליק פחם מוצק הנמל אריזת 40יח',מ.א.יצור ויבוא מטליו,GB,מדליק פחם מוצק 40 קו,מיליליטרים,300.00,"100 מ""ל",false,,5.90,1.9667,true,1,246000
7290002008156,false,גביעי נייר מספר 5 הנמל 1 יחידה,קריות זול,IL,עטרות חום בקופסא מס5,Unknown,0.00,יחידה,false,,4.90,0.0000,true,1,246001
7290002008170,false,גביעי נייר מספר 3 הנמל 1 יחידה,הנמל,IL,עטרות מס 3 חום בקופס,Unknown,0.00,יחידה,false,,4.90,0.0000,true,1,246002
7290002008309,false,עטרות נייר חום לעוגה מס' 4 הנמל 130יח',"הנמל אריזות ושיווק בע""\מ",IL,עטרות מס 4 חום בקופס,Unknown,0.00,יחידה,false,,4.90,0.0000,true,1,246003
7290002008460,false,עטרות חום מספר 1.5 הנמל,"הנמל אריזות ושיווק בע""\מ",IL,עטרות חום מס 1.5 קופ,Unknown,0.00,יחידה,false,,3.30,0.0000,true,1,246005
7290002008569,false,מלבין קפה בקופסא הנמל 200 גרם,הנמל אריזות ושיווק ב,IL,מלבין קפה בקופסא,גרמים,200.00,100 גרם,false,,12.90,6.4500,true,1,249065
7290002008903,false,נייר טואלט חתוך עדין ורך הנמל 12 יחידות,הויזהו טאימי פפר,CN,נייר טואלט חתוך הנמל,Unknown,0.00,יחידה,false,,14.90,0.0000,true,1,246013
7290002008989,false,קישקשים קשים לשתיה 225יח הנמל,שיווק: הנמל אריזות ושיוו,CN,קישקשים בקופסא 225 י,Unknown,0.00,יחידה,false,,6.90,0.0000,true,1,246015
7290002015444,false,זיתים חרוזית א5 בני דרום 1250 גרם,בני דרום,IL,זית חרוזית בני דרום,פריט,1.25,"ק""ג",false,,15.90,12.7200,true,1,246057
7290002015666,false,פלפל חריף שיפקה בני דרום 540 גרם,בני דרום,IL,פלפל שיפקה בני דרום,גרמים,540.00,100 גרם,false,,6.90,1.2778,true,1,246065
7290002015765,false,חצילים במלח בני דרום 540גרם,בני דרום,IL,חציל במלח בני דרום 5,גרמים,560.00,100 גרם,false,,5.90,1.0536,true,1,246066
7290002015833,false,"זיתים חרוזית ירוק א10 בני דרום 3ק""ג",בני דרום,IL,זית חרוזית בני דרום,פריט,3.00,"ק""ג",false,,29.90,9.9667,true,1,246068
7290002016472,false,מלפפון במלח צנצנת בנ,בני דרום,IL,מלפפון במלח צנצנת בנ,גרמים,540.00,100 גרם,false,,7.90,1.4630,true,1,251869
7290002016830,false,כרוב כבוש בני דרום 430 גרם,בני דרום,IL,כרוב כבוש בני דרום 5,גרמים,550.00,100 גרם,false,,5.90,1.0727,true,1,253632
7290002024002,false,"שמיר חומוס 3 ק""ג",סלטי שמיר 2006 בעמ,IL,"חומוס שמיר 3 ק""ג",פריט,3.00,"ק""ג",false,,29.90,9.9667,true,1,298951
7290002026341,false,צ'יפס בטטה טוגני בטטה מוקפאים,מוצרי איכות אמריקאיים,CA,ציפס בטטה קראנצ 500,גרמים,500.00,100 גרם,false,,15.90,3.1800,true,1,289311
7290002026358,false,צ'יפס בטטה זיגזג טוגני בטטה עבים מוקפאים,מוצרי איכות אמריקאיים,CA,ציפס בטטה זיגזג קראנ,גרמים,500.00,100 גרם,false,,15.90,3.1800,true,1,289310
7290002026365,false,טבעות בצל טוגני טבעות בצל מצופים,מוצרי איכות אמריקאיים,BE,טבעות בצל קראנצ 500,גרמים,500.00,100 גרם,false,,8.90,1.7800,true,1,289309
7290002035206,false,חזרת בצנצנת אלדג 380גר,אלדג,IL,חזרת אלדג 360 גרם,גרמים,360.00,100 גרם,false,,16.90,4.6944,true,1,246072
7290002037040,false,חלה קלה פרוסה 500 גרם,מאפית י את א ברמן בע,IL,חלה קלה ודש 500 גרם,גרמים,500.00,100 גרם,false,,14.90,2.9800,true,1,250152
7290002037194,false,לחם שחור קמח מלא 750 גרם,מאפית י את א ברמן בע,IL,לחם שחור מלא ודש 750,גרמים,750.00,100 גרם,false,,12.90,1.7200,true,1,251667
7290002037309,false,שמיניית לחמניות המבורגר,מאפית י את א ברמן בע,IL,לחמניות המבורגר ודש,גרמים,400.00,100 גרם,false,,11.90,2.9750,true,1,250131
7290002037637,false,חליות מתוקות מארז 4יח',מאפית י את א ברמן בע,IL,לחמניות מתוקות ודש 4,גרמים,360.00,100 גרם,false,,10.90,3.0278,true,1,250130
7290002040064,false,קוסקוס דק הנמל 350 גרם,קוסקוס מזון,IL,קוסקוס דק מזון 350 ג,גרמים,350.00,100 גרם,false,,4.50,1.2857,true,1,246075
7290002040071,false,קוסקוס עבה שקית 350 גרם הנמל,קוסקוס מזון,IL,קוסקוס עבה מזון 350,גרמים,350.00,100 גרם,false,,4.50,1.2857,true,1,246076
7290002040088,false,קוסקוס מלא הנמל 350 גרם,קוסקוס מזון,IL,קוסקוס מלא מזון 350,גרמים,350.00,100 גרם,false,,6.30,1.8000,true,1,246077
7290002040095,false,קוסקוס רגיל מארז 350X3ג' קוסקוס מזון,טרופיקל דגיל תעשיות,IL,מארז קוסקוס מזון 3*3,פריט,1.05,"ק""ג",false,,13.90,13.2381,true,1,249086
7290002044628,false,שומן כבש קפוא עטרה 2,טיבון ויל אחזקות בעמ,IL,שומן כבש קפוא עטרה 2,גרמים,200.00,100 גרם,false,,24.90,12.4500,true,1,252310
7290002065555,false,שישיית לחמנייה הכי רכה בהפסקה אנג'ל 450 גרם,מאפיית שלמה א. אנג'\ל בע,IL,לחמניות רגילות אנגל,גרמים,450.00,100 גרם,false,,9.90,2.2000,true,1,303066
7290002065616,false,לחם שיפון גרעינים פרוס אחדות 750 גרם,מאפיית שלמה א. אנג'\ל בע,IL,לחם שיפון בתוספת גרע,גרמים,750.00,100 גרם,false,,12.90,1.7200,true,1,303045
7290002065623,false,לחם שיפון של פעם כפרי פרוס אורנים 750 גרם,מאפיית שלמה א. אנג'\ל בע,IL,לחם שיפון כפרי אחדות,גרמים,750.00,100 גרם,false,,12.90,1.7200,true,1,303050
7290002077725,false,סלומון נורווגי מצונן דלידג 100ג',וי קינג V King,IL,סלמון מעושן ויקינג 1,גרמים,100.00,100 גרם,false,,16.90,16.9000,true,1,255665
7290002107071,false,גבינת פטה עיזים מעודנת 16% משק צוריאל 200 גרם,מחלבת משק צוריאל,IL,גבינת בולגרית עיזים,גרמים,200.00,100 גרם,false,,19.90,9.9500,true,1,265091
7290002107385,false,גליל גבינת עיזים מה עז משק צוריאל 180 גרם,מחלבת משק צוריאל,IL,גבינה מה עז 20% צורי,גרמים,180.00,100 גרם,false,,20.90,11.6111,true,1,265430
7290002107491,false,גבינה לבנה מחלב עיזים למריחה 5% משק צוריאל 250 גרם,מחלבת משק צוריאל,IL,גבינת עיזים 5% למריח,גרמים,250.00,100 גרם,false,,14.90,5.9600,true,1,246085
7290002107798,false,גבינה בולגרית מעודנת 5% משק צוריאל 250 גרם,מחלבת משק צוריאל,IL,גבינה בולגרית מעודנת,גרמים,250.00,100 גרם,false,,17.90,7.1600,true,1,246086
7290002107965,false,טבורוג גבינה לאפייה 5% צוריאל 500 ג',מחלבת משק צוריאל,IL,גבינה טבורוג 5% צורי,גרמים,500.00,100 גרם,false,,20.90,4.1800,true,1,246087
7290002109037,false,טחון עוף נתח בקר 500,טיבון ויל,IL,טחון עוף נתח בקר 500,גרמים,500.00,100 גרם,false,,8.90,1.7800,true,1,255096
7290002109044,false,הודו טחון נתח בקר 50,טיבון ויל,IL,הודו טחון נתח בקר 50,גרמים,500.00,100 גרם,false,,8.90,1.7800,true,1,255095
7290002109051,false,בקר טחון נתח בקר 500,טיבון ויל,IL,בקר טחון נתח בקר 500,גרמים,500.00,100 גרם,false,,10.90,2.1800,true,1,255097
7290002109372,false,בורקס פילו אצבעות בולגרי 700 ג' שלושת האופים,שלושת האופים שגמור,IL,בורקס פילו גבינה בול,גרמים,700.00,100 גרם,false,,16.90,2.4143,true,1,265270
7290002111085,false,"רוטב עגבניות 22% ""פרי מבורך"" 100 גרם","זנלכל בע""\מ",IL,רוטב עגבניות מרוכז מ,גרמים,100.00,100 גרם,false,,2.20,2.2000,true,1,246088
7290002111122,false,רסק תפוחי עץ בתוספת סוכר פרי מבורך 560 ג,"זנלכל בע""\מ",IL,"רסק תפו""ע בתוספת סוכ",גרמים,560.00,100 גרם,false,,8.90,1.5893,true,1,246089
7290002111139,false,רסק תפוחי עץ טבעי בלי תוספת סוכר פרי מבו,"זנלכל בע""\מ",IL,"רסק תפו""ע ללא תוספת",גרמים,560.00,100 גרם,false,,8.90,1.5893,true,1,246090
7290002111214,false,גרעיני תירס לייט A2 פרי מבורך 550 גר',"זנלכל בע""\מ",IL,תירס גרעינים לייט מב,גרמים,550.00,100 גרם,false,,8.90,1.6182,true,1,246091
7290002111313,false,עגבניות קוביות A2.5 פרי מבורך 800ג' בדצ,פרי מבורך,IL,עגבניות קוביות מבורך,גרמים,800.00,100 גרם,false,,9.90,1.2375,true,1,246092
7290002111337,false,"רוטב עגבניות 22% ""פרי מבורך"" 240 גרם","זנלכל בע""\מ",IL,רוטב עגבניות מרוכז מ,גרמים,240.00,100 גרם,false,,3.90,1.6250,true,1,246093
7290002111474,false,אפונה גדולה A2 פרי מבורך 600ג',"זנלכל בע""\מ",IL,אפונה גדולה מבורך 55,גרמים,550.00,100 גרם,false,,6.90,1.2545,true,1,246094
7290002111511,false,אפונת גינה וגזר פרי מבורך 550 גרם,"זנלכל בע""\מ",IL,אפונה וגזר מבורך 550,גרמים,550.00,100 גרם,false,,6.90,1.2545,true,1,246096
7290002111634,false,חומוס שלם פרי מבורך 290 גרם,"זנלכל בע""\מ",IL,חומוס שלם מבורך 550,גרמים,550.00,100 גרם,false,,6.90,1.2545,true,1,246097
7290002111665,false,רוטב עגבניות פרי מבורך תרכיז 28% A2,"זנלכל בע""\מ",IL,רוטב עגבניות 28% מבו,גרמים,600.00,100 גרם,false,,9.90,1.6500,true,1,246098
7290002111672,false,"רסק עגבניות A2 22% פרי מבורך 570ג' בד""צ","זנלכל בע""\מ",IL,רוטב עגבניות 22% מבו,גרמים,570.00,100 גרם,false,,7.90,1.3860,true,1,246099
7290002111696,false,עגבניות מרוסקות פרי מבורך 800 גרם,פרי מבורך,IL,עגבניות מרוסקות מבור,גרמים,800.00,100 גרם,false,,9.90,1.2375,true,1,246101
7290002111764,false,שעועית לבנה ברוטב עגבניות פרי מבורך 580,"זנלכל בע""\מ",IL,שעועית לבנה ברוטב מב,גרמים,560.00,100 גרם,false,,6.90,1.2321,true,1,246103
7290002111818,false,גרעיני תירס מתוק ואקום פרי מבורך 400ג',"זנלכל בע""\מ",IL,תירס גרעינים מבורך 4,גרמים,400.00,100 גרם,false,,5.50,1.3750,true,1,246104
7290002111825,false,"2A גרעיני תירס מתוק פ""מ עד""ח 550 ג'","זנלכל בע""\מ",IL,תירס גרעינים מבורך 5,גרמים,550.00,100 גרם,false,,6.90,1.2545,true,1,246105
7290002111948,false,"שעועית ירוקה חתוכה""פרי מבורך"" 550 גרם","זנלכל בע""\מ",IL,שעועית ירוקה מבורך 5,גרמים,550.00,100 גרם,false,,9.90,1.8000,true,1,246107
7290002118435,false,צמרוני כותנה ביוטי הנמל 300 יחידות,ביוטי Beauty,TR,צמרוני אוזניים ביוטי,Unknown,0.00,יחידה,false,,4.90,0.0000,true,1,249087
7290002129493,false,מארז פיצה איטלקית דק,,,מארז פיצה איטלקית דק,גרמים,960.00,100 גרם,false,,32.90,3.4271,true,1,296153
7290002132011,false,עוגיות מזרחיות מלוחות עבאדי 400 גרם,מאפיית יוסף ושמחה עבאדי,IL,עוגיות מזרחיות עבאדי,גרמים,400.00,100 גרם,false,,15.80,3.9500,true,1,270255
7290002133551,false,גבינת לאבנה עם שמן זית וזעתר 5% השומרון 500 גרם,מחלבת השומרון,IL,לאבנה עם שמן זית וזע,גרמים,500.00,100 גרם,false,,15.90,3.1800,true,1,255233
7290002133889,false,גבינה בולגרית מעודנת 5% 250 גרם,מחלבת השומרון,IL,גבינה בולגרית מעודנת,גרמים,250.00,100 גרם,false,,15.90,6.3600,true,1,255226
7290002157427,false,סינטה בקר טרי עטרה,,,סינטה בקר טרי עטרה,קילוגרמים,1.00,"ק""ג",true,,69.90,69.9000,true,1,290992
7290002157694,false,כבד עוף צלוי עטרה 200גרם,נטו,IL,כבד עוף צלוי טרי עטר,גרמים,200.00,100 גרם,false,,11.90,5.9500,true,1,289458
7290002157960,false,רביעיית טונה במים ויליגר 140 גרם,ויליגר,IL,טונה במים ויליגר 4*1,גרמים,560.00,100 גרם,false,,18.90,3.3750,true,1,290591
7290002206729,false,עצמות מח קפוא קהילות,זבישקו,PL,עצמות מח קפוא קהילות,קילוגרמים,1.00,"ק""ג",true,,44.90,44.9000,true,1,265398
7290002206736,false,עצמות עגל קהילות,טיבון ויל,IL,עצמות עגל קהילות,קילוגרמים,1.00,"ק""ג",true,,29.90,29.9000,true,1,304544
7290002253006,false,שום כתוש דורות בצנצנת 200 גרם,עיצובים 2020 (3.8),IL,שום כתוש דורות 200 ג,גרמים,200.00,100 גרם,false,,15.90,7.9500,true,1,246150
7290002253013,false,ראשום שום כתוש דורות,מוצרי שום ותיבול דורות,IL,שום כתוש דורות 400 ג,גרמים,400.00,100 גרם,false,,19.90,4.9750,true,1,308886
7290002253105,false,קוביות שום כתוש טרי דורות 80 גרם,עיצובים 2020 (3.8),IL,שום קוביות דורות 80,גרמים,80.00,100 גרם,false,,9.90,12.3750,true,1,246152
7290002253150,false,קוביות בזיליקום קצוץ דורות 70 גרם,עיצובים 2020 (3.8),IL,בזיליקום קצוץ דורות,גרמים,70.00,100 גרם,false,,9.50,13.5714,true,1,246153
7290002253167,false,פטרוזיליה קצוצה דורות 70 גרם,עיצובים 2020 (3.8),IL,פטרוזיליה קצוצה דורו,גרמים,70.00,100 גרם,false,,9.50,13.5714,true,1,246154
7290002253181,false,קוביות כוסברה קצוצה דורות 70 גרם,עיצובים 2020 (3.8),IL,כוסברה קצוצה דורות 7,גרמים,70.00,100 גרם,false,,9.50,13.5714,true,1,246156
7290002253198,false,ג'ינג'ר טרי כתוש במגשית 70 ג' דורות,עיצובים 2020 (3.8),IL,גינגר כתוש דורות 70,גרמים,70.00,100 גרם,false,,9.50,13.5714,true,1,246157
7290002253235,false,דורות רוטב פסטו 160 גרם,עיצובים 2020 (3.8),IL,רוטב פסטו דורות 160,גרמים,160.00,100 גרם,false,,10.90,6.8125,true,1,308219
7290002255048,false,קובה למרק במילוי בשר,חטיפי אלקיים בעמ,IL,קובה למרק אלקיים 800,גרמים,800.00,100 גרם,false,,21.90,2.7375,true,1,250932
7290002255055,false,פלאפל חטיפי אלקיים 7,חטיפי אלקיים בעמ,IL,פלאפל אלקיים 700 גרם,גרמים,700.00,100 גרם,false,,13.90,1.9857,true,1,250934
7290002255086,false,קובה ביתי במילוי בשר,חטיפי אלקיים בעמ,IL,קובה ביתית אלקיים 70,גרמים,700.00,100 גרם,false,,21.90,3.1286,true,1,250931
7290002255116,false,קרפלך במילוי בשר חטי,חטיפי אלקיים בעמ,IL,קרפלך בשר אלקיים 800,גרמים,800.00,100 גרם,false,,21.90,2.7375,true,1,250937
7290002255185,false,סמבוסק חומוס אלקיים,חטיפי אלקיים בעמ,IL,סמבוסק חומוס אלקיים,גרמים,600.00,100 גרם,false,,21.90,3.6500,true,1,250938
7290002255215,false,"עלי סיגר מרובע בד""צ",חטיפי אלקיים בעמ,IL,עלי סיגר אלקיים 500,גרמים,500.00,100 גרם,false,,7.90,1.5800,true,1,250935
7290002255284,false,"קובה חמוסטה בד""צ חטי",חטיפי אלקיים בעמ,IL,קובה חמוסטה אלקיים 8,גרמים,800.00,100 גרם,false,,21.90,2.7375,true,1,250933
7290002281405,false,זוג סלט סלמון מעושן פיקנטי ויליגר 2*160 גרם,"ויליגר תעשיות בע""\מ",IL,סלט סלמון מעושן וילי,גרמים,320.00,100 גרם,false,,9.90,3.0938,true,1,307594
7290002281498,false,גבינה צהובה מגורדת על בסיס חלב 500 ג' ריץ,האי נאם סי או אל.טי.,PL,צהובה מגורדת ריצ 500,גרמים,500.00,100 גרם,false,,17.90,3.5800,true,1,304255
7290002285069,false,קבב חריף אש עטרה 500 גרם,טיבון ויל אחזקות בעמ,IL,קבב חריף אש עטרה 500,גרמים,500.00,100 גרם,false,,19.90,3.9800,true,1,250504
7290002285816,false,שניצל פרימ' טרי אר' עטרה,נטו,IL,שניצל עוף פרימיום טר,קילוגרמים,1.00,"ק""ג",true,,19.90,19.9000,true,1,289162
7290002285830,false,פילה עוף טרי ארוז עטרה,משחטת עוף הבירה,IL,פילה עוף טרי עטרה,קילוגרמים,1.00,"ק""ג",true,,38.90,38.9000,true,1,254596
7290002292142,false,קבב אנגוס עטרה 700 ג,טיבון ויל,IL,קבב אנגוס עטרה 700 ג,גרמים,700.00,100 גרם,false,,29.90,4.2714,true,1,320511
7290002292166,false,קבבוני טלה עטרה 700,טיבון ויל,IL,קבבוני טלה עטרה 700,גרמים,700.00,100 גרם,false,,29.90,4.2714,true,1,320513
7290002292173,false,שיפודי קבב עטרה 700,טיבון ויל,IL,שיפודי קבב עטרה 700,גרמים,700.00,100 גרם,false,,29.90,4.2714,true,1,320514
7290002292203,false,פילה עוף פרימיום טרי,,,פילה עוף פרימיום טרי,קילוגרמים,1.00,"ק""ג",true,,44.90,44.9000,true,1,320521
7290002292210,false,שניצל פרימיום טרי מה,,,שניצל פרימיום טרי מה,קילוגרמים,1.00,"ק""ג",true,,49.90,49.9000,true,1,320522
7290002292227,false,כנפיים עוף פרימיום ח,,,כנפיים עוף פרימיום ח,קילוגרמים,1.00,"ק""ג",true,,17.90,17.9000,true,1,320523
7290002292234,false,שוקיים עוף פרימיום ב,,,שוקיים עוף פרימיום ב,קילוגרמים,1.00,"ק""ג",true,,39.90,39.9000,true,1,320524
7290002292265,false,"פרגית לתנור ע""ע טרי",,,"פרגית לתנור ע""ע טרי",קילוגרמים,1.00,"ק""ג",true,,29.90,29.9000,true,1,320655
7290002292289,false,"פרגית לתנור ע""ע טרי",,,"פרגית לתנור ע""ע טרי",קילוגרמים,1.00,"ק""ג",true,,29.90,29.9000,true,1,321339
7290002292982,false,מרגז אמיתי עטרה 700,טיבון ויל,IL,מרגז אמיתי עטרה 700,גרמים,700.00,100 גרם,false,,29.90,4.2714,true,1,323728
7290002292999,false,נקניקיות עוף פיקנטי 400,מעדני הטלה והעגל,IL,נקניקיות עוף פיקנטיו,גרמים,400.00,100 גרם,false,,11.90,2.9750,true,1,323555
7290002296003,false,נקניקיות עוף קראנץ',עטרה,IL,נקניקיות עוף קראנץ',פריט,1.00,"ק""ג",false,,23.90,23.9000,true,1,323809
7290002296034,false,פילה עוף טרי עוף הכפ,,,פילה עוף טרי עוף הכפ,קילוגרמים,1.00,"ק""ג",true,,29.90,29.9000,true,1,323255
7290002296447,false,פרגית עוף דק דק משק,,,פרגית עוף דק דק משק,קילוגרמים,1.00,"ק""ג",true,,39.90,39.9000,true,1,325562
7290002319016,false,אבקת אפיה עשיריות מיה 100 גרם,מיה תעשיות מזון מ.ת.מ. ב,IL,אבקת אפיה מיה 10 יח,גרמים,100.00,100 גרם,false,,1.90,1.9000,true,1,246181
7290002319023,false,סוכר וניל עשיריות מיה 100 גרם,מיה תעשיות מזון מ.ת.מ. ב,IL,סוכר וניל מיה 10 יח,גרמים,100.00,100 גרם,false,,1.90,1.9000,true,1,246182
7290002319030,false,תבלין אבקת בצל מיכל 80 ג' מיה,מיה תעשיות מזון מ.ת.מ. ב,IL,אבקת בצל מיה 80 גרם,גרמים,80.00,100 גרם,false,,5.80,7.2500,true,1,246183
7290002319405,false,תבלין קינמון בקופסא 80 גר' מיה,מיה תעשיות מזון מ.ת.מ. ב,IL,קינמון מיה 80 גרם,גרמים,80.00,100 גרם,false,,5.80,7.2500,true,1,246189
7290002319429,false,פפריקה מתוקה בצנצנת מיה 80 גרם,מיה תעשיות מזון מ.ת.מ. ב,IL,פפריקה מתוקה מיה 80,גרמים,80.00,100 גרם,false,,5.80,7.2500,true,1,246191
7290002319436,false,פלפל שחור טחון בצנצנת מיה 70 גרם,מיה תעשיות מזון מ.ת.מ. ב,IL,פלפל שחור מיה 70 גרם,גרמים,70.00,100 גרם,false,,8.90,12.7143,true,1,246192
7290002319443,false,כמון בצנצנת מיה 80 גרם,מיה תעשיות מזון מ.ת.מ. ב,IL,כמון מיה 80 גרם,גרמים,80.00,100 גרם,false,,5.80,7.2500,true,1,246193
7290002319450,false,תבלין כרכום צנצנת 80 גר' מיה,מיה תעשיות מזון מ.ת.מ. ב,IL,כורכום מיה 80 גרם,גרמים,80.00,100 גרם,false,,5.80,7.2500,true,1,246194
7290002319467,false,אורגנו בצנצנת מיה 35 גרם,מיה תעשיות מזון מ.ת.מ. ב,IL,אורגנו מיה 35 גרם,גרמים,35.00,100 גרם,false,,5.80,16.5714,true,1,246195
7290002319474,false,תבלין אבקת שום מיכל 80 ג' מיה,מיה תעשיות מזון מ.ת.מ. ב,IL,אבקת שום מיה 80 גרם,גרמים,80.00,100 גרם,false,,7.90,9.8750,true,1,246196
7290002319580,false,מלח לימון בצנצנת מיה 150 גרם,מיה תעשיות מזון מ.ת.מ. ב,IL,מלח לימון מיה 100 גר,גרמים,100.00,100 גרם,false,,5.80,5.8000,true,1,246197
7290002319597,false,תבלין כוסברה ירוקה בשקית 80 גר' מיה,מיה תעשיות מזון מ.ת.מ. ב,IL,כוסברה מיה 80 גרם,גרמים,80.00,100 גרם,false,,5.80,7.2500,true,1,246198
7290002319641,false,תבלין גריל עוף צנצנת 80 גר' מיה,מיה תעשיות מזון מ.ת.מ. ב,IL,גריל עוף מיה 80 גרם,גרמים,80.00,100 גרם,false,,5.80,7.2500,true,1,246203
7290002319689,false,סודה לשתייה בקופסא 150 גר' מיה,מיה תעשיות מזון מ.ת.מ. ב,IL,סודה לשתיה מיה 150 ג,גרמים,150.00,100 גרם,false,,5.80,3.8667,true,1,246205
7290002319696,false,פלפל לבן בצנצנת מיה 70 גרם,מיה תעשיות מזון מ.ת.מ. ב,IL,פלפל לבן מיה 70 גרם,גרמים,70.00,100 גרם,false,,10.90,15.5714,true,1,246206
7290002319702,false,ציפורן שלם בצנצנת מיה 40 גרם,מיה תעשיות מזון מ.ת.מ. ב,IL,ציפורן שלם מיה 40 גר,גרמים,40.00,100 גרם,false,,8.90,22.2500,true,1,246207
7290002327042,false,"בורקס תפו""א 800 גרם שלושת האופים",שלושת האופים,IL,בורקס תפוא ש.האופים,גרמים,800.00,100 גרם,false,,16.90,2.1125,true,1,246219
7290002327059,false,"בצק עלים 1 ק""ג שלושת האופים",שלושת האופים,IL,בצק עלים ש.האופים 1,פריט,1.00,"ק""ג",false,,16.90,16.9000,true,1,246220
7290002327066,false,קונכיות בצק למילוי 625 גרם שלושת האופים,שלושת האופים,IL,קונכיות בצק למילוי ש,גרמים,625.00,100 גרם,false,,16.90,2.7040,true,1,246221
7290002327073,false,בורקס גבינה 800 גרם שלושת האופים,שלושת האופים,IL,בורקס גבינה ש.האופים,גרמים,800.00,100 גרם,false,,16.90,2.1125,true,1,246222
7290002345299,false,פילה סלמון טרי דלידג,,,פילה סלמון טרי דלידג,קילוגרמים,1.00,"ק""ג",true,,89.90,89.9000,true,1,299752
7290002360124,false,חליטת צמחים ורד הבר והיביסקוס פומפדור 20 יחידות,TEEKANNE- POMPADOU,DE,חליטת צמחים פומפדור,גרמים,70.00,100 גרם,false,,11.90,17.0000,true,1,261985
7290002360155,false,חליטת תה פרחי שומר פומפדור 20 שקיקים,TEEKANNE- POMPADOU,DE,חליטת צמחים פומפדור,גרמים,40.00,100 גרם,false,,11.90,29.7500,true,1,261989
7290002360278,false,חליטת צמחים פומפדור מנטה 20 יחידות,"איטיליאן פוד, אס.פי.",DE,חליטת צמחים פומפדור,גרמים,45.00,100 גרם,false,,11.90,26.4444,true,1,261986
7290002360285,false,חליטת צמחים פומפדור קמומיל 20 יחידות,TEEKANNE- POMPADOU,DE,חליטת צמחים פומפדור,גרמים,30.00,100 גרם,false,,11.90,39.6667,true,1,261988
7290002371533,false,דקניקים סלסולי פסטרמה דבש טירת צבי 120 גרם,הנסיך- מפעל לייצור ט,IL,סלסולי פסטרמה בדבש ט,גרמים,120.00,100 גרם,false,,12.90,10.7500,true,1,265292
7290002381808,false,נר נשמה שלהבת 24 שעות,,IL,נר נשמה בפח 24 שעות,Unknown,0.00,יחידה,false,,1.20,0.0000,true,1,249139
7290002385738,false,גבינת מנצ'גו משולשים גד,מחלבות גד,IL,גבינה מנצגו גד במשקל,קילוגרמים,1.00,"ק""ג",true,,99.00,99.0000,true,1,255290
7290002385745,false,גבינת פיקורינו משולשים גד,מחלבות גד,IL,גבינה פקורינו גד במש,קילוגרמים,1.00,"ק""ג",true,,99.00,99.0000,true,1,255291
7290002386834,false,נקניקיות עוף 400 גרם קהילות,מעדני הטלה והעגל,IL,נקניקיות עוף קפוא קה,גרמים,400.00,100 גרם,false,,11.90,2.9750,true,1,252989
7290002405757,false,קרקר חיטה מלאה פת בוקר1ק,מצות כרמל,IL,פת בוקר חיטה מלאה 1,פריט,1.00,"ק""ג",false,,19.90,19.9000,true,1,252122
7290002487364,false,בורקס פילו גבינה זיתים 700 ג' שלושת האופים,שלושת האופים שגמור,IL,בורקס פילו גבינה וזי,גרמים,700.00,100 גרם,false,,16.90,2.4143,true,1,265271
7290002505013,false,כרעיים עוף קהילות מחיר ל,קהילות,IL,כרעיים עוף קפוא קהיל,קילוגרמים,1.00,"ק""ג",true,,37.90,37.9000,true,1,252269
7290002505037,false,ירכיים עוף קהילות מחיר ל,,IL,ירכיים עוף קפוא קהיל,קילוגרמים,1.00,"ק""ג",true,,37.90,37.9000,true,1,252271
7290002505044,false,חזה עוף קהילות מחיר לפי,קהילות,IL,חזה עוף קפוא קהילות,קילוגרמים,1.00,"ק""ג",true,,41.90,41.9000,true,1,252272
7290002505297,false,עוף מס2' קהילות קפוא מחי,קהילות,IL,עוף מס 2 קפוא קהילות,קילוגרמים,1.00,"ק""ג",true,,25.90,25.9000,true,1,252267
7290002505600,false,גרונות הודו קפוא קהי,,,גרונות הודו קפוא קהי,קילוגרמים,1.00,"ק""ג",true,,34.90,34.9000,true,1,252281
7290002505617,false,כנף הודו קהילות קפוא מחי,,IL,כנפיים הודו קפוא קהי,קילוגרמים,1.00,"ק""ג",true,,12.90,12.9000,true,1,252282
7290002505624,false,שוק הודו קהילות קפוא מחי,הוד חפר,IL,שוקיים הודו קפוא קהי,קילוגרמים,1.00,"ק""ג",true,,24.90,24.9000,true,1,252283
7290002507451,false,קציצות דג סלמון דלידג 750 גר',דלידג בעמ,IL,קציצות דג סלמון לביש,גרמים,750.00,100 גרם,false,,24.90,3.3200,true,1,296924
7290002512035,false,"בצק עלים צנעני 1 ק""ג",צנעני מוצרי בצק,IL,"בצק עלים צנעני 1 ק""ג",פריט,1.00,"ק""ג",false,,17.90,17.9000,true,1,254378
7290002512257,false,מלווח מופחת שומן 700 גר,צנעני,IL,מלוואח מופחת שומן רו,גרמים,700.00,100 גרם,false,,16.90,2.4143,true,1,323089
7290002512264,false,גחנון מופחת שומן 700 גר,צנעני,IL,ג'חנון מופחת שומן רו,גרמים,700.00,100 גרם,false,,16.90,2.4143,true,1,323090
7290002512509,false,מלוואח אלפא 700 גרם,,,מלוואח אלפא 700 גרם,גרמים,700.00,100 גרם,false,,7.90,1.1286,true,1,294372
7290002512547,false,בצק עלים אלפא 750 גר,צנעני,IL,בצק עלים אלפא 750 גר,גרמים,750.00,100 גרם,false,,5.90,0.7867,true,1,315087
7290002512554,false,גחנון אלפא 700 גרם,,,גחנון אלפא 700 גרם,גרמים,700.00,100 גרם,false,,5.90,0.8429,true,1,294373
7290002538899,false,קרמבו קרמבולי 12 יחידות,גלידות קולרדו,IL,קרמבו 12 יח',גרמים,300.00,100 גרם,false,,7.90,2.6333,true,1,270488
7290002542780,false,"שישייה בירה סטלה ארטואה בקבוק 330X6 מ""ל","אינבב, ברוורייפליין",BE,מארז בירה סטלה 5% 6*,קילוגרמים,1.98,ליטר,false,,29.90,15.1010,true,1,319236
7290002552345,false,מאגדת שלגונים גלי גל פרווה 8 יח' ריאו,"גלידות ריאו ביח""ר לג",IL,שלגוני גלי גל 8 יח',גרמים,600.00,100 גרם,false,,12.90,2.1500,true,1,246310
7290002552499,false,מאגדת שלגוני שרבט פרווה תות מנגו 8 יח' ריאו,"גלידות ריאו ביח""ר לג",IL,קרחוני ריאו פרי מנגו,גרמים,720.00,100 גרם,false,,14.50,2.0139,true,1,246312
7290002603481,false,פיצת השף מאיטליה CHEF שגב פסטו ועגבניות 200 גרם,האי נאם סי או אל.טי.,IT,פיצת השף פסטו ועגבני,גרמים,200.00,100 גרם,false,,12.90,6.4500,true,1,300911
7290002603498,false,פיצת השף מאיטליה אנטי פסטי 256 גרם,האי נאם סי או אל.טי.,IT,פיצת השף אנטיפסטי שג,גרמים,200.00,100 גרם,false,,12.90,6.4500,true,1,300912
7290002603504,false,פיצת השף מאיטליה CHEF שגב עגבניות ובצל סגול 200 גרם,סוילה אס.אר.אל,IT,פיצת השף עגבניות שרי,גרמים,200.00,100 גרם,false,,12.90,6.4500,true,1,300910
7290002603634,false,"פיצה משולש תפזורת בד""צ 80ג'",שלושת האופים,IL,משולש פיצה מרגריטה ש,גרמים,80.00,100 גרם,false,,2.80,3.5000,true,1,299062
7290002661115,false,"לחם הולנדי 1 ק""ג ברמן",מאפית י את א ברמן בע,IL,"לחם הולנדי ברמן 1 ק""",פריט,1.00,"ק""ג",false,,15.90,15.9000,true,1,250113
7290002661153,false,"לחם דני קל ברמן 1 ק""",מאפית י את א ברמן בע,IL,"לחם דני קל ברמן 1 ק""",פריט,1.00,"ק""ג",false,,15.90,15.9000,true,1,250151
7290002661214,false,לחם קל גלילי ברמן 75,מאפית י את א ברמן בע,IL,לחם קל גלילי ברמן 75,גרמים,750.00,100 גרם,false,,11.90,1.5867,true,1,253157
7290002661535,false,פירורי לחם מוזהבים 1,מאפית י את א ברמן בע,IL,פירורי לחם מוזהבים 1,פריט,1.00,"ק""ג",false,,10.90,10.9000,true,1,302156
7290002661900,false,לחמניה שמיניה שומשום/פרג 6 יח' 720 גר',מאפית י את א ברמן בע,IL,מארז 6 לחמניות 720 ג,גרמים,720.00,100 גרם,false,,10.90,1.5139,true,1,302321
7290002661948,false,לחמניות כפריות ארוכות 6יח בשקית,מאפית י את א ברמן בע,IL,מארז 6 לחמניות כפריו,גרמים,720.00,100 גרם,false,,10.90,1.5139,true,1,302713
7290002661962,false,קרקר תירס פריך בתוספ,אבונט ק.פ.ט,HU,קרקר תירס פריך בתוספ,גרמים,100.00,100 גרם,false,,8.90,8.9000,true,1,313122
7290002661979,false,פתית פריך פישתן כשלפ 100גר,אבונט ק.פ.ט.,HU,קרקר תירס פריך בתוספ,גרמים,100.00,100 גרם,false,,8.90,8.9000,true,1,313123
7290002661986,false,"קרקר פריך תירס כשל""פ 100גר",אבונט ק.פ.ט.,HU,קרקר תירס פריך ברמן,גרמים,100.00,100 גרם,false,,8.90,8.9000,true,1,313124
7290002692768,false,"תרסיס שמן קנולה מזוכך ללא תוספת גז עץ הזית 200 מ""ל",טרנסומס פוד איי בי,IT,תרסיס שמן קנולה עץ ה,מיליליטרים,200.00,"100 מ""ל",false,,14.90,7.4500,true,1,285547
7290002692782,false,"תרסיס שמן זית כתית מעולה ללא תוספת גז עץ הזית 150 מ""ל",י.ב טכנולוגיות אריזה,IT,תרסיס שמן זית כתית ע,מיליליטרים,150.00,"100 מ""ל",false,,14.90,9.9333,true,1,285548
7290002701026,false,פארפל בתנור 400 גר' משובח,גיי אפ פי ייצור מזון,IL,פערפיל בתנור משובח 4,גרמים,400.00,100 גרם,false,,7.90,1.9750,true,1,246332
7290002703068,false,צנצנת דבש עין חרוד 1,עין חרוד,IL,"דבש עין חרוד 1 ק""ג",פריט,1.00,"ק""ג",false,,39.90,39.9000,true,1,249430
7290002703358,false,צנצנת דבש זכוכית 350 גרם,עין חרוד,IL,דבש עין חרוד 350 גרם,גרמים,350.00,100 גרם,false,,14.90,4.2571,true,1,249431
7290002716280,false,שבבי תפוא דרומה 500,דרומה י.א.ט בעמ,IL,שבבי תפוא דרומה 500,גרמים,500.00,100 גרם,false,,11.90,2.3800,true,1,246339
7290002716402,false,אגוז מלך טבעי דרומה,דרומה י.א.ט בעמ,IL,אגוז מלך טבעי דרומה,גרמים,400.00,100 גרם,false,,29.90,7.4750,true,1,246341
7290002716419,false,שקד קלוף דרומה 400 ג,דרומה י.א.ט בעמ,IL,שקד קלוף דרומה 400 ג,גרמים,400.00,100 גרם,false,,34.90,8.7250,true,1,246342
7290002716877,false,קקאו דרומה 500 גרם,ADM COCOA BV,IL,קקאו דרומה 500 גרם,גרמים,500.00,100 גרם,false,,14.90,2.9800,true,1,246350
7290002730811,false,"משחת שיניים ג'ל פסים מרעננים קולגייט 100 מ""ל",הנסיך- מפעל לייצור ט,PL,משחת קולגייט טריפל ג,גרמים,100.00,100 גרם,false,,11.90,11.9000,true,1,254826
7290002730903,false,פלמוליב סבון מוצק ורדים רביעייה * 125 ג',הנסיך- מפעל לייצור ט,TR,סבון מוצק פלמוליב ור,גרמים,360.00,100 גרם,false,,14.90,4.1389,true,1,254873
7290002730958,false,סבון מוצק בניחוח זיתים ואלוורה פלמוליב 4*100 גרם,הנסיך- מפעל לייצור ט,TR,סבון מוצק פלמוליב יר,גרמים,360.00,100 גרם,false,,14.90,4.1389,true,1,285984
7290002739173,false,גולש עגל קהילות מחיר לפי,,,גולש עגל קהילות,קילוגרמים,1.00,"ק""ג",true,,59.90,59.9000,true,1,253505
7290002739685,false,נקניקיות מרגז 400ג מוכן עטרה,טיבון ויל אחזקות בעמ,IL,נקניקיות מרגז קפוא ע,גרמים,400.00,100 גרם,false,,19.90,4.9750,true,1,290950
7290002739692,false,נקניקיות צ'וריסוס 500 ג' מוכן עטרה,טיבון ויל אחזקות בעמ,IL,נקניקיות צוריסוס קפו,גרמים,500.00,100 גרם,false,,24.90,4.9800,true,1,290951
7290002753223,false,רביעייה סוכריות תפוז 4*16 ג' טיק טק,פררו - אלבה,ZA,סוכריות טיק טק תפוז,גרמים,64.00,100 גרם,false,,9.90,15.4688,true,1,288233
7290002757139,false,מלאווח תימני מקורי 3 האופים 700 גר',שלושת האופים,IL,מלוואח ש.האופים 700,גרמים,700.00,100 גרם,false,,13.90,1.9857,true,1,250923
7290002757146,false,"קובה חמוסטה למרק שלושת האופים 1 ק""ג","שלושת האופים בע""\מ",IL,קובה חמוסטה ש.האופים,פריט,1.00,"ק""ג",false,,18.90,18.9000,true,1,249598
7290002757511,false,קציצות דג לבישול דלידג 750 גרם,האי נאם סי או אל.טי.,IL,קציצות דג לבישול דלי,גרמים,750.00,100 גרם,false,,24.90,3.3200,true,1,250307
7290002757535,false,בורקס פילו אצבעות גבינה שלושת האופים 700 גרם,שלושת האופים שגמור,IL,בורקס פילו אצבעות גב,גרמים,700.00,100 גרם,false,,16.90,2.4143,true,1,250306
7290002766056,false,עגבניות שרי לב אדום יח',אראל תוצרת חקלאית בע,IL,עגבניות שרי תמר 460,גרמים,460.00,100 גרם,false,,9.90,2.1522,true,1,325791
7290002768036,false,"מי פה תיאדנט ענק מונע עששת 150מ""ל",אמיליה קוסמטיקס,IL,"מי פה תיאדנט 150 מ""ל",מיליליטרים,150.00,"100 מ""ל",false,,14.70,9.8000,true,1,246364
7290002768043,false,"תיאדנט מי-פה ענק פלאוריד 150 מ""ל",אמיליה קוסמטיקס בע'\'\מ,IL,מי פה תיאדנט פלואורי,מיליליטרים,150.00,"100 מ""ל",false,,14.70,9.8000,true,1,246365
7290002775317,false,פילה דג זהבנון 1קג יח,נטו מלינדה,IL,פילה זהבנון ל.עור דל,פריט,1.00,"ק""ג",false,,22.90,22.9000,true,1,251533
7290002780007,false,מלפפונים במלח 30-36 בני דרום א10,בני דרום,IL,מלפפון במלח 30-36 בנ,פריט,3.00,"ק""ג",false,,17.90,5.9667,true,1,246372
7290002780045,false,מלפפון בחומץ ‏36‏-‏3,בני דרום,IL,מלפפון בחומץ 30-36 ב,פריט,3.00,"ק""ג",false,,17.90,5.9667,true,1,246373
7290002780571,false,מלפפון במלח 15-20 בני דרום א5,בני דרום,IL,מלפפון במלח 15-20 בנ,פריט,1.25,"ק""ג",false,,11.90,9.5200,true,1,246375
7290002780588,false,זית חרוזית שחור בני דרום 560 גרם,בני דרום,IL,זית חרוזית מושחר בני,גרמים,560.00,100 גרם,false,,7.90,1.4107,true,1,246376
7290002780601,false,מלפפון בחומץ בני דרום 15-20 250 גרם,בני דרום,IL,מלפפון בחומץ 15-20 ב,פריט,1.25,"ק""ג",false,,11.90,9.5200,true,1,246377
7290002781264,false,סירופ בטעם שוקולד מי,מיטב,IL,סירופ בטעם שוקולד מי,גרמים,700.00,100 גרם,false,,10.90,1.5571,true,1,254754
7290002781271,false,סירופ בטעם מייפל 700 גרם,מיטב,IL,סירופ בטעם מייפל מיט,גרמים,700.00,100 גרם,false,,10.90,1.5571,true,1,254755
7290002781691,false,ממרח קקאו בטעם שוקול,מיטב,IL,ממרח קקאו בטעם שוקול,גרמים,400.00,100 גרם,false,,4.90,1.2250,true,1,254757
7290002804758,false,"כרעיים עוף קפוא חב""ד קג",,IL,כרעיים עוף קפוא דליק,קילוגרמים,1.00,"ק""ג",true,,29.90,29.9000,true,1,258901
7290002804765,false,חזה עוף קפוא דליקטסו,,,חזה עוף קפוא דליקטסו,קילוגרמים,1.00,"ק""ג",true,,31.90,31.9000,true,1,258902
7290002804802,false,ירכיים עוף קפוא דליק,,IL,ירכיים עוף קפוא דליק,קילוגרמים,1.00,"ק""ג",true,,29.90,29.9000,true,1,258906
7290002804819,false,שניצל עוף קפוא דליקטסו ק,עוף הבירה,IL,שניצל עוף קפוא דליקט,קילוגרמים,1.00,"ק""ג",true,,35.90,35.9000,true,1,258907
7290002804833,false,סטייק פרגית דליקטסו קפוא,עוף הבירה,IL,סטייק פרגית קפוא דלי,קילוגרמים,1.00,"ק""ג",true,,64.90,64.9000,true,1,295784
7290002808527,false,חומץ תפוחים 5% טבעי,אולד דטש,US,חומץ תפוחים 5% טבעי,מיליליטרים,946.00,"100 מ""ל",false,,10.90,1.1522,true,1,317129
7290002814016,false,"מסיר שומנים מתז 750 מ""ל סנט מוריץ כשל""פ עד""ח","קומפלקס כימיקלים בע""",IL,תרסיס סנט מוריץ מסיר,מיליליטרים,750.00,"100 מ""ל",false,,12.90,1.7200,true,1,250291
7290002814603,false,"סנט מוריץ - מרסס מסיר שומנים קר מבושם לימון 750 מ""ל",קומפלקס כימיקלים בעמ,IL,תרסיס סנט מוריץ מסיר,מיליליטרים,750.00,"100 מ""ל",false,,9.90,1.3200,true,1,300310
7290002814870,false,"סנט מוריץ - מרסס מסיר שומנים קר מבושם לוונדר\פרחים 750 מ""ל",קומפלקס כימיקלים בעמ,IL,תרסיס סנט מוריץ מסיר,מיליליטרים,750.00,"100 מ""ל",false,,9.90,1.3200,true,1,310355
7290002824183,false,"גבינה לבנה סקי 500 גרם 5% ""שטראוס"" -מוצר בפיקוח",מיוצר עי קונדיטוריית,IL,גבינה 5% סקי 500 גרם,גרמים,500.00,100 גרם,false,,9.80,1.9600,true,1,246384
7290002824466,false,יוגורט דנונה ביו לבן 0% שומן 200 גרם,"שטראוס בריאות בע""\מ",IL,יוגורט ביו דנונה 0%,גרמים,200.00,100 גרם,false,,3.60,1.8000,true,1,287274
7290002824640,false,"גבינת סקי 250 גרם 5% ""שטראוס"" -מוצר בפיקוח",מיוצר עי קונדיטוריית,IL,גבינה 5% סקי 250 גרם,גרמים,250.00,100 גרם,false,,4.90,1.9600,true,1,246386
7290002825722,false,סלט כרוב אדום אחלה 500 גרם,מיוצר עי קונדיטוריית,IL,כרוב אדום אחלה 500 ג,גרמים,500.00,100 גרם,false,,13.90,2.7800,true,1,249576
7290002857617,false,"פסטל בשר בשר 1 ק""ג שלושת האופים",שלושת האופים,IL,פסטל בשר ש. האופים 1,פריט,1.00,"ק""ג",false,,18.90,18.9000,true,1,325818
7290002868996,false,"קוטג' 5% שומן, רכיבים טבעיים, 250 גרם",קריות זול,IL,קוטג 5% טרה 250 גרם,גרמים,250.00,100 גרם,false,,6.00,2.4000,true,1,246407
7290002871248,false,"בירה טובורג רד בקבוק 500 מ""ל חוזר",מבשלות בירה בינלאומיות ב,IL,בירה טובורג רד ב.חוז,מיליליטרים,500.00,"100 מ""ל",false,,7.90,1.5800,true,1,257537
7290002871361,false,"בירה קרלסברג בקבוק 500 מ""ל חוזר",מבשלות בירה בינלאומיות ב,IL,בירה קרלסברג ב.חוזר,מיליליטרים,500.00,"100 מ""ל",false,,7.90,1.5800,true,1,257536
7290002904694,false,"טיטניום דאודורנט ספריי לגברים 150 מ""ל","אמיליה קוסמטיקס בע""מ",IL,דאו ספריי טיטניום 18,מיליליטרים,180.00,"100 מ""ל",false,,14.90,8.2778,true,1,246456
7290002920311,false,גבינת קממבר צאן במשק,מחלבות גד,IL,גבינה קממבר צאן גד ב,קילוגרמים,1.00,"ק""ג",true,,99.00,99.0000,true,1,255926
7290002922797,false,חזה הודו עטרה טרי אר,שונות,IL,חזה הודו טרי עטרה,קילוגרמים,1.00,"ק""ג",true,,32.90,32.9000,true,1,249812
7290002922865,false,קבב מובחר 500 גרם טאקטורו,טיבון ויל אחזקות בעמ,IL,קבב מזרחי טאק טורו 5,גרמים,500.00,100 גרם,false,,14.90,2.9800,true,1,249937
7290002922872,false,המבורגר מובחר 500 גרם טאקטורו,,IL,המבורגר טאק טורו 500,גרמים,500.00,100 גרם,false,,14.90,2.9800,true,1,249936
7290002922971,false,חזה עוף חצוי עם עצם,,,חזה עוף חצוי עם עצם,קילוגרמים,1.00,"ק""ג",true,,19.90,19.9000,true,1,251760
7290002939108,false,חזה עוף טרי ארוז עטרה לק,שונות,IL,חזה עוף טרי עטרה,קילוגרמים,1.00,"ק""ג",true,,19.90,19.9000,true,1,246505
7290002939139,false,כנף הודו טרי ארוז עטרה,שונות,IL,כנפיים הודו טרי עטרה,קילוגרמים,1.00,"ק""ג",true,,19.90,19.9000,true,1,246507
7290002939153,false,שווארמה הודו זכר טרי עטר,שונות,IL,שווארמה הודו טרי עטר,קילוגרמים,1.00,"ק""ג",true,,29.90,29.9000,true,1,246509
7290002939160,false,בשר אדום עטרה טרי אר,שונות,IL,בשר אדום טרי עטרה,קילוגרמים,1.00,"ק""ג",true,,29.90,29.9000,true,1,246510
7290002939498,false,בשר מס' 8 שריר הזרוע עטרה,עטרה,IL,בשר מס 8 שריר קפוא ע,קילוגרמים,1.00,"ק""ג",true,,49.90,49.9000,true,1,246516
7290002939511,false,רגל בקר קפוא פרוס עטרה,עטרה,IL,רגל בקר קפוא עטרה,קילוגרמים,1.00,"ק""ג",true,,39.90,39.9000,true,1,250449
7290002939542,false,לשון בקר קפוא ב.יוסף קג,עטרה,PY,לשון בקר קפוא עטרה,קילוגרמים,1.00,"ק""ג",true,,39.90,39.9000,true,1,246520
7290002987963,false,"סלט חומוס אחלה 1 ק""ג",מיוצר עי קונדיטוריית,IL,"חומוס אחלה 1 ק""ג",פריט,1.00,"ק""ג",false,,13.90,13.9000,true,1,270768
7290003011087,false,"אורז בסמטי הודי מובחר שקדיה 1 ק""ג",אלסקה/ טילדה,IN,אורז בסמטי אלפנט 1 ק,פריט,1.00,"ק""ג",false,,11.90,11.9000,true,1,266679
7290003015627,false,"נוזל רצפות אפרסק 2 ליטר ""ריצפז פרש""","סנו מפעלי ברונוס בע""",IL,ריצפז פרש אפרסק 2 לי,קילוגרמים,2.00,ליטר,false,,16.90,8.4500,true,1,246574
7290003029181,false,משקה יטבתה שוקו' בקבוק 1ל מהדרין,שטראוס גרופ,IL,משקה שוקו יטבתה 1 לי,קילוגרמים,1.00,ליטר,false,,9.90,9.9000,true,1,246582
7290003029372,false,משקה חלב בטעם בננה יטבתה 1 ליטר,שטראוס גרופ,IL,משקה בננה יטבתה 1 לי,קילוגרמים,1.00,ליטר,false,,9.90,9.9000,true,1,255867
7290003029389,false,"משקה חלב בננה פקק ספורט 250 מ""ל יוטבתה",שטראוס גרופ,IL,משקה בננה בקבוק יטבת,גרמים,250.00,100 גרם,false,,5.20,2.0800,true,1,307723
7290003029433,false,"משקה יטבתה שוקו פקק 250 מ""ל מהדרין",שטראוס גרופ,IL,משקה שוקו בקבוק יטבת,גרמים,250.00,100 גרם,false,,5.20,2.0800,true,1,285849
7290003029532,false,מוקה בבקבוק יטבתה 1 ליטר מהדרין,שטראוס גרופ,IL,משקה מוקה יטבתה 1 לי,קילוגרמים,1.00,ליטר,false,,9.90,9.9000,true,1,255868
7290003029792,false,"משקה יטבתה שוקו שקיות מהדרין מארז 225X8מ""ל",שטראוס גרופ,IL,מארז שוקו שקית יטבתה,קילוגרמים,1.80,ליטר,false,,19.90,11.0556,true,1,252247
7290003029815,false,כד חלב 3% יטבתה 2 ליטר מהדרין,שטראוס גרופ,IL,חלב מועשר 3% יטבתה 2,קילוגרמים,2.00,ליטר,false,,14.90,7.4500,true,1,249582
7290003029907,false,אייס קפה יטבתה 1 ליטר מהדרין,שטראוס גרופ,IL,משקה אייס קפה יטבתה,קילוגרמים,1.00,ליטר,false,,9.90,9.9000,true,1,255866
7290003031689,false,מארז פסטרמה סלמי/כפר,טירת צבי,IL,מארז פסטרמה סלמי/כפר,פריט,1.00,"ק""ג",false,,29.90,29.9000,true,1,315070
7290003031702,false,"נקניקיות הודו מחפוד וואקום 1 ק""ג טירת צבי",טיב טירת צבי 2000,IL,נקניקיות הודו חלק טי,פריט,1.00,"ק""ג",false,,24.90,24.9000,true,1,246584
7290003031733,false,פסטרמה על גחלים מחפוד טירת צבי 400 גרם,טיב טירת צבי 2000,IL,פסטרמה גחלים טירת צב,גרמים,400.00,100 גרם,false,,24.90,6.2250,true,1,246586
7290003031740,false,פסטרמה הודו בדבש 3% טירת צבי 400 גרם,טיב טירת צבי 2000,IL,פסטרמה בדבש טירת צבי,גרמים,400.00,100 גרם,false,,24.90,6.2250,true,1,246587
7290003031757,false,פסטרמה הודו בפפריקה מחפוד טירת צבי 400 גרם,טיב טירת צבי 2000,IL,פסטרמה הודו פפריקה ט,גרמים,400.00,100 גרם,false,,24.90,6.2250,true,1,246588
7290003031849,false,"פסטרמה כפרית דבש וברביקיו צמד ט.צבי 300X2ג' בד""ץ",טיב טירת צבי 2000,IL,מארז פסטרמה כפרית דב,גרמים,600.00,100 גרם,false,,24.90,4.1500,true,1,288355
7290003054657,false,חרדל ריין דיז'ון אקסטרה פורטה 370 גרם,ריין דיז'ון reine dijon,FR,חרדל דיזון אקסטרא פו,גרמים,370.00,100 גרם,false,,9.90,2.6757,true,1,251089
7290003060009,false,"קמח חיטה לבן בהיר טחנות ישראליות 1 ק""ג",טחנות ישראליות,IL,קמח בהיר טחנות ישראל,פריט,1.00,"ק""ג",false,,3.70,3.7000,true,1,249849
7290003060023,false,"סולת חיטה 1 ק""ג מטחנות ישראליות",טחנות ישראליות,IL,סולת טחנות ישראליות,פריט,1.00,"ק""ג",false,,4.90,4.9000,true,1,249850
7290003060047,false,קמח תופח בשקיות טחנות ישראליות,טחנות ישראליות,IL,קמח תופח טחנות ישראל,פריט,1.00,"ק""ג",false,,5.90,5.9000,true,1,249851
7290003069682,false,בצק פילאס קפוא 500 גרם שלושת האופים,שלושת האופים שגמור,IL,בצק פילאס תורכי ש.הא,גרמים,500.00,100 גרם,false,,16.90,3.3800,true,1,255825
7290003069705,false,"פיצה אישית גבינה דק 80 ג' תפזורת בד""צ",שגמור ייצור ושווק מוצרי,IL,פיצה מרגריטה ש.האופי,גרמים,80.00,100 גרם,false,,2.80,3.5000,true,1,253026
7290003072521,false,כתף בקר מעושן מחפוד טירת צבי 300 גרם,טיב טירת צבי 2000,IL,פסטרמה כתף בקר מעושנ,גרמים,300.00,100 גרם,false,,24.90,8.3000,true,1,307385
7290003078042,false,אריסה פרג 250 גרם,תבליני הדור השלישי,IL,אריסה פרג 250 גרם,גרמים,250.00,100 גרם,false,,14.90,5.9600,true,1,246606
7290003078066,false,שום כתוש פרג 250 גרם,תבליני הדור השלישי,IL,שום כתוש פרג 250 גרם,גרמים,250.00,100 גרם,false,,14.90,5.9600,true,1,246607
7290003078073,false,תיבול לשניצל קלאסי 400 גרם,תבליני הדור השלישי,IL,תיבול לשניצל פרג 400,גרמים,400.00,100 גרם,false,,12.90,3.2250,true,1,268917
7290003078516,false,פלפל צומה פרג 250 גר,תבליני הדור השלישי,IL,פלפל צומה פרג 250 גר,גרמים,250.00,100 גרם,false,,14.90,5.9600,true,1,246609
7290003078554,false,תיבול לשניצל מקסיקני 400 גרם,תבליני הדור השלישי,IL,תיבול לשניצל מקסיקני,גרמים,400.00,100 גרם,false,,12.90,3.2250,true,1,262745
7290003078561,false,תיבול לשניצל אמריקאי 400 גרם,תבליני הדור השלישי,IL,תיבול לשניצל אמריקאי,גרמים,400.00,100 גרם,false,,12.90,3.2250,true,1,268918
7290003078639,false,פפריקה מתוקה בשמן פר,תבליני הדור השלישי,IL,פפריקה מתוקה בשמן פר,גרמים,500.00,100 גרם,false,,34.90,6.9800,true,1,246611
7290003078684,false,פלפל שחור פרג 400 גר,תבליני הדור השלישי,IL,פלפל שחור פרג 400 גר,גרמים,400.00,100 גרם,false,,39.90,9.9750,true,1,246612
7290003078721,false,סחוג פרג 250 גרם,תבליני הדור השלישי,IL,סחוג פרג 250 גרם,גרמים,250.00,100 גרם,false,,14.90,5.9600,true,1,246613
7290003078738,false,לימון בלאדי ק 250 גרם,תבליני הדור השלישי,IL,לימון בלאדי פרג 250,גרמים,250.00,100 גרם,false,,14.90,5.9600,true,1,249002
7290003087945,false,חטיף בוטנים בולי בודד 80 גרם,א מ חטיפי העמק בעמ,IL,בולי 80 גרם,גרמים,80.00,100 גרם,false,,2.90,3.6250,true,1,250218
7290003087952,false,בולי חטיף בוטנים 250 גרם מארז 10 יחידות,א מ חטיפי העמק בעמ,IL,מארז בולי 10*25 גרם,גרמים,250.00,100 גרם,false,,7.90,3.1600,true,1,250741
7290003107353,false,משפר אפיה ביתי שטיבל 30 גרם,ט.ק דגן טכנולוגיות ב,IL,משפר אפיה שטיבל 30 ג,גרמים,30.00,100 גרם,false,,5.90,19.6667,true,1,253977
7290003119509,false,פקדון בקבוק בירה ריק,,,פקדון בקבוק בירה ריק,Unknown,0.00,יחידה,false,,1.20,0.0000,true,1,257535
7290003126712,false,יוגורט עיזים מחלב מלא 3.7% משק צוריאל 150 גרם,מחלבת משק צוריאל,IL,יוגורט עיזים צוריאל,מיליליטרים,150.00,"100 מ""ל",false,,6.30,4.2000,true,1,249752
7290003126958,false,טופו גבינה גוש בואקום צוריאל 300 ג',א.י.ן תעשיות מזון בע,IL,טופו גולמי צוריאל 30,גרמים,300.00,100 גרם,false,,11.90,3.9667,true,1,270845
7290003203086,false,גרונות הודיות-במגש-קפוא,מ ב גלאט עוף למהדרין,IL,גרונות הודיות קפוא ג,קילוגרמים,1.00,"ק""ג",true,,33.90,33.9000,true,1,246657
7290003229215,false,פסטרמה איטלקית 3.5% טירת צבי 360 גרם,טירת צבי - מדף,IL,פסטרמה איטלקית טירת,גרמים,360.00,100 גרם,false,,25.90,7.1944,true,1,255520
7290003318100,false,וופל בטעם שוקולד מנעמים 200 ג',מנעמים תעשיות מזון,IL,ופל שוקולד מנעמים 20,גרמים,200.00,100 גרם,false,,2.90,1.4500,true,1,251673
7290003318131,false,וופל שוקו זהב מנעמית 200ג',מנעמים תעשיות מזון,IL,ופל אגוז מנעמים 200,גרמים,200.00,100 גרם,false,,2.90,1.4500,true,1,251676
7290003318155,false,וופל טעם לימון מנעמים 200 ג',מנעמים תעשיות מזון,IL,ופל לימון מנעמים 200,גרמים,200.00,100 גרם,false,,2.90,1.4500,true,1,251674
7290003318599,false,וופלים וניל מנעמים 200 גרם,מנעמים תעשיות מזון,IL,ופל וניל מנעמים 200,גרמים,200.00,100 גרם,false,,2.90,1.4500,true,1,251675
7290003319145,false,גפילטע פיש הדג המיוח,דג טעים בעמ,IL,גפילטע פיש הדג המיוח,פריט,1.01,"ק""ג",false,,14.90,14.7525,true,1,289807
7290003321155,false,יוגורט בר עם פקאן מצופה שוקולד 183 ג' דנונה,"שטראוס בריאות בע""\מ",IL,דנונה בר פקאן,מיליליטרים,175.00,"100 מ""ל",false,,4.50,2.5714,true,1,246686
7290003321292,false,גבינה לבנה 9% שומן 250 ג' שטראוס,מיוצר עי קונדיטוריית,IL,גבינה 9% סקי 250 גרם,גרמים,250.00,100 גרם,false,,4.90,1.9600,true,1,249592
7290003332014,false,קפה נח'לה אדום עם הל500ג,קפה אל נח'לה,IL,קפה נחלה אדום עם הל,גרמים,500.00,100 גרם,false,,28.90,5.7800,true,1,250263
7290003387205,false,דאו' ספיד סטיק בסיסי ירוק רגיל לגבר 63ג',הנסיך- מפעל לייצור ט,US,דאו ספיד סטיק רגולר,גרמים,70.00,100 גרם,false,,18.90,27.0000,true,1,254838
7290003387410,false,שלישיית פדים להסרת איפור בלונס 80 יחידות,ספטונה,GR,פדים להסרת איפור בלו,Unknown,0.00,יחידה,false,,16.90,0.0000,true,1,289175
7290003411054,false,שקיות צליה גדול דליקטס רוסטי הנמל 5יח`,סאדאת איסטנבול,TR,שקיות לצליה רוסטי ענ,Unknown,0.00,יחידה,false,,3.90,0.0000,true,1,246717
7290003411313,false,מפת אל בד מעורב צבעים 120X180 הנמל משובחת,שיווק: הנמל אריזות ושיוו,IL,מפת אלבד כחול לבן הנ,Unknown,0.00,יחידה,false,,4.90,0.0000,true,1,246721
7290003411566,false,צמרוני עץ הנמל 200 יחידות,שוורצקוף& הנקל דיסלד,CN,צמרוני אוזניים עץ הנ,Unknown,0.00,יחידה,false,,1.90,0.0000,true,1,246722
7290003411726,false,קיסמי שיניים מלחיה הנמל 300יח',הנמל אריזות ושיווק בעמ,IL,קיסמי שיניים מלחיה ה,Unknown,0.00,יחידה,false,,3.50,0.0000,true,1,246724
7290003411948,false,צמר גפן הנמל 100 יחידות,ביוטיפול Beautiful,TR,צמר גפן הנמל 100 גרם,Unknown,0.00,יחידה,false,,3.90,0.0000,true,1,246730
7290003411993,false,גפרורים הנמל 10 יחידות,"איטיליאן פוד, אס.פי.",SE,גפרורים 10 יח,Unknown,0.00,יחידה,false,,2.50,0.0000,true,1,246731
7290003424245,false,מרלוזה ארגנטינאית במשקל,,AR,מרלוזה צ'ירינה קפוא,קילוגרמים,1.00,"ק""ג",true,,27.90,27.9000,true,1,323357
7290003427154,false,"שמן זית כתית מעולה טעם מעודן זיתא 750 מ""ל",זיתא תעשיות שמן זיתt\,IL,שמן זית כתית פיית מז,מיליליטרים,750.00,"100 מ""ל",false,,32.90,4.3867,true,1,260587
7290003450602,false,ממרח חרדל היינץ לחיץ 255 גרם,היינץ צפון אמריקה מקבוצת ה.י.היינץ,US,ממרח חרדל לחיץ היינץ,גרמים,255.00,100 גרם,false,,7.50,2.9412,true,1,254814
7290003521197,false,"ד""ר פישר - סרקל תרסיס מתיר קשרים 340 מ""ל",פישר מעבדות פרמצבטיות בע,IL,סרקל תרסיס מתיר קשרי,מיליליטרים,340.00,"100 מ""ל",false,,22.90,6.7353,true,1,246767
7290003521340,false,"קמיל בלו אל סבון קלאסיק ד""ר פישר 2 ליטר",פישר מעבדות פרמצבטיות בע,IL,"אל סבון קמיל בלו ד""ר",קילוגרמים,2.00,ליטר,false,,33.90,16.9500,true,1,246770
7290003521463,false,"קמיל בלו שמפו לשיער אל דמע ד""ר פישר 2 ליטר",פישר מעבדות פרמצבטיות בע,IL,שמפו אלדמע קמיל בלו,קילוגרמים,2.00,ליטר,false,,34.90,17.4500,true,1,246772
7290003521760,false,"פישר אפטרסול ג'ל אלוורה להרגעת העור, 200 מ""ל",פישר מעבדות פרמצבטיות בע,IL,ג'ל לחות אלוורה אולט,מיליליטרים,200.00,"100 מ""ל",false,,17.90,8.9500,true,1,322877
7290003550753,false,רביעיית טונה בשמן פוסידון 108 גרם,"מיוצר עי וליגר בעמ,",IL,טונה בשמן פוסידון 4,גרמים,432.00,100 גרם,false,,19.90,4.6065,true,1,246782
7290003578108,false,חתיכות אננס בסירופ קל וילי פוד 850 גרם,טקרנג פינאפל אינדסטר,TH,לפתן אננס חתוך ויליפ,גרמים,850.00,100 גרם,false,,8.90,1.0471,true,1,246788
7290003578177,false,תירס צעיר שלם וילי פוד 210 גרם,מגסטיק פוד אידסטרי ק,TH,תירס גמדי ויליפוד 41,גרמים,410.00,100 גרם,false,,6.50,1.5854,true,1,246789
7290003578313,false,דובדבנים ללא חרצנים ויליפוד 680 גרם,דל מונטה היילס אס.אי,HR,דובדבנים חמוצים מגול,גרמים,680.00,100 גרם,false,,8.90,1.3088,true,1,246790
7290003578672,false,ויליפוד שמן חמניות 1 ליטר{בית יוסף},וילי פוד,TR,שמן חמניות וילי פוד,קילוגרמים,1.00,ליטר,false,,8.90,8.9000,true,1,271025
7290003643004,false,"סוגת אורז בסמטי קלאסי 1 ק""ג",האי נאם סי או אל.טי.,IL,"אורז בסמטי סוגת 1 ק""",פריט,1.00,"ק""ג",false,,12.90,12.9000,true,1,246798
7290003643646,false,"סוכר דמררה קלאסי בצנצנת סוגת 1 ק""ג",האי נאם סי או אל.טי.,IL,"סוכר דמררה סוגת 1 ק""",פריט,1.00,"ק""ג",false,,9.90,9.9000,true,1,246800
7290003672073,false,פילה אמנון פאר הדג 5,ג.עופר,CN,פילה אמנון פאר הדג 5,קילוגרמים,1.00,"ק""ג",true,,24.90,24.9000,true,1,261858
7290003681228,false,עלי דפנה בצנצנת מיה 10 גרם,מיה תעשיות מזון מ.ת.מ. ב,IL,עלי דפנה מיה 10 גרם,גרמים,10.00,100 גרם,false,,5.80,58.0000,true,1,246819
7290003681242,false,זעתר בצנצנת מיה 50 גרם,מיה תעשיות מזון מ.ת.מ. ב,IL,זעתר מיה 50 גרם,גרמים,50.00,100 גרם,false,,5.80,11.6000,true,1,246821
7290003681723,false,תבלין לפיצה בצנצנת מיה 80 גרם,מיה תעשיות מזון מ.ת.מ. ב,IL,תבלין לפיצה מיה 80 ג,גרמים,80.00,100 גרם,false,,5.80,7.2500,true,1,246832
7290003681730,false,תבלין לגריל דג מיה 80 גרם,מיה תעשיות מזון מ.ת.מ. ב,IL,תבלין גריל דג מיה 80,גרמים,80.00,100 גרם,false,,5.80,7.2500,true,1,246833
7290003681754,false,אבקת קארי בצנצנת מיה 80 גרם,מיה תעשיות מזון מ.ת.מ. ב,IL,תבלין קארי מיה 80 גר,גרמים,80.00,100 גרם,false,,5.80,7.2500,true,1,246835
7290003681761,false,גבישי שום בצנצנת מיה 80 גרם,מיה תעשיות מזון מ.ת.מ. ב,IL,גבישי שום מיה 80 גרם,גרמים,100.00,100 גרם,false,,7.90,7.9000,true,1,246836
7290003719259,false,"ליבו לחם טבעי אקסקלוסיבי 1 ק""ג",מאפית י את א ברמן בע,IL,"לחם שיפון ליבו 1 ק""ג",פריט,1.00,"ק""ג",false,,15.90,15.9000,true,1,250111
7290003726141,false,טופו אמיתי כפרי בריא 300 גרם,ג'נרל מילס סאן אדריא,IL,טופו גולמי גאיה 300,גרמים,300.00,100 גרם,false,,10.90,3.6333,true,1,250106
7290003726615,false,"טופו ויילר 300 גרם ""שטראוס""",הדקלאים אגודת שיתופי,IL,טופו הבית משק ויילר,מיליליטרים,300.00,"100 מ""ל",false,,9.60,3.2000,true,1,321000
7290003726684,false,טופו חומוס בטעם טבעי 300 ג' משק ויילר,הנסיך- מפעל לייצור ט,IL,טופו חומוס בטעם טבעי,מיליליטרים,300.00,"100 מ""ל",false,,9.60,3.2000,true,1,321001
7290003751105,false,כרעיים עוף-במגש-קפוא,מ ב גלאט עוף למהדרין,IL,כרעיים עוף קפוא גלאט,קילוגרמים,1.00,"ק""ג",true,,44.90,44.9000,true,1,263409
7290003751457,false,כנפיים הודיות-במגש-קפוא,מ ב גלאט עוף למהדרין,IL,כנפיים הודיות קפוא ג,קילוגרמים,1.00,"ק""ג",true,,19.90,19.9000,true,1,268496
7290003751532,false,עוף מס 2 קפוא גלאט ע,מ ב גלאט עוף למהדרין,IL,עוף מס 2 קפוא גלאט ע,קילוגרמים,1.00,"ק""ג",true,,28.90,28.9000,true,1,246856
7290003779499,false,גינגר ארוז 200 גרם,"מרינה פטריות הגליל בע""מ",IL,גינגר ארוז 200 גרם,גרמים,200.00,100 גרם,false,,7.90,3.9500,true,1,268186
7290003882922,false,עלי גפן ממולאים באורז וילי פוד 360 גרם,הזה פלאקספו פוד קו ב,CN,עלי גפן ממולאים וילי,גרמים,400.00,100 גרם,false,,8.50,2.1250,true,1,246886
7290003989096,false,סלט חצילים פיקנטי אחלה 500 גרם,מיוצר עי קונדיטוריית,IL,חציל פיקנטי אחלה 500,גרמים,500.00,100 גרם,false,,15.90,3.1800,true,1,249570
7290003989539,false,לורנצו רביולי במילוי גבינה,מיוצר עי קונדיטוריית,IL,רביולי גבינה קלאסי ש,גרמים,400.00,100 גרם,false,,16.70,4.1750,true,1,246887
7290003996018,false,חסה ערבית (שקית ) חסלט,נסטלה קוריאה - קפה,IL,חסה ערבית גלאט,Unknown,0.00,יחידה,false,,7.90,0.0000,true,1,246890
7290003996049,false,פטרוזיליה טרי ארוז חסלט,נסטלה שוויץ - רורשאך,IL,פטרוזיליה מהדרין,Unknown,0.00,יחידה,false,,6.90,0.0000,true,1,246891
7290003996056,false,כוסברה טריה מהדרין ח,יעל ירק עלים,IL,כוסברה מהדרין,Unknown,0.00,יחידה,false,,6.90,0.0000,true,1,246892
7290003996063,false,שמיר חסלט כפרי טרי,יעל ירק עלים,IL,שמיר מהדרין,Unknown,0.00,יחידה,false,,6.90,0.0000,true,1,246893
7290003996070,false,נענע חסלט כפרי טרי,יעל ירק עלים,IL,נענע מהדרין,Unknown,0.00,יחידה,false,,6.90,0.0000,true,1,246894
7290003996087,false,בצל ירוק חסלט כפרי טרי,יעל ירק עלים,IL,בצל ירוק גלאט,Unknown,0.00,יחידה,false,,7.90,0.0000,true,1,246895
7290003996094,false,סלרי אמריקאי חסלט כפרי טרי,יעל ירק עלים,IL,סלרי מהדרין,Unknown,0.00,יחידה,false,,7.90,0.0000,true,1,248797
7290003996100,false,מנגולד חסלטכפרי טרי,יעל ירק עלים,IL,עלי סלק מהדרין,Unknown,0.00,יחידה,false,,7.90,0.0000,true,1,248798
7290003996117,false,"כרוב לבן שלם חסלט 1 ק""ג",יעל ירק עלים,IL,כרוב לבן חסלט כפרי ט,Unknown,0.00,יחידה,false,,21.90,0.0000,true,1,246896
7290003996506,false,כרוב לבן קצוץ 400 גרם חסלט,יעל ירק עלים,IL,כרוב לבן 400 גרם,גרמים,400.00,100 גרם,false,,11.90,2.9750,true,1,246903
7290003996513,false,כרוב אדום קצוץ 400 גרם חסלט-כפרי טרי,יעל ירק עלים,IL,כרוב אדום 400 גרם,גרמים,400.00,100 גרם,false,,11.90,2.9750,true,1,246904
7290003996544,false,חסה אייסברג קצוצה 300 גרם חסלט כפרי טרי,יעל ירק עלים,IL,חסה קצוצה 300 גרם,גרמים,310.00,100 גרם,false,,12.90,4.1613,true,1,246906
7290003996551,false,קולסלאו 400 גרם חסלט כפרי טרי,יעל ירק עלים,IL,סלט קולסלאו 400 גרם,גרמים,400.00,100 גרם,false,,11.90,2.9750,true,1,246907
7290003996605,false,לקט ירקות ים תיכוני חסלט 400 גרם,יעל ירק עלים,IL,לקט ים תיכוני 350 גר,גרמים,350.00,100 גרם,false,,12.90,3.6857,true,1,246908
7290004011284,false,"ריץ' בסיס להכנת קצפת 212 מ""ל",ריצ' פרודקטס קורפריי,US,בסיס להכנת קצפת 25%,מיליליטרים,212.00,"100 מ""ל",false,,6.90,3.2547,true,1,251462
7290004011345,false,"ספריי קצפת מתוקה מוכנה פרווה ריץ' 238 מ""ל",האי נאם סי או אל.טי.,IT,תרסיס קצפת צמחית ריץ,מיליליטרים,250.00,"100 מ""ל",false,,8.90,3.5600,true,1,254535
7290004023041,false,"לחם שיפון ללא שמרים ד""ר מרק 750 גר'",המאפה של דר מרק בריא,IL,לחם מחמצת שיפון דר מ,גרמים,750.00,100 גרם,false,,11.90,1.5867,true,1,289712
7290004030018,false,"מיץ לימון סחוט לסלטים 500 מ""ל פרי העץ",הנסיך- מפעל לייצור ט,IL,מיץ לימון טבעי פריני,מיליליטרים,500.00,"100 מ""ל",false,,6.90,1.3800,true,1,252191
7290004030612,false,"מיץ תפוח, קיווי אגס ללא תוספת סוכר 1 ליטר פרי ניב",פריניב בעמ,IL,מיץ תפוח קיווי ואגס,קילוגרמים,1.00,ליטר,false,,13.90,13.9000,true,1,264379
7290004030834,false,מיץ רימונים סחוט 100% רכיבים טבעיים פרי ניב 1 ליטר,פריניב בעמ,IL,מיץ רימונים 100% פרי,קילוגרמים,1.00,ליטר,false,,19.90,19.9000,true,1,253877
7290004033705,false,הבורגריה – 6 לחמניות המבורגר בשקית,מאפית י את א ברמן בע,IL,לחמניות המבורגר הבור,גרמים,600.00,100 גרם,false,,12.90,2.1500,true,1,317613
7290004033712,false,לחם עננים מקמח מלא עם פרוסות עבות,מאפית י את א ברמן בע,IL,לחם עננים קמח חיטה מ,גרמים,750.00,100 גרם,false,,14.90,1.9867,true,1,317615
7290004033729,false,לחם עננים מקמח כוסמין עם פרוסות עבות,מאפית י את א ברמן בע,IL,לחם עננים מקמח כוסמי,גרמים,750.00,100 גרם,false,,16.50,2.2000,true,1,317614
7290004033736,false,"עננים לחם לבן בסגנון בריוש עם פרוסות עבות, 500 גרם",מאפית י את א ברמן בע,IL,לחם עננים לבן בסגנון,גרמים,500.00,100 גרם,false,,13.90,2.7800,true,1,320810
7290004033750,false,לחמניות עננים סגנון בריוש,מאפית י את א ברמן בע,IL,לחמניות עננים מתוקות,גרמים,360.00,100 גרם,false,,13.90,3.8611,true,1,325190
7290004048679,false,"קובה למרק שלושת האופים 1 ק""ג","שלושת האופים בע""\מ",IL,קובה למרק ש.האופים 1,פריט,1.00,"ק""ג",false,,18.90,18.9000,true,1,246932
7290004063016,false,"מלח שולחן דק סלית 1 ק""ג בדץ",האי נאם סי או אל.טי.,IL,"מלח שולחן 1 ק""ג בד""צ",פריט,1.00,"ק""ג",false,,1.70,1.7000,true,1,246933
7290004063115,false,"מלח מטבח עבה להמלחת בשר ובישול 1 ק""ג",האי נאם סי או אל.טי.,IL,"מלח בישול 1 ק""ג בד""צ",פריט,1.00,"ק""ג",false,,1.70,1.7000,true,1,246934
7290004064174,false,"תבלין מלח ההימלאיה דק בצנצנת 1 ק""ג","חברת מלח הארץ אילת בע""\מ",PK,"מלח דק הימלאיה 1 ק""ג",פריט,1.00,"ק""ג",false,,14.90,14.9000,true,1,304984
7290004064181,false,"תבלין מלח ההימלאיה גס בצנצנת 1 ק""ג","חברת מלח הארץ אילת בע""\מ",PK,"מלח גס הימלאיה 1 ק""ג",פריט,1.00,"ק""ג",false,,14.90,14.9000,true,1,304985
7290004064280,false,מלח מופחת נתרן בצנצנת מלח הארץ 600 גרם,חברת מלח הארץ אילת ב,IL,מלח מופחת נתרן 600 ג,גרמים,600.00,100 גרם,false,,15.90,2.6500,true,1,306195
7290004064297,false,"מלח מועשר ביוד בצנצנת מלח הארץ 1 ק""ג","חברת מלח הארץ אילת בע""\מ",IL,מלח ים מועשר ביוד 1,פריט,1.00,"ק""ג",false,,8.90,8.9000,true,1,306196
7290004064303,false,מלח אטלנטי בצנצנת מלח הארץ 800 גרם,"חברת מלח הארץ אילת בע""\מ",IL,מלח ים אטלנטי 800 גר,גרמים,800.00,100 גרם,false,,17.90,2.2375,true,1,306197
7290004068172,false,יוגורט עזים בדלי 5% שומן 600 ג' גד,קוד יצרן MKN,IL,יוגורט עיזים ביו גד,גרמים,600.00,100 גרם,false,,17.90,2.9833,true,1,259370
7290004068332,false,גבינה קממבר בקר משולשים גד,מחלבות גד,IL,גבינה קממבר גד במשקל,קילוגרמים,1.00,"ק""ג",true,,99.00,99.0000,true,1,264100
7290004068424,false,גבינה גאודה משולשים,מחלבות גד,IL,גבינה גאודה משולשים,קילוגרמים,1.00,"ק""ג",true,,99.00,99.0000,true,1,311094
7290004078942,false,ליידי ספיד סטיק - דאודורנט ג'ל לאישה 65 גרם,קולגייט-פלמוליב,US,דאו גל ליידי ספיד סט,גרמים,65.00,100 גרם,false,,18.90,29.0769,true,1,290462
7290004091217,false,"גודרדס, חומר לניקוי והברקת כלי כסף 144 מל",אס סי גונסון פורטוגל,PT,מבריק גודרס לכלי כסף,גרמים,125.00,100 גרם,false,,14.90,11.9200,true,1,246937
7290004091255,false,ג'ל פטרוליום טהור 100% וזלין 212 גרם,"יוניליוור ארה""ב, ג'ו",US,וזלין פטרולאום גלי 2,גרמים,212.00,100 גרם,false,,16.90,7.9717,true,1,246938
7290004093013,false,כרעיים עוף הכפר טרי ארוז,נטו,IL,כרעיים עוף טרי עוף ה,קילוגרמים,1.00,"ק""ג",true,,17.90,17.9000,true,1,294393
7290004093020,false,חזה עוף הכפר טרי ארוז,נטו,IL,חזה עוף טרי עוף הכפר,קילוגרמים,1.00,"ק""ג",true,,25.90,25.9000,true,1,294395
7290004093037,false,כנפיים עוף הכפר טרי ארוז,נטו,IL,כנפיים עוף טרי עוף ה,קילוגרמים,1.00,"ק""ג",true,,7.90,7.9000,true,1,294396
7290004093044,false,שוקיים עוף הכפר טרי ארוז,נטו,IL,שוקיים עוף טרי עוף ה,קילוגרמים,1.00,"ק""ג",true,,27.90,27.9000,true,1,294397
7290004093051,false,ירכיים עוף הכפר טרי ארוז,נטו,IL,ירכיים עוף טרי עוף ה,קילוגרמים,1.00,"ק""ג",true,,19.90,19.9000,true,1,294394
7290004093068,false,שניצל עוף הכפר טרי ארוז,נטו,IL,שניצל עוף טרי עוף הכ,קילוגרמים,1.00,"ק""ג",true,,27.90,27.9000,true,1,294398
7290004093082,false,כבד עוף הכפר טרי ארוז,נטו,IL,כבד עוף טרי עוף הכפר,קילוגרמים,1.00,"ק""ג",true,,13.90,13.9000,true,1,294400
7290004093112,false,כרעיים עוף קפוא עוף,,,כרעיים עוף קפוא עוף,קילוגרמים,1.00,"ק""ג",true,,23.90,23.9000,true,1,296033
7290004093129,false,חזה עוף קפוא עוף הכפ,,,חזה עוף קפוא עוף הכפ,קילוגרמים,1.00,"ק""ג",true,,25.90,25.9000,true,1,296034
7290004093136,false,כנפיים עוף קפוא עוף,,,כנפיים עוף קפוא עוף,קילוגרמים,1.00,"ק""ג",true,,7.90,7.9000,true,1,296035
7290004093143,false,שוקיים עוף קפוא עוף,,,שוקיים עוף קפוא עוף,קילוגרמים,1.00,"ק""ג",true,,26.90,26.9000,true,1,296036
7290004093150,false,ירכיים עוף קפוא עוף,,,ירכיים עוף קפוא עוף,קילוגרמים,1.00,"ק""ג",true,,23.90,23.9000,true,1,296037
7290004093167,false,שניצל עוף קפוא עוף ה,,,שניצל עוף קפוא עוף ה,קילוגרמים,1.00,"ק""ג",true,,27.90,27.9000,true,1,296038
7290004093181,false,סטייק פרגית עוף קפוא,,,סטייק פרגית עוף קפוא,קילוגרמים,1.00,"ק""ג",true,,52.90,52.9000,true,1,296040
7290004093198,false,סטייק פרגית עוף הכפר,נטו,IL,סטייק פרגית עוף טרי,קילוגרמים,1.00,"ק""ג",true,,49.90,49.9000,true,1,294460
7290004093211,false,כבד עוף קפוא עוף הכפ,,,כבד עוף קפוא עוף הכפ,קילוגרמים,1.00,"ק""ג",true,,19.90,19.9000,true,1,309010
7290004093501,false,פילה עוף טרי דליקטס,,,פילה עוף טרי דליקטס,קילוגרמים,1.00,"ק""ג",true,,34.90,34.9000,true,1,305774
7290004119133,false,כד יוגורט תנובה 6.5% שומן 1.5 ליטר,מיוצר עי קונדיטוריית,IL,משקה יוגורט 6.5% תנו,קילוגרמים,1.50,ליטר,false,,16.90,11.2667,true,1,249504
7290004119225,false,יופלה יוגורט אננס %3 גביע 150 גרם,תנובה מרכז שיתופי לש,IL,"יופלה אננס 3% 150 מ""",מיליליטרים,150.00,"100 מ""ל",false,,4.90,3.2667,true,1,246939
7290004119973,false,קרלו מעדן שוקו רביעיה גביע 1.5% 125 גרם,תנובה מרכז שיתופי לש,IL,קרלו שוקולדה 125 גרם,מיליליטרים,125.00,"100 מ""ל",false,,2.90,2.3200,true,1,246942
7290004120061,false,מעדן חלב בטעם שוקו וניל שוניל 2% קרלו 125 גרם,תנובה מרכז שיתופי לש,IL,קרלו שוקולד וניל 125,מיליליטרים,125.00,"100 מ""ל",false,,3.00,2.4000,true,1,246943
7290004120108,false,יופלה דיאט יוגורט דובדבן %0 גביע 150גרם,תנובה מרכז שיתופי לש,IL,יופלה דיאט 0% דובדבן,גרמים,150.00,100 גרם,false,,5.00,3.3333,true,1,246944
7290004120573,false,פיראוס 16% גבינה בולגרית 250 גרם,תנובה מרכז שיתופי לש,IL,גבינה בולגרית 16% פי,גרמים,250.00,100 גרם,false,,17.50,7.0000,true,1,246947
7290004120634,false,גבינה פיראוס בולגרית 5% 250 גרם,תנובה מרכז שיתופי לש,IL,גבינה בולגרית 5% פיר,גרמים,250.00,100 גרם,false,,17.50,7.0000,true,1,246948
7290004121488,false,יופלה דיאט אפרסק 0% גביע 150 גרם,תנובה מרכז שיתופי לש,IL,יופלה דיאט 0% אפרסק,גרמים,150.00,100 גרם,false,,5.00,3.3333,true,1,246951
7290004121525,false,יופלה מאגדת פרי 4 תות 4 אפרסק 3% 8 יח'*150 ג',תנובה מרכז שיתופי לש,IL,מארז יופלה אפרסק/תות,קילוגרמים,1.20,ליטר,false,,29.90,24.9167,true,1,246952
7290004121839,false,גבינת פטה כבשים 20% פיראוס 250 גרם,תנובה מרכז שיתופי לש,IL,גבינת פטה כבשים 20%,גרמים,250.00,100 גרם,false,,26.30,10.5200,true,1,246955
7290004121853,false,גבינה בולגרית פיראוס 5% קוביות 200 גרם,תנובה מרכז שיתופי לש,IL,גבינה בולגרית קוביות,גרמים,200.00,100 גרם,false,,20.90,10.4500,true,1,246956
7290004122348,false,גבינת עמק לייט פרוס בקופסא 200 גרם,תנובה מרכז שיתופי לש,IL,גבינה עמק 9% 200 גרם,גרמים,200.00,100 גרם,false,,17.90,8.9500,true,1,246958
7290004122676,false,גבינת חמד לייט 5% פיראוס 250 ג',"תנובה,מחלבת טנא נוגה",IL,גבינת חמד לייט 5% פי,גרמים,250.00,100 גרם,false,,18.50,7.4000,true,1,250114
7290004122683,false,עמק חטיף אצבעות גבינה חצי קשה 28% שומן,תנובה מרכז שיתופי לש,IL,אצבעות גבינת עמק 172,גרמים,172.00,100 גרם,false,,16.90,9.8256,true,1,246960
7290004124205,false,יופלה דיאט יוגורט תות %0 גביע 150 גרם,תנובה מרכז שיתופי לש,IL,יופלה דיאט 0% תות 15,גרמים,150.00,100 גרם,false,,5.00,3.3333,true,1,246964
7290004124847,false,"קצפת צמחית השף הלבן 500 מ""ל תנובה",תנובה מרכז שיתופי לש,IL,קצפת צמחית השף הלבן,מיליליטרים,500.00,"100 מ""ל",false,,16.90,3.3800,true,1,246966
7290004125370,false,"שמנת חמוצה 9% מופחתת שומן תנובה 200 מ""ל מהדרין",תנובה מרכז שיתופי לש,IL,שמנת חמוצה 9% תנובה,מיליליטרים,200.00,"100 מ""ל",false,,3.80,1.9000,true,1,246968
7290004125400,false,"אשל שלי מהדרין 200 מ""ל 4.5% ""תנובה""- מוצר בפיקוח",פארייפאבה אגרואינדוס,IL,"אשל תנובה 200 מ""ל",מיליליטרים,200.00,"100 מ""ל",false,,1.65,0.8250,true,1,246969
7290004125417,false,"גיל 3% שלי 200 מ""ל ""תנובה"" -מוצר בפיקוח",תנובה מרכז שיתופי לש,IL,"גיל תנובה 200 מ""ל",מיליליטרים,206.00,"100 מ""ל",false,,1.50,0.7282,true,1,246970
7290004125455,false,"שמנת חמוצה 200 מ""ל 15% ""תנובה"" -מוצר בפיקוח",תנובה מרכז שיתופי לש,IL,שמנת חמוצה 15% תנובה,מיליליטרים,200.00,"100 מ""ל",false,,2.40,1.2000,true,1,246971
7290004125462,false,"שמנת חמוצה 15% תנובה 500 מ""ל מהדרין",תנובה מרכז שיתופי לש,IL,שמנת חמוצה 15% תנובה,מיליליטרים,500.00,"100 מ""ל",false,,5.90,1.1800,true,1,246972
7290004125509,false,"שמנת חמוצה 15% מועשרת תנובה 100 מ""ל",תנובה מרכז שיתופי לש,IL,שמנת חמוצה 15% תנובה,גרמים,100.00,100 גרם,false,,1.70,1.7000,true,1,246973
7290004125578,false,משקה סויה מעושר בסידן תנובה 1ל',תנובה מרכז שיתופי לש,IL,משקה סויה אלטרנטיב 1,קילוגרמים,1.00,ליטר,false,,9.90,9.9000,true,1,246974
7290004125585,false,משקה סויה בטעם וניל תנובה 1 ליטר,תנובה מרכז שיתופי לש,IL,משקה סויה וניל אלטרנ,קילוגרמים,1.00,ליטר,false,,6.90,6.9000,true,1,246975
7290004125721,false,"השף הלבן שמנת עמידה לבישול 15% תנובה 250 מ""ל",תנובה מרכז שיתופי לש,IL,שמנת לבישול 15% השף,מיליליטרים,250.00,"100 מ""ל",false,,8.30,3.3200,true,1,246977
7290004125738,false,שמנת מתוקה להקצפה32% 250מל עמיד השף הלבן,תנובה מרכז שיתופי לש,IL,שמנת להקצפה 32% השף,מיליליטרים,250.00,"100 מ""ל",false,,6.20,2.4800,true,1,246978
7290004126674,false,טל העמק פרוסות גבינה חצי קשה לייט %9 200 גרם בקופסא,תנובה מרכז שיתופי לש,IL,גבינה עמק בסגנון אמנ,גרמים,200.00,100 גרם,false,,18.90,9.4500,true,1,246979
7290004127077,false,קוטג תנובה 3% גביע 250 גרם מהדרין,מיוצר עי קונדיטוריית,IL,קוטג 3% תנובה 250 גר,גרמים,250.00,100 גרם,false,,5.50,2.2000,true,1,246981
7290004127329,false,קוטג תנובה גביע 250 גרם %5 ו.מהדרין,מיוצר עי קונדיטוריית,IL,קוטג 5% תנובה 250 גר,גרמים,250.00,100 גרם,false,,5.50,2.2000,true,1,246982
7290004127336,false,קוטג תנובה גביע 250 גרם %9 ו.מהדרין,מיוצר עי קונדיטוריית,IL,קוטג 9% תנובה 250 גר,גרמים,250.00,100 גרם,false,,5.50,2.2000,true,1,264823
7290004127800,false,"גבינה לבנה 500 גרם 5% ""תנובה"" -מוצר בפיקוח",מיוצר עי קונדיטוריית,IL,גבינה 5% תנובה 500 ג,גרמים,500.00,100 גרם,false,,9.70,1.9400,true,1,246985
7290004127817,false,גבינה לבנה 9% שומן 500 ג' תנובה,מיוצר עי קונדיטוריית,IL,גבינה 9% תנובה 500 ג,גרמים,500.00,100 גרם,false,,9.70,1.9400,true,1,246986
7290004127862,false,גבינה לבנה 5% שומן 750 ג' תנובה,תנובה מרכז שיתופי לש,IL,גבינה 5% תנובה 750 ג,גרמים,750.00,100 גרם,false,,14.50,1.9333,true,1,246987
7290004127916,false,גבינה לבנה 0.5% שומן 500 ג' תנובה,תנובה מרכז שיתופי לש,IL,גבינה 1/2% תנובה 500,גרמים,500.00,100 גרם,false,,9.70,1.9400,true,1,246989
7290004129101,false,גבינת שמנת 25% בטעם טבעי 225 ג' נפוליאון,תנובה מרכז שיתופי לש,IL,גבינת שמנת טבעי 25%,גרמים,225.00,100 גרם,false,,12.50,5.5556,true,1,246992
7290004129118,false,גבינת שמנת 24% עם זיתים ירוקים 225 ג' נפוליאון,תנובה מרכז שיתופי לש,IL,גבינת שמנת זיתים 24%,גרמים,225.00,100 גרם,false,,12.50,5.5556,true,1,246993
7290004129156,false,גבינת שמנת25% עם שום שמיר 225 ג' נפוליאון,תנובה מרכז שיתופי לש,IL,גבינת שמנת שום שמיר,גרמים,225.00,100 גרם,false,,12.50,5.5556,true,1,246994
7290004130794,false,משקה סויה במתיקות מופחתת תנובה 1 ליטר,תנובה מרכז שיתופי לש,IL,משקה סויה במתיקות מו,קילוגרמים,1.00,ליטר,false,,10.50,10.5000,true,1,246997
7290004130916,false,יוגורט יופלה פירות יער בשמנת 3% 150 גרם,תנובה מרכז שיתופי לש,IL,יופלה פירות יער 3% 1,מיליליטרים,150.00,"100 מ""ל",false,,4.90,3.2667,true,1,249510
7290004131074,false,"חלב 1 ליטר 3% קרטון ""תנובה""- מוצר בפיקוח",תנובה מרכז שיתופי לש,IL,חלב 3% תנובה 1 ליטר,קילוגרמים,1.00,ליטר,false,,6.20,6.2000,true,1,246999
7290004131227,false,גבינה לבנה 3% שומן 500 גרם מהדרין,תנובה מרכז שיתופי לש,IL,גבינה 3% תנובה 500 ג,גרמים,500.00,100 גרם,false,,9.70,1.9400,true,1,247001
7290004131814,false,גבינה צפתית 5% מעודנת 200 ג' פיראוס,פארייפאבה אגרואינדוס,IL,גבינה צפתית מעודנת 5,גרמים,200.00,100 גרם,false,,14.70,7.3500,true,1,247004
7290004131845,false,גבינת לאבנה 9% שומן 750 ג' פיראוס,תנובה מרכז שיתופי לש,IL,לאבנה 9% פיראוס 750,גרמים,750.00,100 גרם,false,,21.90,2.9200,true,1,255406
7290004132552,false,משקה סויה בטעם טבעי לייט תנובה 1 ליטר,תנובה מרכז שיתופי לש,IL,משקה סויה לייט אלטרנ,קילוגרמים,1.00,ליטר,false,,10.50,10.5000,true,1,247009
7290004132712,false,חטיף אצבעות גבינת מוצרלה 20% 172 ג' עמק,תנובה מרכז שיתופי לש,IL,אצבעות גבינת מוצרלה,גרמים,172.00,100 גרם,false,,16.90,9.8256,true,1,247011
7290004132903,false,גבינה לבנה 3% מהדרין תנובה 250 גרם,תנובה מרכז שיתופי לש,IL,גבינה 3% תנובה 250 ג,גרמים,250.00,100 גרם,false,,4.90,1.9600,true,1,247012
7290004134945,false,יוגורט מוקה 3% שומן 150 ג' יופלה,תנובה מרכז שיתופי לש,IL,יופלה מוקה 3% גביע 1,מיליליטרים,150.00,"100 מ""ל",false,,4.90,3.2667,true,1,269642
7290004135072,false,"מעדן חלב מיני שוקולדה 1.5% מהדרין קרלו 8*100 מ""ל",תנובה מרכז שיתופי לש,IL,מארז קרלו מיני שוקול,מיליליטרים,800.00,"100 מ""ל",false,,13.90,1.7375,true,1,247020
7290004135119,false,"שמיניית קרלו מיני וניל 100 גרם בד""ץ",תנובה מרכז שיתופי לש,IL,מארז קרלו מיני וניל,מיליליטרים,800.00,"100 מ""ל",false,,13.90,1.7375,true,1,247021
7290004136598,false,מארז הפסקת אוכל עם קורנפלקס ומשקה חלב עמיד בטעם וניל,פארייפאבה אגרואינדוס,IL,מארז הפסקת אוכל חלב,מיליליטרים,150.00,"100 מ""ל",false,,9.90,6.6000,true,1,249515
7290004136857,false,מעדן גלי פטל תנובה 125 גרם,תנובה מרכז שיתופי לש,IL,גלי פטל תנובה 125 גר,מיליליטרים,125.00,"100 מ""ל",false,,2.70,2.1600,true,1,247026
7290004136871,false,מעדן ג'לי בטעם אפרסק עם חתיכות תנובה 125 גרם,תנובה מרכז שיתופי לש,IL,גלי אפרסק תנובה 125,מיליליטרים,125.00,"100 מ""ל",false,,2.30,1.8400,true,1,247028
7290004193850,false,סטייק פרגית עוף טרי,,,סטייק פרגית עוף טרי,קילוגרמים,1.00,"ק""ג",true,,26.90,26.9000,true,1,297113
7290004193980,false,פרגיות עוף קפוא דליק,,,פרגיות עוף קפוא דליק,קילוגרמים,1.00,"ק""ג",true,,64.90,64.9000,true,1,290206
7290004220037,false,סטייק אנטריקוט 800 גר' עטרה,טיבון ויל אחזקות בעמ,IL,סטייק אנטריקוט עטרה,גרמים,800.00,100 גרם,false,,49.90,6.2375,true,1,260137
7290004220044,false,קציצות ביתיות עטרה 400גר,עטרה,IL,קציצות ביתיות עטרה 4,גרמים,400.00,100 גרם,false,,19.90,4.9750,true,1,261623
7290004220105,false,שניצלוני עוף עטרה 600 גרם,טיבון ויל אחזקות בעמ,IL,שניצלוני עוף עטרה 60,גרמים,600.00,100 גרם,false,,24.90,4.1500,true,1,306193
7290004220136,false,כבד עוף ארוז דליקטסו,נטו,IL,כבד עוף טרי דליקטסו,קילוגרמים,1.00,"ק""ג",true,,7.90,7.9000,true,1,264884
7290004220266,false,כרעיים טרי ארוז דליקטסו,נטו,IL,כרעיים עוף טרי דליקט,קילוגרמים,1.00,"ק""ג",true,,29.90,29.9000,true,1,264876
7290004220273,false,חזה עוף טרי ארוז דליקטסו,נטו,IL,חזה עוף טרי דליקטסו,קילוגרמים,1.00,"ק""ג",true,,19.90,19.9000,true,1,264877
7290004220280,false,כנפיים עוף טרי דליקטסו ש,נטו,IL,כנפיים עוף טרי דליקט,קילוגרמים,1.00,"ק""ג",true,,6.90,6.9000,true,1,264878
7290004220297,false,שוקיים טרי ארוז דליקטסו,נטו,IL,שוקיים עוף טרי דליקט,קילוגרמים,1.00,"ק""ג",true,,19.90,19.9000,true,1,264879
7290004220310,false,ירכיים טרי ארוז דליקטסו,נטו,IL,ירכיים עוף טרי דליקט,קילוגרמים,1.00,"ק""ג",true,,29.90,29.9000,true,1,264880
7290004220327,false,שניצל עוף ארוז דליקטסו,נטו,IL,שניצל עוף טרי דליקטס,קילוגרמים,1.00,"ק""ג",true,,17.90,17.9000,true,1,264881
7290004220761,false,קבב כבש ביתי עטרה 50,טיבון ויל אחזקות בעמ,IL,קבב כבש ביתי עטרה 50,גרמים,500.00,100 גרם,false,,22.90,4.5800,true,1,261622
7290004230944,false,מקלות בורקס פילו גבינה שלושת האופים 600,שלושת האופים שגמור,IL,מקלות בורקס פילו גבי,גרמים,700.00,100 גרם,false,,16.90,2.4143,true,1,265272
7290004234218,false,ברווז טרי ארוז,"נטו מלינדה סחר בע""מ",IL,ברווז טרי,קילוגרמים,1.00,"ק""ג",true,,48.90,48.9000,true,1,324045
7290004256883,false,פילה סלמון טרי פרימי,,,פילה סלמון טרי פרימי,קילוגרמים,1.00,"ק""ג",true,,99.90,99.9000,true,1,305739
7290004257101,false,אנטריקוט דקדק עטרה 2,עטרה,IL,אנטריקוט דקדק עטרה 2,גרמים,250.00,100 גרם,false,,14.90,5.9600,true,1,303749
7290004257118,false,מילנסה דק דק עטרה 25,,,מילנסה דק דק עטרה 25,גרמים,250.00,100 גרם,false,,14.90,5.9600,true,1,304114
7290004257125,false,סינטה דקדק 250 גרם עטרה,,,סינטה דק דק עטרה 250,גרמים,250.00,100 גרם,false,,14.90,5.9600,true,1,309224
7290004257477,false,טחון חזה עוף100% עטרה1קג,"טיבון ויל אחזקות בע""\מ",IL,חזה עוף טחון 100% עט,פריט,1.00,"ק""ג",false,,34.90,34.9000,true,1,308289
7290004257484,false,"טחון הודו 100% עטרה 1 ק""","טיבון ויל אחזקות בע""\מ",IL,טחון הודו 100% עטרה,פריט,1.00,"ק""ג",false,,34.90,34.9000,true,1,308290
7290004257491,false,"טחון בקר 100% עטרה 1 ק""ג",טיבון ויל אחזקות בעמ,IL,טחון בקר 100% עטרה 1,פריט,1.00,"ק""ג",false,,39.90,39.9000,true,1,308291
7290004263041,false,גולש בקר מחיר לפי משקל,עטרה,IL,גולש עגל עטרה,קילוגרמים,1.00,"ק""ג",true,,44.90,44.9000,true,1,247058
7290004263201,false,צלעות כבש קפוא עטרה,עטרה,IL,צלעות כבש קפוא עטרה,קילוגרמים,1.00,"ק""ג",true,,169.90,169.9000,true,1,247067
7290004263393,false,קישקע ירושלמי קפוא ארוז עטרה 500 ג',טיבון ויל אחזקות בעמ,IL,קישקע ירושלמי עטרה 5,גרמים,500.00,100 גרם,false,,12.90,2.5800,true,1,247068
7290004263485,false,בשר מס2' צלעות קפוא עטרה,עטרה,IL,בשר מס 2 צלעות קפוא,קילוגרמים,1.00,"ק""ג",true,,39.90,39.9000,true,1,247071
7290004263515,false,מעורב ירושלמי קפוא עטרה 800 גר',,,מעורב ירושלמי קפוא ע,גרמים,800.00,100 גרם,false,,19.90,2.4875,true,1,247072
7290004263553,false,בשר מס3' חזה קפוא עטרה ק,עטרה,IL,בשר מס 3 חזה בקר צרכ,קילוגרמים,1.00,"ק""ג",true,,39.90,39.9000,true,1,247073
7290004263621,false,בשר מס' 4 כתף מרכזי קפוא,עטרה,IL,בשר מס 4 כתף מרכזי צ,קילוגרמים,1.00,"ק""ג",true,,54.90,54.9000,true,1,247074
7290004263652,false,נקניקיות עוף עטרה 400ג',מעדני הטלה והעגל,IL,נקניקיות עוף קפוא עט,גרמים,400.00,100 גרם,false,,9.90,2.4750,true,1,247075
7290004263799,false,צלי כתף מס5 עטרה קפוא קג,עטרה,IL,בשר מס 5 צלי כתף קפו,קילוגרמים,1.00,"ק""ג",true,,89.90,89.9000,true,1,247077
7290004263867,false,בשר מס' 6 פילה מדומה עטרה,עטרה,IL,בשר מס 6 פילה מדומה,קילוגרמים,1.00,"ק""ג",true,,39.90,39.9000,true,1,247078
7290004367077,false,בקלוואה ארוז 800 גרם,,IL,בקלוואה 800 גרם,גרמים,800.00,100 גרם,false,,29.90,3.7375,true,1,256307
7290004460877,false,סרדינים בשמן סויה 125 ג',,CN,סרדין בשמן סויה גולד,גרמים,125.00,100 גרם,false,,2.90,2.3200,true,1,319664
7290004460884,false,סרדינים בשמן עם פלפל צ'ילי 125 ג',,CN,סרדין בשמן עם פלפל צ,גרמים,125.00,100 גרם,false,,2.90,2.3200,true,1,319665
7290004537241,false,אפונת גינה שדה בשקית,בסט מייסטר,IL,אפונת גינה שדה בשקית,גרמים,800.00,100 גרם,false,,8.90,1.1125,true,1,323268
7290004537357,false,גרעיני תירס 800 גר ש,הומיפריז,BE,גרעיני תירס שדה 800,גרמים,800.00,100 גרם,false,,9.90,1.2375,true,1,325684
7290004544577,false,מאפים בסיס לפיצה ללא,מאפיית אריאל,IL,מאפים בסיס לפיצה ללא,גרמים,400.00,100 גרם,false,,21.90,5.4750,true,1,325196
7290004551193,false,קמח מצה חמץ דרומה 40,דרומה י.א.ט בעמ,IL,קמח מצה חמץ דרומה 40,גרמים,400.00,100 גרם,false,,5.60,1.4000,true,1,247155
7290004551926,false,אבקת פלאפל דרומה 1 ק,דרומה י.א.ט בעמ,IL,אבקת פלאפל דרומה 1 ק,פריט,1.00,"ק""ג",false,,19.90,19.9000,true,1,247162
7290004554354,false,גלידת פנטזיה שוקו וניל 1 ל' שטראוס,"גלידת שטראוס בע""\מ, רחוב",IL,גלידה פנטסיה שוקו ונ,קילוגרמים,1.10,ליטר,false,,17.50,15.9091,true,1,247163
7290004575007,false,טילון וניל וופך ושברי אגוז ריאו מארז 70X5ג',"גלידות ריאו ביח""ר לג",IL,טילוני ריאו בטעמים 5,גרמים,350.00,100 גרם,false,,14.50,4.1429,true,1,247165
7290004575069,false,גלידה מיניס חטיפים וניל ציפוי שוקו' ופצפוצי נ.חיטה ריאו מארז 32יח',"גלידות ריאו ביח""ר לג",IL,חטיפי גלידה מיניס שו,גרמים,700.00,100 גרם,false,,29.90,4.2714,true,1,247167
7290004575335,false,ארטיק מגיק מיני וניל ציפוי שוקו' ופצפוצי נ.חיטה ריאו מארז 45X8ג'באריזה,"גלידות ריאו ביח""ר לג",IL,שלגוני מיני מגיק 8 י,גרמים,360.00,100 גרם,false,,16.90,4.6944,true,1,247172
7290004575397,false,גלידה בטעמי מוקה וניל פיסטוק 1.8 ל' ריאו,"גלידות ריאו ביח""ר לג",IL,גלידה טריו 1.8 ליטר,קילוגרמים,1.80,ליטר,false,,14.90,8.2778,true,1,247175
7290004575403,false,טריו גלידת פרווה בטעמים 1.8 ליטר ריאו,"גלידות ריאו ביח""ר לג",IL,גלידה טריו 1.8 ליטר,קילוגרמים,1.80,ליטר,false,,14.90,8.2778,true,1,247176
7290004575502,false,שמיניות גליגל חלבי 600מל,ריאו,IL,שלגוני גלי גל 8 יח,גרמים,600.00,100 גרם,false,,14.90,2.4833,true,1,304958
7290004575632,false,קרמבו ריאו בטעם וניל 16יח',"גלידות ריאו ביח""ר לג",IL,קרמבו בטעם וניל ריאו,גרמים,480.00,100 גרם,false,,21.50,4.4792,true,1,247179
7290004584351,false,גבינה לבנה סימפוניה עם תוספות 200 ג' חמישית 200,"שטראוס בריאות בע""\מ",IL,גבינת שמנת 5% סימפונ,גרמים,200.00,100 גרם,false,,9.70,4.8500,true,1,247180
7290004603175,false,מלח הים האדום גס מלח הארץ 500 גרם,"חברת מלח הארץ אילת בע""\מ",IL,מלח גס הים האדום 500,גרמים,500.00,100 גרם,false,,7.90,1.5800,true,1,263289
7290004645069,false,דג הליבוט פרוס בלי עור ל,"ש.רוזנרס בע""מ",NO,הליבוט פרוס ל.עור רו,קילוגרמים,1.00,"ק""ג",true,,79.90,79.9000,true,1,289184
7290004645106,false,סלמון פילה מנות לפי משקל,,IL,מנות סלמון 100% רוזנ,קילוגרמים,1.00,"ק""ג",true,,94.90,94.9000,true,1,268158
7290004645137,false,טונה אלבקור קפוא (וואקום),,IL,פילה טונה אלבקור ללא,קילוגרמים,1.00,"ק""ג",true,,59.90,59.9000,true,1,294158
7290004645175,false,פילה טונה פרוס רוזנר,,IL,פילה טונה פרוס רוזנר,קילוגרמים,1.00,"ק""ג",true,,44.90,44.9000,true,1,307453
7290004645267,false,דג נילוס פרוס (וואקום),,IL,מנות נסיכת הנילוס רו,קילוגרמים,1.00,"ק""ג",true,,49.90,49.9000,true,1,268155
7290004645274,false,פילה נסיכת הנילוס ע.,,TZ,פילה נסיכת הנילוס ע.,קילוגרמים,1.00,"ק""ג",true,,39.90,39.9000,true,1,321977
7290004645328,false,פילה סלמון שלם לפי משקל,,IL,פילה סלמון 100% רוזנ,קילוגרמים,1.00,"ק""ג",true,,89.90,89.9000,true,1,268157
7290004645748,false,פילה אמנון ללא עור קהילות,רוזנרס,IL,פילה אמנון רוזנרס לל,קילוגרמים,1.00,"ק""ג",true,,34.90,34.9000,true,1,316585
7290004645854,false,פילה פורל ים רוזנרס,,NO,פילה פורל ים רוזנרס,קילוגרמים,1.00,"ק""ג",true,,74.90,74.9000,true,1,321396
7290004645915,false,מנות סלמון ל.עור רוז,,,מנות סלמון ל.עור רוז,קילוגרמים,1.00,"ק""ג",true,,99.90,99.9000,true,1,324905
7290004652173,false,חמאה עלמה 200 גרם,"מלקפול, אלווטורסקה",PL,חמאה עלמה 200 גרם,גרמים,200.00,100 גרם,false,,10.90,5.4500,true,1,317383
7290004652517,false,פילה בורי טרי אושר פ,,,פילה בורי טרי אושר פ,גרמים,400.00,100 גרם,false,,49.90,12.4750,true,1,316089
7290004652524,false,פילה אמנון טרי אושר,,,פילה אמנון טרי אושר,גרמים,400.00,100 גרם,false,,39.90,9.9750,true,1,316090
7290004652531,false,פילה דניס טרי אושר פ,,,פילה דניס טרי אושר פ,גרמים,400.00,100 גרם,false,,59.90,14.9750,true,1,316091
7290004652579,false,פילה אדמונית טרי אוש,,,פילה אדמונית טרי אוש,גרמים,400.00,100 גרם,false,,39.90,9.9750,true,1,316092
7290004652593,false,אמנון שלם טרי אושר פ,,,אמנון שלם טרי אושר פ,גרמים,400.00,100 גרם,false,,21.90,5.4750,true,1,316096
7290004652609,false,קרפיון פרוס טרי אושר,,,קרפיון פרוס טרי אושר,גרמים,750.00,100 גרם,false,,39.90,5.3200,true,1,316097
7290004652616,false,דניס שלם טרי אושר פי,,,דניס שלם טרי אושר פי,גרמים,450.00,100 גרם,false,,39.90,8.8667,true,1,316098
7290004652623,false,פילה ברמונדי טרי אוש,,,פילה ברמונדי טרי אוש,גרמים,400.00,100 גרם,false,,59.90,14.9750,true,1,317544
7290004652852,false,סטייק טומהוק טרי עטרה,ויאול פרסס שאטובריאן,FR,טומהוק סטייק טרי עטר,קילוגרמים,1.00,"ק""ג",true,,149.90,149.9000,true,1,322365
7290004658960,false,יין אמרלד ריזלינג פרייבט קולקשן יקבי כרמל,אגודת הכורמים הקואופרטיב,IL,יין פ. קולקשיין אמרל,מיליליטרים,750.00,"100 מ""ל",false,,32.30,4.3067,true,1,247199
7290004685010,false,לחם 100% שיפון פלוס לחם הארץ 500 גר',מאפית י את א ברמן בע,IL,לחם שיפון קל לחם האר,גרמים,500.00,100 גרם,false,,12.90,2.5800,true,1,256491
7290004685027,false,לחם חיטה מלאה פלוס לחם הארץ 500 גרם,מאפית י את א ברמן בע,IL,לחם חיטה מלאה קל לחם,גרמים,500.00,100 גרם,false,,12.90,2.5800,true,1,256492
7290004685089,false,לחם הארץ לחם חמניות 500 גר',מאפית י את א ברמן בע,IL,לחם חמניות לחם הארץ,גרמים,500.00,100 גרם,false,,12.90,2.5800,true,1,256493
7290004685126,false,לחם הארץ חמישה דגנים750ג,מאפית י את א ברמן בע,IL,לחם 5 דגנים לחם הארץ,גרמים,750.00,100 גרם,false,,12.90,1.7200,true,1,247201
7290004685157,false,לחם שיפון 100% הארץ 750 גר,מאפית י את א ברמן בע,IL,לחם שיפון לחם הארץ 7,גרמים,750.00,100 גרם,false,,12.90,1.7200,true,1,247203
7290004685201,false,לחם הארץ שיפון אגוזים500,מאפית י את א ברמן בע,IL,לחם שיפון אגוזים לחם,גרמים,500.00,100 גרם,false,,12.90,2.5800,true,1,247204
7290004685430,false,לחם הארץ כוסמין 100% 500 גרם,מאפית י את א ברמן בע,IL,לחם כוסמין לחם הארץ,גרמים,500.00,100 גרם,false,,12.90,2.5800,true,1,296092
7290004685447,false,לחמניות כוסמין 6 בשקית 450 גרם,מאפית ברמן מקבוצת י. את,IL,לחמניות כוסמין לחם ה,גרמים,450.00,100 גרם,false,,13.80,3.0667,true,1,308091
7290004685454,false,לחם שיבולת שועל 500 גר',מאפית י את א ברמן בע,IL,לחם שיבולת שועל לחם,גרמים,500.00,100 גרם,false,,12.90,2.5800,true,1,312498
7290004685478,false,פיתות כוסמין 100% כוסמין 550 גרם,"מאפיית אורן משי בע""\מ",IL,פיתות ברמן 100% כוסמ,גרמים,550.00,100 גרם,false,,15.90,2.8909,true,1,322422
7290004731472,false,"שלישיית אלסבון צבעוני כיף 500 מ""ל",טרופיקל דגיל תעשיות,IL,אל סבון כיף מעורב 3*,קילוגרמים,1.50,ליטר,false,,16.90,11.2667,true,1,266090
7290004731557,false,"מקסימה תרסיס מרכך ומבשם כביסה במייבש מאסק סנו 750 מ""ל",סנו מקסימה,IL,תרסיס מקסימה למייבש,מיליליטרים,750.00,"100 מ""ל",false,,13.50,1.8000,true,1,247213
7290004731564,false,"מקסימה מבשם ומרכך למייבש הכביסה בלו בלוסום 750 מ""ל",סנו מקסימה,IL,תרסיס מקסימה למייבש,מיליליטרים,750.00,"100 מ""ל",false,,13.50,1.8000,true,1,298932
7290004731670,false,"מטהר אוויר דואופרש פצ'ולי לבנדר סנו 300 מ""ל","סנו מפעלי ברונוס בע""\מ",IL,מטהר סנו דאופרש לבנד,מיליליטרים,300.00,"100 מ""ל",false,,10.70,3.5667,true,1,247215
7290004731687,false,"מטהר אויר בניחוח וניל ולמון גראס סנו 300 מ""ל",סנו מפעלי ברונוס בעמ,IL,מטהר סנו דאופרש וניל,מיליליטרים,300.00,"100 מ""ל",false,,10.70,3.5667,true,1,247216
7290004758028,false,אנטריקוט פרימיום טרי,,,אנטריקוט פרימיום טרי,קילוגרמים,1.00,"ק""ג",true,,169.90,169.9000,true,1,305634
7290004758103,false,אוסובוקו עגל וויל טר,,,אוסובוקו עגל וויל טר,קילוגרמים,1.00,"ק""ג",true,,79.90,79.9000,true,1,309465
7290004758172,false,בריסקט טרי עטרה,,,בריסקט טרי עטרה,קילוגרמים,1.00,"ק""ג",true,,59.90,59.9000,true,1,309542
7290004758493,false,שריר מוזה פולי טרי ע,,,שריר מוזה פולי טרי ע,קילוגרמים,1.00,"ק""ג",true,,79.90,79.9000,true,1,312454
7290004944032,false,חומוס אמיתי אסלי שמיר 400 גרם,"סלטי שמיר 2006 בע""מ",IL,חומוס אסלי 400 גרם,גרמים,400.00,100 גרם,false,,10.90,2.7250,true,1,251116
7290004944049,false,טחינה אסלי שמיר 400 גרם,"סלטי שמיר 2006 בע""מ",IL,טחינה אסלי 400 גרם,גרמים,400.00,100 גרם,false,,10.90,2.7250,true,1,251119
7290004944056,false,סדרת האסלי חציל במיונז שמיר 400 גרם,"סלטי שמיר 2006 בע""מ",IL,חציל במיונז אסלי 400,גרמים,400.00,100 גרם,false,,10.90,2.7250,true,1,251117
7290004944063,false,סלט תורכי אסלי שמיר 400 ג',"סלטי שמיר 2006 בע""מ",IL,סלט טורקי אסלי 400 ג,גרמים,400.00,100 גרם,false,,10.90,2.7250,true,1,251120
7290005008481,false,ספיד סטיק - דאודורנט ג'ל לגבר ספורט 85 גרם,הנסיך- מפעל לייצור ט,US,דאו גל ספיד סטיק ספו,Unknown,0.00,יחידה,false,,18.90,0.0000,true,1,259341
7290005011405,false,עמבה עם פרי 500 גרם,תבליני שמש בעמ,IL,עמבה עם פרי 500 גרם,גרמים,500.00,100 גרם,false,,8.90,1.7800,true,1,247304
7290005017483,false,שיפודי פרגית מתובל ק,נתח אדום,IL,שיפודי פרגית מתובל ק,גרמים,600.00,100 גרם,false,,49.90,8.3167,true,1,313262
7290005017742,false,חזה טלה לתנור ולמעשנ,נתח אדום,IL,חזה טלה לתנור ולמעשנ,קילוגרמים,1.00,"ק""ג",true,,59.90,59.9000,true,1,311606
7290005017780,false,קאט דנוור סטיק נתח א,נתח אדום,IL,קאט דנוור סטיק נתח א,גרמים,600.00,100 גרם,false,,59.90,9.9833,true,1,324220
7290005017889,false,קציצות ריב אנטריקוט,נתח אדום,IL,קציצות ריב אנטריקוט,גרמים,600.00,100 גרם,false,,29.90,4.9833,true,1,313265
7290005017902,false,נקניקיות מרגז פרימיו,נתח אדום,IL,נקניקיות מרגז פרימיו,גרמים,600.00,100 גרם,false,,29.90,4.9833,true,1,313266
7290005017919,false,המבורגר אנטריקוט XL,נתח אדום,IL,המבורגר אנטריקוט XL,גרמים,600.00,100 גרם,false,,29.90,4.9833,true,1,313267
7290005017926,false,המבורגר טלה XL פרימ,נתח אדום,IL,המבורגר טלה XL פרימ,גרמים,600.00,100 גרם,false,,29.90,4.9833,true,1,313268
7290005017933,false,טחול ממולא ביתי 400 גרם,נתח אדום,IL,טחול ממולא נתח אדום,גרמים,400.00,100 גרם,false,,39.90,9.9750,true,1,313261
7290005017940,false,נקניקיות מרגז כבד פר,נתח אדום,IL,נקניקיות מרגז כבד פר,גרמים,600.00,100 גרם,false,,29.90,4.9833,true,1,313269
7290005017957,false,קבב בקר פרימיום בית,נתח אדום,IL,קבב בקר פרימיום בית,גרמים,600.00,100 גרם,false,,29.90,4.9833,true,1,313270
7290005017964,false,קבב טלה פרימיום בית,נתח אדום,IL,קבב טלה פרימיום בית,גרמים,600.00,100 גרם,false,,29.90,4.9833,true,1,313274
7290005017971,false,קבב עירקי פרימיום אר,א.ג.ש מלכה,IL,קבב עיראקי פרימיום ב,גרמים,600.00,100 גרם,false,,29.90,4.9833,true,1,313271
7290005017988,false,נקניקיות צ'וריסוס פר,נתח אדום,IL,נקניקיות צ'וריסוס פר,גרמים,600.00,100 גרם,false,,29.90,4.9833,true,1,313272
7290005017995,false,שיפודי פרגית קפוא נת,נתח אדום,IL,שיפודי פרגית קפוא נת,גרמים,600.00,100 גרם,false,,49.90,8.3167,true,1,313264
7290005168284,false,"יין גן עדן יקבי ציון 750 מ""ל",יקבי ציון,IL,יין גן עדן עתיק,מיליליטרים,750.00,"100 מ""ל",false,,19.90,2.6533,true,1,247317
7290005168420,false,מיץ ענבים בית סבא יקבי ציון 1 ליטר,יקבי ציון,IL,מיץ ענבים אדום בית ס,קילוגרמים,1.00,ליטר,false,,16.90,16.9000,true,1,271672
7290005168475,false,מיץ ענבים מובחר אדום 100% טבעי 1 ליטר,יקבי ציון,IL,מיץ ענבים תירוש אדום,קילוגרמים,1.00,ליטר,false,,16.90,16.9000,true,1,311543
7290005174513,false,חציל אחלה במיונז 500 ג' אחלה+ 33% תוספת,מיוצר עי קונדיטוריית,IL,חציל במיונז אחלה 500,גרמים,500.00,100 גרם,false,,15.90,3.1800,true,1,249573
7290005200786,false,תפוצ'יפס בטעם שמנת בצל עלית 50 גרם,"שטראוס פריטו ליי בע""\מ )",IL,תפוציפס שמנת בצל 50,גרמים,50.00,100 גרם,false,,3.50,7.0000,true,1,251350
7290005287657,false,"סטארקיסט ממרח טונה 160 גרם בד""צ","סטארקיסט פודור בע""מ",TH,ממרח טונה סטארקיסט 1,גרמים,160.00,100 גרם,false,,5.90,3.6875,true,1,250280
7290005325052,false,מארז ממתקים סביבון ק,,,מארז ממתקים סביבון ק,Unknown,0.00,יחידה,false,,4.90,0.0000,true,1,257515
7290005325465,false,פקעלך,קינד,IL,פקעלך,Unknown,0.00,יחידה,false,,3.90,0.0000,true,1,260564
7290005358883,false,שריר מס' 8 חלק קפוא קג,טאק טורו,BR,בשר מס 8 שריר קפוא ח,קילוגרמים,1.00,"ק""ג",true,,24.90,24.9000,true,1,305058
7290005416019,false,חלב עיזים מלא 3% 1 ל' מחלבת טל,"ל.ד בר אל בע""מ",IL,חלב עיזים מחלבת טל 1,קילוגרמים,1.00,ליטר,false,,14.90,14.9000,true,1,251596
7290005416033,false,מחלבת טל יוגורט עיזים טבעי 3% 500מל,"ל.ד בר אל בע""מ",IL,משקה יוגורט עיזים טל,מיליליטרים,500.00,"100 מ""ל",false,,14.80,2.9600,true,1,251599
7290005416262,false,מחלבת טל יוגורט עיזים בטעם תות 500מל,"ל.ד בר אל בע""מ",IL,משקה יוגורט עיזים תו,גרמים,200.00,100 גרם,false,,14.80,7.4000,true,1,251601
7290005416279,false,מחלבת טל יוגורט עיזים בטעם פירות יער 500מל,"ל.ד בר אל בע""מ",IL,משקה יוגורט עיזים פי,גרמים,500.00,100 גרם,false,,14.80,2.9600,true,1,251600
7290005416286,false,מחלבת טל יוגורט עיזים בטעם אננס 500מל,"ל.ד בר אל בע""מ",IL,משקה יוגורט עיזים אנ,מיליליטרים,500.00,"100 מ""ל",false,,14.80,2.9600,true,1,251602
7290005416293,false,מחלבת טל יוגורט עיזים בטעם אפרסק 500מל,"ל.ד בר אל בע""מ",IL,משקה יוגורט עיזים מש,גרמים,200.00,100 גרם,false,,14.80,7.4000,true,1,251603
7290005416491,false,משקה יוגורט עיזים טל,מחלבת טל טלה,IL,משקה יוגורט עיזים טל,גרמים,750.00,100 גרם,false,,19.90,2.6533,true,1,269138
7290005416606,false,יוגורט עיזים מחלב מל,מחלבת טל טלה,IL,יוגורט עיזים מחלב מל,מיליליטרים,400.00,"100 מ""ל",false,,12.90,3.2250,true,1,321147
7290005416613,false,יוגורט כבשים מחלב מל,מחלבת טל טלה,IL,יוגורט כבשים מחלב מל,מיליליטרים,400.00,"100 מ""ל",false,,12.90,3.2250,true,1,321148
7290005418709,false,"נטורל קרם לחות לקיבוע תלתלים גלי 400 מ""ל",מיוצר עי אמיליה קוסמ,IL,קרם לחות נטורל לשיער,מיליליטרים,400.00,"100 מ""ל",false,,20.70,5.1750,true,1,247373
7290005418716,false,"קרם לחות לבניית תלתלים עגולים נטורל פורמולה 400 מ""ל",מיוצר עי אמיליה קוסמ,IL,קרם לחות נטורל לשיער,מיליליטרים,400.00,"100 מ""ל",false,,20.70,5.1750,true,1,247374
7290005423055,false,סנו פורטה פלוס מתז בניחות לימון 1 ל',"סנו מפעלי ברונוס בע""\מ",IL,תרסיס פורטה פלוס לימ,קילוגרמים,1.00,ליטר,false,,16.90,16.9000,true,1,304848
7290005423253,false,"סנו - מקסימה מרסס למייבש כביסה אולטרה פרש 750 מ""ל","סנו מפעלי ברונוס בע""\מ",IL,תרסיס מקסימה למייבש,מיליליטרים,750.00,"100 מ""ל",false,,13.50,1.8000,true,1,247375
7290005423567,false,מטליות ניקוי רב שימושיות בגליל סנו סושי 40 יחידות,אסותא תעשיות אלבד בע,IL,מטליות לניקוי כללי ב,Unknown,0.00,יחידה,false,,18.90,0.0000,true,1,247382
7290005423734,false,מרכך כביסה מרוכז אולטרא פרש סנו מקסימה 4 ליטר,"סנו מפעלי ברונוס בע""\מ",IL,מרכך מקסימה אולטרא פ,קילוגרמים,4.00,ליטר,false,,21.50,5.3750,true,1,247383
7290005423871,false,שלישיית משחת שיניים מנטול אורביטול 145 גרם,טרופיקל דגיל תעשיות קוסמ,IL,משחת אורביטול פלואור,גרמים,435.00,100 גרם,false,,14.90,3.4253,true,1,247385
7290005423918,false,סנו - מקסימה מרכך כביסה היפואלרגני אלוורה 4 ליטר,"סנו מפעלי ברונוס בע""\מ",IL,מרכך מקסימה בייבי אל,קילוגרמים,4.00,ליטר,false,,21.50,5.3750,true,1,247386
7290005424205,false,ריצפז פלוס נוזל לניקוי רצפה דוחה תיקנים סנו 4 ליטר,סנו,IL,ריצפז + דוחה תיקנים,קילוגרמים,4.00,ליטר,false,,39.90,9.9750,true,1,247390
7290005424472,false,אורביטול מי פה להלבנת שיניים 1 ל',אורביטול,IL,מי פה אורביטול הלבנה,קילוגרמים,1.00,ליטר,false,,19.90,19.9000,true,1,295277
7290005424700,false,סנו - פורטה פלוס מרסס מסיר שומנים 1 ליטר,"סנו מפעלי ברונוס בע""\מ",IL,תרסיס פורטה פלוס מסי,קילוגרמים,1.00,ליטר,false,,16.90,16.9000,true,1,302455
7290005424762,false,ריצפז פלוס ווקס נוזל להברקת רצפות דוחה תיקנים סנו 2 ליטר,"סנו מפעלי ברונוס בע""\מ",IL,ריצפז + דוחה תיקנים,קילוגרמים,2.00,ליטר,false,,25.90,12.9500,true,1,247393
7290005424991,false,סנו פרש אוטומטיק בהתזה קצובה ניחוח בייבי פאודר,סנו מפעלי ברונוס בעמ,IL,מבשם אויר סנו פרש או,מיליליטרים,250.00,"100 מ""ל",false,,12.90,5.1600,true,1,309037
7290005425073,false,"מטהר אויר בניחוח יסמין ועץ סאנדלווד סנו 300 מ""ל","סנו מפעלי ברונוס בע""\מ",IL,מטהר סנו דאופרש יסמי,גרמים,300.00,100 גרם,false,,10.70,3.5667,true,1,247401
7290005425646,false,קליר נוזל לניקוי חלונות רב תכליתי סנו 1 ליטר,"סנו מפעלי ברונוס בע""\מ",IL,תרסיס סנוקליר 1 ליטר,קילוגרמים,1.00,ליטר,false,,9.90,9.9000,true,1,247405
7290005425912,false,אוקסיג'ן ג'ל להסרת כתמים עם חמצן פעיל סנו 4 ליטר,סנו אוקסיג'ן,IL,גל אוקסיגן 4 ליטר,קילוגרמים,4.00,ליטר,false,,29.90,7.4750,true,1,247407
7290005426018,false,אל סבון בייבי כיף 2 ליטר,קוסמופארם בע'\'\מ,IL,אל סבון בייבי כיף 2,קילוגרמים,2.00,ליטר,false,,24.90,12.4500,true,1,247408
7290005426193,false,ספוגית הפלא סנו סושי 6 יחידות,טרופיקל דגיל תעשיות,IL,ספוג הפלא סנו סושי 6,Unknown,0.00,יחידה,false,,9.90,0.0000,true,1,247410
7290005426230,false,מטלית הפלא לרצפה מיקרופייבר סנו 1יח',סנו סושי,IL,מטלית רצפה מיקרופייב,Unknown,0.00,יחידה,false,,11.70,0.0000,true,1,247411
7290005426568,false,"קרמה - קרם לחות לשיער רגיל 400 מ""ל",טרופיקל דגיל תעשיות,IL,קרם לחות קרמה לשיער,מיליליטרים,400.00,"100 מ""ל",false,,16.90,4.2250,true,1,247415
7290005426575,false,"קרמה לחות לשיער יבש ללא שטיפה 400 מ""ל",טרופיקל דגיל תעשיות,IL,קרם לחות קרמה לשיער,מיליליטרים,400.00,"100 מ""ל",false,,16.90,4.2250,true,1,247416
7290005426629,false,"סנו דואופרש אורן לוטוס ופרחי מים ודובדבן, 300 מ""ל",סנו fresh,IL,מטהר סנו דאופרש דובד,מיליליטרים,300.00,"100 מ""ל",false,,10.70,3.5667,true,1,247417
7290005426803,false,מקסימה מרכך כביסה פצ'ולי לבנדר סגול סנו 4 ליטר,סנו מקסימה,IL,מ.כביסה מקסימה פצולי,קילוגרמים,4.00,ליטר,false,,21.50,5.3750,true,1,247420
7290005426971,false,סנובון סבון לאסלה תפוח כחול סנו 3 יחידות,סנו מפעלי ברונו בעמ,IL,סנובון כחול תפוח 3 י,גרמים,165.00,100 גרם,false,,14.90,9.0303,true,1,247426
7290005427633,false,"כיף גל לשיער לשיער חזק במיוחד 1 ק""ג",קוסמופארם,IL,גל כיף לעיצוב שיער 1,פריט,1.00,"ק""ג",false,,19.90,19.9000,true,1,247445
7290005427749,false,אלסבון כיף אצות ים 2ליטר,טרופיקל דגיל תעשיות,IL,אלסבון כיף אצות ים 2,קילוגרמים,2.00,ליטר,false,,18.90,9.4500,true,1,247448
7290005427756,false,אל סבון נוזלי אלוורה כיף 2 ליטר,קוסמופארם,IL,אלסבון כיף אלוורה 2,קילוגרמים,2.00,ליטר,false,,18.90,9.4500,true,1,271867
7290005427763,false,אלסבון ג'נסינג כיף 2 ליטר,קוסמופארם,IL,אלסבון כיף גינסינג 2,קילוגרמים,2.00,ליטר,false,,18.90,9.4500,true,1,247449
7290005427770,false,"קרמה - קרם לחות לשיער לגבר 400 מ""ל",טרופיקל דגיל תעשיות,IL,קרם לחות קרמה לשיער,מיליליטרים,400.00,"100 מ""ל",false,,16.90,4.2250,true,1,247450
7290005427848,false,מטליות ניקוי רב שימושיות בגליל סנו סושי 40 יחידות,קריות זול,IL,מטליות לניקוי כללי ב,Unknown,0.00,יחידה,false,,18.90,0.0000,true,1,247452
7290005429279,false,סנו מקסימה קומפקט קומפקט אפקט גאוול 6 ק,סנו מפעלי ברונוס בעמ,IL,אבקת מקסימה גאוול 6,פריט,6.00,"ק""ג",false,,44.90,7.4833,true,1,247474
7290005429286,false,"אבקת כביסה מקסימה ביו 6 ק""ג סנו",סנו מקסימה,IL,"אבקת מקסימה ביו 6 ק""",פריט,6.00,"ק""ג",false,,44.90,7.4833,true,1,247475
7290005430602,false,"סנו אוקסיג'ן ספריי להסרת כתמים עם חמצן פעיל 750 מ""ל","סנו מפעלי ברונוס בע""",IL,"תרסיס אוקסיגן 750 מ""",מיליליטרים,750.00,"100 מ""ל",false,,17.70,2.3600,true,1,247478
7290005437502,false,פטריות שמפיניון חתוכות 400 גר' טעמן,מוצרי יסוד - טעמן,IL,פטריות חתוכות טעמן 4,גרמים,400.00,100 גרם,false,,4.90,1.2250,true,1,247492
7290005437830,false,פרוסות אננס במיץ טבעי טעמן 825 גרם,פ.ת גרייט פנאפל,ID,לפתן אננס פרוס טעמן,גרמים,825.00,100 גרם,false,,10.90,1.3212,true,1,247500
7290005437861,false,קוקטייל פירות טרופיים בסירופ קל טעמן 825 גרם,פ.ת גרייט פנאפל,ID,לפתן קוקטייל טעמן 90,גרמים,900.00,100 גרם,false,,11.90,1.3222,true,1,247501
7290005559990,false,בצק פילאס תורכי מעדנות 600 גרם,מיוצר עי קונדיטוריית,IL,בצק פילאס תורכי מעדנ,גרמים,600.00,100 גרם,false,,19.90,3.3167,true,1,247520
7290005576010,false,חסה גלאט עלים - יח',רביבים,IL,חסה ערבית גלאט,Unknown,0.00,יחידה,false,,7.90,0.0000,true,1,247524
7290005576027,false,פטרוזיליה גלאט עלים - יח,רביבים,IL,פטרוזיליה מהדרין,Unknown,0.00,יחידה,false,,6.90,0.0000,true,1,247525
7290005576034,false,כוסברה גלאט עלים - יח',רביבים,IL,כוסברה מהדרין,Unknown,0.00,יחידה,false,,6.90,0.0000,true,1,247526
7290005576041,false,שמיר גלאט יחידה,ביכורי השקמה,IL,שמיר מהדרין,Unknown,0.00,יחידה,false,,6.90,0.0000,true,1,247527
7290005576065,false,סלרי גלאט יחידה,ביכורי השקמה,IL,סלרי מהדרין,Unknown,0.00,יחידה,false,,7.90,0.0000,true,1,247529
7290005576072,false,סלק עלים גלאט עלים,רביבים,IL,עלי סלק מהדרין,Unknown,0.00,יחידה,false,,7.90,0.0000,true,1,247530
7290005576089,false,בצל ירוק גלאט יחידה,ביכורי השקמה,IL,בצל ירוק גלאט,Unknown,0.00,יחידה,false,,7.90,0.0000,true,1,247531
7290005576195,false,לבבות חסה רביבים 250 גר',רביבים עלי דשא,IL,לבבות חסה גלאט עלים,גרמים,200.00,100 גרם,false,,9.90,4.9500,true,1,289994
7290005680052,false,טמפונים סופר פלוס אובה 32 יחידות,גונסון אנד גונסון,GR,טמפונים אובה פרוקומפ,Unknown,0.00,יחידה,false,,19.90,0.0000,true,1,254860
7290005816017,false,"פילה סלומון קפוא בד""ץ לפ",סלטן,NO,פילה סלמון קפוא צ'יר,קילוגרמים,1.00,"ק""ג",true,,64.90,64.9000,true,1,322139
7290005838002,false,מעדן גבינה ויוגורט בטעם וניל 88 ג' דניאלה,"שטראוס בריאות בע""מ",IL,דניאלה וניל 88 גרם,Unknown,0.00,יחידה,false,,3.90,0.0000,true,1,247588
7290005838613,false,"סקי וניל בודד 125 גרם ""שטראוס""","שטראוס בריאות בע""\מ",IL,מעדן גבינה בטעם וניל,גרמים,125.00,100 גרם,false,,3.90,3.1200,true,1,258721
7290005839078,false,שמיניית יוגורט לבן 3% ביו דנונה 150 גרם,מיוצר עי קונדיטוריית,IL,מארז יוגורט פרוביוטי,קילוגרמים,1.20,ליטר,false,,16.90,14.0833,true,1,247589
7290005839108,false,גבינה לבנה סימפוניה עם תוספות 200 ג'+זיתים 5%,"שטראוס בריאות בע""\מ",IL,גבינת שמנת זיתים 5%,גרמים,200.00,100 גרם,false,,9.70,4.8500,true,1,247590
7290005877247,false,סטייק פרגית עוף טרי,,,סטייק פרגית עוף טרי,קילוגרמים,1.00,"ק""ג",true,,49.90,49.9000,true,1,318464
7290005877254,false,פילה עוף טרי עוף גלי,,,פילה עוף טרי כשר,קילוגרמים,1.00,"ק""ג",true,,29.90,29.9000,true,1,318468
7290005877278,false,עוף שלם טרי ארוז,,,עוף שלם טרי כשר,קילוגרמים,1.00,"ק""ג",true,,14.90,14.9000,true,1,318459
7290005877308,false,כנפיים עוף טרי עוף ג,,,כנפיים עוף טרי כשר,קילוגרמים,1.00,"ק""ג",true,,9.90,9.9000,true,1,318470
7290005877315,false,ירכיים עוף טרי ארוז,,,ירכיים עוף טרי כשר,קילוגרמים,1.00,"ק""ג",true,,19.90,19.9000,true,1,318460
7290005877322,false,חזה עוף טרי חצוי מעו,,,חזה עוף טרי כשר,קילוגרמים,1.00,"ק""ג",true,,28.90,28.9000,true,1,318461
7290005877339,false,שוקיים עוף טרי ארוז,,,שוקיים עוף טרי כשר,קילוגרמים,1.00,"ק""ג",true,,24.90,24.9000,true,1,318462
7290005877346,false,שניצל עוף פרוס טרי ע,,,שניצל עוף פרוס טרי כ,קילוגרמים,1.00,"ק""ג",true,,31.90,31.9000,true,1,318471
7290005877353,false,כרעיים עוף טרי עוף ג,,,כרעיים עוף טרי כשר,קילוגרמים,1.00,"ק""ג",true,,19.90,19.9000,true,1,318463
7290005896439,false,"בירה מכבי, בקבוק חוזר 500 מ''ל","טמפו משקאות בע""מ",IL,בירה מכבי ב.חוזר 5%,מיליליטרים,500.00,"100 מ""ל",false,,6.90,1.3800,true,1,259418
7290005966033,false,"יין לבן הר חרמון 750 מ""ל",יקבי רמת הגולן קצרין,IL,יין הר חרמון לבן,מיליליטרים,750.00,"100 מ""ל",false,,34.90,4.6533,true,1,247593
7290006065049,false,בלו פיש פילה באס יפני 5-7 (לברק),,IL,פילה לברק הדייג שלי,קילוגרמים,1.00,"ק""ג",true,,42.90,42.9000,true,1,323578
7290006199027,false,מאגדת גלידל וניל מצופה סורבה תות שדה [8],הגלידות של פלדמן,IL,מאגדת גלידל שלגון ב,גרמים,400.00,100 גרם,false,,28.90,7.2250,true,1,324549
7290006199218,false,"שמיניית גלידל אייס מוקה ""פלדמן""",הגלידות של פלדמן,IL,מאגדת גלידל שלגון ב,גרמים,400.00,100 גרם,false,,28.90,7.2250,true,1,324550
7290006214003,false,חלבה ממולאת א.חלב נכ,אל מנאר,IL,חלוה ממולאת במשקל,קילוגרמים,1.00,"ק""ג",true,,59.00,59.0000,true,1,307057
7290006222503,false,בונדוק מצופה בטעמים,דין שיווק,IL,בונדוק מצופה בטעמים,קילוגרמים,1.00,"ק""ג",true,,99.00,99.0000,true,1,309768
7290006241504,false,"משקה תפוזים קפוא פריגת 340 מ""ל",פריגת מצוננים,IL,תרכיז תפוזים קפוא פר,גרמים,345.00,100 גרם,false,,11.90,3.4493,true,1,252165
7290006241511,false,"משקה לימונענע מרוכז קפוא פריגת 280 מ""ל",היינץ צפון אמריקה מק,IL,תרכיז לימונענע קפוא,גרמים,340.00,100 גרם,false,,11.90,3.5000,true,1,252164
7290006241535,false,תרכיז פריגת קפוא מנג,היינץ צפון אמריקה מק,IL,תרכיז מנגו קפוא פריג,גרמים,350.00,100 גרם,false,,11.90,3.4000,true,1,252163
7290006251275,false,תה ירוק סיני קלאסי ויסוצקי 25 יחידות,תה ויסוצקי,IL,תה ירוק סיני 25 שקיק,גרמים,38.00,100 גרם,false,,21.90,57.6316,true,1,255269
7290006251343,false,חליטת פסיפלורה מנגו הגן הקסום ויסוצקי 25 יחידות,תה ויסוצקי,IL,תה פסיפלורה מנגו הגן,גרמים,63.00,100 גרם,false,,16.90,26.8254,true,1,247669
7290006251374,false,תה ירוק לימונית וג'ינג'ר ויסוצקי 25 יחידות,תה ויסוצקי,IL,תה ירוק לימונית וגינ,גרמים,38.00,100 גרם,false,,21.90,57.6316,true,1,255270
7290006265500,false,פטריות שמפיניון ארוז מרינה,"מרינה פטריות הגליל בע""מ",IL,פטריות שמפיניון ארוז,Unknown,0.00,יחידה,false,,7.90,0.0000,true,1,256198
7290006265548,false,נבטים סינים מרינה ארוז 360ג',"מרינה פטריות הגליל בע""מ",IL,נבטים סינים יח,Unknown,0.00,יחידה,false,,5.90,0.0000,true,1,258811
7290006265890,false,נבטי גרעיני חמניה יח,"מרינה פטריות הגליל בע""מ",IL,נבטי חמניה יח,Unknown,0.00,יחידה,false,,8.90,0.0000,true,1,258813
7290006271648,false,מיני בורקס תפוחי אדמה מעדנות 800 גרם,"מעדנות בע""\מ",IL,מיני בורקס תפוא מעדנ,גרמים,800.00,100 גרם,false,,19.90,2.4875,true,1,252719
7290006271655,false,מיני בורקס גבינה מעדנות 800 גרם,מיוצר עי קונדיטוריית,IL,מיני בורקס גבינה מעד,גרמים,800.00,100 גרם,false,,19.90,2.4875,true,1,252718
7290006306296,false,רביולי במילוי גבינה לילדים פסטה נונה גד 400 גרם,דורום תעשיות מזון ופסטה,IL,רביולי גבינה נונה 40,גרמים,400.00,100 גרם,false,,19.90,4.9750,true,1,254414
7290006306319,false,רביולי נונה במילוי בטטה 400 גרם,דורום תעשיות מזון ופסטה,IL,רביולי בטטה נונה 400,גרמים,400.00,100 גרם,false,,19.90,4.9750,true,1,247680
7290006306326,false,רביולי במילוי פטריות וגבינת פרמזן פסטה נונה 400 ג',דורום תעשיות מזון ופסטה,IL,רביולי פטריות ופרמזן,גרמים,400.00,100 גרם,false,,19.90,4.9750,true,1,247681
7290006342072,false,גרעין לבן ששון הקולה 200 גרם,"דין שיווק וקלייה בע""",IL,גרעין לבן 200 גרם יח,גרמים,200.00,100 גרם,false,,6.50,3.2500,true,1,249301
7290006342447,false,גרעיני אבטיח ששון הקולה 200 גרם,"דין שיווק וקלייה בע""",IL,גרעין אבטיח 200 גרם,גרמים,200.00,100 גרם,false,,12.40,6.2000,true,1,249304
7290006342645,false,טורטיה גדולה שקדיה 840 גרם 12 יחידות,אלקטי קוראבייכיסיגיד,TR,טורטיות 12*70 גרם,מיליליטרים,840.00,"100 מ""ל",false,,14.90,1.7738,true,1,258462
7290006374660,false,שמן זית כתית לתיבול קלאסי יד מרדכי 1 ליטר,מכוורת יד מרדכי שטראוס ב,IL,שמן זית קלאסי יד מרד,קילוגרמים,1.00,ליטר,false,,39.90,39.9000,true,1,272087
7290006374738,false,קונפיטורית תות 340 גר' יד מרדכי,אף.סי תבליני בגליל ב,IL,קונפיטורה תות יד מרד,גרמים,340.00,100 גרם,false,,9.70,2.8529,true,1,272089
7290006429506,false,חצאי אפרסקים 820 גרם טעמן,טעמן,IL,לפתן אפרסק טעמן 820,גרמים,820.00,100 גרם,false,,9.70,1.1829,true,1,247704
7290006449955,false,מלפפון בייבי מארז,"מרינה פטריות הגליל בע""מ",IL,מלפפון בייבי מארז,Unknown,0.00,יחידה,false,,8.90,0.0000,true,1,266271
7290006492432,false,גבינת מוצרלה בייבי 18% גד 150 גרם,מחלבות גד בעמ,IL,גבינת מוצרלה בייבי 1,גרמים,150.00,100 גרם,false,,13.90,9.2667,true,1,247713
7290006492685,false,גבינת לאבנה 5% מחלב עזים גד 250 גרם,מחלבות גד בעמ,IL,לאבנה עיזים 5% גד 25,גרמים,250.00,100 גרם,false,,17.90,7.1600,true,1,247716
7290006492852,false,גבינת עיזים למריחה 5% שומן 250 ג' גד,גבינות מדף,IL,גבינה עיזים 5% גד 25,גרמים,250.00,100 גרם,false,,17.90,7.1600,true,1,247717
7290006497130,false,קישקע פרווה רובינפלד,,IL,קישקע פרווה רובינפלד,גרמים,500.00,100 גרם,false,,17.90,3.5800,true,1,289425
7290006511683,false,פולי סויה מאנצ`ו קפוא 454 ג' וילפוד,קו.אל.טי.די.קיאוניונ,CN,פולי סויה מאנצו 454,גרמים,454.00,100 גרם,false,,7.90,1.7401,true,1,254942
7290006560964,false,מגש מלבן שקוף 5 יח,בי רייט,CN,מגש מלבן שקוף 5 יח,Unknown,0.00,יחידה,false,,19.90,0.0000,true,1,301598
7290006560988,false,קערה מעוטרת בינונית,בי רייט,CN,קערה מעוטרת בינונית,Unknown,0.00,יחידה,false,,19.90,0.0000,true,1,301592
7290006561022,false,מגש מחולק ל - 4 שקוף,הנג טונג,CN,מגש מחולק ל - 4 שקוף,Unknown,0.00,יחידה,false,,19.90,0.0000,true,1,301597
7290006561039,false,קערה מרובעת שקופה קט,הנג טונג,CN,קערה מרובעת שקופה קט,Unknown,0.00,יחידה,false,,19.90,0.0000,true,1,301594
7290006561121,false,קערה 2 פסים ענקית לס,הנג טונג,CN,קערה 2 פסים ענקית לס,Unknown,0.00,יחידה,false,,19.90,0.0000,true,1,303296
7290006561138,false,קערה 3 פסים קטנות לס,הנג טונג,CN,קערה 3 פסים קטנות לס,Unknown,0.00,יחידה,false,,19.90,0.0000,true,1,303297
7290006582355,false,סילאן סירופ 900 גרם שקדיה,"דין שיווק וקליה בע""מ",TR,סילאן שקדיה 900 גרם,גרמים,900.00,100 גרם,false,,9.90,1.1000,true,1,254584
7290006664037,false,גמדים דגנים ארוחת בוקר מארז 100X4ג',"שטראוס בריאות בע""\מ",IL,מארז גמדים תות/ תפוח,גרמים,400.00,100 גרם,false,,11.50,2.8750,true,1,250525
7290006664051,false,"אקטימל לבן 1.51 ק""ג מארז 14 יחידות",מיוצר עי קונדיטוריית,IL,אקטימל דנונה 14*100,קילוגרמים,1.40,ליטר,false,,28.90,20.6429,true,1,247772
7290006664402,false,גבינה לבנה סקי 5% שומן 750 גרם,מיוצר עי קונדיטוריית,IL,גבינה 5% סקי 750 גרם,גרמים,750.00,100 גרם,false,,14.60,1.9467,true,1,249593
7290006664532,false,יוגורט עם תות 3% שומן 150 ג' דנונה,מיוצר עי קונדיטוריית,IL,דנונה פרי תות 150 גר,גרמים,150.00,100 גרם,false,,3.70,2.4667,true,1,269181
7290006664655,false,"אקטימל לבן טבעי מארז 100X8 מ""ל",מיוצר עי קונדיטוריית,IL,אקטימל דנונה 8*100 מ,מיליליטרים,800.00,"100 מ""ל",false,,19.50,2.4375,true,1,247778
7290006664693,false,יוגורט עם אפרסק 3% שומן 150 ג' דנונה,מיוצר עי קונדיטוריית,IL,דנונה פרי אפרסק 150,מיליליטרים,150.00,"100 מ""ל",false,,3.70,2.4667,true,1,269182
7290006664990,false,"יוגורט דנונה ביו לבן 1.7% שומן 8*150 מ""ל",מיוצר עי קונדיטוריית,IL,מארז יוגורט פרוביוטי,קילוגרמים,1.20,ליטר,false,,16.90,14.0833,true,1,247780
7290006681003,false,גלידה תות לימון סורבה 1.33 ל' קרמיסימו,"גלידת שטראוס בע""\מ, רחוב",IL,שרבט קרמיסימו תות לי,קילוגרמים,1.33,ליטר,false,,17.50,13.1579,true,1,247781
7290006681553,false,קרמבו בטעם וניל שטראוס 8 יחידות,"גלידת שטראוס בע""\מ",IL,קרמבו וניל שטראוס 8,גרמים,200.00,100 גרם,false,,12.90,6.4500,true,1,319139
7290006681560,false,קרמבו בטעם מוקה שטראוס 8 יחידות,"גלידת שטראוס בע""מ",IL,קרמבו מוקה שטראוס 8,גרמים,200.00,100 גרם,false,,12.90,6.4500,true,1,319140
7290006696717,false,תירוש מוסקט לבן אפרת 1 ליטר,יקב טפרברג 1870 בעמ,IL,תירוש לבן אפרת 1 ליט,קילוגרמים,1.00,ליטר,false,,14.90,14.9000,true,1,247792
7290006704511,false,"תפו""א גמדי אדום למיקרו מרינה 750ג'","מרינה פטריות הגליל בע""מ",IL,"תפו""א למיקרו",Unknown,0.00,יחידה,false,,6.90,0.0000,true,1,256942
7290006704542,false,תרד לא שטוף יח ( ניוזילנדי ),"סנפרוסט בע""מ",IL,תרד נספק יח,Unknown,0.00,יחידה,false,,9.90,0.0000,true,1,260160
7290006704740,false,שורש פטרוזיליה יח',"מרינה פטריות הגליל בע""מ",IL,שורש פטרוזיליה,Unknown,0.00,יחידה,false,,4.90,0.0000,true,1,314468
7290006712981,false,"משחת שיניים קולגייט ספיידרמן מגיל שש 50 מ""ל",הנסיך- מפעל לייצור ט,PL,משחת קולגייט ילדים ב,מיליליטרים,50.00,"100 מ""ל",false,,11.90,23.8000,true,1,266654
7290006730268,false,טרופית עם פקק 40 יח',קלית סיטבון בעמ,IL,טרופיק פקק 40 יח,קילוגרמים,8.00,ליטר,false,,39.90,4.9875,true,1,258880
7290006730398,false,טרופיק קש 40 יח,קלית סיטבון בעמ,IL,טרופיק קש 40 יח,קילוגרמים,8.00,ליטר,false,,29.90,3.7375,true,1,255667
7290006739131,false,בצק גולמי פילו זוגלובק 500ג',מאפיית אריאל,IL,בצק פילו זוגלובק 500,גרמים,500.00,100 גרם,false,,12.90,2.5800,true,1,263852
7290006739407,false,שניצל תירס לייט זוגלובק 600 גרם,נקניק נהריה כשר זוגל,IL,שניצל תירס לייט זוגל,גרמים,630.00,100 גרם,false,,21.90,3.4762,true,1,253025
7290006739445,false,שניצל תירס קלאסי 750 ג' זוגלובק,נקניק נהריה כשר זוגל,IL,שניצל תירס זוגלובק 7,גרמים,750.00,100 גרם,false,,24.90,3.3200,true,1,249877
7290006741363,false,בורקס תפוחי אדמה זוגלובק 800 גרם,מאפיית אריאל וגידרון,IL,בורקס תפוא זוגלובק 8,גרמים,800.00,100 גרם,false,,13.90,1.7375,true,1,247798
7290006741387,false,"מלאווח תימני זוגלובק 700 ג' בד""צ",נקניק נהריה כשר זוגל,IL,מלוואח זוגלובק 700 ג,גרמים,700.00,100 גרם,false,,12.90,1.8429,true,1,247799
7290006764065,false,בירה נשר מאלט ללא אלכוהול 500 מל,"טמפו משקאות בע""\ם.",IL,בירה נשר מאלט ב.חוזר,מיליליטרים,500.00,"100 מ""ל",false,,4.80,0.9600,true,1,254609
7290006764072,false,"בירה גולדסטאר בקבוק 500 מ""ל חוזר","טמפו משקאות בע""\מ",IL,בירה גולדסטאר ב.חוזר,מיליליטרים,500.00,"100 מ""ל",false,,7.90,1.5800,true,1,254608
7290006764157,false,"בירה גולדסטאר Unfiltered, בירה לא מסוננת, בקבוק חוזר 500 מ""ל",טמפו משקאות בע''מ,IL,בירה גולדסטאר לא מסו,מיליליטרים,500.00,"100 מ""ל",false,,7.90,1.5800,true,1,307266
7290006765000,false,טורטיה מקמח מלא שקדיה 540 גרם,אלקטי קוראבייכיסיגיד,TR,טורטיות חיטה מלאה 12,גרמים,540.00,100 גרם,false,,9.90,1.8333,true,1,258463
7290006775016,false,אחווה עוגת תפוז 450 גרם,אחדות ביחר לטחינה חל,IL,עוגת תפוז אחוה 450 ג,גרמים,450.00,100 גרם,false,,7.50,1.6667,true,1,247810
7290006775023,false,עוגה אנגלית אחווה 450 גר',אחדות ביחר לטחינה חל,IL,עוגה אנגלית אחוה 450,גרמים,450.00,100 גרם,false,,7.50,1.6667,true,1,247811
7290006775030,false,עוגת שוקולד צ'יפס 450 ג אחוה,אחדות ביחר לטחינה חל,IL,עוגת שוקולד ציפס אחו,גרמים,450.00,100 גרם,false,,7.50,1.6667,true,1,247812
7290006775047,false,עוגת שוקולד אחוה 450 גרם,אחדות ביחר לטחינה חל,IL,עוגת שוקולד אחוה 450,גרמים,450.00,100 גרם,false,,7.50,1.6667,true,1,247813
7290006775054,false,עוגת שיש אחווה 450 ג' אחוה,אחדות ביחר לטחינה חל,IL,עוגת שיש אחוה 450 גר,גרמים,450.00,100 גרם,false,,7.50,1.6667,true,1,247814
7290006775085,false,עוגת שמרים במילוי שוקולד אחוה,אחדות ביחר לטחינה חל,IL,עוגת שמרים שוקולד אח,גרמים,400.00,100 גרם,false,,9.80,2.4500,true,1,247816
7290006775191,false,מאפינס ממולא שוקולד אחווה 50 ג',אחדות ביחר לטחינה חל,IL,מאפין במילוי שוקולד,גרמים,50.00,100 גרם,false,,1.30,2.6000,true,1,247817
7290006775306,false,מאפינס אישי וניל במילוי תות אחווה 50ג',אחדות ביחר לטחינה חל,IL,מאפין במילוי תות אחו,גרמים,50.00,100 גרם,false,,1.30,2.6000,true,1,248980
7290006775337,false,עוגת שמרים במילוי פרג אחווה,אחדות ביחר לטחינה חל,IL,עוגת שמרים פרג אחוה,גרמים,400.00,100 גרם,false,,9.80,2.4500,true,1,247819
7290006775344,false,עוגת שמרים במילוי קרם קינמון אחוה 400 גרם,אחדות ביחר לטחינה חל,IL,עוגת שמרים במילוי קר,גרמים,400.00,100 גרם,false,,9.80,2.4500,true,1,247820
7290006775405,false,מאפינס שוקוצ'יפס אישי אחווה 45גרם,אחדות ביחר לטחינה חל,IL,מאפין שוקולד ציפס אח,גרמים,45.00,100 גרם,false,,1.30,2.8889,true,1,247821
7290006775764,false,"עוגת שוקוצ'יפס לל""ס אחדות 400 גר'",אחדות ביחר לטחינה חל,IL,עוגת שוקולד ציפס ללא,גרמים,400.00,100 גרם,false,,10.90,2.7250,true,1,247824
7290006788429,false,"קרליין - נושם סאן רייס דאודורנט רול און לאישה כתום 75 מ""ל","אמיליה קוסמטיקס בע""מ",IL,דאו רול און קרליין ס,גרמים,75.00,100 גרם,false,,11.70,15.6000,true,1,247835
7290006788436,false,"קרליין - נושם פיור דאודורנט רול און לאישה ורוד 75 מ""ל",משווק: קוסמופארם בעמ,IL,דאו רול און קרליין פ,גרמים,75.00,100 גרם,false,,11.70,15.6000,true,1,247836
7290006788443,false,"קרליין - נושם אוקסיג'ן דאודורנט רול און לאישה סגול 75 מ""ל","אמיליה קוסמטיקס בע""מ",IL,דאו רול און קרליין א,גרמים,75.00,100 גרם,false,,11.70,15.6000,true,1,247837
7290006788498,false,"קרליין - נושם פיור דאודורנט ספריי לאישה ורוד 200 מ""ל",מיוצר עי : אמיליה קוסמטי,IL,דאו ספריי קרליין נוש,מיליליטרים,200.00,"100 מ""ל",false,,11.70,5.8500,true,1,247839
7290006788504,false,"קרליין - נושם אוקסיג'ן דאודורנט ספריי לאישה סגול 200 מ""ל",מיוצר עי : אמיליה קוסמטי,IL,דאו ספריי קרליין נוש,מיליליטרים,200.00,"100 מ""ל",false,,11.70,5.8500,true,1,247840
7290006805355,false,"פילסברי, כדורים בטעם שוקולד, תערובת להכנת כדורים בטעם שוקולד. 500 גרם.",הדקלאים אגודת שיתופי,IL,תערובת להכנת כדורי ש,גרמים,500.00,100 גרם,false,,15.90,3.1800,true,1,264313
7290006805850,false,פילסברי פנקייק תערובת להכנת חביתיות,הדקלאים אגודת שיתופי,IL,תערובת להכנת פנקייק,גרמים,500.00,100 גרם,false,,15.90,3.1800,true,1,264314
7290006822192,false,נקטר דיאט חמוציות אושן ספריי פריגת 1 ליטר,מבשלות בירה בינלאומיות ב,IL,נקטר חמוציות דיאט או,קילוגרמים,1.00,ליטר,false,,11.90,11.9000,true,1,249681
7290006983152,false,קרוטונים מתובלים למרק אסם 400 גרם,עינת תעשיות מזון אגו,IL,קרוטונים למרק אסם 40,גרמים,400.00,100 גרם,false,,17.90,4.4750,true,1,247873
7290006983176,false,אוסם - לחמית שיפון 250 גרם,"אסם השקעות בע""\מ",IL,לחמית שיפון 230 גרם,גרמים,230.00,100 גרם,false,,7.90,3.4348,true,1,247874
7290006983527,false,עוגת הבית תפוחי עץ עם פירורים 400 ג' אסם,מיוצר עי קונדיטוריית,IL,עוגת תפוח עץ פרורים,גרמים,400.00,100 גרם,false,,14.90,3.7250,true,1,247875
7290006983770,false,עוגת הבית שיש אסם 400 גרם,מיוצר עי קונדיטוריית,IL,עוגת שיש אסם 400 גרם,גרמים,400.00,100 גרם,false,,10.90,2.7250,true,1,247877
7290006983787,false,עוגת הבית שוקולד צ'יפס אסם 400 גרם,מיוצר עי קונדיטוריית,IL,עוגת שוקולד ציפס אסם,גרמים,400.00,100 גרם,false,,10.90,2.7250,true,1,247878
7290006983794,false,עוגת הבית בטעם תפוז אסם 400 גרם,מיוצר עי קונדיטוריית,IL,עוגת תפוז אסם 380 גר,גרמים,400.00,100 גרם,false,,10.90,2.7250,true,1,247879
7290006992161,false,מטרנה - דייסת קורנפלור פרוביוטי 200 גרם,מולינו ניקולי s.p.a,IL,דייסת קורנפלור מטרנה,גרמים,200.00,100 גרם,false,,12.90,6.4500,true,1,247881
7290006992185,false,"מטרנה - דייסת אורז פרוביוטי כשל""פ 200 גרם",מולינו ניקולי s.p.a,IL,דייסת אורז מטרנה 200,גרמים,200.00,100 גרם,false,,12.90,6.4500,true,1,247883
7290006992208,false,מטרנה דייסת 8 דגנים מעורבים 200 גרם,מטרנה תעשיות ש.מ,IL,דייסת דגנים מעורבים,גרמים,200.00,100 גרם,false,,12.90,6.4500,true,1,247885
7290006992390,false,"מטרנה - דייסת וניל פרוביוטי כשל""פ 200 גרם",מולינו ניקולי s.p.a,IL,דייסת וניל מטרנה 200,גרמים,200.00,100 גרם,false,,12.90,6.4500,true,1,247887
7290008154222,false,שניצלונים עוף טוב 700 גרם,"מוצרי עוף טוב (2001) בע""",IL,שניצלונים עוף טוב 70,גרמים,700.00,100 גרם,false,,12.70,1.8143,true,1,248511
7290008194266,false,מארזים מתוקים א.אטיא,ממתקי השלום,IL,חטיפים מעורב 350 גרם,גרמים,350.00,100 גרם,false,,12.90,3.6857,true,1,252335
7290008194839,false,חטיפים מצופים אטיאס,ממתקי השלום,IL,חטיפים מצופים 300 גר,גרמים,300.00,100 גרם,false,,12.90,4.3000,true,1,291447
7290008257008,false,מסרק סמיך שיני נחושת אריסטוקרט,אריסטוקרט,CN,מסרק סמיך אריסטוקרט,Unknown,0.00,יחידה,false,,10.90,0.0000,true,1,249544
7290008257169,false,פלסטר בד אלסטי 100 יחידות,אריסטוקרט,CN,פלסטר אריסטוקרט 100,Unknown,0.00,יחידה,false,,6.90,0.0000,true,1,248537
7290008257176,false,מחלק מנות אריסטוקרט,אריסטוקרט,CN,מחלק מנות אריסטוקרט,Unknown,0.00,יחידה,false,,10.90,0.0000,true,1,248538
7290008257206,false,מברשת ניקוי בקבוק (206 ),אריסטוקרט,IL,מברשת לניקוי בקבוקים,Unknown,0.00,יחידה,false,,4.90,0.0000,true,1,248540
7290008257275,false,פטמות רחבות רב שלבי 2 יח,אריסטוקרט,IL,פטמות לבקבוק רחב ארי,Unknown,0.00,יחידה,false,,11.90,0.0000,true,1,248546
7290008257312,false,מוצץ סיליקון אורטודנטי זוג מצוייר איריס גדול,אריסטוקרט,TH,מוצץ סיליקון גדול אר,Unknown,0.00,יחידה,false,,13.90,0.0000,true,1,248548
7290008257411,false,"סינר מגבת עבה + תיק תק, אפשרות לשני גדלים בפתח הצוואר",אריסטוקרט,TH,סינר מגבת לתינוק ארי,Unknown,0.00,יחידה,false,,13.90,0.0000,true,1,258841
7290008257558,false,מבריק / צובע נעליים שחור / שקוף,אריסטוקרט,TR,מבריק נעליים אריסטוק,Unknown,0.00,יחידה,false,,5.90,0.0000,true,1,248553
7290008257688,false,נשכן קרור דוגמאות שונות (688),אריסטוקרט,CN,נשכן לתינוק אריסטוקר,Unknown,0.00,יחידה,false,,6.90,0.0000,true,1,248554
7290008257718,false,רפידות הנקה זוג במבצע,אריסטוקרט,CN,רפידות הנקה אריסטוקר,Unknown,0.00,יחידה,false,,18.90,0.0000,true,1,248555
7290008257770,false,"בקבוק רחב לתינוק+ידיות 250 מ""ל (770)",אריסטוקרט,TH,בקבוק רחב לתינוק ארי,Unknown,0.00,יחידה,false,,19.90,0.0000,true,1,264472
7290008257909,false,"נוזל צחצוח לנעליים שחור 80 מ""ל",אריסטוקרט,TR,נוזל נעליים אריסטוקר,מיליליטרים,75.00,"100 מ""ל",false,,3.90,5.2000,true,1,248558
7290008268448,false,אוכמניות ארוז,אראל תוצרת חקלאית בע,IL,אוכמניות יח,Unknown,0.00,יחידה,false,,14.90,0.0000,true,1,318302
7290008343466,false,בצק פילו 500 גרם שלושת האופים,שלושת האופים שגמור,IL,בצק פילו ש.האופים 50,גרמים,500.00,100 גרם,false,,16.90,3.3800,true,1,248570
7290008343503,false,ג'חנון תימני אפוי 3האופים 650 ג',שלושת האופים,IL,גחנון ש.האופים 650 ג,גרמים,650.00,100 גרם,false,,16.90,2.6000,true,1,248571
7290008343558,false,"סיגרים בשר שלושת האופים 1 ק""ג","שלושת האופים בע""\מ",IL,סיגרים בשר ש.האופים,פריט,1.00,"ק""ג",false,,18.90,18.9000,true,1,248572
7290008343565,false,"סיגרים תפו""א 1 ק""ג שלושת האופים","שלושת האופים בע""\מ",IL,סיגרים תפוא ש.האופים,פריט,1.00,"ק""ג",false,,18.90,18.9000,true,1,248573
7290008343602,false,"קובה בשר 1 ק""ג שלושת האופים","שלושת האופים בע""\מ",IL,קובה בשר ש.האופים 1,פריט,1.00,"ק""ג",false,,18.90,18.9000,true,1,248575
7290008343619,false,"פסטלים תפו""א שלושת האופים 1 ק""ג","שלושת האופים בע""\מ",IL,פסטלים תפוא ש.האופים,פריט,1.00,"ק""ג",false,,18.90,18.9000,true,1,248576
7290008343626,false,"כדורי פלאפל 1 ק""ג שלושת האופים","שלושת האופים בע""\מ",IL,כדורי פלאפל ש.האופים,פריט,1.00,"ק""ג",false,,18.90,18.9000,true,1,248577
7290008347211,false,אצבעות דג מצופות דלידג 700 גרם,אף.סי תבליני בגליל ב,IL,אצבעות דג מצופות דלי,גרמים,700.00,100 גרם,false,,21.90,3.1286,true,1,248581
7290008409049,false,שניצלונים בציפוי שומשום מיני מיני דק מאמא עוף 500 גרם,תנובה גליל שותפות מוגבלת,IL,שניצלונים מיני מאמא,גרמים,500.00,100 גרם,false,,24.90,4.9800,true,1,258148
7290008409223,false,שניצל דק דק מתובל מאמא עוף 700 גרם,תנובה גליל שותפות מוגבלת,IL,שניצל דק דק מתובל מא,גרמים,700.00,100 גרם,false,,34.90,4.9857,true,1,254451
7290008409407,false,שניצל דק צ'יפס מאמא עוף 700 גרם,תנובה גליל שותפות מוגבלת,IL,שניצל דק דק ציפס מאמ,גרמים,700.00,100 גרם,false,,34.90,4.9857,true,1,254452
7290008409551,false,שניצל עוף אמיתי בציפוי מעודן 700 ג' מאמא עוף,תנובה גליל שותפות מוגבלת,IL,שניצל מעודן מאמא עוף,גרמים,700.00,100 גרם,false,,29.90,4.2714,true,1,248614
7290008409568,false,שניצל עוף אמיתי בציפוי שבבי ציפס 700 גר,תנובה גליל שותפות מוגבלת,IL,שניצל ציפס מאמא עוף,גרמים,700.00,100 גרם,false,,29.90,4.2714,true,1,248615
7290008409582,false,שניצל עוף אמיתי בציפוי ביתי מאמא עוף 700 גרם,תנובה גליל שותפות מוגבלת,IL,שניצל ביתי מאמא עוף,גרמים,700.00,100 גרם,false,,29.90,4.2714,true,1,248616
7290008409773,false,קציצות עוף אמיתיות מאמא עוף 700 גרם,תנובה גליל שותפות מוגבלת,IL,קציצות עוף מאמא עוף,גרמים,700.00,100 גרם,false,,27.50,3.9286,true,1,248619
7290008423014,false,פלפל שחור גרוס 100 גרם,תבליני הדור השלישי,IL,פלפל שחור גרוס פרג 1,גרמים,100.00,100 גרם,false,,15.90,15.9000,true,1,248628
7290008423045,false,תבלין לקציצות פרג 10,תבליני הדור השלישי,IL,תבלין לקציצות פרג 10,גרמים,100.00,100 גרם,false,,16.90,16.9000,true,1,248630
7290008423052,false,עגבניות מיובשות בשמן זית ק 250 גרם,תבליני הדור השלישי,IL,עגבניות מיובשות פרג,גרמים,250.00,100 גרם,false,,14.90,5.9600,true,1,248631
7290008423243,false,מלח שולחן הים האדום,מלח הארץ,IL,מלח שולחן הים האדום,גרמים,650.00,100 גרם,false,,7.50,1.1538,true,1,287765
7290008423250,false,מלח גס הים האדום 630,מלח הארץ,IL,מלח גס הים האדום 630,גרמים,630.00,100 גרם,false,,7.50,1.1905,true,1,287764
7290008443265,false,תחליב לחות לרחצה אל סבון נוזלי נקה 7 2 ליטר,אמיליה קוסמטיקס,IL,אל סבון סופטקר 2 ליט,קילוגרמים,2.00,ליטר,false,,24.90,12.4500,true,1,248632
7290008443616,false,"מרכך לשיער יבש אדום נקה 7 750 מ""ל","אמיליה קוסמטיקס בע""מ",IL,מרכך נקה 7 לשיער יבש,מיליליטרים,750.00,"100 מ""ל",false,,8.70,1.1600,true,1,248633
7290008455619,false,אחדות עוף מס' 2 בשקית קפוא,אחד למהדרין,IL,עוף מס 2 קפוא לנדא,קילוגרמים,1.00,"ק""ג",true,,27.90,27.9000,true,1,321928
7290008464024,false,"בירה גולדסטאר Unfiltered, בירה לא מסוננת, פחית 500 מ""ל","טמפו משקאות בע""מ",IL,בירה גולדסטאר פחית 4,מיליליטרים,500.00,"100 מ""ל",false,,7.90,1.5800,true,1,266843
7290008464130,false,"בירה גולדסטאר Unfiltered, בירה לא מסוננת, מארז שישייה, בקבוק 330 מ""ל",טמפו,IL,מארז בירה גולדסטאר 4,קילוגרמים,1.98,ליטר,false,,29.90,15.1010,true,1,259379
7290008464468,false,"בירה גולדסטאר, פחית 500 מ""ל","טמפו משקות בע""\מ",IL,בירה גולדסטאר פחית 4,מיליליטרים,500.00,"100 מ""ל",false,,7.90,1.5800,true,1,266842
7290008464734,false,"שישיית בירה גולדסטאר לאגר SLOW BREW בקבוק 330 מ""ל",טמפו משקאות בע''מ,IL,מארז בירה גולדסטאר 1,קילוגרמים,1.98,ליטר,false,,34.90,17.6263,true,1,296505
7290008464741,false,"בירה גולדסטאר, מארז שישייה, בקבוק 330 מ''ל","טמפו משקאות בע""\מ",IL,מארז בירה גולדסטאר 4,קילוגרמים,1.98,ליטר,false,,29.90,15.1010,true,1,248638
7290008464796,false,"בירה היינקן, מארז שישייה, בקבוק 330 מ''ל",טמפו משקאות בע''מ,IL,מארז בירה היינקן 5%,קילוגרמים,1.98,ליטר,false,,29.90,15.1010,true,1,248639
7290008466561,false,עוגיות חמניות ללא סו,אנטיקביץ,IL,עוגיות חמניות ללא סו,גרמים,350.00,100 גרם,false,,11.90,3.4000,true,1,323166
7290008466578,false,עוגיות סנדביץ ריבה מ,אנטיקביץ,IL,עוגיות סנדוויץ ריבה,גרמים,350.00,100 גרם,false,,11.90,3.4000,true,1,323150
7290008466707,false,עוגיות פרימיום 200-250 גרם,דין שיווק,IL,עוגיות פרימיום אנטקו,גרמים,250.00,100 גרם,false,,18.90,7.5600,true,1,323142
7290008466769,false,שנייק קינמון אנטקובי,אנטיקביץ,IL,שנייק קינמון אנטקובי,גרמים,600.00,100 גרם,false,,12.90,2.1500,true,1,323138
7290008466776,false,שנייק וניל אנטקוביץ,אנטיקביץ,IL,שנייק וניל אנטקוביץ,גרמים,600.00,100 גרם,false,,12.90,2.1500,true,1,323139
7290008466783,false,שנייק שוקולד אנטקובי,אנטיקביץ,IL,שנייק שוקולד אנטקובי,גרמים,600.00,100 גרם,false,,12.90,2.1500,true,1,323140
7290008466790,false,רוגלך שוקולד אנטקובי,אנטיקביץ,IL,רוגלך שוקולד אנטקובי,גרמים,600.00,100 גרם,false,,12.90,2.1500,true,1,323141
7290008470759,false,מסטיק אורביט ספירמינט מארז שמינייה,אורביט Orbit,FR,אורביט סטיקס 8*5 יח,גרמים,124.00,100 גרם,false,,13.90,11.2097,true,1,261473
7290008507059,false,קציצות מרוקאיות חריפ,א.ג.ש מלכה,IL,קציצות מרוקאיות חריפ,גרמים,600.00,100 גרם,false,,29.90,4.9833,true,1,320485
7290008507288,false,שווארמה הודו מתובל נ,נתח אדום,IL,שווארמה הודו מתובל נ,גרמים,400.00,100 גרם,false,,29.90,7.4750,true,1,320483
7290008507295,false,שווארמה עגל מתובל נת,נתח אדום,IL,שווארמה עגל מתובל נת,גרמים,400.00,100 גרם,false,,29.90,7.4750,true,1,320484
7290008507301,false,בריסקט עגל מתובל לתנ,נתח אדום,IL,בריסקט עגל מתובל לתנ,קילוגרמים,1.00,"ק""ג",true,,59.90,59.9000,true,1,320486
7290008507448,false,שיפודי אנטריקוט נתח,נתח אדום,IL,שיפודי אנטריקוט נתח,גרמים,400.00,100 גרם,false,,49.90,12.4750,true,1,324217
7290008507486,false,אנטריקוט דקדק נתח אד,נתח אדום,IL,אנטריקוט דקדק נתח אד,גרמים,250.00,100 גרם,false,,29.90,11.9600,true,1,324218
7290008507493,false,נתחי צוואר עגל נתח א,נתח אדום,IL,נתחי צוואר עגל נתח א,גרמים,600.00,100 גרם,false,,49.90,8.3167,true,1,324219
7290008545136,false,דנוור קאט סטייק טרי,,,דנוור קאט סטייק טרי,קילוגרמים,1.00,"ק""ג",true,,99.90,99.9000,true,1,317910
7290008545143,false,פלאט איירון סטייק טר,,,פלאט איירון סטייק טר,קילוגרמים,1.00,"ק""ג",true,,119.90,119.9000,true,1,317911
7290008545181,false,בשר עגל טחון דל שומן,,,בשר עגל טחון דל שומן,קילוגרמים,1.00,"ק""ג",true,,69.90,69.9000,true,1,320459
7290008545198,false,אונטריפ צלעות טרי עט,,,אונטריפ צלעות טרי עט,קילוגרמים,1.00,"ק""ג",true,,79.90,79.9000,true,1,322818
7290008545204,false,דלמוניקו סטייק טרי ע,,,דלמוניקו סטייק טרי ע,קילוגרמים,1.00,"ק""ג",true,,89.90,89.9000,true,1,322819
7290008545778,false,גולש דל שומן טרי עטר,,,גולש דל שומן טרי עטר,קילוגרמים,1.00,"ק""ג",true,,79.90,79.9000,true,1,325296
7290008597906,false,אורז יסמין ששון הקול,ששון הקולה,TH,אורז יסמין שקדיה 5 ק,פריט,5.00,"ק""ג",false,,39.90,7.9800,true,1,249778
7290008611008,false,פילה נסיכת הנילוס במ,נטורס פיש לימיטד,TZ,פילה נסיכת הנילוס במ,קילוגרמים,1.00,"ק""ג",true,,32.90,32.9000,true,1,322815
7290008611046,false,פילה סלמון נורווגי ק,באבורד וואפ,NO,פילה סלמון נורווגי,קילוגרמים,1.00,"ק""ג",true,,64.90,64.9000,true,1,316250
7290008611091,false,פילה סלמון מנות קפוא,סיבורן,NO,מנות פילה סלמון,קילוגרמים,1.00,"ק""ג",true,,79.90,79.9000,true,1,323444
7290008611138,false,טונה אדומה במשקל,,,טונה אדומה במשקל,קילוגרמים,1.00,"ק""ג",true,,49.90,49.9000,true,1,324357
7290008611282,false,סטייק סלמון נורבגי,"צירינה צח סרוסי בע""מ",NO,סטייק סלמון נורבגי,קילוגרמים,1.00,"ק""ג",true,,59.90,59.9000,true,1,325578
7290008611343,false,מנות פילה נסיכת הניל,נטורס פיש לימיטד,UG,מנות פילה נסיכת הניל,קילוגרמים,1.00,"ק""ג",true,,46.90,46.9000,true,1,324142
7290008611350,false,פילה אמנון 5-9 בסט פ,,UG,פילה אמנון 5-9 בסט פ,קילוגרמים,1.00,"ק""ג",true,,24.90,24.9000,true,1,324352
7290008611374,false,פילה אמנון ללא עור,,UG,פילה אמנון ללא עור,קילוגרמים,1.00,"ק""ג",true,,24.90,24.9000,true,1,324353
7290008631570,false,אחדות שוקיים עוף במגש קפוא,,IL,שוקיים עוף קפוא לנדא,קילוגרמים,1.00,"ק""ג",true,,41.90,41.9000,true,1,321935
7290008631594,false,כנפיים עוף קפוא ארוז לנדא-ממותג,,IL,כנפיים עוף קפוא לנדא,קילוגרמים,1.00,"ק""ג",true,,12.90,12.9000,true,1,321941
7290008631600,false,גרון עוף קפוא לנדא,,IL,גרון עוף קפוא לנדא,קילוגרמים,1.00,"ק""ג",true,,3.90,3.9000,true,1,321944
7290008636193,false,כמון בצנצנת מיה 300 גרם,מיה תעשיות מזון מ.ת.מ. ב,IL,כמון מיה 300 גרם,גרמים,300.00,100 גרם,false,,14.90,4.9667,true,1,248649
7290008636209,false,כורכום בצנצנת מיה 300 גרם,מיה תעשיות מזון מ.ת.מ. ב,IL,כורכום מיה 300 גרם,גרמים,300.00,100 גרם,false,,14.90,4.9667,true,1,248650
7290008636216,false,אבקת שום בצנצנת מיה 300 גרם,מיה תעשיות מזון מ.ת.מ. ב,IL,אבקת שום מיה 300 גרם,גרמים,300.00,100 גרם,false,,24.90,8.3000,true,1,248651
7290008645935,false,חומוס לניגוב אחלה 750 ג',"שטראוס גרופ בע""\מ",IL,חומוס אחלה 750 גרם,גרמים,750.00,100 גרם,false,,9.50,1.2667,true,1,273924
7290008670210,false,"יין אדום שירז רקנאטי אחים שקד 750 מ""ל",תות ממתקי איכות,IL,יין רקנאטי שיראז 201,מיליליטרים,750.00,"100 מ""ל",false,,49.90,6.6533,true,1,295147
7290008690713,false,נקטר חמוציות אושן ספריי פריגת 1 ליטר,מבשלות בירה בינלאומיות ב,IL,נקטר חמוציות אושן ספ,קילוגרמים,1.00,ליטר,false,,11.90,11.9000,true,1,248673
7290008693134,false,מעדן גבינה ויוגורט בטעם תות 5% שומן 88 ג' דניאלה,"שטראוס בריאות בע""מ",IL,דניאלה תות 88 גרם,Unknown,0.00,יחידה,false,,3.90,0.0000,true,1,248675
7290008713900,false,לחם שיפון עגול פרוס אנג'ל 750 גרם,מאפיית אנג'\ל אורנים מאפ,IL,לחם שיפון עגול אחדות,גרמים,750.00,100 גרם,false,,12.90,1.7200,true,1,303051
7290008713917,false,לחם שיפון כהה פרוס מאפיית אחדות 750 גרם,מאפיית שלמה א. אנג'\ל בע,IL,לחם שיפון כהה אחדות,גרמים,750.00,100 גרם,false,,12.90,1.7200,true,1,303049
7290008745239,false,תפוצ'יפס קראנצ' בטעם טבעי עלית 50 גרם,"שטראוס פריטו ליי בע""\מ )",IL,תפוציפס אקסטרא טבעי,גרמים,55.00,100 גרם,false,,3.50,6.3636,true,1,248683
7290008747547,false,תפוצ'יפס קראנץ' בטעם טבעי עלית 200 גרם,"שטראוס פריטו ליי בע""\מ )",IL,תפוציפס קראנצ טבעי 2,גרמים,200.00,100 גרם,false,,9.90,4.9500,true,1,248685
7290008753111,false,תפוצ'יפס קראנץ' בטעם מקסיקני עלית 50 גרם,"שטראוס פריטו ליי בע""\מ )",IL,תפוציפס אקסטרא מקסיק,גרמים,50.00,100 גרם,false,,3.50,7.0000,true,1,248689
7290008754040,false,ממרח בטעם שוקולד פרה מגדים עלית 850 גרם,שטראוס גרופ,IL,ממרח בטעם שוקולד פרה,גרמים,850.00,100 גרם,false,,13.90,1.6353,true,1,248690
7290008757980,false,קרטונית ספרינג נקטר רימונים 1 ליטר,יפאורה שותפות מובגלת לשיווק,IL,נקטר ספרינג רימון 1,קילוגרמים,1.00,ליטר,false,,6.90,6.9000,true,1,248694
7290008761925,false,"בקר טחון עטרה 1.2 ק""",טיבון ויל,IL,"בקר טחון עטרה 1.2 ק""",פריט,1.20,"ק""ג",false,,29.90,24.9167,true,1,289452
7290008775816,false,ערגליות עוגיות במילוי שוקולד אסם 300 גרם,מיוצר עי קונדיטוריית,IL,ערגליות שוקו אסם 300,גרמים,300.00,100 גרם,false,,9.90,3.3000,true,1,248697
7290008775823,false,ערגליות עוגיות תות שדה אסם 300 גרם,מיוצר עי קונדיטוריית,IL,ערגליות תות אסם 300,גרמים,300.00,100 גרם,false,,9.90,3.3000,true,1,248698
7290008792264,false,מפיות טישיו טאצ' 100יח',"שניב תעשיות נייר בע""",IL,מפיות טאצ 100 יח',Unknown,0.00,יחידה,false,,4.90,0.0000,true,1,248701
7290008801010,false,"יין קברנה סוביניון מרלו פרייוט קולקשן 750 מ""ל",אגודת הכורמים הקאופו,IL,יין פ. קולקשיין קברנ,מיליליטרים,750.00,"100 מ""ל",false,,32.30,4.3067,true,1,248702
7290008801157,false,"יין מרלו סלקטד כרמל כרמל 750 מ""ל",כרמל מזרחי,IL,יין סלקטד מרלו,מיליליטרים,750.00,"100 מ""ל",false,,28.90,3.8533,true,1,248704
7290008801539,false,יין כרמל 120 קינג דיוויד יקבי כרמל,אגודת הכורמים הקואופרטיב,IL,יין קינג דיוויד 120,מיליליטרים,750.00,"100 מ""ל",false,,18.90,2.5200,true,1,248708
7290008801546,false,יין מוסקט מתוק קינג דיוויד יקבי כרמל,אגודת הכורמים הקואופרטיב,IL,יין קינג דיוויד מוסק,מיליליטרים,750.00,"100 מ""ל",false,,18.90,2.5200,true,1,248709
7290008801843,false,"יין קברנה סוביניון סלקטד כרמל 750 מ""ל","כד בני דרום בע""מ",IL,יין סלקטד קברנה סובי,מיליליטרים,750.00,"100 מ""ל",false,,28.90,3.8533,true,1,248710
7290008801850,false,סלקטד אמרלד ריזלינג לבן חצי יבש 750 מל,אגודת הכורמים הקואופרטיב,IL,יין סלקטד אמרלד ריזל,מיליליטרים,750.00,"100 מ""ל",false,,28.90,3.8533,true,1,248711
7290008802291,false,יין מרלו פרייבט קולקשן יקבי כרמל,אגודת הכורמים הקואופרטיב,IL,יין פ. קולקשיין מרלו,מיליליטרים,750.00,"100 מ""ל",false,,32.30,4.3067,true,1,248712
7290008802512,false,"יין וינו אדום ""כרמל מזרחי""","כד בני דרום בע""מ",IL,יין וינו אדום יבש,מיליליטרים,750.00,"100 מ""ל",false,,19.90,2.6533,true,1,248713
7290008802529,false,"יין לבן חצי יבש וינו 750 מ""ל",כרמל מזרחי,IL,יין וינו לבן יבש,מיליליטרים,750.00,"100 מ""ל",false,,19.90,2.6533,true,1,274016
7290008802895,false,יין קברנה סוביניון פרייבט קולקשן יקבי כרמל,אגודת הכורמים הקאופורטיב,IL,יין פ. קולקשיין קברנ,מיליליטרים,750.00,"100 מ""ל",false,,32.30,4.3067,true,1,248714
7290008803090,false,"יין מרלו קולקשיין הסדרה האזורית כרמל 750 מ""ל",אגודת הכורמים הקואופרטיב,IL,יין גליל עליון מרלו,מיליליטרים,750.00,"100 מ""ל",false,,58.90,7.8533,true,1,258334
7290008804189,false,יין קברנה סוביניון גליל עליון סדרה אזורית יקבי כרמל,אגודת הכורמים הקואופרטיב,IL,יין גליל עליון קברנה,מיליליטרים,750.00,"100 מ""ל",false,,58.90,7.8533,true,1,258333
7290008804332,false,יין שיראז פרייבט קולקשן יקבי כרמל,אגודת הכורמים הקואופרטיב,IL,יין פ.קולקשיין שיראז,מיליליטרים,750.00,"100 מ""ל",false,,32.30,4.3067,true,1,249031
7290008805384,false,סלקטד מוסקטו לבן מבעבע 750 מל 2016,אגודת הכורמים הקואופרטיב,IL,יין סלקטד לבן מבעבע,מיליליטרים,750.00,"100 מ""ל",false,,28.90,3.8533,true,1,249033
7290008805520,false,"יין קברנה/סוביניון סלקטד כרמל 750 מ""ל","כד בני דרום בע""מ",IL,יין סלקטד קברנה מרלו,מיליליטרים,750.00,"100 מ""ל",false,,28.90,3.8533,true,1,248718
7290008805964,false,יין קברנה שיראז גליל עליון סדרה אזורית יקבי כרמל,אגודת הכורמים הקואופרטיב,IL,יין גליל עליון קברנה,מיליליטרים,750.00,"100 מ""ל",false,,58.90,7.8533,true,1,258335
7290008830690,false,מובחרים מן הטבע יחידה,"דין שיווק וקלייה בע""",IL,מובחרים מן הטבע,Unknown,0.00,יחידה,false,,9.90,0.0000,true,1,269315
7290008836265,false,"נינוה יין לבן מוסקט אלכסנדרוני יקבי אפרת 750 מ""ל",יקב טפרברג 1870 בעמ,IL,יין אלכסנדר נינוה מו,מיליליטרים,750.00,"100 מ""ל",false,,24.90,3.3200,true,1,248726
7290008836272,false,"יין אדום נינוה מוסקט המבורג יקבי אפרת 750 מ""ל",יקב טפרברג 1870 בעמ,IL,יין המבורג נינוה מוס,מיליליטרים,750.00,"100 מ""ל",false,,24.90,3.3200,true,1,248727
7290008836395,false,"יין מסורת אדום מתוק 750 מ""ל",יקב טפרברג 1870 בעמ,IL,יין מסורת אדום מתוק,מיליליטרים,750.00,"100 מ""ל",false,,14.90,1.9867,true,1,325269
7290008836401,false,יין אדום מתוק ישן נושן אפרת 1 ליטר,יקב טפרברג 1870 בעמ,IL,יין ישן נושן אדום אפ,קילוגרמים,1.00,ליטר,false,,16.90,16.9000,true,1,248728
7290008836425,false,יין קל אפרת 1 ליטר,יקב טפרברג 1870 בעמ,IL,יין אפרת קל 1 ליטר,קילוגרמים,1.00,ליטר,false,,16.90,16.9000,true,1,255268
7290008836494,false,מיץ ענבים תירוש אדום אפרת 1 ליטר,יקב טפרברג 1870 בעמ,IL,תירוש אדום אפרת 1 לי,קילוגרמים,1.00,ליטר,false,,14.90,14.9000,true,1,248730
7290008975551,false,תחליף חלב מטרנה מהדרין שלב 3 חלבי 700 גרם,מולינו ניקולי s.p.a,IL,מטרנה מהדרין שלב 3 7,גרמים,700.00,100 גרם,false,,46.90,6.7000,true,1,248766
7290008989015,false,"דייסת אורז בטר אנד דיפרנט 400 גרם כשל""פ",בטר אנד דיפרנט B&D,IL,דייסת אורז ב.ד 400 ג,גרמים,400.00,100 גרם,false,,16.90,4.2250,true,1,248767
7290008989022,false,דייסת סולת בטר אנד דיפרנט 400 גרם,בטר אנד דיפרנט B&D,IL,דייסת סולת ב.ד 400 ג,גרמים,400.00,100 גרם,false,,16.90,4.2250,true,1,248768
7290008989039,false,דייסת קורנפלור בטר אנד דיפרנט 400 גרם,בטר אנד דיפרנט B&D,IL,דייסת קורנפלור ב.ד 4,גרמים,400.00,100 גרם,false,,16.90,4.2250,true,1,248769
7290008989053,false,דייסת דגנים בטר אנד דיפרנט 400 גרם,בטר אנד דיפרנט B&D,IL,דייסת דגנים מעורבים,גרמים,400.00,100 גרם,false,,16.90,4.2250,true,1,248770
7290008989169,false,"אורז תפוח בשקית בטר אנד דיפרנט 500 גרם לל""ג",בטר אנד דיפרנט,IL,פצפוצי אורז ב.ד 500,גרמים,500.00,100 גרם,false,,18.90,3.7800,true,1,248771
7290008989473,false,ממרח חרובים בטעם שוקולד בטר אנד דיפרנט 350 גרם,"בטר אנד דיפרנט בע""מ",IL,ממרח חרובים שוקולד ב,גרמים,350.00,100 גרם,false,,13.90,3.9714,true,1,248773
7290008989671,false,"ציפוי עדיף פריך ""ללא גלוטן"" בטר אנד דיפרנט 250 גרם",בטר אנד דיפרנט,IL,פירורי קורנפלקס פריך,גרמים,250.00,100 גרם,false,,9.90,3.9600,true,1,258143
7290008989749,false,פריכיות קינואה 200 ג' B-D,בטר אנד דיפרנט,IL,פריכיות קינואה עם או,גרמים,200.00,100 גרם,false,,9.90,4.9500,true,1,274115
7290008989848,false,ממרח חמאת בוטנים קרנצי בטר אנד דיפרנט 350 גרם,בטר אנד דיפרנט B&D,IL,חמאת בוטנים קרנצ'י ב,גרמים,350.00,100 גרם,false,,13.90,3.9714,true,1,269486
7290008989855,false,"פרכוני אורז בטר אנד דיפרנט 80 גרם כשל""פ",בטר אנד דיפרנט B&D,IL,פריכוני אורז מלא ב.ד,גרמים,80.00,100 גרם,false,,3.90,4.8750,true,1,251716
7290008989909,false,סירופ תפוחים בטר אנד דיפרנט 1.2 ליטר,בטר אנד דיפרנט,IL,סירופ ב.ד תפוחים 1.2,קילוגרמים,1.20,ליטר,false,,29.90,24.9167,true,1,248779
7290008989954,false,סירופ תפוזים 1.2ל' בי&די מהדרין,בטר אנד דיפרנט,IL,סירופ ב.ד תפוז 1.2 ל,קילוגרמים,1.20,ליטר,false,,29.90,24.9167,true,1,249489
7290008989985,false,קופסאות אחסון מלבנית 1ל' חמישייה חלבי,"בטר אנד דיפרנט בע""מ",IL,מארז 4 קופסאות אחסון,Unknown,0.00,יחידה,false,,11.90,0.0000,true,1,251609
7290009000115,false,עגבניות שרי,אראל תוצרת חקלאית בע,IL,עגבניות שרי,קילוגרמים,1.00,"ק""ג",true,,17.90,17.9000,true,1,245687
7290009000122,false,עגבניה חממה,אראל תוצרת חקלאית בע,IL,עגבניה,קילוגרמים,1.00,"ק""ג",true,,5.90,5.9000,true,1,245732
7290009000207,false,מלפפון חממה,אראל תוצרת חקלאית בע,IL,מלפפון,קילוגרמים,1.00,"ק""ג",true,,5.90,5.9000,true,1,245978
7290009000313,false,גזר-ארוז,אראל תוצרת חקלאית בע,IL,גזר,קילוגרמים,1.00,"ק""ג",true,,3.90,3.9000,true,1,246614
7290009000405,false,סלק אדום,אראל תוצרת חקלאית בע,IL,סלק,קילוגרמים,1.00,"ק""ג",true,,2.90,2.9000,true,1,246916
7290009000504,false,כרוב לבן,אראל תוצרת חקלאית בע,IL,כרוב לבן,קילוגרמים,1.00,"ק""ג",true,,3.90,3.9000,true,1,247295
7290009000511,false,כרוב אדום,אראל תוצרת חקלאית בע,IL,כרוב אדום,קילוגרמים,1.00,"ק""ג",true,,3.90,3.9000,true,1,247315
7290009000627,false,כרובית יחידה,אראל תוצרת חקלאית בע,IL,כרובית יחידה,Unknown,0.00,יחידה,false,,9.90,0.0000,true,1,289138
7290009000702,false,לפת,אראל תוצרת חקלאית בע,IL,לפת,קילוגרמים,1.00,"ק""ג",true,,5.90,5.9000,true,1,247889
7290009000719,false,צנון,אראל תוצרת חקלאית בע,IL,צנון,קילוגרמים,1.00,"ק""ג",true,,5.90,5.9000,true,1,247899
7290009000801,false,צנונית יח,ברכת קטיף,IL,צנונית יח,Unknown,0.00,יחידה,false,,4.90,0.0000,true,1,248488
7290009000849,false,צנון שחור/לבן,אראל תוצרת חקלאית בע,IL,צנון שחור/לבן,קילוגרמים,1.00,"ק""ג",true,,18.90,18.9000,true,1,295884
7290009000870,false,אגס קוסטיה,אראל תוצרת חקלאית בע,IL,אגס ג'נטיל,קילוגרמים,1.00,"ק""ג",true,,10.90,10.9000,true,1,312026
7290009000887,false,סלרי ראש שקיל,אראל תוצרת חקלאית בע,IL,סלרי ראש שקיל,קילוגרמים,1.00,"ק""ג",true,,11.90,11.9000,true,1,319472
7290009000900,false,בצל יבש,אראל תוצרת חקלאית בע,IL,בצל,קילוגרמים,1.00,"ק""ג",true,,3.90,3.9000,true,1,248783
7290009000931,false,בצל אדום,אראל תוצרת חקלאית בע,IL,בצל אדום,קילוגרמים,1.00,"ק""ג",true,,4.90,4.9000,true,1,248792
7290009000955,false,"בצל יבש כ-10 ק""ג",אראל תוצרת חקלאית בע,IL,"בצל יבש כ-10 ק""ג",פריט,10.00,"ק""ג",false,,34.90,3.4900,true,1,269574
7290009001006,false,אפונה,אראל תוצרת חקלאית בע,IL,אפונה,קילוגרמים,1.00,"ק""ג",true,,19.90,19.9000,true,1,245647
7290009001105,false,בטטה,אראל תוצרת חקלאית בע,IL,בטטה,קילוגרמים,1.00,"ק""ג",true,,8.90,8.9000,true,1,245688
7290009001310,false,דלורית,אראל תוצרת חקלאית בע,IL,דלורית,קילוגרמים,1.00,"ק""ג",true,,5.90,5.9000,true,1,245802
7290009001419,false,חציל חממה,אראל תוצרת חקלאית בע,IL,חציל,קילוגרמים,1.00,"ק""ג",true,,5.90,5.9000,true,1,245840
7290009001426,false,חציל ננסי,אראל תוצרת חקלאית בע,IL,חציל ננסי,קילוגרמים,1.00,"ק""ג",true,,8.90,8.9000,true,1,245841
7290009001433,false,חציל בלאדי,,,חציל בלאדי,קילוגרמים,1.00,"ק""ג",true,,4.90,4.9000,true,1,254428
7290009001501,false,פלפל אדום,אראל תוצרת חקלאית בע,IL,פלפל אדום,קילוגרמים,1.00,"ק""ג",true,,7.90,7.9000,true,1,245860
7290009001518,false,פלפל ירוק בהיר,אראל תוצרת חקלאית בע,IL,פלפל ירוק בהיר,קילוגרמים,1.00,"ק""ג",true,,7.90,7.9000,true,1,245861
7290009001525,false,פלפל חריף ירוק,אראל תוצרת חקלאית בע,IL,פלפל חריף,קילוגרמים,1.00,"ק""ג",true,,6.90,6.9000,true,1,245862
7290009001532,false,פלפל חריף אדום,אראל תוצרת חקלאית בע,IL,פלפל חריף אדום,קילוגרמים,1.00,"ק""ג",true,,5.90,5.9000,true,1,245864
7290009001549,false,פלפל ירוק כהה,אראל תוצרת חקלאית בע,IL,פלפל ירוק כהה,קילוגרמים,1.00,"ק""ג",true,,6.90,6.9000,true,1,245865
7290009001556,false,פלפל כתום,אראל תוצרת חקלאית בע,IL,פלפל כתום,קילוגרמים,1.00,"ק""ג",true,,7.90,7.9000,true,1,245866
7290009001570,false,פלפל צהוב,אראל תוצרת חקלאית בע,IL,פלפל צהוב,קילוגרמים,1.00,"ק""ג",true,,7.90,7.9000,true,1,245869
7290009001594,false,פלפל שושקה,אראל תוצרת חקלאית בע,IL,פלפל שושקה,קילוגרמים,1.00,"ק""ג",true,,9.90,9.9000,true,1,245871
7290009001709,false,קולורבי,אראל תוצרת חקלאית בע,IL,קולורבי,קילוגרמים,1.00,"ק""ג",true,,5.90,5.9000,true,1,245914
7290009001808,false,קישוא מעיין,אראל תוצרת חקלאית בע,IL,קישואים,קילוגרמים,1.00,"ק""ג",true,,4.90,4.9000,true,1,245933
7290009001822,false,קישוא קרעה,אראל תוצרת חקלאית בע,IL,קישוא קרעה,קילוגרמים,1.00,"ק""ג",true,,7.90,7.9000,true,1,245952
7290009001853,false,קישוא זוקיני,אראל תוצרת חקלאית בע,IL,קישוא זוקיני,קילוגרמים,1.00,"ק""ג",true,,9.90,9.9000,true,1,245953
7290009001914,false,שעועית,אראל תוצרת חקלאית בע,IL,שעועית,קילוגרמים,1.00,"ק""ג",true,,19.90,19.9000,true,1,245963
7290009002218,false,ארטישוק,אראל תוצרת חקלאית בע,IL,ארטישוק,קילוגרמים,1.00,"ק""ג",true,,11.90,11.9000,true,1,246142
7290009002850,false,שום בתפזורת,אראל תוצרת חקלאית בע,IL,שום בתפזורת,קילוגרמים,1.00,"ק""ג",true,,19.90,19.9000,true,1,246393
7290009002898,false,תפוח אדמה לאפייה,אראל תוצרת חקלאית בע,IL,תפוח אדמה לאפייה,Unknown,0.00,יחידה,false,,9.90,0.0000,true,1,290212
7290009002935,false,"מארז תפו""א לבן כ-4.8",אראל תוצרת חקלאית בע,IL,תפוח אדמה לבן,פריט,5.00,"ק""ג",false,,21.90,4.3800,true,1,269521
7290009002980,false,תפוח אדמה אדום כ-5 ק,אראל תוצרת חקלאית בע,IL,תפוח אדמה אדום,Unknown,0.00,יחידה,false,,25.90,0.0000,true,1,263277
7290009002997,false,תפוח אדמה תפזורת,אראל תוצרת חקלאית בע,IL,תפוח אדמה תפזורת,קילוגרמים,1.00,"ק""ג",true,,6.90,6.9000,true,1,246555
7290009003079,false,שומר,אראל תוצרת חקלאית בע,IL,שומר,קילוגרמים,1.00,"ק""ג",true,,5.90,5.9000,true,1,246604
7290009003109,false,מלון,אראל תוצרת חקלאית בע,IL,מלון,קילוגרמים,1.00,"ק""ג",true,,6.90,6.9000,true,1,246615
7290009003246,false,פטריות במשקל,מרינה פטריות,IL,פטריות במשקל,קילוגרמים,1.00,"ק""ג",true,,31.90,31.9000,true,1,246674
7290009003352,false,תות שדה א.מעולה250ג,אראל תוצרת חקלאית בע,IL,תות שדה יח,Unknown,0.00,יחידה,false,,24.90,0.0000,true,1,246703
7290009003505,false,סלק עלים,ברכת קטיף,IL,סלק עלים,Unknown,0.00,יחידה,false,,4.90,0.0000,true,1,246763
7290009003529,false,סלרי אמריקאי יח,ברכת קטיף,IL,סלרי אמריקאי יח,Unknown,0.00,יחידה,false,,6.90,0.0000,true,1,266869
7290009004007,false,במיה,אראל תוצרת חקלאית בע,IL,במיה,קילוגרמים,1.00,"ק""ג",true,,29.90,29.9000,true,1,246917
7290009004281,false,תירס,אראל תוצרת חקלאית בע,IL,תירס,קילוגרמים,1.00,"ק""ג",true,,8.90,8.9000,true,1,296965
7290009004311,false,מלון גולדן סוויט,אראל תוצרת חקלאית בע,IL,מלון גולדן סוויט,קילוגרמים,1.00,"ק""ג",true,,5.90,5.9000,true,1,296889
7290009004519,false,שום סולו 250 גרם,אראל תוצרת חקלאית בע,IL,שום סולו 250 גרם,גרמים,250.00,100 גרם,false,,9.90,3.9600,true,1,307126
7290009004809,false,עגבניות שרי אשכולות,אראל תוצרת חקלאית בע,IL,עגבניות שרי אשכולות,Unknown,0.00,יחידה,false,,13.90,0.0000,true,1,317602
7290009005059,false,תפוז ברשת,אראל תוצרת חקלאית בע,IL,תפוז ברשת,קילוגרמים,1.00,"ק""ג",true,,3.90,3.9000,true,1,247312
7290009005080,false,תפוז,אראל תוצרת חקלאית בע,IL,תפוז,קילוגרמים,1.00,"ק""ג",true,,4.90,4.9000,true,1,247313
7290009005172,false,קלמנטינה,אראל תוצרת חקלאית בע,IL,קלמנטינה,קילוגרמים,1.00,"ק""ג",true,,5.90,5.9000,true,1,247320
7290009005196,false,אשכולית אדומה,אראל תוצרת חקלאית בע,IL,אשכולית אדומה,קילוגרמים,1.00,"ק""ג",true,,4.90,4.9000,true,1,247323
7290009005202,false,אשכולית לבנה,אראל תוצרת חקלאית בע,IL,אשכולית לבנה,קילוגרמים,1.00,"ק""ג",true,,4.90,4.9000,true,1,247327
7290009005226,false,פומלה,אראל תוצרת חקלאית בע,IL,פומלה,קילוגרמים,1.00,"ק""ג",true,,5.90,5.9000,true,1,247333
7290009005257,false,פומלית,אראל תוצרת חקלאית בע,IL,פומלית,קילוגרמים,1.00,"ק""ג",true,,4.90,4.9000,true,1,247337
7290009005301,false,לימון,אראל תוצרת חקלאית בע,IL,לימון,קילוגרמים,1.00,"ק""ג",true,,7.90,7.9000,true,1,247344
7290009005318,false,לימון סיני,אראל תוצרת חקלאית בע,IL,לימון סיני,קילוגרמים,1.00,"ק""ג",true,,19.90,19.9000,true,1,247349
7290009005325,false,לימון ברשת,אראל תוצרת חקלאית בע,IL,לימון ברשת,קילוגרמים,1.00,"ק""ג",true,,4.90,4.9000,true,1,249257
7290009005387,false,תפוח עץ גולד רוז,אראל תוצרת חקלאית בע,IL,תפוח עץ גולד רוז,קילוגרמים,1.00,"ק""ג",true,,14.90,14.9000,true,1,299161
7290009005417,false,"בננות ""העמק""",אראל תוצרת חקלאית בע,IL,בננות,קילוגרמים,1.00,"ק""ג",true,,4.90,4.9000,true,1,247366
7290009005615,false,אבוקדו,אראל תוצרת חקלאית בע,IL,אבוקדו,קילוגרמים,1.00,"ק""ג",true,,9.90,9.9000,true,1,247550
7290009005707,false,רימון,אראל תוצרת חקלאית בע,IL,רימון,קילוגרמים,1.00,"ק""ג",true,,7.90,7.9000,true,1,247571
7290009005912,false,אבוקדו ברשת,אראל תוצרת חקלאית בע,IL,אבוקדו ברשת,קילוגרמים,1.00,"ק""ג",true,,8.90,8.9000,true,1,261540
7290009006032,false,אגס נאשי,אראל תוצרת חקלאית בע,IL,אגס נאשי,קילוגרמים,1.00,"ק""ג",true,,11.90,11.9000,true,1,249254
7290009006063,false,אגס,אראל תוצרת חקלאית בע,IL,אגס,קילוגרמים,1.00,"ק""ג",true,,11.90,11.9000,true,1,247639
7290009006100,false,סברס,אראל תוצרת חקלאית בע,IL,סברס,קילוגרמים,1.00,"ק""ג",true,,29.90,29.9000,true,1,247651
7290009006209,false,גויאבה,אראל תוצרת חקלאית בע,IL,גויאבה,קילוגרמים,1.00,"ק""ג",true,,14.90,14.9000,true,1,247659
7290009006308,false,קיווי,אראל תוצרת חקלאית בע,IL,קיווי,קילוגרמים,1.00,"ק""ג",true,,12.90,12.9000,true,1,247674
7290009006315,false,פפאיה,אראל תוצרת חקלאית בע,IL,פפאיה,קילוגרמים,1.00,"ק""ג",true,,12.90,12.9000,true,1,269570
7290009006322,false,קוקוס יחידה,אראל תוצרת חקלאית בע,IL,קוקוס יחידה,Unknown,0.00,יחידה,false,,4.90,0.0000,true,1,249251
7290009006803,false,אננס מתוק במיוחד,אראל תוצרת חקלאית בע,IL,אננס יחידה,Unknown,0.00,יחידה,false,,25.90,0.0000,true,1,247842
7290009006810,false,אפרסמון,אראל תוצרת חקלאית בע,IL,אפרסמון,קילוגרמים,1.00,"ק""ג",true,,9.90,9.9000,true,1,247844
7290009007015,false,תפוח עץ סמיט,אראל תוצרת חקלאית בע,IL,תפוח עץ סמיט,קילוגרמים,1.00,"ק""ג",true,,9.90,9.9000,true,1,247890
7290009007022,false,תפוח עץ מוזהב,אראל תוצרת חקלאית בע,IL,תפוח עץ מוזהב,קילוגרמים,1.00,"ק""ג",true,,9.90,9.9000,true,1,247891
7290009007039,false,תפוח עץ יונתן,אראל תוצרת חקלאית בע,IL,תפוח עץ יונתן,קילוגרמים,1.00,"ק""ג",true,,9.90,9.9000,true,1,247892
7290009007046,false,תפוח עץ סטורי,אראל תוצרת חקלאית בע,IL,תפוח עץ חרמון,קילוגרמים,1.00,"ק""ג",true,,9.90,9.9000,true,1,247897
7290009007053,false,תפוח עץ גאלה,אראל תוצרת חקלאית בע,IL,תפוח עץ גאלה,קילוגרמים,1.00,"ק""ג",true,,9.90,9.9000,true,1,247898
7290009007077,false,תפוח עץ ברשת,אראל תוצרת חקלאית בע,IL,תפוח עץ רשת,קילוגרמים,1.00,"ק""ג",true,,5.90,5.9000,true,1,249246
7290009007107,false,תפוח עץ ענה,אראל תוצרת חקלאית בע,IL,תפוח עץ ענה,קילוגרמים,1.00,"ק""ג",true,,9.90,9.9000,true,1,249249
7290009007138,false,תפוח עץ פינק,אראל תוצרת חקלאית בע,IL,תפוח עץ פינק,קילוגרמים,1.00,"ק""ג",true,,15.90,15.9000,true,1,298123
7290009007503,false,ערמונים,אראל תוצרת חקלאית בע,IL,ערמונים,קילוגרמים,1.00,"ק""ג",true,,9.90,9.9000,true,1,248459
7290009007794,false,כרוב לבן שלם מהדרין,ערוגות המושב,IL,כרוב לבן שלם מהדרין,Unknown,0.00,יחידה,false,,15.90,0.0000,true,1,325772
7290009007800,false,כרוב אדום שלם מהדרין,ערוגות המושב,IL,כרוב אדום שלם מהדרין,Unknown,0.00,יחידה,false,,15.90,0.0000,true,1,325770
7290009008401,false,שזיף לבן/צהוב,אראל תוצרת חקלאית בע,IL,שזיף לבן/צהוב,קילוגרמים,1.00,"ק""ג",true,,11.90,11.9000,true,1,248610
7290009008418,false,שזיף אדום,אראל תוצרת חקלאית בע,IL,שזיף אדום,קילוגרמים,1.00,"ק""ג",true,,9.90,9.9000,true,1,248621
7290009008562,false,שיזף,אראל תוצרת חקלאית בע,IL,שיזף,קילוגרמים,1.00,"ק""ג",true,,19.90,19.9000,true,1,287975
7290009008807,false,"מארז לימון כ 2.5 ק""ג",אראל תוצרת חקלאית בע,IL,"מארז לימון כ 2.5 ק""ג",פריט,2.50,"ק""ג",false,,16.90,6.7600,true,1,325142
7290009008814,false,"מארז אבוקדו כ 2.5 ק""",אראל תוצרת חקלאית בע,IL,"מארז אבוקדו כ 2.5 ק""",פריט,2.50,"ק""ג",false,,17.90,7.1600,true,1,325143
7290009008821,false,"מארז תפוז כ 2.5 ק""ג",אראל תוצרת חקלאית בע,IL,"מארז תפוז כ 2.5 ק""ג",פריט,2.50,"ק""ג",false,,9.90,3.9600,true,1,325144
7290009008876,false,פטרוזיליה מהדרין ערו,ערוגות המושב,IL,פטרוזיליה מהדרין ערו,Unknown,0.00,יחידה,false,,7.90,0.0000,true,1,325777
7290009008883,false,כוסברה מהדרין ערוגות,ערוגות המושב,IL,כוסברה מהדרין ערוגות,Unknown,0.00,יחידה,false,,7.90,0.0000,true,1,325773
7290009008890,false,שמיר מהדרין ערוגות ה,ערוגות המושב,IL,שמיר מהדרין ערוגות ה,Unknown,0.00,יחידה,false,,7.90,0.0000,true,1,325774
7290009008906,false,נענע מהדרין ערוגות ה,ערוגות המושב,IL,נענע מהדרין ערוגות ה,Unknown,0.00,יחידה,false,,7.90,0.0000,true,1,325778
7290009008913,false,סלרי עלים מהדרין ערו,ערוגות המושב,IL,סלרי עלים מהדרין ערו,Unknown,0.00,יחידה,false,,8.90,0.0000,true,1,325771
7290009008920,false,מנגולד מהדרין ערוגות,ערוגות המושב,IL,מנגולד מהדרין ערוגות,Unknown,0.00,יחידה,false,,8.90,0.0000,true,1,325775
7290009008937,false,בצל ירוק מהדרין ערוג,ערוגות המושב,IL,בצל ירוק מהדרין ערוג,Unknown,0.00,יחידה,false,,8.90,0.0000,true,1,325776
7290009008944,false,חסה זוגות מהדרין ערו,ערוגות המושב,IL,חסה זוגות מהדרין ערו,Unknown,0.00,יחידה,false,,10.90,0.0000,true,1,325779
7290009028768,false,שקית ענק אושר עד,,,שקית ענק אושר עד,Unknown,0.00,יחידה,false,,0.60,0.0000,true,1,252320
7290009068818,false,אגוז ברזיל טבעי במשק,דין שיווק,IL,אגוז ברזיל טבעי במשק,קילוגרמים,1.00,"ק""ג",true,,89.00,89.0000,true,1,249335
7290009068825,false,אגוז קלוף במשקל,דין שיווק,IL,אגוז קלוף במשקל,קילוגרמים,1.00,"ק""ג",true,,59.00,59.0000,true,1,249336
7290009068849,false,בוטן מסוכר במשקל,דין שיווק,IL,בוטן מסוכר במשקל,קילוגרמים,1.00,"ק""ג",true,,30.00,30.0000,true,1,249337
7290009068856,false,בוטן קלוי במשקל,דין שיווק,CN,בוטן קלוי במשקל,קילוגרמים,1.00,"ק""ג",true,,24.00,24.0000,true,1,249338
7290009068863,false,בונדוק טבעי במשקל,דין שיווק,TR,בונדוק טבעי במשקל,קילוגרמים,1.00,"ק""ג",true,,77.00,77.0000,true,1,249339
7290009068870,false,בונדוק קלוי במשקל,דין שיווק,TR,בונדוק קלוי במשקל,קילוגרמים,1.00,"ק""ג",true,,88.00,88.0000,true,1,249340
7290009068887,false,גרעין אבטיח קלוי במש,דין שיווק,IL,גרעין אבטיח קלוי במש,קילוגרמים,1.00,"ק""ג",true,,55.00,55.0000,true,1,249342
7290009068894,false,גרעין לבן קלוי במשקל,דין שיווק,IL,גרעין לבן קלוי במשקל,קילוגרמים,1.00,"ק""ג",true,,39.00,39.0000,true,1,249343
7290009068917,false,גרעין שחור קלוי במשק,דין שיווק,US,גרעין שחור קלוי במשק,קילוגרמים,1.00,"ק""ג",true,,19.00,19.0000,true,1,249344
7290009068955,false,גרעין חמניה קלוף טבע,"דין שיווק וקלייה בע""",US,גרעין חמניה קלוף טבע,קילוגרמים,1.00,"ק""ג",true,,39.00,39.0000,true,1,249346
7290009068962,false,מנצס במשקל,דין שיווק,CN,מנצס במשקל,קילוגרמים,1.00,"ק""ג",true,,47.00,47.0000,true,1,249347
7290009069006,false,פיסטוק ענק קלוי במשק,דין שיווק,US,פיסטוק ענק קלוי במשק,קילוגרמים,1.00,"ק""ג",true,,69.00,69.0000,true,1,249348
7290009069051,false,פקאן טבעי במשקל,דין שיווק,US,פקאן טבעי במשקל,קילוגרמים,1.00,"ק""ג",true,,119.00,119.0000,true,1,249349
7290009069068,false,פקאן סיני במשקל,דין שיווק,IL,פקאן סיני במשקל,קילוגרמים,1.00,"ק""ג",true,,99.00,99.0000,true,1,249350
7290009069075,false,פיסטוק טבעי במשקל,דין שיווק,CN,צנובר במשקל,קילוגרמים,1.00,"ק""ג",true,,195.00,195.0000,true,1,249351
7290009069112,false,קשיו קלוי במשקל,דין שיווק,VN,קשיו קלוי במשקל,קילוגרמים,1.00,"ק""ג",true,,69.00,69.0000,true,1,249362
7290009069129,false,שקד שבבים במשקל,דין שיווק,US,שקד שבבים במשקל,קילוגרמים,1.00,"ק""ג",true,,115.00,115.0000,true,1,249363
7290009069136,false,שקד בקליפה קלוי במשק,דין שיווק,IL,שקד בקליפה קלוי במשק,קילוגרמים,1.00,"ק""ג",true,,60.00,60.0000,true,1,249364
7290009069143,false,שקד טבעי ענק במשקל,דין שיווק,US,שקד טבעי ענק במשקל,קילוגרמים,1.00,"ק""ג",true,,79.00,79.0000,true,1,249365
7290009069150,false,שקד טבעי בקליפה במשק,דין שיווק,US,שקד טבעי בקליפה במשק,קילוגרמים,1.00,"ק""ג",true,,83.00,83.0000,true,1,249287
7290009069174,false,שקד מסוכר במשקל,"דין שיווק וקלייה בע""",IL,שקד מסוכר במשקל,קילוגרמים,1.00,"ק""ג",true,,75.00,75.0000,true,1,249367
7290009069181,false,שקד ספרדי קלוי במשקל,דין שיווק,US,שקד ספרדי קלוי במשקל,קילוגרמים,1.00,"ק""ג",true,,69.00,69.0000,true,1,249366
7290009069235,false,חטיפים יפני במשקל,דין שיווק,TH,חטיפים יפני במשקל,קילוגרמים,1.00,"ק""ג",true,,65.00,65.0000,true,1,249368
7290009069242,false,בוטן אמריקאי במשקל,דין שיווק,IL,בוטן אמריקאי במשקל,קילוגרמים,1.00,"ק""ג",true,,15.00,15.0000,true,1,249369
7290009069259,false,קבוקים במשקל,דין שיווק,IL,קבוקים במשקל,קילוגרמים,1.00,"ק""ג",true,,20.00,20.0000,true,1,249370
7290009069273,false,משמש במשקל,דין שיווק,TR,משמש במשקל,קילוגרמים,1.00,"ק""ג",true,,54.00,54.0000,true,1,249372
7290009069280,false,צימוק חום במשקל,דין שיווק,TR,צימוק חום במשקל,קילוגרמים,1.00,"ק""ג",true,,28.00,28.0000,true,1,249373
7290009069297,false,צימוק לבן ענק במשקל,דין שיווק,US,צימוק לבן ענק במשקל,קילוגרמים,1.00,"ק""ג",true,,44.00,44.0000,true,1,249374
7290009069303,false,צימוק לבן במשקל,דין שיווק,US,צימוק לבן במשקל,קילוגרמים,1.00,"ק""ג",true,,37.00,37.0000,true,1,249375
7290009069310,false,שזיף מיובש ענק במשקל,דין שיווק,AR,שזיף מיובש ענק במשקל,קילוגרמים,1.00,"ק""ג",true,,45.00,45.0000,true,1,249376
7290009069327,false,תאנים גדולות במשקל,דין שיווק,TR,תאנים גדולות במשקל,קילוגרמים,1.00,"ק""ג",true,,47.00,47.0000,true,1,249377
7290009069334,false,שזיף ללא גרעין במשקל,דין שיווק,AR,שזיף ללא גרעין במשקל,קילוגרמים,1.00,"ק""ג",true,,45.00,45.0000,true,1,249379
7290009069426,false,אננס פלחים במשקל,,,אננס פלחים במשקל,קילוגרמים,1.00,"ק""ג",true,,24.00,24.0000,true,1,249415
7290009069440,false,בננה ציפס במשקל,דין שיווק,PH,בננה ציפס במשקל,קילוגרמים,1.00,"ק""ג",true,,33.00,33.0000,true,1,249416
7290009069495,false,פאפיה במשקל,דין שיווק,TH,פאפיה במשקל,קילוגרמים,1.00,"ק""ג",true,,29.00,29.0000,true,1,303708
7290009069501,false,תמר מגהול ענק,דין שיווק,IL,תמר מגהול ענק,קילוגרמים,1.00,"ק""ג",true,,45.00,45.0000,true,1,249286
7290009069518,false,ג'ינג'ר דל סוכר שקיל,"דין שיווק וקלייה בע""",TH,גינגר במשקל,קילוגרמים,1.00,"ק""ג",true,,50.00,50.0000,true,1,303709
7290009069600,false,פירות תוצרת חוץ,דין שיווק,IL,פירות תוצרת חוץ,קילוגרמים,1.00,"ק""ג",true,,50.00,50.0000,true,1,249341
7290009069990,false,תערובות לאורז - תערו,"דין שיווק וקלייה בע""",IL,תבלינים בקבוצה 2 במש,קילוגרמים,1.00,"ק""ג",true,,50.00,50.0000,true,1,249352
7290009077162,false,מלפפון/ירקות במשקל,דין שיווק,IL,מלפפון/ירקות במשקל,קילוגרמים,1.00,"ק""ג",true,,40.00,40.0000,true,1,253730
7290009077483,false,זית ירוק במשקל,דין שיווק,GR,זית ירוק במשקל,קילוגרמים,1.00,"ק""ג",true,,54.00,54.0000,true,1,253728
7290009077681,false,זית יווני במשקל,דין שיווק,GR,זית יווני במשקל,קילוגרמים,1.00,"ק""ג",true,,59.00,59.0000,true,1,253729
7290009090017,false,תבלינים בקבוצה 4 במש,נפטון,IL,תבלינים בקבוצה 4 במש,קילוגרמים,1.00,"ק""ג",true,,100.00,100.0000,true,1,249353
7290009951431,false,פירות אקזוטיים במשקל,"דין שיווק וקלייה בע""",TH,פירות טרופיים במשקל,קילוגרמים,1.00,"ק""ג",true,,80.00,80.0000,true,1,249418
7290009951455,false,תבלינים / פלפל,"דין שיווק וקלייה בע""",IL,תבלינים / פלפל,קילוגרמים,1.00,"ק""ג",true,,75.00,75.0000,true,1,252434
7290010066599,false,מארז רביעיית טונה בשמן זית 4*160 גרם,תעשיות פילטונה,IL,טונה בשמן זית פילטונ,גרמים,640.00,100 גרם,false,,27.90,4.3594,true,1,263463
7290010116980,false,אבקת שוקולית שקית עלית 850 ג',הנסיך- מפעל לייצור ט,IL,שוקולית 850 גרם,גרמים,850.00,100 גרם,false,,14.90,1.7529,true,1,247943
7290010117864,false,דוריטוס חטיף תירס בטעם חריף אש עלית 70 גרם,"שטראוס פריטו ליי בע""\מ )",IL,דוריטוס בטעם חריף אש,גרמים,70.00,100 גרם,false,,3.20,4.5714,true,1,247945
7290010151783,false,יין דרימיה סהר 2016,חבל יתיר,IL,יין דרימיה סהר 2016,מיליליטרים,750.00,"100 מ""ל",false,,99.90,13.3200,true,1,314842
7290010153817,false,ריבת חלב אמיתי מיה 400 גרם,מיה תעשיות מזון מ.ת.מ. ב,IL,ריבת חלב מיה 400 גרם,גרמים,400.00,100 גרם,false,,9.90,2.4750,true,1,247965
7290010153848,false,תבלין פפריקה מרוקאי בשמן 80 גר' מיה,מיה תעשיות מזון מ.ת.מ. ב,IL,פפריקה מתוקה בשמן מי,גרמים,80.00,100 גרם,false,,5.80,7.2500,true,1,247968
7290010153855,false,פפריקה מרוקאית בשמן 300 גרם צנצנת,מיה תעשיות מזון מ.ת.מ. ב,IL,פפריקה מרוקאית בשמן,גרמים,300.00,100 גרם,false,,14.90,4.9667,true,1,247969
7290010153862,false,פלפל שחור גרוס בצנצנת מיה 70 גרם,מיה תעשיות מזון מ.ת.מ. ב,IL,פלפל שחור גרוס מיה 7,גרמים,70.00,100 גרם,false,,6.90,9.8571,true,1,247970
7290010153879,false,ריבת חלב מרוכזת בטעם שמנת מיה 400 גר',מיה תעשיות מזון מ.ת.מ. ב,IL,ריבת חלב בטעם שמנת מ,גרמים,400.00,100 גרם,false,,9.90,2.4750,true,1,247971
7290010154005,false,סחוג תימני יוחאי ביטון 250 גרם,תבליני יוחאי ביטון,IL,סחוג תימני ביטון 250,גרמים,250.00,100 גרם,false,,13.50,5.4000,true,1,247975
7290010154012,false,לימון בלאדי כבוש תבליני ביטון 250 גרם,תבליני יוחאי ביטון,IL,לימון בלאדי ביטון 25,גרמים,250.00,100 גרם,false,,13.50,5.4000,true,1,262403
7290010154029,false,אריסה מתוקה יוחאי ביטון 250 גרם,תבליני יוחאי ביטון,IL,אריסה מתוקה ביטון 25,גרמים,250.00,100 גרם,false,,13.50,5.4000,true,1,247976
7290010154265,false,פלפל צ'ומה תבליני ביטון 250 גרם,תבליני יוחאי ביטון,IL,פלפל צומה ביטון 250,גרמים,250.00,100 גרם,false,,13.50,5.4000,true,1,247979
7290010154678,false,אריסה מרוקאית תבליני ביטון 250 גרם,תבליני יוחאי ביטון,IL,אריסה חריף פיקנטי בי,גרמים,250.00,100 גרם,false,,13.50,5.4000,true,1,300827
7290010154685,false,שום כתוש יוחאי ביטון 250 גרם,תבליני יוחאי ביטון,IL,שום כתוש ביטון 250 ג,גרמים,250.00,100 גרם,false,,13.50,5.4000,true,1,300828
7290010175840,false,לבבות דקל שלמים טעים 400 גרם,אינאקספו,UY,לבבות דקל שלם טעים 4,גרמים,400.00,100 גרם,false,,11.50,2.8750,true,1,251058
7290010175857,false,פרוסות לבבות דקל במי מלח טעים 400 גרם,אינאקספו,EC,לבבות דקל פרוס טעים,גרמים,400.00,100 גרם,false,,10.50,2.6250,true,1,251057
7290010176212,false,נודלס בטעם עוף בכוס 65 גר' טעמן,זיזיאנג גרין הום פוד,CN,תאי נודלס בטעם עוף ט,גרמים,65.00,100 גרם,false,,3.90,6.0000,true,1,247995
7290010176229,false,נודלס בטעם בקר בכוס 65 גר' טעמן,זיזיאנג גרין הום פוד,CN,תאי נודלס בטעם בקר ט,גרמים,65.00,100 גרם,false,,3.90,6.0000,true,1,250539
7290010176236,false,נודלס בטעם ירקות בכוס 65 גר' טעמן,זיזיאנג גרין הום פוד,CN,תאי נודלס בטעם ירקות,גרמים,65.00,100 גרם,false,,3.90,6.0000,true,1,247996
7290010176243,false,נודלס בטעם סיני בכוס 65 גר' טעמן,זיזיאנג גרין הום פוד,CN,תאי נודלס בטעם סיני,גרמים,65.00,100 גרם,false,,3.90,6.0000,true,1,250538
7290010193288,false,קישקע ממולא גלאט עוף 500 גרם,מ ב גלאט עוף למהדרין,IL,קישקע גלאט עוף 500 ג,גרמים,500.00,100 גרם,false,,14.90,2.9800,true,1,249737
7290010237890,false,"בירה הייניקן בקבוק 500 מ""ל חוזר",טמפו משקאות בע''מ,IL,בירה היינקן ב.חוזר 5,מיליליטרים,500.00,"100 מ""ל",false,,8.90,1.7800,true,1,254725
7290010259892,false,מרגרינה פלוס ללא מלח ויליפוד 200 גרם,וילי פוד,TR,מרגרינה ללא מלח וילי,גרמים,200.00,100 גרם,false,,3.90,1.9500,true,1,255079
7290010328093,false,ממרח חלווה אחווה 400 ג' מהדרין,אחדות בית חרושת לטחי,IL,ממרח חלוה אחוה 400 ג,גרמים,400.00,100 גרם,false,,9.90,2.4750,true,1,248025
7290010328178,false,חלבה מסולסלת שערות אחוה 250 ג',אחדות ביחר לטחינה חל,IL,חלוה מסולסלת אחוה 25,גרמים,250.00,100 גרם,false,,10.90,4.3600,true,1,248026
7290010328239,false,טחינה גולמית מתובלת אחווה 500 ג',אחדות ביחר לטחינה חל,IL,טחינה מתובלת אחוה 50,גרמים,500.00,100 גרם,false,,10.90,2.1800,true,1,248027
7290010328451,false,חלווה פולי קקאו אחוה 400 גרם,אחדות ביחר לטחינה חל,IL,חלוה פולי קקאו אחוה,גרמים,400.00,100 גרם,false,,11.90,2.9750,true,1,258135
7290010328468,false,מארז מיני חלווה אחוה בטעמים 18 יחידות 216 גרם,שוורצקוף& הנקל דיסלד,IL,חטיפי מיני חלוה אחוה,גרמים,216.00,100 גרם,false,,9.80,4.5370,true,1,265409
7290010328680,false,עוגה בטעם שוקולד עם שוקוצ'יפס מריר ולבן 450 גרם,אחדות ביחר לטחינה חל,IL,עוגת שוקולד ציפס מרי,גרמים,450.00,100 גרם,false,,7.50,1.6667,true,1,268003
7290010328710,false,קיצפיות בטעם וניל תות 18,אחדות ביחר לטחינה חל,IL,קצפיות אחוה 180 גרם,גרמים,180.00,100 גרם,false,,8.50,4.7222,true,1,295428
7290010328727,false,ממרח טחינה עם שוקולד אחווה 400 גרם,אחדות ביחר לטחינה חל,IL,ממרח שומשום עם שוקול,גרמים,400.00,100 גרם,false,,9.90,2.4750,true,1,290585
7290010328734,false,ממרח טחינה עם סילאן אחווה 400 גרם,אחדות ביחר לטחינה חל,IL,ממרח שומשום עם סילאן,גרמים,400.00,100 גרם,false,,9.90,2.4750,true,1,291422
7290010328765,false,חלבה חטיף שוקו וניל וחלבה אחווה 50 גרם,אחדות ביחר לטחינה חל,IL,חטיף חלוה שוקו וניל,גרמים,50.00,100 גרם,false,,1.60,3.2000,true,1,295790
7290010328789,false,עוגה בטעם וניל אחוה 350 גרם,אחדות ביחר לטחינה חל,IL,עוגת וניל אחדות 350,גרמים,350.00,100 גרם,false,,6.50,1.8571,true,1,293547
7290010328796,false,עוגה בטעם שוקולד אחוה 350 גרם,אחדות ביחר לטחינה חל,IL,עוגת שוקולד אחדות 35,גרמים,350.00,100 גרם,false,,6.50,1.8571,true,1,293548
7290010328802,false,עוגה וניל שוקוצ'יפס אחדות 350 גר',אחדות ביחר לטחינה חל,IL,עוגת שוקולד ציפס אחד,גרמים,350.00,100 גרם,false,,6.50,1.8571,true,1,293549
7290010328819,false,ממרח טחינה עם שוקולד משומשום מלא אחווה 400 גרם,אחדות ביחר לטחינה חל,IL,ממרח שומשום עם שוקול,גרמים,400.00,100 גרם,false,,9.90,2.4750,true,1,294245
7290010328901,false,מאפין בטעם וניל אחוה 45 גרם,אחדות ביחר לטחינה חל,IL,מאפין וניל אחוה 45 ג,גרמים,45.00,100 גרם,false,,1.30,2.8889,true,1,295955
7290010471669,false,יוגורט תות עם קורנפלקס מצופה שוקולד ללא גלוטן 3.9%,"שטראוס בריאות בע""\מ",IL,דנונה בר תות וקורנפל,גרמים,175.00,100 גרם,false,,4.50,2.5714,true,1,249580
7290010472307,false,"שמיניית משקה גמדים תות בננה דיסני 108 מ""ל","שטראוס בריאות בע""\מ",IL,מארז משקה גמדים תות,גרמים,800.00,100 גרם,false,,20.90,2.6125,true,1,294149
7290010472390,false,מארז 8 יחידות מעדן דני בטעם שוקולד 1.5%,מיוצר עי קונדיטוריית,IL,מארז דני שוקולד 8*12,קילוגרמים,1.00,ליטר,false,,14.50,14.5000,true,1,248037
7290010513703,false,צ'ופסטיקס צפצפה - 20 יחידות,גולין פנגזו,IL,צופסטיקס מזרח ומערב,Unknown,0.00,יחידה,false,,6.90,0.0000,true,1,311029
7290010513727,false,פנקו פרורי לחם 200 גרם (קינגדאו),קינגדאו גוניון פודס,CN,פנקו פירורי לחם מזרח,גרמים,200.00,100 גרם,false,,7.90,3.9500,true,1,309774
7290010561148,false,שליש באגט ל.גלוטן בר,"ל.ד בר אל בע""מ",IL,שליש באגט ל.גלוטן בר,גרמים,360.00,100 גרם,false,,9.90,2.7500,true,1,289169
7290010561193,false,לחמניות נקניקיה ל.גל,"ל.ד בר אל בע""מ",IL,לחמניות נקניקיה ל.גל,גרמים,330.00,100 גרם,false,,4.90,1.4848,true,1,289167
7290010561216,false,פיתות ל.גלוטן בראל 5,"ל.ד בר אל בע""מ",IL,פיתות ל.גלוטן בראל 5,גרמים,420.00,100 גרם,false,,9.90,2.3571,true,1,290199
7290010561247,false,לחם ביתי ל.גלוטן ברא,"ל.ד בר אל בע""מ",IL,לחם ביתי ל.גלוטן ברא,גרמים,500.00,100 גרם,false,,4.90,0.9800,true,1,289166
7290010561278,false,לחמניות המבורגר ל.גל,"ל.ד בר אל בע""מ",IL,לחמניות המבורגר ל.גל,גרמים,370.00,100 גרם,false,,4.90,1.3243,true,1,289168
7290010617180,false,מוצץ סיליקון סימטרי פרח גדול,אריסטוקרט,TH,מוצץ גדול סדרת פרחים,Unknown,0.00,יחידה,false,,16.90,0.0000,true,1,249541
7290010617203,false,סינר גמיש לתינוק אטום לנוזלים,אריסטוקרט,IL,סינר האכלה לתינוק אר,Unknown,0.00,יחידה,false,,11.90,0.0000,true,1,249546
7290010617241,false,מוצץ סיליקון סימטרי פרח בינוני,אריסטוקרט,TH,מוצץ בינוני סדרת פרח,Unknown,0.00,יחידה,false,,16.90,0.0000,true,1,248048
7290010617258,false,מוצץ סיליקון קטן לרך נולד פרח זוגי,אריסטוקרט,TH,מוצץ קטן סדרת פרחים,Unknown,0.00,יחידה,false,,16.90,0.0000,true,1,248049
7290010617593,false,כוס אימון + ידיות רכות במיוחד (593),אריסטוקרט,IL,כוס אימון יוקרתית לת,Unknown,0.00,יחידה,false,,14.90,0.0000,true,1,249892
7290010617746,false,"משחת נעליים + ידית שחור 60 מ""ל",אריסטוקרט,TR,משחת נעליים שחור+ידי,מיליליטרים,60.00,"100 מ""ל",false,,3.90,6.5000,true,1,248056
7290010617906,false,מברשת לניקוי בקבוק יוקרתית (906),אריסטוקרט,IL,מברשת פרימיום לניקוי,Unknown,0.00,יחידה,false,,12.90,0.0000,true,1,250724
7290010617913,false,בקבוק הזנה רחב לתינוק ללא ביספינול A,אריסטוקרט,TH,בקבוק רחב לתינוק ארי,Unknown,0.00,יחידה,false,,18.90,0.0000,true,1,250723
7290010617920,false,שרשרת מוצץ יוקרתית מתאימה לרוב המוצצים,אריסטוקרט,TH,מחזיק למוצץ אריסטוקר,Unknown,0.00,יחידה,false,,12.90,0.0000,true,1,250725
7290010650019,false,אנדיב בלגי אמיתי חוות תקוע,מרינה פטריות הגליל,IL,אנדיב - עולש,Unknown,0.00,יחידה,false,,13.90,0.0000,true,1,249906
7290010650828,false,פטריות שימג'י חוות תקוע 150 גרם,שנגחאי פינק פוד קומפני,CN,פטריות שימגי,Unknown,0.00,יחידה,false,,13.90,0.0000,true,1,302818
7290010650996,false,"פטריות שי מג'י חומות, 150 גרם חוות תקוע",שנגחאי פינק פוד קומפני,CN,פטריות שימגי חומות,Unknown,0.00,יחידה,false,,13.90,0.0000,true,1,317179
7290010656592,false,מיץ ענבים תירוש אדום 100% טבעי 1 ליטר,יקב טפרברג 1870 בעמ,IL,מיץ ענבים תירוש אדום,קילוגרמים,1.00,ליטר,false,,16.90,16.9000,true,1,255266
7290010656615,false,מיץ תירוש טהור לבן 100% טבעי אפרת 1 ליטר,יקב טפרברג 1870 בעמ,IL,מיץ ענבים תירוש לבן,קילוגרמים,1.00,ליטר,false,,16.90,16.9000,true,1,255267
7290010748877,false,"אפקטיב קר קרם גוף סנסטיב לעור רגיש ח 700 מ""ל",פישר מעבדות פרמצבטיות בע,IL,קרם גוף אפקטיב קר לע,מיליליטרים,700.00,"100 מ""ל",false,,23.90,3.4143,true,1,272686
7290010748891,false,אפקטיב קר קרם גוף מולטי ויטמין לעור רגיל יבש ח 7,פישר מעבדות פרמצבטיות בע,IL,קרם גוף אפקטיב קר לע,מיליליטרים,700.00,"100 מ""ל",false,,23.90,3.4143,true,1,272687
7290010757930,false,מלאווח ללא גלוטן פרווה - מוקפא,מאפיית ישראל חיפה,IL,מלוואח ל.גלוטן אריאל,גרמים,500.00,100 גרם,false,,19.90,3.9800,true,1,320436
7290010757961,false,ג'חנון ללא גלוטן אריאל 450 גרם,מאפיית ישראל חיפה,IL,ג'חנון ל.גלוטן אריאל,גרמים,450.00,100 גרם,false,,19.90,4.4222,true,1,320438
7290010760947,false,עוגיות שקד בדליים מאפיית אריאל 600 גרם,מאפיית ישראל חיפה,IL,עוגיות בדלי שקד 500,גרמים,500.00,100 גרם,false,,11.50,2.3000,true,1,251035
7290010777150,false,שמניית פיתה בריבוע מחיטה מלאה פיתה אקספרס,מגוון שיווק והפצת מא,IL,פיתות מרובעות קמח מל,גרמים,800.00,100 גרם,false,,13.90,1.7375,true,1,254771
7290010777280,false,פיתות בריבוע 10יח 900גרם,פיתה אקספרס,IL,פיתות פיתה אקספרס 10,פריט,1.00,"ק""ג",false,,12.90,12.9000,true,1,254583
7290010777297,false,פיתות עבודת יד10 יח'/ פיתה ביס לבן 12 יח',מגוון שיווק והפצת מא,IL,פיתות פיתה אקספרס 10,גרמים,600.00,100 גרם,false,,12.90,2.1500,true,1,254581
7290010777358,false,מארז שמיניית פיתות 100% כוסמין מלא,מגוון שיווק והפצת מא,IL,מארז פיתות 100% כוסמ,גרמים,400.00,100 גרם,false,,15.90,3.9750,true,1,302498
7290010777488,false,פיתה מחמצת 100% קמח מלא פיתה אקספרס,מאפיית ביכורים מזון,IL,מארז פיתות מחמצת קמח,גרמים,500.00,100 גרם,false,,15.90,3.1800,true,1,322395
7290010777525,false,מארז שישייה פיתות כוסמין פיתה אקספרס,מאפיית ביכורים מזון,IL,מארז פיתות חוכמת הפי,גרמים,300.00,100 גרם,false,,15.90,5.3000,true,1,322396
7290010883356,false,כפפות אלוורה רב שימושיות גדולות L סנו סושי,סנו סושי,CN,כפפות אלוורה L סנו ס,Unknown,0.00,יחידה,false,,9.90,0.0000,true,1,248076
7290010883363,false,כפפות אלוורה רב שימושיות קטנות S סנו סושי,האי נאם סי או אל.טי.,CN,כפפות אלוורה S סנו ס,Unknown,0.00,יחידה,false,,9.90,0.0000,true,1,248077
7290010883370,false,כפפות אלוורה רב שימושיות בינוניות M סנו סושי,האי נאם סי או אל.טי.,CN,כפפות אלוורה M סנו ס,Unknown,0.00,יחידה,false,,9.90,0.0000,true,1,248078
7290010931330,false,סלט מטבוחה אחלה 500 גרם,מיוצר עי קונדיטוריית,IL,מטבוחה אחלה 500 גרם,גרמים,500.00,100 גרם,false,,14.90,2.9800,true,1,249577
7290010945146,false,קוטג' 3% מועשר בסידן טרה 250 ג' מהדרין,קריות זול,IL,קוטג 3% טרה 250 גרם,גרמים,250.00,100 גרם,false,,6.00,2.4000,true,1,248081
7290010945306,false,חלב בקרטון 3% 2 ליטר טרה,הפריט בפיקוח,IL,חלב 3% טרה 2 ליטר,קילוגרמים,2.00,ליטר,false,,12.30,6.1500,true,1,248082
7290010945450,false,גבינה לבנה 3% 250 גר מועשר בסידן וויטמין,הפריט בפיקוח,IL,גבינה 3% טרה 250 גרם,גרמים,250.00,100 גרם,false,,4.90,1.9600,true,1,248083
7290010945481,false,גבינה לבנה טרה 5% מרכיבים טבעיים,הפריט בפיקוח,IL,גבינה 5% טרה 500 גרם,גרמים,500.00,100 גרם,false,,9.70,1.9400,true,1,248084
7290010984565,false,זית חרוזית בני דרום,בני דרום,IL,זית חרוזית בני דרום,גרמים,820.00,100 גרם,false,,9.90,1.2073,true,1,299322
7290010984572,false,זית טבעות בני דרום 8,בני דרום,IL,זית טבעות בני דרום 8,גרמים,820.00,100 גרם,false,,9.90,1.2073,true,1,299323
7290010984596,false,זית מנזלינו בני דרום,בני דרום,IL,זית מנזלינו בני דרום,גרמים,820.00,100 גרם,false,,7.90,0.9634,true,1,299318
7290010984602,false,זית סורי מבוקע בני ד,בני דרום,IL,זית סורי מבוקע בני ד,גרמים,820.00,100 גרם,false,,12.90,1.5732,true,1,299319
7290010984619,false,זית מבוקע בני דרום 8,בני דרום,IL,זית מבוקע בני דרום 8,גרמים,820.00,100 גרם,false,,9.90,1.2073,true,1,315416
7290010984626,false,מלפפון במלח גדול בני,בני דרום,IL,מלפפון במלח גדול בני,גרמים,820.00,100 גרם,false,,6.90,0.8415,true,1,299328
7290010984633,false,מלפפון במלח בינוני ב,בני דרום,IL,מלפפון במלח בינוני ב,גרמים,820.00,100 גרם,false,,7.90,0.9634,true,1,299329
7290010984640,false,מלפפון במלח קטן בני,בני דרום,IL,מלפפון במלח קטן בני,גרמים,820.00,100 גרם,false,,9.50,1.1585,true,1,299330
7290010984657,false,מלפפון במלח קטן מאוד,בני דרום,IL,מלפפון במלח קטן מאוד,גרמים,820.00,100 גרם,false,,11.90,1.4512,true,1,299331
7290010984671,false,מלפפון בחומץ גדול בנ,בני דרום,IL,מלפפון בחומץ גדול בנ,גרמים,820.00,100 גרם,false,,6.90,0.8415,true,1,299324
7290010984688,false,מלפפון בחומץ בינוני,בני דרום,IL,מלפפון בחומץ בינוני,גרמים,820.00,100 גרם,false,,7.90,0.9634,true,1,299325
7290010984695,false,מלפפון בחומץ קטן בני,בני דרום,IL,מלפפון בחומץ קטן בני,גרמים,820.00,100 גרם,false,,9.50,1.1585,true,1,299326
7290010984701,false,מלפפון בחומץ קטן מאו,בני דרום,IL,מלפפון בחומץ קטן מאו,גרמים,820.00,100 גרם,false,,11.90,1.4512,true,1,299327
7290010984794,false,פלפל שיפקה בני דרום,בני דרום,IL,פלפל שיפקה בני דרום,גרמים,820.00,100 גרם,false,,7.50,0.9146,true,1,306151
7290011017866,false,קוקה קולה קלאסי בפחית,החברה המרכזית לייצור משקאות,IL,"קוקה קולה 330 מ""ל",מיליליטרים,330.00,"100 מ""ל",false,,4.90,1.4848,true,1,311242
7290011017873,false,"פחיות קוקה קולה זירו 330 מ""ל",החברה המרכזית לייצור משקאות,IL,קוקה קולה זירו 330 מ,מיליליטרים,330.00,"100 מ""ל",false,,4.90,1.4848,true,1,311243
7290011018443,false,"פנטה אורנג פחית סליק 330 מ""ל",החברה המרכזית לייצור משקאות,IL,"פאנטה אורנג' 330 מ""ל",מיליליטרים,330.00,"100 מ""ל",false,,4.90,1.4848,true,1,311245
7290011064099,false,ירקות או פרות ממולאים במעדן גבינה ניצן 125 גרם,גבינות אמיר ניצן בעמ,IL,טאפס פלפלים ממולאים,גרמים,125.00,100 גרם,false,,19.90,15.9200,true,1,296282
7290011091057,false,פפריקה מתוקה פרג 500,תבליני הדור השלישי,IL,פפריקה מתוקה פרג 500,גרמים,500.00,100 גרם,false,,34.90,6.9800,true,1,249008
7290011091088,false,כורכום פרג 500 גרם,תבליני הדור השלישי,IL,כורכום פרג 500 גרם,גרמים,500.00,100 גרם,false,,34.90,6.9800,true,1,249006
7290011091118,false,גריל עוף פרג 500 גרם,תבליני הדור השלישי,IL,גריל עוף פרג 500 גרם,גרמים,500.00,100 גרם,false,,34.90,6.9800,true,1,249003
7290011091392,false,בהרט לקובה פרג 120 ג,תבליני הדור השלישי,IL,בהרט לקובה פרג 120 ג,גרמים,100.00,100 גרם,false,,16.90,16.9000,true,1,250328
7290011091507,false,פלפל שחור טחון 100 גרם,תבליני הדור השלישי,IL,פלפל שחור טחון פרג 1,גרמים,100.00,100 גרם,false,,15.90,15.9000,true,1,249000
7290011091637,false,בהר פלפל אנגלי טחון,תבליני הדור השלישי,IL,פלפל אנגלי פרג 120 ג,גרמים,120.00,100 גרם,false,,15.90,13.2500,true,1,251405
7290011091651,false,שום גבישי פרג 150 גר,תבליני הדור השלישי,IL,שום גבישי פרג 150 גר,גרמים,150.00,100 גרם,false,,16.90,11.2667,true,1,248987
7290011115166,false,נקה 7 ארומה סבון נוזלי לבנדר 1 ל',טרופיקל דגיל תעשיות,IL,תחליב נקה 7 לבנדר 1,קילוגרמים,1.00,ליטר,false,,12.70,12.7000,true,1,248108
7290011115173,false,נקה 7 ארומה סבון נוזלי וניל 1 ל',טרופיקל דגיל תעשיות,IL,תחליב נקה 7 וניל שקד,קילוגרמים,1.00,ליטר,false,,12.70,12.7000,true,1,248109
7290011115203,false,אל סבון מוצק מבושם בניחוח עדין קלאסיק - מארז רביעיה,טרופיקל דגיל תעשיות,IL,סבון מוצק נקה 7 ורוד,גרמים,400.00,100 גרם,false,,10.90,2.7250,true,1,248110
7290011115241,false,אל סבון ארומטי מוצק ורוד ורד ויסמין - מארז רביעיה,"גליל כימיכלים בע""מ",IL,סבון מוצק נקה 7 ורד,גרמים,400.00,100 גרם,false,,10.90,2.7250,true,1,248111
7290011115258,false,אל סבון מוצק מבושם בניחוח עדין קלאסיק - מארז רביעיה,"גליל כימיכלים בע""מ",IL,סבון מוצק נקה 7 ירוק,גרמים,400.00,100 גרם,false,,10.90,2.7250,true,1,248112
7290011115265,false,מארז סבון מוצק ארומה אל סבון מועשר בשמנים ארומטיים,"גליל כימיכלים בע""מ",IL,סבון מוצק נקה 7 לבנד,גרמים,400.00,100 גרם,false,,10.90,2.7250,true,1,248113
7290011115401,false,אל סבון ארומטי מוצק צהוב קמומיל - רביעייה,נקה 7,IL,סבון מוצק נקה 7 קמומ,גרמים,400.00,100 גרם,false,,10.90,2.7250,true,1,250157
7290011126209,false,הגן הקסום תה טעם תפוח וקינמון סיידר ויסוצקי 25 יח',תה ויסוצקי,IL,חליטת תפוח וקינמון ס,גרמים,68.00,100 גרם,false,,16.90,24.8529,true,1,267377
7290011126452,false,הגן הקסום תה בטעם קמומיל ונענע ויסוצקי 25 יחידות,תה ויסוצקי,IL,תה קמומיל נענע הגן ק,גרמים,38.00,100 גרם,false,,16.90,44.4737,true,1,248121
7290011133375,false,"בירה שנדי, בירה בטעם אפרסק, מארז שישייה, בקבוק 330 מ''ל","טמפו משקאות בע""מ",IL,מארז בירה שנדי אפרסק,קילוגרמים,1.98,ליטר,false,,24.90,12.5758,true,1,251756
7290011133450,false,פקדון בקבוק חוזר 500,,,פקדון בקבוק חוזר 500,Unknown,0.00,יחידה,false,,1.20,0.0000,true,1,254605
7290011148959,false,פלפל טינקרבל יח שמיטה,"מרינה פטריות הגליל בע""מ",IL,פלפל טינקרבל מארז,Unknown,0.00,יחידה,false,,8.90,0.0000,true,1,256626
7290011154028,false,תרכיז סיידר תפוחים טהור טעמי הגליל 1.2 ליטר,טעמי הגליל,IL,סירופ תפוע 1.2 ליטר,קילוגרמים,1.20,ליטר,false,,44.60,37.1667,true,1,248125
7290011154134,false,סילאן דבש תמרים צנצנת900,,IL,סילאן טעמי הגליל 900,גרמים,900.00,100 גרם,false,,12.90,1.4333,true,1,248130
7290011154301,false,ממרח תמרים טעמי הגלי,טעמי הגליל,IL,ממרח תמרים טעמי הגלי,גרמים,450.00,100 גרם,false,,5.90,1.3111,true,1,249022
7290011154318,false,סילאן טבעי ללא סוכר 900,טעמי הגליל,IL,סילאן טבעי טעמי הגלי,גרמים,900.00,100 גרם,false,,19.90,2.2111,true,1,290728
7290011164539,false,סוכריות טופי ממולא בטעם פירות 120 יחידות 600 גרם,פאסין אס אי,BR,סוכריות פרוטמילה טופ,גרמים,600.00,100 גרם,false,,14.90,2.4833,true,1,248135
7290011194215,false,מעדן גבינה ויוגורט בטעם בננה 5% שומן 88 ג' דניאלה,"שטראוס בריאות בע""מ",IL,דניאלה בננה 88 גרם,גרמים,88.00,100 גרם,false,,3.90,4.4318,true,1,248148
7290011194246,false,קוטג' 5% עם סידן 250 ג' שטראוס,מיוצר עי קונדיטוריית,IL,קוטג 5% שטראוס 250 ג,גרמים,250.00,100 גרם,false,,5.80,2.3200,true,1,248149
7290011240868,false,"יין מוסקטו אדום מבעבע יקבי ציון 750 מ""ל",יקבי ציון,IL,יין מוסקטו אדום מבעב,מיליליטרים,750.00,"100 מ""ל",false,,29.90,3.9867,true,1,267818
7290011240905,false,"יין מוסקטו לבן מבעבע יקבי ציון 750 מ""ל",יקבי ציון,IL,יין מוסקטו לבן מבעב,מיליליטרים,750.00,"100 מ""ל",false,,29.90,3.9867,true,1,267819
7290011249212,false,וופל עלמה בלגי לימון 200 גר' ללא סוכר,"גילרו בע""מ",IL,ופלים קראנץ' במילוי,גרמים,200.00,100 גרם,false,,2.90,1.4500,true,1,323739
7290011253455,false,יין גוש עציון נחל הע,יקב גוש עציון,IL,יין גוש עציון נחל הע,מיליליטרים,750.00,"100 מ""ל",false,,89.90,11.9867,true,1,320397
7290011254070,false,תבלין פלפל שחור בשקית 50ג' מיה,מיה תעשיות מזון מ.ת.מ. ב,IL,פלפל שחור שקית מיה 5,גרמים,50.00,100 גרם,false,,6.90,13.8000,true,1,248151
7290011254087,false,תבלין קינמון בשקית 80 גר' מיה,מיה תעשיות מזון מ.ת.מ. ב,IL,קינמון שקית מיה 80 ג,גרמים,80.00,100 גרם,false,,3.90,4.8750,true,1,248152
7290011254094,false,תבלין כמון 80גר' שקית,מיה תעשיות מזון מ.ת.מ. ב,IL,כמון שקית מיה 80 גרם,גרמים,80.00,100 גרם,false,,3.90,4.8750,true,1,253382
7290011254100,false,תבלין כרכום בשקית 80 גר' מיה,מיה תעשיות מזון מ.ת.מ. ב,IL,כורכום שקית מיה 80 ג,גרמים,80.00,100 גרם,false,,3.90,4.8750,true,1,248153
7290011254117,false,תבלין פפריקה מתוקה בשקית 80 גר' מיה,מיה תעשיות מזון מ.ת.מ. ב,IL,פפריקה מתוקה שקית מי,גרמים,80.00,100 גרם,false,,3.90,4.8750,true,1,248154
7290011254124,false,תבלין פפריקה חריפה בשקית 80 גר' מיה,מיה תעשיות מזון מ.ת.מ. ב,IL,פפריקה חריפה שקית מי,גרמים,80.00,100 גרם,false,,3.90,4.8750,true,1,248155
7290011254131,false,תבלין אורגנו 20גרם- שקית,מיה תעשיות מזון מ.ת.מ. ב,IL,אורגנו שקית מיה 20 ג,גרמים,20.00,100 גרם,false,,3.90,19.5000,true,1,253376
7290011254148,false,אבקת שום בשקית מיה 80 גרם,מיה תעשיות מזון מ.ת.מ. ב,IL,אבקת שום שקית מיה 80,גרמים,80.00,100 גרם,false,,6.90,8.6250,true,1,248156
7290011254155,false,תבלין מלח לימון בשקית 80 גר' מיה,מיה תעשיות מזון מ.ת.מ. ב,IL,מלח לימון שקית מיה 8,גרמים,100.00,100 גרם,false,,3.90,3.9000,true,1,248157
7290011254162,false,פלפל לבן בשקית מיה 50 גרם,מיה תעשיות מזון מ.ת.מ. ב,IL,פלפל לבן שקית מיה 50,גרמים,50.00,100 גרם,false,,6.90,13.8000,true,1,248158
7290011254179,false,תבלין גריל עוף בשקית 80 גר' מיה,מיה תעשיות מזון מ.ת.מ. ב,IL,גריל עוף שקית מיה 80,גרמים,80.00,100 גרם,false,,3.90,4.8750,true,1,248159
7290011254193,false,תבלין שביבי שום 50גרם שקית,מיה תעשיות מזון מ.ת.מ. ב,IL,שבבי שום שקית מיה 50,גרמים,80.00,100 גרם,false,,6.90,8.6250,true,1,253380
7290011254209,false,גבישי שום בשקית מיה 80 גרם,מיה תעשיות מזון מ.ת.מ. ב,IL,גבישי שום שקית מיה 8,גרמים,80.00,100 גרם,false,,6.90,8.6250,true,1,253378
7290011254230,false,תן צ'אפ חטיף טבעות מארז 15X10ג',מיה תעשיות מזון מ.ת.מ. ב,IL,מארז תן צאפ טבעות 8*,גרמים,120.00,100 גרם,false,,7.90,6.5833,true,1,248160
7290011254247,false,תן צ'אפ חטיף גלגלים מארז 15X10ג',מיה תעשיות מזון בעמ,IL,מארז תן צאפ גלגלים 8,גרמים,120.00,100 גרם,false,,7.90,6.5833,true,1,248161
7290011312381,false,פטריות סטייק פורטובל,"מרינה פטריות הגליל בע""מ",IL,פטריות סטייק פורטובל,Unknown,0.00,יחידה,false,,12.90,0.0000,true,1,254904
7290011378028,false,חלבה קלאסית וניל ללא תוספת סוכר בארכה 350 גרם,"רושדי תעשיות מזון בע""\מ",IL,"חלבה בטעם וניל לת""ס",גרמים,350.00,100 גרם,false,,14.90,4.2571,true,1,258715
7290011378233,false,"חטיפי חלווה בארכה 126 גרם מארז 7 יחידות לל""ס","רושדי תעשיות מזון בע""\מ",IL,"חלבה בקטנה בארכה לת""",גרמים,126.00,100 גרם,false,,10.90,8.6508,true,1,260887
7290011378257,false,חטיף חלבה בטעם וניל ללא תוספת סוכר בתוספת פיסטוק ופקאן,"רושדי תעשיות מזון בע""\מ",IL,"חלבה בקטנה בארכה לת""",גרמים,126.00,100 גרם,false,,10.90,8.6508,true,1,260888
7290011378769,false,חטיף חלווה וניל בארכה 126 גרם מארז 7 יחידות,"רושדי תעשיות מזון בע""\מ",IL,חלבה בקטנה בארכה בטע,גרמים,126.00,100 גרם,false,,10.90,8.6508,true,1,259609
7290011378776,false,חטיף חלווה פיסטוק בארכה 126 גרם מארז 7 יחידות,"רושדי תעשיות מזון בע""\מ",IL,חלבה בקטנה בארכה בטע,גרמים,126.00,100 גרם,false,,10.90,8.6508,true,1,259611
7290011379025,false,"פלפל צ'ילי ""מרינה""","מרינה פטריות הגליל בע""מ",IL,פלפל צילי מארז,Unknown,0.00,יחידה,false,,6.90,0.0000,true,1,256169
7290011447359,false,תחליף חלב מטרנה מהדרין שלב 1 חלבי 700 גרם,מולינו ניקולי s.p.a,IL,מטרנה מהדרין שלב 1 7,גרמים,700.00,100 גרם,false,,46.90,6.7000,true,1,248180
7290011447373,false,תחליף חלב מטרנה מהדרין שלב 2 חלבי 700 גרם,מטרנה תעשיות ש.מ,IL,מטרנה מהדרין שלב 2 7,גרמים,700.00,100 גרם,false,,46.90,6.7000,true,1,248181
7290011499051,false,פטה כבשים מסורתית 20% בגביע מחלבות גד,MKN עבור מחלבות גד ב,IL,גבינת פטה כבשים 20%,גרמים,250.00,100 גרם,false,,25.90,10.3600,true,1,248194
7290011499358,false,פטה עיזים מסורתית 20% בגביע מחלבות גד,מיוצר על ידי קוד יצר,IL,גבינת פטה עיזים 20%,גרמים,200.00,100 גרם,false,,26.90,13.4500,true,1,255044
7290011499365,false,גבינת חלומי 24% גד 200 גרם,"מחלבות גד בע""\מ",IL,גבינה חלומי 24% גד 2,גרמים,200.00,100 גרם,false,,19.90,9.9500,true,1,249321
7290011499419,false,גבינה במרקם שמנת בטעם טבעי 5% ניו יורק,גבינות מדף,IL,גבינה במרקם שמנת טבע,גרמים,200.00,100 גרם,false,,12.90,6.4500,true,1,254410
7290011499686,false,גבינה צפתית במליחות מעודנת 5% גד 350 גרם,גבינות מדף,IL,גבינה צפתית 5% גד 35,גרמים,350.00,100 גרם,false,,21.90,6.2571,true,1,252682
7290011499723,false,בולגרית פרוסות 5% מהדרין מחלבות גד,גבינות מדף,IL,גבינה בולגרית פרוסות,גרמים,250.00,100 גרם,false,,27.90,11.1600,true,1,252681
7290011499730,false,בולגרית מסורתית 5% מהדרין מחלבות גד,גבינות מדף,IL,גבינה בולגרית 5% גד,גרמים,250.00,100 גרם,false,,23.90,9.5600,true,1,252694
7290011499822,false,גבינה בולגרית 5% מעודנת מהדרין 250ג',גבינות מדף,IL,גבינה בולגרית מעודנת,גרמים,250.00,100 גרם,false,,23.90,9.5600,true,1,255940
7290011499846,false,גבינת ריקוטה פרסקה 9% גד 300 גרם,מחלבות גד בעמ,IL,גבינת ריקוטה פרסקה 9,גרמים,300.00,100 גרם,false,,17.90,5.9667,true,1,286251
7290011501570,false,מיץ שזיפים פרון 946,,US,מיץ שזיפים פרון 946,מיליליטרים,946.00,"100 מ""ל",false,,14.90,1.5751,true,1,258452
7290011514839,false,ספוג רחצה 5 יח',,,ספוג רחצה 5 יח',Unknown,0.00,יחידה,false,,9.90,0.0000,true,1,252642
7290011515911,false,שלגונים מופחתי קלוריות בטעם ריבת חלב - 6 יח',גלידות נסטלה )נגה גלידות,IL,שלגוני לייט נסטלה רי,גרמים,312.00,100 גרם,false,,26.90,8.6218,true,1,251214
7290011518561,false,"אקטימל תות 1.51 ק""ג מארז 14 יחידות",מיוצר עי קונדיטוריית,IL,אקטימל תות דנונה 14*,קילוגרמים,1.40,ליטר,false,,28.90,20.6429,true,1,248201
7290011598211,false,"סנו - אנטי קאלק מרסס ניקוי כללי 4 ב-1 700 מ""ל",מיוצר עי קונדיטוריית,IL,תרסיס אנטי קאלק 4 ב-,מיליליטרים,700.00,"100 מ""ל",false,,15.90,2.2714,true,1,248211
7290011598402,false,מקסימה מרכך כביסה ארומתרפי מאסק סנו 4 ליטר,"סנו מפעלי ברונוס בע""\מ",IL,מרכך מקסימה מאסק 4 ל,קילוגרמים,4.00,ליטר,false,,21.50,5.3750,true,1,248214
7290011725006,false,פטרוזיליה אפרתי ברכת דויד,קונספסיון/ פניסקור/,IL,פטרוזליה ברכת דוד,Unknown,0.00,יחידה,false,,5.90,0.0000,true,1,313167
7290011725013,false,כוסברה אפרתי-ברכת דויד,קונסרבאס פרדו,IL,כוסברה ברכת דוד,Unknown,0.00,יחידה,false,,5.90,0.0000,true,1,302948
7290011725020,false,שמיר אפרתי ברכת דויד,ברכת קטיף,IL,שמיר ברכת דוד,Unknown,0.00,יחידה,false,,5.90,0.0000,true,1,259476
7290011725037,false,נענע אפרתי ברכת דויד,קונסרווס אל.ג'י. זאס,IL,נענע ברכת דוד,Unknown,0.00,יחידה,false,,5.90,0.0000,true,1,313168
7290011725044,false,סלרי עלים אמריקאי אפרתי ברכת דויד,ברכת קטיף,IL,סלרי ברכת דוד,Unknown,0.00,יחידה,false,,6.90,0.0000,true,1,313117
7290011725068,false,מנגולד אפרתי ברכת דויד,קוסמופארם,IL,מנגולד ברכת דוד,Unknown,0.00,יחידה,false,,6.90,0.0000,true,1,313026
7290011725136,false,דלעת ברכת דוד,ברכת קטיף,IL,דלעת ברכת דוד,Unknown,0.00,יחידה,false,,8.90,0.0000,true,1,323326
7290011725143,false,לבבות חסה ברכת דוד,קילט ניהול פרוייקטים,IL,לבבות חסה ברכת דוד,Unknown,0.00,יחידה,false,,12.90,0.0000,true,1,313165
7290011725167,false,בצל ירוק אפרתי בירכת דויד,קלדש הולמן,IL,בצל ירוק ברכת דוד,Unknown,0.00,יחידה,false,,6.90,0.0000,true,1,257912
7290011732172,false,סוכריות שרשרת סודה 24 יח' משפחתי טעמן,גואנגדונג צאואן פוד,CN,סוכריות שרשרת טעמן 2,גרמים,422.00,100 גרם,false,,15.90,3.7678,true,1,248230
7290011732189,false,"סוכריות צמיד דחוסות בד""ץ טעמן 48 יחידות",גואנגדונג צאואן פוד,CN,סוכריות צמיד טעמן 48,גרמים,422.00,100 גרם,false,,15.90,3.7678,true,1,248231
7290011732202,false,סוכריות בקבוקי סודה מארז משפחתי 375 גר',גואנגדונג צאואן פוד,CN,בקבוקי אבקה בטעם פרי,גרמים,462.00,100 גרם,false,,15.90,3.4416,true,1,248232
7290011732271,false,מארז פירות פלסטיק עם אבקה בטעם פרי חמצמץ 36 יחידות,גואנגדונג צאואן פוד,CN,סוכריות פירות טעמן 3,גרמים,432.00,100 גרם,false,,15.90,3.6806,true,1,248235
7290011765392,false,"בוב ספוג שמפו לשיער לסירוק קל כיף 750 מ""ל",טרופיקל דגיל תעשיות,IL,שמפו כיף לילדים בוב,מיליליטרים,750.00,"100 מ""ל",false,,10.70,1.4267,true,1,248255
7290011765415,false,"כיף - בוב ספוג מרכך שיער 750 מ""ל",קוסמופארם,IL,מרכך כיף רוזמרין בוב,מיליליטרים,750.00,"100 מ""ל",false,,10.70,1.4267,true,1,248257
7290011765446,false,משחת שיניים לילדים בוב ספוג בטעם מיץ ענבים עם פלואוריד למניעת עששת,טרופיקל דגיל תעשיות קוסמ,IL,משחת אורביטול ילדים,גרמים,70.00,100 גרם,false,,7.50,10.7143,true,1,248258
7290011800840,false,רפי כהן סלט טחינה בלאדי צבר 400 גרם,רפי כהן / צבר,IL,טחינה בלאדי רפי 400,גרמים,400.00,100 גרם,false,,14.90,3.7250,true,1,250258
7290011877859,false,סנו אינסטלטור חדש פותח סתימות 200ג',מיוצר עי קונדיטוריית,IL,פותח סתימות סנו אינס,מיליליטרים,200.00,"100 מ""ל",false,,12.90,6.4500,true,1,249454
7290011877866,false,"מקסימה אבקת כביסה בניחוח מאסק סנו 6 ק""ג","סנו מפעלי ברונוס בע""\מ",IL,אבקת מקסימה מאסק 6 ק,פריט,6.00,"ק""ג",false,,44.90,7.4833,true,1,249459
7290011947521,false,"שמן זית כתית מעולה מודגש זיתא 750 מ""ל",זיתא - י.ט.ב תעשיות,IL,שמן זית כתית זיתא טע,מיליליטרים,750.00,"100 מ""ל",false,,32.90,4.3867,true,1,313296
7290012001994,false,חרדל דיז'ון גרעינים 350 ג' ריין דיזון,ריין דיז'ון reine dijon,FR,חרדל דיזון גרגירים ר,גרמים,350.00,100 גרם,false,,9.90,2.8286,true,1,251913
7290012025822,false,שמיר סלק אסלי 400 גרם,"סלטי שמיר 2006 בע""מ",IL,סלט סלק אסלי 400 גרם,גרמים,400.00,100 גרם,false,,10.90,2.7250,true,1,251968
7290012025839,false,מטבוחה שמיר אסלי 400 גרם,"סלטי שמיר 2006 בע""מ",IL,מטבוחה אסלי 400 גרם,גרמים,400.00,100 גרם,false,,10.90,2.7250,true,1,251969
7290012086113,false,עגבניות שרי צימן קופסא 500ג',ביכורי השקמה,IL,עגבניות שרי תמר 460,גרמים,460.00,100 גרם,false,,9.90,2.1522,true,1,300966
7290012116261,false,סנו מדיק ג'ל לניקוי ידיים אלוורה 500 מל,גוד פוד פרודקטס S.p,IL,ג'ל חיטוי ידיים אלוו,מיליליטרים,500.00,"100 מ""ל",false,,27.90,5.5800,true,1,310117
7290012116551,false,אנטי קאלק נוזל לניקוי כללי סנו 2 ליטר,מיוצר עי קונדיטוריית,IL,נוזל אנטי קאלק 4 ב-1,קילוגרמים,2.00,ליטר,false,,17.90,8.9500,true,1,249441
7290012116612,false,אורביטול מברשת שיניים מארז 4 יח',ג'נרל מילס סאן אדריא,CN,מברשת אורביטול סופט,Unknown,0.00,יחידה,false,,9.90,0.0000,true,1,249469
7290012117039,false,נוזל לניקוי אמבטיה 00 סנו 1 ליטר,סנו מפעלי ברונוס בעמ,IL,נוזל 00 לאמבט 1 ליטר,קילוגרמים,1.00,ליטר,false,,7.50,7.5000,true,1,249453
7290012117091,false,"אבקת כביסה סנסיטיב סנו מקסימה 6 ק""ג",סנו מקסימה,IL,אבקת מקסימה סנסטיב 6,פריט,6.00,"ק""ג",false,,44.90,7.4833,true,1,249460
7290012117275,false,"קליר שקית מילוי לניקוי חלונות סנו 750 מ""ל",טרופיקל דגיל תעשיות,IL,"מילוי סנוקליר 750 מ""",מיליליטרים,750.00,"100 מ""ל",false,,5.70,0.7600,true,1,249450
7290012117350,false,"נוזל רצפות לילך 2 ליטר ""ריצפז פרש""","סנו מפעלי ברונוס בע""\מ",IL,ריצפז פרש לילך 2 ליט,קילוגרמים,2.00,ליטר,false,,16.90,8.4500,true,1,249444
7290012117411,false,"שמפו וג'ל רחצה רויבוס 700 מ""ל ""קרמה""",קוסמופארם בע'\'\מ,IL,גל רחצה קרמה מן במבו,מיליליטרים,700.00,"100 מ""ל",false,,14.90,2.1286,true,1,267166
7290012117428,false,"ג'ל רחצה ושמפו מעיינות מנטה קרמה מן 700 מ""ל",טרופיקל דגיל תעשיות,IL,שמפו וגל רחצה לגבר ק,מיליליטרים,700.00,"100 מ""ל",false,,14.90,2.1286,true,1,267167
7290012117435,false,"קרמה - שמפו וג'ל רחצה 2 ב-1 אלוורה 700 מ""ל",טרופיקל דגיל תעשיות,IL,גל רחצה קרמה מן אלוו,מיליליטרים,700.00,"100 מ""ל",false,,14.90,2.1286,true,1,267168
7290012117534,false,מרכך כביסה מרוכז תכלת קול סנו מקסימה 1 ליטר,"סנו מפעלי ברונוס בע""\מ",IL,מרכך מקסימה סופר מרו,קילוגרמים,1.00,ליטר,false,,16.90,16.9000,true,1,251090
7290012117541,false,מרכך כביסה מרוכז צהוב סנו מקסימה 1 ליטר,סנו מפעלי ברונוס בעמ,IL,מרכך מקסימה סופר מרו,קילוגרמים,1.00,ליטר,false,,16.90,16.9000,true,1,251091
7290012117558,false,מקסימה מרכך כביסה מרוכז ורוד בניחוח מאסק סנו 1 ליטר,"סנו מפעלי ברונוס בע""\מ",IL,מרכך מקסימה סופר מרו,קילוגרמים,1.00,ליטר,false,,16.90,16.9000,true,1,251092
7290012117732,false,מקסימה מרכך כביסה ארומתרפי קול סנו 4 ליטר,"סנו מפעלי ברונוס בע""\מ",IL,מרכך מקסימה קול 4 לי,קילוגרמים,4.00,ליטר,false,,21.50,5.3750,true,1,254905
7290012117916,false,אינסטלטור נוזל לפתיחת סתימות סנו 1 ליטר,"סנו מפעלי ברונוס בע""",IL,פותח סתימות סנו אינס,קילוגרמים,1.00,ליטר,false,,26.70,26.7000,true,1,265963
7290012227592,false,פסט' חרמון כפרי וסלמי תה זוגי זוגלובק 300X2ג' מחפוד,זוגלובק,IL,מארז תה מעושן וחרמון,גרמים,700.00,100 גרם,false,,25.90,3.7000,true,1,266877
7290012227608,false,מארז חרמון 300 גר' +חרמון ברבקיו 300ג' זוגלובק,זוגלובק,IL,מארז חרמון וברביקיו,גרמים,600.00,100 גרם,false,,25.90,4.3167,true,1,266876
7290012227615,false,נקניקיות עוף זוגלובק 800 ג' מחפוד,זוגלובק,IL,נקניקיות עוף זוגלובק,גרמים,800.00,100 גרם,false,,23.90,2.9875,true,1,266875
7290012227622,false,פסטרמה חרמון כפרית דבש 400גר מחפוד זוגלובק,זוגלובק,IL,פסטרמה בדבש זוגלובק,גרמים,400.00,100 גרם,false,,18.90,4.7250,true,1,266874
7290012227738,false,זוגלובק סלמי תה מעושן מחפוד 370 גרם,זוגלובק,IL,סלמי תה מעושן זוגלוב,גרמים,370.00,100 גרם,false,,19.90,5.3784,true,1,289231
7290012227769,false,פסטרמה ברביקיו זוגלובק מחפוד 400 גרם,זוגלובק,IL,פסטרמה ברביקיו זוגלו,גרמים,400.00,100 גרם,false,,18.90,4.7250,true,1,268485
7290012227776,false,פסטרמה חרמון הודו מחפוד 400 גר',זוגלובק,IL,פסטרמה הודו זוגלובק,גרמים,400.00,100 גרם,false,,18.90,4.7250,true,1,268486
7290012227783,false,נקניק תה מעושן מחפוד זוגלובק 400ג',זוגלובק,IL,נקניק תה מעושן זוגלו,גרמים,400.00,100 גרם,false,,17.90,4.4750,true,1,268487
7290012228261,false,נקנקיות קנקרס הודו ועוף ריינהולד'ס זוגלובק 300 ג',זוגלובק,IL,נקניקיות ריינהולדס ק,גרמים,300.00,100 גרם,false,,19.90,6.6333,true,1,322013
7290012228407,false,"נקניקיות ג'מבו מחפוד זוגלובק 1.5 ק""ג",זוגלובק,IL,נקניקיות ג'מבו זוגלו,פריט,1.50,"ק""ג",false,,32.90,21.9333,true,1,308463
7290012228612,false,"זוג ח.הודו ועוף+ח.ברביקיו 600 גר' ""קהילות""",זוגלובק,IL,מארז חרמון ברביקיו ו,גרמים,600.00,100 גרם,false,,28.90,4.8167,true,1,300776
7290012228629,false,נקניקיות עוף זוגלובק 800 גר' קהילות,זוגלובק,IL,נקניקיות עוף זוגלובק,גרמים,800.00,100 גרם,false,,23.90,2.9875,true,1,300774
7290012228704,false,הספרדיה – נקניקיית עוף ובקר חריפות ריינהולד'ס,זוגלובק,IL,נקניקיות ריינהולדס ה,גרמים,300.00,100 גרם,false,,19.90,6.6333,true,1,322014
7290012228766,false,קבנוס מחפוד זוגלובק 120 גרם,זוגלובק,IL,קבנוס זוגלובק 120 גר,גרמים,120.00,100 גרם,false,,9.90,8.2500,true,1,312503
7290012295034,false,בזיליקום ארוז ברכת קטיף,ביכורי השקמה,IL,בזיליקום מהדרין,Unknown,0.00,יחידה,false,,6.90,0.0000,true,1,266207
7290012309311,false,ערמונים קלופים ששון הקולה 100 גרם,"דין שיווק וקלייה בע""",CN,ערמונים קלופים ששון,גרמים,100.00,100 גרם,false,,4.90,4.9000,true,1,249429
7290012309366,false,"אורז בסמטי הודי שקדיה 5 ק""ג",שקדיה,IN,אורז בסמטי הודי שקדי,פריט,5.00,"ק""ג",false,,49.90,9.9800,true,1,255560
7290012309878,false,חלוה פיסטוק ששון הקולה 500 גרם,ששון הקולה,IL,חלוה פיסטוק ששון הקו,גרמים,500.00,100 גרם,false,,12.90,2.5800,true,1,249426
7290012309892,false,חלבה וניל 500 גרם ששון הקולה,ששון הקולה,IL,חלוה וניל ששון הקולה,גרמים,500.00,100 גרם,false,,12.90,2.5800,true,1,249424
7290012309939,false,חלווה מסולסלת בקופסא ששון הקולה 500 גרם,אף.סי תבליני בגליל ב,IL,חלוה מסולסלת ששון הק,גרמים,500.00,100 גרם,false,,19.90,3.9800,true,1,249425
7290012312588,false,יין גת שומרון 48 קבר,יקב גת,IL,יין גת שומרון 48 קבר,מיליליטרים,750.00,"100 מ""ל",false,,199.90,26.6533,true,1,322468
7290012313585,false,זית טבעות ירוק בני ד,בני דרום,IL,זית טבעות ירוק בני ד,פריט,1.25,"ק""ג",false,,16.90,13.5200,true,1,312793
7290012313820,false,רוטב צ'ילי מתוק בני,בני דרום,IL,רוטב צ'ילי מתוק בני,מיליליטרים,500.00,"100 מ""ל",false,,10.90,2.1800,true,1,324940
7290012313837,false,רוטב סויה בני דרום 5,בני דרום,IL,רוטב סויה בני דרום 5,מיליליטרים,500.00,"100 מ""ל",false,,10.90,2.1800,true,1,324941
7290012313844,false,רוטב אלף האיים בני ד,בני דרום,IL,רוטב אלף האיים בני ד,מיליליטרים,500.00,"100 מ""ל",false,,10.90,2.1800,true,1,324942
7290012335020,false,סוכריות סודה שעון מארז משפחתי 375 גר',גואנגדונג צאואן פוד,CN,סוכריות סודה שעון ט,גרמים,420.00,100 גרם,false,,15.90,3.7857,true,1,249564
7290012359033,false,"דבש מן הטבע 1.5 ק""ג",מכוורת עמק חפר,IL,"דבש מן הטבע 1.5 ק""ג",פריט,1.50,"ק""ג",false,,49.90,33.2667,true,1,295320
7290012359606,false,דבש מן הטבע 700 גרם,מכוורת עמק חפר,IL,דבש מן הטבע 700 גרם,גרמים,700.00,100 גרם,false,,24.90,3.5571,true,1,295312
7290012359613,false,דבש לחיץ מן הטבע 500,מכוורת עמק חפר,IL,דבש לחיץ מן הטבע 500,גרמים,500.00,100 גרם,false,,19.90,3.9800,true,1,295313
7290012439155,false,"פתי בר וניל צבעוני 1.75 ק""ג",הגביע מוצרי ופלים,IL,פתיבר צבעוני גלילית,פריט,1.75,"ק""ג",false,,21.90,12.5143,true,1,322703
7290012483011,false,"פולי סויה קפואים 1ק""ג (מאנצ'ו)",קו אל טי די קיאוניונ,CN,פולי סויה אדממה וילי,פריט,1.00,"ק""ג",false,,16.90,16.9000,true,1,293108
7290012483608,false,"אורז בסמטי DAAWAT מהדרין 5 ק""ג.",הנסיך- מפעל לייצור ט,IN,אורז בסמטי דוואט 5 ק,פריט,5.00,"ק""ג",false,,53.90,10.7800,true,1,255368
7290012522581,false,שניצל תירס ללא גלוטן טבעול 664 גרם,עיצובים 2020 (4.8),IL,שניצל תירס ל.גלוטן ט,גרמים,664.00,100 גרם,false,,19.90,2.9970,true,1,255067
7290012561313,false,בצל קצוץ ומטוגן דורות 400 גרם,עיצובים 2020 (3.8),IL,בצל קצוץ מטוגן דורות,גרמים,400.00,100 גרם,false,,16.90,4.2250,true,1,308887
7290012576607,false,"יין קברנה סוביניון פרמייר מלבק אדום ברקן 750 מ""ל","ברקן שיווק והפצה בע""",IL,יין פרימייר קברנה סו,מיליליטרים,750.00,"100 מ""ל",false,,25.90,3.4533,true,1,263530
7290012602832,false,דבש לחיץ טהור מפרחי,מושב צרופה,IL,דבש לחיץ טהור מפרחי,פריט,1.15,"ק""ג",false,,39.90,34.6957,true,1,323924
7290012645112,false,יוגורט עיזים 2.8% בדלי חלב הארץ 750 גרם,מחלבות סוסיא,IL,משקה יוגורט עיזים חל,מיליליטרים,750.00,"100 מ""ל",false,,17.90,2.3867,true,1,302697
7290012645129,false,יוגורט כבשים 5% בדלי חלב הארץ 750 גרם,מחלבות סוסיא,IL,משקה יוגורט כבשים חל,מיליליטרים,750.00,"100 מ""ל",false,,17.90,2.3867,true,1,302698
7290012724817,false,נענע יח בשקית,"מרינה פטריות הגליל בע""מ",IL,נענע יח',Unknown,0.00,יחידה,false,,3.90,0.0000,true,1,308330
7290012724824,false,שמיר יח בשקית,"מרינה פטריות הגליל בע""מ",IL,שמיר יח,Unknown,0.00,יחידה,false,,3.90,0.0000,true,1,308331
7290012724831,false,כוסברה יח בשקית,"מרינה פטריות הגליל בע""מ",IL,כוסברה ארוז,Unknown,0.00,יחידה,false,,3.90,0.0000,true,1,308280
7290012724848,false,פטרוזיליה יח בשקית,"מרינה פטריות הגליל בע""מ",IL,פטרוזיליה יח,Unknown,0.00,יחידה,false,,3.90,0.0000,true,1,308277
7290012738524,false,מצות יהודה כוסמין 300 ג' חמץ,מצות יהודה,IL,מצות חמץ כוסמין יהוד,גרמים,300.00,100 גרם,false,,23.90,7.9667,true,1,264402
7290012738838,false,"ביסקוויט יהודה מצופה שוקולד 1.2 ק""ג",,IL,ביסקוויט מצופה 1.2 ק,פריט,1.20,"ק""ג",false,,27.90,23.2500,true,1,254242
7290012738845,false,"ביסקויט יהודה טעמים שונים 1.2 ק""ג",מצות יהודה,IL,עוגיות/ביסקויט בטעמי,פריט,1.20,"ק""ג",false,,19.90,16.5833,true,1,254240
7290012779152,false,חסה פאקצ'וי מרינה מה,מרינה פטריות הגליל,IL,חסה פאקצ'וי מרינה מה,Unknown,0.00,יחידה,false,,13.90,0.0000,true,1,311325
7290012803451,false,טוסו שוקולד מריר 62% מוצקי קקאו ללא תוספת סוכר 100 גרם,אלטינמארקה,TR,שוקולד מריר 62% ללא,גרמים,100.00,100 גרם,false,,8.90,8.9000,true,1,320659
7290012803765,false,טוסו שוקולד מריר ללא תוספת סוכר 100 גרם,אלטינמארקה גידה סאן,TR,שוקולד מריר ללא סוכר,גרמים,100.00,100 גרם,false,,8.90,8.9000,true,1,320660
7290012803789,false,טוסו שוקולד מריר עם אגוזים ללא תוספת סוכר 100 גרם,אלטינמארקה גידה סאן,TR,שוקולד מריר ואגוזים,גרמים,100.00,100 גרם,false,,8.90,8.9000,true,1,320661
7290012823343,false,משחת שיניים אורביטול קידס סטעם סוכריות ג'לי 70 גרם,טרופיקל דגיל תעשיות קוסמ,IL,משחת אורביטול ילדים,גרמים,70.00,100 גרם,false,,7.50,10.7143,true,1,311362
7290012823381,false,מקסימה מרכך כביסה מרוכז סנסטיב בייבי סנו 1 ליטר,"סנו מפעלי ברונוס בע""\מ",IL,מרכך מקסימה סופר מרו,קילוגרמים,1.00,ליטר,false,,16.90,16.9000,true,1,251791
7290012823558,false,"מטליות לחות לרצפה 40*70 ס""מ סנו סושי 10 יחידות",סנו מפעלי ברונוס בעמ,IL,מטליות לחות לרצפה סנ,Unknown,0.00,יחידה,false,,10.70,0.0000,true,1,251801
7290012823602,false,נייר טואלט סופט סילק לבן - מארז 32 גלילים,טרופיקל דגיל תעשיות,IL,נייר טואלט לבן סופט,מטרים,589.00,מטר,false,,32.90,0.0559,true,1,252872
7290012823794,false,כיף אל סבון יסמין לבנדר 2 ל',קוסמופארם,IL,אלסבון כיף יסמין לבנ,קילוגרמים,2.00,ליטר,false,,18.90,9.4500,true,1,251787
7290012823916,false,גל כביסה סנו מקסימ מרוכז קריסטל נואר 5 ל,"סנו מפעלי ברונוס בע""\מ",IL,גל מקסימה קריסטל 5 ל,קילוגרמים,5.00,ליטר,false,,41.90,8.3800,true,1,263662
7290012881589,false,מטהר אוויר אורנים 30,סאסאטק,IL,מטהר מגיק אורנים 300,מיליליטרים,300.00,"100 מ""ל",false,,3.90,1.3000,true,1,265105
7290012881787,false,מג'יק מרכך כביסה כחול 4 ל',,,מרכך כביסה כחול 4 לי,קילוגרמים,4.00,ליטר,false,,14.90,3.7250,true,1,265101
7290012881794,false,מג'יק מרכך כביסה ורוד 4 ל',,,מרכך כביסה ורוד 4 לי,קילוגרמים,4.00,ליטר,false,,14.90,3.7250,true,1,265103
7290012881800,false,מג'יק מרכך כביסה לבן 4 ל',,,מרכך כביסה לבן 4 ליט,קילוגרמים,4.00,ליטר,false,,14.90,3.7250,true,1,265102
7290012881817,false,מטהר אוויר לימון 300,סאסאטק,IL,מטהר מגיק לימון 300,מיליליטרים,300.00,"100 מ""ל",false,,3.90,1.3000,true,1,265107
7290012881824,false,ת.מ.א.לבנדר 300 מל מגיק,סאסאטק,IL,מטהר מגיק לבנדר 300,מיליליטרים,300.00,"100 מ""ל",false,,3.90,1.3000,true,1,265106
7290012929779,false,פסטה מקמח מלא ספירלה 500גרם טעמן,מוצרי יסוד - טעמן,TR,פסטה ספירלה מחיטה מל,גרמים,500.00,100 גרם,false,,3.90,0.7800,true,1,251780
7290012929786,false,פסטה מקמח מלא צינורות 500 גרם טעמן,מוצרי יסוד - טעמן,TR,פסטה צינורות מחיטה מ,גרמים,500.00,100 גרם,false,,3.90,0.7800,true,1,251781
7290012929793,false,פסטה ספגטי מקמח מלא טעמן 500 גר',מוצרי יסוד - טעמן,TR,ספגטי חיטה מלאה טעמן,גרמים,500.00,100 גרם,false,,3.90,0.7800,true,1,251782
7290012929960,false,שלישיית טונה בשמן 150 גרם טעמן,דיאמוד פוד פרודקט סי,TH,מארז טונה בשמן טעמן,גרמים,420.00,100 גרם,false,,12.90,3.0714,true,1,251771
7290012969119,false,"רדיד אלומיניום 200 פיט 30 ס""מ אופל",שניב תעשיות נייר,IL,נייר אלומיניום אופל,Unknown,0.00,יחידה,false,,23.90,0.0000,true,1,252207
7290013010001,false,עגבניות מרוסקות פרי מבורך 260 גרם,"זנלכל בע""\מ",IL,עגבניות מרוסקות מבור,גרמים,240.00,100 גרם,false,,5.50,2.2917,true,1,251147
7290013010018,false,רוטב עגבניות לפסטה פרי מבורך 240 גרם,"זנלכל בע""\מ",IL,רוטב לפסטה מבורך 240,גרמים,240.00,100 גרם,false,,5.50,2.2917,true,1,251150
7290013010025,false,"רוטב עגבניות לפיצה בד""ץ פרי מבורך 240 גרם","זנלכל בע""\מ",IL,רוטב לפיצה מבורך 240,גרמים,240.00,100 גרם,false,,5.50,2.2917,true,1,251149
7290013010032,false,רוטב עגבניות לשקשוקה פרי מבורך 240 גרם,"זנלכל בע""\מ",IL,רוטב לשקשוקה מבורך 2,גרמים,240.00,100 גרם,false,,5.50,2.2917,true,1,251148
7290013010094,false,"רוטב פסטה בולונז ""פרי מבורך"" 240 גרם","זנלכל בע""\מ",IL,רוטב בולונז מבורך 24,גרמים,240.00,100 גרם,false,,5.50,2.2917,true,1,253845
7290013010322,false,עגבניות שלמות פרי מבורך 800 ג' A2.5,זנלכל,IL,עגבניות שלמות מבורך,גרמים,800.00,100 גרם,false,,9.90,1.2375,true,1,294212
7290013010339,false,עגבניות מרוסקות ובצל 800 גרם,זנלכל,IL,עגבניות מרוסקות עם ב,גרמים,800.00,100 גרם,false,,9.90,1.2375,true,1,294215
7290013010353,false,עגבניות מרוסקות בזיליקום פרי מבורך 800 גרם,זנלכל,IL,עגבניות מרוסקות עם ב,גרמים,800.00,100 גרם,false,,9.90,1.2375,true,1,294214
7290013027399,false,לחם קמח מלא קל בתוספת שיפון 750 ג' אנג'ל,מאפיית שלמה א. אנג'\ל בע,IL,לחם קל קמח מלא ושיפו,גרמים,750.00,100 גרם,false,,12.90,1.7200,true,1,303039
7290013080295,false,באגסי חטיף חיטה ברביקיו 400 גרם מארז 20 יחידות,א מ חטיפי העמק בעמ,IL,מארז באגסי ברביקיו 2,גרמים,400.00,100 גרם,false,,8.90,2.2250,true,1,252542
7290013080301,false,באגסי חטיף חיטה גריל 400 גרם מארז 20 יחידות,א מ חטיפי העמק בעמ,IL,מארז באגסי גריל 20*2,גרמים,400.00,100 גרם,false,,8.90,2.2250,true,1,252543
7290013080318,false,באגסי חטיף בטעם פלאפל מארז 20X20ג',א מ חטיפי העמק בעמ,IL,מארז באגסי פלאפל 20*,גרמים,400.00,100 גרם,false,,8.90,2.2250,true,1,252544
7290013080479,false,באגסי חטיף חיטה בצל 400 גרם מארז 20 יחידות,א מ חטיפי העמק בעמ,IL,מארז באגסי בצל 20*20,גרמים,400.00,100 גרם,false,,8.90,2.2250,true,1,257963
7290013080486,false,באגסי חטיף חיטה פיצה 400 גרם מארז 20 יחידות,א מ חטיפי העמק בעמ,IL,מארז באגסי פיצה 20*2,גרמים,400.00,100 גרם,false,,8.90,2.2250,true,1,257962
7290013080653,false,מארז רינגים 20 יחי' קטשופ 8 גר',א מ חטיפי העמק בעמ,IL,"מארז טבעות תפו""א רינ",גרמים,160.00,100 גרם,false,,8.90,5.5625,true,1,325199
7290013080769,false,רינגים חטיף טבעות תפוחי אדמה 48 גר',א מ חטיפי העמק בעמ,IL,"חטיף תפו""א רינגים בט",גרמים,50.00,100 גרם,false,,2.90,5.8000,true,1,308208
7290013117212,false,בורקס פילו במילוי גבינה מעדנות 600 גר,מיוצר עי קונדיטוריית,IL,בורקס פילו גבינה מעד,גרמים,600.00,100 גרם,false,,19.90,3.3167,true,1,252720
7290013117229,false,"בורקס פילו במילוי תפו""א מעדנות 600 גר",מיוצר עי קונדיטוריית,IL,בורקס פילו תפוא מעדנ,גרמים,600.00,100 גרם,false,,19.90,3.3167,true,1,252721
7290013117410,false,בצק פריך מרודד למאפים מתוקים 900 ג' מעדנות,מיוצר עי קונדיטוריית,IL,בצק פריך מתוק מעדנות,גרמים,900.00,100 גרם,false,,19.90,2.2111,true,1,253300
7290013117427,false,בצק פריך מרודד למאפים מלוחים מעדנות 2*450 גרם,מיוצר עי קונדיטוריית,IL,בצק פריך מלוח מעדנות,גרמים,900.00,100 גרם,false,,19.90,2.2111,true,1,253299
7290013117526,false,בצק שמרים מרודד למאפים מתוקים מעדנות 900 גרם,"מעדנות בע""\מ",IL,בצק שמרים עלים מעדנו,גרמים,900.00,100 גרם,false,,19.90,2.2111,true,1,256468
7290013220042,false,מיקס טרופי קפוא 500 גרם,א.מ שרון,PL,מיקס טרופי קפוא 500,גרמים,500.00,100 גרם,false,,14.90,2.9800,true,1,305930
7290013220103,false,דובדבן ללא חרצן קפוא500ג,א.מ שרון,PL,דובדבן קפוא 500 גרם,גרמים,500.00,100 גרם,false,,14.90,2.9800,true,1,305921
7290013220127,false,דומדומנית שחורה קפוא500ג,א.צלוביץ,PL,דומדמנית שחורה קפוא,גרמים,500.00,100 גרם,false,,14.90,2.9800,true,1,305923
7290013220134,false,מיקס פירות שדה קפוא 500 גר,א.צלוביץ,PL,מיקס פירות שדה קפוא,גרמים,500.00,100 גרם,false,,14.90,2.9800,true,1,305929
7290013220318,false,חמוציות קפואות 400 גרם,א.צלוביץ,PL,חמוצית קפוא 400 גרם,גרמים,400.00,100 גרם,false,,14.90,3.7250,true,1,305925
7290013220899,false,תות שדה קפוא 500 גרם,א.מ שרון,PL,תות שדה קפוא 500 גרם,גרמים,500.00,100 גרם,false,,14.90,2.9800,true,1,305928
7290013220929,false,אוכמניות כחולות 400 גרם,א.צלוביץ,PL,אוכמניות כחולות קפוא,גרמים,400.00,100 גרם,false,,14.90,3.7250,true,1,305926
7290013221001,false,אננס חתוך קפוא 500 גרם,א.מ שרון,PL,חתיכות אננס קפוא 500,גרמים,500.00,100 גרם,false,,14.90,2.9800,true,1,305931
7290013221018,false,מנגו חתוך קפוא 500 גרם,א.צלוביץ,PL,חתיכות מנגו קפוא 500,גרמים,500.00,100 גרם,false,,14.90,2.9800,true,1,305932
7290013221070,false,קיווי קפוא 500 גרם,א.מ.שרון,PL,קיווי קפוא 500 גרם,גרמים,500.00,100 גרם,false,,14.90,2.9800,true,1,314569
7290013221100,false,מיקס שייק מנגו אננס פיטאיה 500 גרם,א.מ.שרון,PL,שייק מיקס מנגו אננס,גרמים,500.00,100 גרם,false,,14.90,2.9800,true,1,314572
7290013224927,false,אקונומיקה מגיק סמיכה,סאסאטק,IL,אקונומיקה מגיק סמיכה,קילוגרמים,4.00,ליטר,false,,7.90,1.9750,true,1,289672
7290013268020,false,מקסימה מרכך כביסה מרוכז בניחוח אולטרא פרש סנו 1 ליטר,"סנו מפעלי ברונוס בע""\מ",IL,מרכך מקסימה סופר מרו,קילוגרמים,1.00,ליטר,false,,16.90,16.9000,true,1,251789
7290013268242,false,תרכיז ריחני לניקוי רצפות בריח מלון מפנק ריצפז פרש,"סנו מפעלו ברונוס בע""\מ",IL,ריצפז פרש הום מלון מ,קילוגרמים,2.00,ליטר,false,,19.70,9.8500,true,1,325288
7290013268440,false,אורביטול צמד מברשות שיניים בובספוג+פיגור,החברה הדרומית,CN,מברשת אורביטול ילדים,Unknown,0.00,יחידה,false,,16.90,0.0000,true,1,288429
7290013268839,false,פוליויקס פרקט-תרכיז ריחני לניקוי רצפות עץ,"סנו מפעלי ברונוס בע""\מ",IL,פוליויקס פרקט מלון ח,קילוגרמים,2.00,ליטר,false,,19.90,9.9500,true,1,302743
7290013268884,false,"נוזל רצפות מאסק 2 ליטר ""ריצפז פרש""",מיוצר עי קונדיטוריית,IL,ריצפז פרש מאסק 2 ליט,קילוגרמים,2.00,ליטר,false,,16.90,8.4500,true,1,252420
7290013268938,false,סנובון סבון אסלה בניחוח מאסק - מארז 3 יח',סנו סנובון,IL,סבון אסלה סנובון סופ,גרמים,165.00,100 גרם,false,,10.70,6.4848,true,1,253870
7290013268983,false,מרכך כביסה סופר מרוכז בבישום עוצמתי סנו מקסימה 1 ל',"סנו מפעלי ברונוס בע""\מ",IL,מרכך מקסימה סופר מרו,קילוגרמים,1.00,ליטר,false,,16.90,16.9000,true,1,318787
7290013268990,false,מרכך כביסה מרוכז לבן ביו סנו מקסימה 1 ליטר,"סנו מפעלי ברונוס בע""\מ",IL,מרכך מקסימה סופר מרו,קילוגרמים,1.00,ליטר,false,,16.90,16.9000,true,1,301072
7290013269003,false,מרכך כביסה סופר מרוכז בייבי לתינוקות ולעור רגיש,"סנו מפעלי ברונוס בע""\מ",IL,מרכך מקסימה סופר מרו,קילוגרמים,1.00,ליטר,false,,16.90,16.9000,true,1,259345
7290013269621,false,ריצפז פרש לניקוי רצפות בניחוח מלון בוטיק,מיוצר עי קונדיטוריית,IL,ריצפז פרש הום בניחוח,קילוגרמים,2.00,ליטר,false,,19.70,9.8500,true,1,303516
7290013269669,false,ריצפז בניחוח פנטזיה לניקוי הרצפה,"סנו מפעלי ברונוס בע""",IL,ריצפז פנטזיה 3 ליטר,קילוגרמים,3.00,ליטר,false,,11.70,3.9000,true,1,255871
7290013269911,false,"סנו K-333 קוטל חרקים ללא ריח 750מ""ל","סנו מפעלי ברונוס בע""",IL,תרסיס קוטל K333 זוחל,מיליליטרים,750.00,"100 מ""ל",false,,28.90,3.8533,true,1,254217
7290013302236,false,פסטה בילאג'יו פרפלה 500 גרם טעמן,מוצרי יסוד - טעמן,IL,פסטה פרפלה טעמן 500,גרמים,500.00,100 גרם,false,,3.90,0.7800,true,1,252385
7290013302748,false,סוכריות טופי ממולא בטעם יוגורט 120 יחידות 600 גרם,פאסין אס אי,BR,סוכריות זיסי טופי ממ,גרמים,600.00,100 גרם,false,,14.90,2.4833,true,1,253121
7290013302991,false,"שישיית פטריות חתוכות 5.5 טעמן 290X6 מ""ל",פרוצאמפ,NL,פטריות חתוכות טעמן 6,פריט,1.74,"ק""ג",false,,19.90,11.4368,true,1,252579
7290013358035,false,שקדי מרק מנה 800 גרם,מנה,IL,שקדי מרק מנה 800 גרם,גרמים,800.00,100 גרם,false,,12.90,1.6125,true,1,253000
7290013358417,false,מאסטר שף אסייאתי רוטב טריאקי 300 מל כשלפ,קריניציה ויטמינה אס,TH,רוטב טריאקי מאסטר שף,גרמים,300.00,100 גרם,false,,9.90,3.3000,true,1,287570
7290013358462,false,"מיני קרוטונים למרק בתיבול שום, בצל ופטרוזיליה","עינת תעשיות מזון, אגשח ב",IL,מיני קרוטונים למרק ש,גרמים,350.00,100 גרם,false,,17.90,5.1143,true,1,261226
7290013358530,false,מאסטר שף אסייאתי רוטב צ'ילי מתוק 700 מל כשלפ,קריניציה ויטמינה אס,TH,רוטב צילי מתוק מאסטר,גרמים,700.00,100 גרם,false,,12.50,1.7857,true,1,287572
7290013358547,false,מאסטר שף אסייאתי רוטב צ'ילי חריף 700 מל,קי.אר.אס. ספייסי פוד,TH,רוטב צילי חריף מאסטר,גרמים,700.00,100 גרם,false,,12.50,1.7857,true,1,287573
7290013424822,false,ברוקולי א.ישראל ארוז,נובה אלימנטוס,EC,פרחי ברוקולי קפואים,גרמים,700.00,100 גרם,false,,21.90,3.1286,true,1,324791
7290013424914,false,אפרסק פלחים קפוא פיל,בינזו לונגשינטיאנרן,PL,אפרסק פלחים קפוא פיל,גרמים,500.00,100 גרם,false,,11.90,2.3800,true,1,316023
7290013424921,false,קיווי פרוסות קפוא פי,בינזו לונגשינטיאנרן,PL,קיווי פרוסות קפוא פי,גרמים,500.00,100 גרם,false,,11.90,2.3800,true,1,316024
7290013424945,false,מנגו קפוא 500 ג' פילד גוד,סאפו דקלאק טריידינג,PL,מנגו קפוא פילד גוד 5,גרמים,500.00,100 גרם,false,,11.90,2.3800,true,1,316526
7290013424952,false,אננס קפוא 500 ג' פילד גוד,סאפו דקלאק טריידינג,PL,אננס קפוא פילד גוד 5,גרמים,500.00,100 גרם,false,,11.90,2.3800,true,1,317006
7290013424976,false,תות שדה שלם קפוא 500 ג' פילד גוד,אלפה פרוסט,PL,תות שדה קפוא פילד גו,גרמים,500.00,100 גרם,false,,11.90,2.3800,true,1,316026
7290013492005,false,אמא אדמה תפוח אדמה למיקרו 700 גר',שרווין ווליאמס,IL,תפוח אדמה למיקרוגל,Unknown,0.00,יחידה,false,,6.90,0.0000,true,1,253958
7290013536303,false,קמח חיטה מלאה 100% ה,קמח עץ השדה,IL,קמח חיטה מלאה 100% ה,פריט,1.00,"ק""ג",false,,6.90,6.9000,true,1,305241
7290013536310,false,קמח חיטה מלאה 80% הנ,קמח עץ השדה,IL,קמח חיטה מלאה 80% הנ,פריט,1.00,"ק""ג",false,,6.90,6.9000,true,1,305242
7290013536327,false,קמח לבן מנופה הנחתום,קמח עץ השדה,IL,קמח לבן מנופה הנחתום,פריט,1.00,"ק""ג",false,,4.90,4.9000,true,1,305243
7290013536334,false,קמח כוסמין מלא הנחתו,קמח עץ השדה,IL,קמח כוסמין מלא הנחתו,פריט,1.00,"ק""ג",false,,8.90,8.9000,true,1,305244
7290013536341,false,קמח כוסמין 80% הנחתו,קמח עץ השדה,IL,קמח כוסמין 80% הנחתו,פריט,1.00,"ק""ג",false,,11.90,11.9000,true,1,314028
7290013536358,false,קמח כוסמין לבן הנחתו,קמח עץ השדה,IL,קמח כוסמין לבן הנחתו,פריט,1.00,"ק""ג",false,,11.90,11.9000,true,1,305245
7290013536457,false,קמח לחלות הנחתום 1 ק,קמח עץ השדה,IL,קמח לחלות הנחתום 1 ק,פריט,1.00,"ק""ג",false,,5.90,5.9000,true,1,318666
7290013536464,false,קמח חלות כוסמין הנח,קמח עץ השדה,IL,קמח חלות כוסמין הנח,פריט,1.00,"ק""ג",false,,12.90,12.9000,true,1,323811
7290013558800,false,עלי תרד 250 גר בנספק,ל. פלמינגו ישראל,IL,עלי תרד,Unknown,0.00,יחידה,false,,11.90,0.0000,true,1,291311
7290013558824,false,תבלין רוקולה /בזיליקום 100 גר,ל. פלמינגו ישראל,IL,תבלין טרי 100 גרם,גרמים,100.00,100 גרם,false,,6.90,6.9000,true,1,297488
7290013558855,false,לבבות חסה פלמינגו,ל. פלמינגו ישראל,IL,לבבות חסה פלמינגו,Unknown,0.00,יחידה,false,,8.90,0.0000,true,1,291234
7290013584328,false,פקדון בקבוק בירה ריק,,,פקדון בקבוק בירה ריק,Unknown,0.00,יחידה,false,,1.20,0.0000,true,1,264001
7290013585233,false,"ספרייט ZERO פחית סליק 330 מ""ל",החברה המרכזית לייצור משקאות,IL,"ספרייט זירו 330 מ""ל",מיליליטרים,330.00,"100 מ""ל",false,,4.90,1.4848,true,1,311246
7290013608260,false,מיץ רימונים 100%מיץ סחוט טרי מצונן 1ליט,"גניר (1992) בע""מ",IL,מיץ רימונים פרימור 1,קילוגרמים,1.00,ליטר,false,,21.90,21.9000,true,1,265449
7290013610324,false,עוגיות מקרונים רוקה,רות פטיפורים,IL,עוגיות מקרונים רוקה,גרמים,190.00,100 גרם,false,,14.90,7.8421,true,1,311207
7290013610331,false,עוגיות מקרונים רוקה,רות פטיפורים,IL,עוגיות מקרונים רוקה,גרמים,190.00,100 גרם,false,,14.90,7.8421,true,1,311235
7290013610379,false,עוגיות מקרונים רוקה,רות פטיפורים,IL,עוגיות מקרונים רוקה,גרמים,190.00,100 גרם,false,,14.90,7.8421,true,1,319432
7290013615831,false,"במיה טלפרוסט 1 ק""ג",אלמוורה,EG,"במיה טלפרוסט 1 ק""ג",פריט,1.00,"ק""ג",false,,9.90,9.9000,true,1,256866
7290013625458,false,פטריות שמפיניון שלמות טעמן 400 גרם,מוצרי יסוד - טעמן,NL,פטריות שלמות טעמן 40,גרמים,400.00,100 גרם,false,,7.50,1.8750,true,1,308436
7290013625922,false,אטריות דקות טעמן 400 גרם,מוטלו,TR,אטריות דקות טעמן 400,גרמים,400.00,100 גרם,false,,4.90,1.2250,true,1,256249
7290013625939,false,"אטריות דקיקות בד""ץ טעמן 400 גרם",מוטלו,TR,אטריות דקיקות טעמן 4,גרמים,400.00,100 גרם,false,,4.90,1.2250,true,1,256250
7290013675989,false,שניצל גונגל מאמא עוף,תנובה גליל,IL,שניצל גונגל מאמא עוף,פריט,1.20,"ק""ג",false,,49.90,41.5833,true,1,315187
7290013677020,false,שעועית לבנה בוואקום מיה 500 גר',מיה תעשיות מזון מ.ת.מ. ב,IL,שעועית לבנה סלקטד 50,גרמים,500.00,100 גרם,false,,9.50,1.9000,true,1,254391
7290013677037,false,עדשים ירוקות באריזת וואקום Selected,מיה תעשיות מזון מ.ת.מ. ב,IL,עדשים ירוקות סלקטד 5,גרמים,500.00,100 גרם,false,,9.50,1.9000,true,1,254388
7290013677044,false,עדשים אדומים בוואקום מיה 500 גר',מיה תעשיות מזון מ.ת.מ. ב,IL,עדשים אדומות סלקטד 5,גרמים,500.00,100 גרם,false,,9.90,1.9800,true,1,254389
7290013677051,false,פופקורן גרגרים בוואקום מיה 500 גר',מיה תעשיות מזון מ.ת.מ. ב,IL,פופקורן סלקטד 500 גר,גרמים,500.00,100 גרם,false,,9.50,1.9000,true,1,254386
7290013677068,false,כוסמת בוואקום מיה 500 גר',מיה תעשיות מזון מ.ת.מ. ב,IL,כוסמת סלקטד 500 גרם,גרמים,500.00,100 גרם,false,,9.90,1.9800,true,1,254392
7290013677105,false,אפונה סלקטד מיה 500 גרם,מיה תעשיות מזון מ.ת.מ. ב,IL,אפונה סלקטד 500 גרם,גרמים,500.00,100 גרם,false,,8.50,1.7000,true,1,254396
7290013677129,false,שעועית מעורבת בוואקום מיה 500 גר',מיה תעשיות מזון מ.ת.מ. ב,IL,שעועית מעורבת סלקטד,גרמים,500.00,100 גרם,false,,10.90,2.1800,true,1,254399
7290013677136,false,חומוס לבן ענק בוואקום יבש 500 גר',מיה תעשיות מזון מ.ת.מ. ב,IL,חומוס ענק סלקטד 500,גרמים,500.00,100 גרם,false,,12.70,2.5400,true,1,254400
7290013677259,false,תבלין זעתר 50 גרם שקית,מיה תעשיות מזון מ.ת.מ. ב,IL,זעתר שקית מיה 50 גרם,גרמים,80.00,100 גרם,false,,3.90,4.8750,true,1,257552
7290013677266,false,תבלין לפיצה בשקית מיה 80 גרם,מיה תעשיות מזון מ.ת.מ. ב,IL,תבלין לפיצה שקית מיה,גרמים,80.00,100 גרם,false,,3.90,4.8750,true,1,257562
7290013677280,false,תבלין ציפורן שלם 40 גרם שקית,מיה תעשיות מזון בעמ,IL,ציפורן שלם שקית מיה,גרמים,80.00,100 גרם,false,,6.90,8.6250,true,1,257559
7290013677303,false,חוואיג' תימני בשקית מיה 50 גרם,מיה תעשיות מזון מ.ת.מ. ב,IL,תבלין חוואיג תימני ש,גרמים,80.00,100 גרם,false,,3.90,4.8750,true,1,257553
7290013677334,false,תבלין על האש בשקית מיה 50 גרם,מיה תעשיות מזון מ.ת.מ. ב,IL,תבלין על האש שקית מי,גרמים,50.00,100 גרם,false,,3.90,7.8000,true,1,257563
7290013677648,false,שמן זית למאור מיה 1 ליטר,מיה תעשיות מזון בעמ,ES,שמן זית למאור מיה 1,קילוגרמים,1.00,ליטר,false,,19.90,19.9000,true,1,257561
7290013677655,false,סודה לשתיה בצנצנת מיה 600 גרם,מיה תעשיות מזון מ.ת.מ. ב,IL,סודה לשתיה מיה 600 ג,גרמים,600.00,100 גרם,false,,14.90,2.4833,true,1,253674
7290013677662,false,מלח לימון בצנצנת מיה 500 גרם,מיה תעשיות מזון מ.ת.מ. ב,IL,מלח לימון מיה 300 גר,גרמים,300.00,100 גרם,false,,14.90,4.9667,true,1,253673
7290013677679,false,סודה לשתיה בשקית מיה 80 גרם,מיה תעשיות מזון מ.ת.מ. ב,IL,סודה לשתיה שקית מיה,גרמים,80.00,100 גרם,false,,3.90,4.8750,true,1,253375
7290013677686,false,תבלין פפריקה מרוקאית 80 גרם בשקית,מיה תעשיות מזון מ.ת.מ. ב,IL,פפריקה מרוקאית שקית,גרמים,100.00,100 גרם,false,,3.90,3.9000,true,1,253377
7290013677693,false,תבלין פלפל שחור גרוס שקית 50 גרם,מיה תעשיות מזון בעמ,IL,פלפל שחור גרוס שקית,גרמים,50.00,100 גרם,false,,6.90,13.8000,true,1,253381
7290013724939,false,משוקלדים חמוציות מריר 140 גר' קופסא,"דין שיווק וקלייה בע""",IL,חמוציות בשוקולד שקדי,גרמים,140.00,100 גרם,false,,9.90,7.0714,true,1,254125
7290013724946,false,שקדים בשוקולד מריר 140 גר שקדיה,"דין שיווק וקלייה בע""",IL,שקדים בשוקולד שקדיה,גרמים,140.00,100 גרם,false,,9.90,7.0714,true,1,254129
7290013724953,false,חמוציות בציפוי שוקולד בקופסא שקדיה 140 גרם,"דין שיווק וקלייה בע""",IL,חמוציות בציפוי שוקול,גרמים,140.00,100 גרם,false,,9.90,7.0714,true,1,324525
7290013724960,false,שקדים בציפוי שוקולד בקופסא שקדיה 140 גרם,"דין שיווק וקלייה בע""",IL,שקדבציפוי שוקולד חלב,גרמים,140.00,100 גרם,false,,9.90,7.0714,true,1,324526
7290013724977,false,צימוקים בשוקולד מריר 140 גר שקדיה,"דין שיווק וקלייה בע""",IL,צימוק בשוקולד מריר 1,גרמים,140.00,100 גרם,false,,9.90,7.0714,true,1,255016
7290013724991,false,אגוזי לוז בציפוי שוקולד בקופסא שקדיה 140 גרם,"דין שיווק וקלייה בע""",IL,אגוזי לוז בציפוי שוק,גרמים,140.00,100 גרם,false,,9.90,7.0714,true,1,324527
7290013725639,false,רוטב צילי חריף סו שף,"דין שיווק וקליה בע""מ",TH,רוטב צילי חריף סו שף,מיליליטרים,700.00,"100 מ""ל",false,,9.90,1.4143,true,1,258457
7290013725646,false,רוטב צילי מתוק סו שף 700 גרם,"דין שיווק וקליה בע""מ",TH,רוטב צילי מתוק סו שף,מיליליטרים,700.00,"100 מ""ל",false,,9.90,1.4143,true,1,258458
7290013725653,false,"קרם קוקוס סו שף 400 מ""ל",,TH,קרם קוקוס סו שף 400,מיליליטרים,400.00,"100 מ""ל",false,,6.90,1.7250,true,1,258459
7290013725677,false,חומץ אורז לבן לסושי300מל,,CN,"חומץ אורז 300 מ""ל",מיליליטרים,300.00,"100 מ""ל",false,,4.90,1.6333,true,1,289503
7290013725707,false,"שמן שומשום סו שף 150 מ""ל","דין שיווק וקלייה בע""",CN,שמן שומשום סו שף 150,מיליליטרים,150.00,"100 מ""ל",false,,14.90,9.9333,true,1,289505
7290013725752,false,נודלס דק להכנה מהירה400ג,,CN,נודלס דק סו שף 400 ג,גרמים,400.00,100 גרם,false,,6.60,1.6500,true,1,266795
7290013725769,false,נודלס עבה הכנה מהירה400ג,,CN,נודלס עבה סו שף 400,גרמים,400.00,100 גרם,false,,6.60,1.6500,true,1,266796
7290013725820,false,אגוזי לוז בשוקולד מריר 140 גר שקדיה,"דין שיווק וקלייה בע""",IL,אגוזי לוז בשוקולד שק,גרמים,140.00,100 גרם,false,,9.90,7.0714,true,1,254126
7290013725837,false,שומשום בציפוי שוקולד בקופסא שקדיה 140 גרם,"דין שיווק וקלייה בע""",IL,שומשום בציפוי שוקולד,גרמים,140.00,100 גרם,false,,9.90,7.0714,true,1,324530
7290013725844,false,חטיף שומשום בשוקולד מריר 160ג,"דין שיווק וקלייה בע""",IL,שומשום בציפוי שוקולד,גרמים,140.00,100 גרם,false,,9.90,7.0714,true,1,254127
7290013771216,false,פטאקי 16% גבינות השומרון,מיוצר עי קונדיטוריית,IL,גבינה פטאקי 16% שומר,גרמים,250.00,100 גרם,false,,13.90,5.5600,true,1,259160
7290013771261,false,בולגרית מעודנת 5% 250גרם,מחלבת השומרון,IL,גבינה בולגרית מעודנת,גרמים,250.00,100 גרם,false,,12.90,5.1600,true,1,268742
7290013771285,false,בולגרית קלאסית 5% 200גרם,מחלבת השומרון,IL,גבינה בולגרית קלאסית,גרמים,200.00,100 גרם,false,,12.90,6.4500,true,1,268740
7290013771292,false,גבינה פטאקי 16% שומר,מחלבת השומרון,IL,גבינה פטאקי 16% שומר,גרמים,250.00,100 גרם,false,,12.90,5.1600,true,1,268743
7290013771308,false,בולגרית קלאסית16%200גרם,מחלבת השומרון,IL,גבינה בולגרית קלאסית,גרמים,200.00,100 גרם,false,,12.90,6.4500,true,1,268741
7290013847379,false,סטארקיסט טונה בשמן מארז 140X6ג',סטארקיסט,IL,טונה בשמן ס.ק 6*140,גרמים,840.00,100 גרם,false,,29.90,3.5595,true,1,307497
7290013847492,false,סטארקיסט טונה במים מארז 140X6ג',סטארקיסט,IL,טונה במים ס.ק 6*140,גרמים,840.00,100 גרם,false,,29.90,3.5595,true,1,305660
7290013848345,false,מארז מטליות לחיטוי וניקוי יסודי אנטיבקטריאלי 99.9%,סנו מפעלי ברונוס בעמ,IL,מטליות לחיטוי וניקוי,Unknown,0.00,יחידה,false,,19.70,0.0000,true,1,310035
7290013848727,false,מכשיר אוטומטי לבישום אוויר בתוספת מילוי SOFT HARMONY,"יצרן מכשיר: זובלה, שנזן,",IL,סנו פרש מכשיר אוטומט,Unknown,0.00,יחידה,false,,39.90,0.0000,true,1,302462
7290013848758,false,מקסימה גל כביסה מרוכז בייבי 3ליטר סנסטיב,"סנו מפעלי ברונוס בע""\מ",IL,גל מקסימה בייבי 3 לי,קילוגרמים,3.00,ליטר,false,,32.90,10.9667,true,1,261857
7290013861054,false,שוקולד קופ עם צימוקים וחלב 160 ג',"דין שיווק וקלייה בע""",IL,צימוק בציפוי שוקולד,גרמים,140.00,100 גרם,false,,9.90,7.0714,true,1,324528
7290013861412,false,המתוקים של ששון קוקוס 250 גרם,קריניציה ויטמינה אס,IL,חטיפי קוקוס 250 גרם,גרמים,250.00,100 גרם,false,,9.90,3.9600,true,1,263086
7290013861429,false,המתוקים של ששון שומשום 250 גרם,קריניציה ויטמינה אס,IL,חטיפי שומשום 250 גרם,גרמים,250.00,100 גרם,false,,9.90,3.9600,true,1,263084
7290013906281,false,"נקניקיות מהדרין קהילות טירת צבי 1 ק""ג",טיב טירת צבי 2000,IL,נקניקיות טירת צבי 1,פריט,1.00,"ק""ג",false,,29.90,29.9000,true,1,260253
7290013906304,false,פסטרמה גחלים קהילות טירת צבי 400 גרם,טיב טירת צבי 2000,IL,פסטרמה גחלים טירת צב,גרמים,400.00,100 גרם,false,,26.90,6.7250,true,1,260254
7290013906311,false,פסטרמה מעושנת קהילות טירת צבי 400 גרם,טיב טירת צבי 2000,IL,פסטרמה מעושנת טירת צ,גרמים,400.00,100 גרם,false,,26.90,6.7250,true,1,260255
7290013906335,false,צמד מהדרין קהילות טירת צבי 600 גרם,טיב טירת צבי 2000,IL,מארז סלמי הודו+כפרית,גרמים,600.00,100 גרם,false,,27.90,4.6500,true,1,260256
7290013906441,false,קבנוס טירת צבי 120 גרם,הנסיך- מפעל לייצור ט,IL,קבנוס טירת צבי 120 ג,גרמים,120.00,100 גרם,false,,8.90,7.4167,true,1,265297
7290013906458,false,קבנוס בטעם פיקנטי טירת צבי 120 גרם,הנסיך- מפעל לייצור ט,IL,קבנוס פיקנטי טירת צב,גרמים,120.00,100 גרם,false,,8.90,7.4167,true,1,265298
7290013906489,false,חטיפי מיני קבנוס טירת צבי 120 גרם,הנסיך- מפעל לייצור ט,IL,חטיפי מיני קבנוס טיר,גרמים,120.00,100 גרם,false,,8.90,7.4167,true,1,265299
7290013906601,false,מארז צמד 600 ג' ברביקיו ודבש קהילות טירת צבי,טיב טירת צבי 2000,IL,מארז פסטרמה כפרית דב,גרמים,600.00,100 גרם,false,,27.90,4.6500,true,1,309886
7290013906700,false,"נקניקיות הודו טירת צבי כשרות הרב מחפוד 1.5 ק""ג",טיב טירת צבי 2000,IL,נקניקיות הודו טירת צ,פריט,1.50,"ק""ג",false,,29.90,19.9333,true,1,303715
7290013906922,false,"נקניקיות הודו חריפות מחפוד טירת צבי 1 ק""ג",טיב טירת צבי 2000,IL,נקניקיות הודו חריפות,פריט,1.00,"ק""ג",false,,29.90,29.9000,true,1,303716
7290013906939,false,"קורנדביף לל""ג ט.צבי 120ג'",טיב טירת צבי 2000,IL,קורנדביף טירת צבי 12,גרמים,120.00,100 גרם,false,,13.90,11.5833,true,1,299120
7290013906946,false,פסטרמה כתף בקר ט.צבי 120 גר' מחפוד,טירת צבי,IL,פסטרמה כתף בקר מעושנ,גרמים,120.00,100 גרם,false,,13.90,11.5833,true,1,299118
7290013906984,false,סלמי תה טירת צבי מחפוד 300 גרם,טיב טירת צבי 2000,IL,סלמי תה מהדרין טירת,גרמים,300.00,100 גרם,false,,18.90,6.3000,true,1,318185
7290013906991,false,סלמי מהדרין 400 גרם מחפוד טירת צבי,טיב טירת צבי 2000,IL,סלמי מהדרין טירת צבי,גרמים,400.00,100 גרם,false,,18.90,4.7250,true,1,288937
7290013927101,false,"עוגת תפוחים לל""ס 450 גר' אחדות",אחדות ביחר לטחינה חל,IL,עוגת תפוחים ללא סוכר,גרמים,450.00,100 גרם,false,,11.80,2.6222,true,1,265412
7290013927156,false,"עוגת ט.פירות יער לל""ס אחווה 450ג'",אחדות ביחר לטחינה חל,IL,עוגת פירות יער ללא ס,גרמים,450.00,100 גרם,false,,11.80,2.6222,true,1,265413
7290013927200,false,עוגת שוקולד צ'יפס עשירה אחווה 400ג',אחדות ביחר לטחינה חל,IL,עוגת שוקולד ציפס אחו,גרמים,400.00,100 גרם,false,,10.90,2.7250,true,1,261522
7290013927323,false,עוגת בראוניס אחווה 400 גר',אחדות ביחר לטחינה חל,IL,עוגת בראוניס אחוה 40,גרמים,400.00,100 גרם,false,,10.90,2.7250,true,1,263646
7290013927637,false,חלוה ללא תוספת סוכר במגש 400 גר' אחוה,אחדות ביחר לטחינה חל,IL,חלוה ל.סוכר אחוה 400,גרמים,400.00,100 גרם,false,,11.90,2.9750,true,1,303776
7290013927804,false,"טחינה משומשום מלא 1 ק""ג אחוה",אחדות ביחר לטחינה חל,IL,טחינה שומשום מלא אחו,פריט,1.00,"ק""ג",false,,18.90,18.9000,true,1,307358
7290013927989,false,מאפין במילוי בטעם קרמל 50 גרם אחוה,אחדות ביחר לטחינה חל,IL,מאפין במילוי קרמל אח,גרמים,50.00,100 גרם,false,,1.30,2.6000,true,1,311935
7290013927996,false,עוגת שמרים קרנץ בטעם שוקולד אחוה 400 גרם,אחדות ביחר לטחינה חל,IL,עוגת שמרים קראנץ שוק,גרמים,400.00,100 גרם,false,,9.80,2.4500,true,1,311138
7290013946089,false,מג'יק ניקוי חלונות 1 ל',סאסאטק,IL,תרסיס מגיק חלונות 1,קילוגרמים,1.00,ליטר,false,,4.90,4.9000,true,1,268130
7290013946171,false,ת.מ.א.פריחה 300 מל מגיק,סאסאטק,IL,מטהר מגיק פריחה 300,מיליליטרים,300.00,"100 מ""ל",false,,3.90,1.3000,true,1,265191
7290013946829,false,נוזל כלים 18% מגיק 4 ליט,סאסאטק,IL,נוזל כלים מגיק תפוח,קילוגרמים,4.00,ליטר,false,,17.90,4.4750,true,1,265109
7290014002197,false,חליטת קמומיל ולימונית הגן הקסום ויסוצקי 25 יחידות,תה ויסוצקי,IL,תה קמומיל ולימונית ה,גרמים,38.00,100 גרם,false,,16.90,44.4737,true,1,258893
7290014016248,false,פיתות ל.גלוטן נטורל,נטורל קייקס,IL,פיתות ל.גלוטן נטורל,גרמים,720.00,100 גרם,false,,14.90,2.0694,true,1,310304
7290014016279,false,פיצה מרגריטה ל.גלוטן400ג,נטו מלינדה-בשר,IL,פיצה מרגריטה ל.גלוטן,גרמים,400.00,100 גרם,false,,19.90,4.9750,true,1,266296
7290014016286,false,פיצה מרגריטה זיתים 400 ג,נטו מלינדה-בשר,IL,פיצה מרגריטה עם זיתי,גרמים,400.00,100 גרם,false,,19.90,4.9750,true,1,266297
7290014016309,false,לחם פרוס ל.גלוטן נטו,נטורל קייקס,IL,לחם פרוס ל.גלוטן נטו,גרמים,450.00,100 גרם,false,,4.90,1.0889,true,1,289617
7290014016316,false,לחם רך במיוחד ל.גלוט,נטורל קייקס,IL,לחם רך במיוחד ל.גלוט,גרמים,450.00,100 גרם,false,,4.90,1.0889,true,1,290337
7290014016323,false,לחמניות ל.גלוטן נטור,נטורל קייקס,IL,לחמניות ל.גלוטן נטור,גרמים,390.00,100 גרם,false,,4.90,1.2564,true,1,289618
7290014017320,false,0 אבקת מרק עוף ללא גלוטן,נטו מלינדה-בשר,IL,אבקת מרק בטעם עוף ל.,גרמים,400.00,100 גרם,false,,19.90,4.9750,true,1,256514
7290014079014,false,לבבות קיסר ארוז נספק,"מרינה פטריות הגליל בע""מ",IL,לבבות קיסר ארוז נספק,Unknown,0.00,יחידה,false,,10.90,0.0000,true,1,260161
7290014079076,false,נבטי אלפלפא מרינה,"מרינה פטריות הגליל בע""מ",IL,נבטי אלפלפא יח,Unknown,0.00,יחידה,false,,5.90,0.0000,true,1,258812
7290014079236,false,פטריות פורטובלה צעירות מרינה,מרינה פטריות הגליל,IL,פטריות פורטבלה מרינה,Unknown,0.00,יחידה,false,,8.90,0.0000,true,1,263400
7290014079328,false,פרסה כרישה ארוזה מרי,"מרינה פטריות הגליל בע""מ",IL,לוף ארוז,Unknown,0.00,יחידה,false,,8.90,0.0000,true,1,314400
7290014079540,false,שיני שום קלופות יחידה,"מרינה פטריות הגליל בע""מ",IL,"שום קלוף 1 ק""ג",פריט,1.00,"ק""ג",false,,29.90,29.9000,true,1,310550
7290014079847,false,פטריות בייבי בלה צמד מרינה,"מרינה פטריות הגליל בע""מ",IL,פטריות צמד בייבי בלה,Unknown,0.00,יחידה,false,,15.90,0.0000,true,1,290130
7290014079854,false,לבבות חסה ארץ הגליל מרינה,"מרינה פטריות הגליל בע""מ",IL,לבבות חסה,Unknown,0.00,יחידה,false,,8.90,0.0000,true,1,289996
7290014083813,false,שפרוטים מעושנים בשמן מריגה 190 גר',הנסיך- מפעל לייצור ט,LV,שפרוט מעושן בשמן מרי,גרמים,190.00,100 גרם,false,,7.90,4.1579,true,1,258073
7290014092532,false,פלחי דלעת מרינה,"מרינה פטריות הגליל בע""מ",IL,דלעת,Unknown,0.00,יחידה,false,,9.90,0.0000,true,1,302528
7290014094260,false,שיני שום קלוף קמעונאי,יאנונינגלנאגג פרודיס לטד,CN,שום קלוף מרינה 170 ג,גרמים,170.00,100 גרם,false,,9.90,5.8235,true,1,268535
7290014094307,false,סילאן רכיבים טבעיים 380 גר-השקדיה,"דין שיווק וקליה בע""מ",IL,סילאן טבעי שקדיה 360,מיליליטרים,360.00,"100 מ""ל",false,,13.90,3.8611,true,1,258468
7290014094505,false,אורז בסמתי טהור אהרוני 1 ק''ג,האי נאם סי או אל.טי.,IL,אורז בסמטי אהרוני 1,פריט,1.00,"ק""ג",false,,10.90,10.9000,true,1,259962
7290014094543,false,"תרסיס שמן קנולה שקדיה 186 מ""ל",שקדיה,TR,תרסיס שמן קנולה שקדי,מיליליטרים,186.00,"100 מ""ל",false,,14.90,8.0108,true,1,295672
7290014094567,false,שמן זית כתית מעולה 750 מל אהרוני,"דין שיווק וקלייה בע""",IL,שמן זית כתית אהרוני,מיליליטרים,750.00,"100 מ""ל",false,,29.90,3.9867,true,1,259960
7290014094864,false,פיסטוק קלוי 170 גר עם קליפה ששון הקולה,"דין שיווק וקלייה בע""",IL,פיסטוק קלוי 170 גרם,גרמים,170.00,100 גרם,false,,13.90,8.1765,true,1,258822
7290014095472,false,חטיף דגנים עם חומציות שוקולד מריר שקדיה 125 גרם,דין שיווק,IL,חטיף דגנים עם חמוציו,גרמים,125.00,100 גרם,false,,9.90,7.9200,true,1,256653
7290014095861,false,שיבולת שועל דקה בשקית שקדיה 500 גרם,"דין שיווק וקלייה בע""",IL,שיבולת שועל דקה שקדי,גרמים,500.00,100 גרם,false,,4.90,0.9800,true,1,259983
7290014095946,false,משוקלדים פקאן בשוקולד מריר 140 גרם,"שקדיה גבע תעשיות בע""",IL,פקאן בשוקולד מריר שק,גרמים,140.00,100 גרם,false,,9.90,7.0714,true,1,260735
7290014095953,false,פקאן בציפוי שוקולד בקופסא שקדיה 140 גרם,שקדיה גבע בתעשיות עמ,IL,פקאן בציפוי שוקולד ח,גרמים,140.00,100 גרם,false,,9.90,7.0714,true,1,324529
7290014095960,false,שיבולת שועל עבה בשקית שקדיה 500 גרם,"דין שיווק וקלייה בע""",IL,שיבולת שועל עבה שקדי,גרמים,500.00,100 גרם,false,,4.90,0.9800,true,1,259982
7290014218482,false,"חטיפי פיצה גבינה בד""ץ מעדנות 650 גרם","מעדנות בע""\מ",IL,חטיפי פיצה מעדנות 65,גרמים,650.00,100 גרם,false,,22.90,3.5231,true,1,291909
7290014218505,false,"שלישיית פיצות בד""ץ מעדנות 3*360 גרם","מעדנות בע""\מ",IL,מארז פיצה מעדנות 3*3,פריט,1.08,"ק""ג",false,,29.90,27.6852,true,1,291907
7290014236936,false,שקיות אשפה 75*90 רזפ,,TR,שקיות אשפה 75*90 רזפ,Unknown,0.00,יחידה,false,,6.90,0.0000,true,1,324372
7290014256620,false,"יין מבעבע קריניאנו באזז יקבי כרמל 750 מ""ל",יקבי כרמל Carmel Winery,IL,יין באז קריניאנו מבע,מיליליטרים,750.00,"100 מ""ל",false,,26.90,3.5867,true,1,267849
7290014256637,false,"יין מבעבע מוסקטו באזז יקבי כרמל 750 מ""ל",יקבי כרמל Carmel Winery,IL,יין באז מוסקטו מבעבע,מיליליטרים,750.00,"100 מ""ל",false,,26.90,3.5867,true,1,267848
7290014258723,false,תרכובת מזון צמחי לתינוקות מגיל 0 עד גיל שנה,מטרנה תעשיות ש.מ,IL,מטרנה צמחי מגיל 0-12,גרמים,700.00,100 גרם,false,,64.90,9.2714,true,1,267557
7290014308626,false,פלפל שחור גרוס דק 100 גרם,תבליני פרג,,פלפל שחור גרוס פרג 1,גרמים,100.00,100 גרם,false,,15.90,15.9000,true,1,267993
7290014309012,false,אגוז מוסקט טחון 40 גרם,תבליני הדור השלישי,IL,אגוז מוסקט טחון פרג,גרמים,40.00,100 גרם,false,,16.90,42.2500,true,1,268174
7290014325043,false,"פודינג וניל 1 ק""ג שקית",מיה תעשיות מזון מ.ת.מ. ב,IL,פודינג בטעם וניל מיה,פריט,1.00,"ק""ג",false,,14.90,14.9000,true,1,264544
7290014325234,false,קוקוס מיה 800 גרם,מיה תעשיות מזון בעמ,IL,קוקוס מיה 800 גרם,גרמים,800.00,100 גרם,false,,19.90,2.4875,true,1,260182
7290014325241,false,שומשום מיה בשקית 800,מיה תעשיות מזון בעמ,IL,שומשום מיה בשקית 800,גרמים,800.00,100 גרם,false,,17.90,2.2375,true,1,260183
7290014325258,false,אורז פרסי אינדירה 1.,מיה תעשיות מזון בעמ,IL,אורז פרסי אינדירה 1.,פריט,1.40,"ק""ג",false,,9.90,7.0714,true,1,260186
7290014325326,false,חומוס גדול אינדירה 1,מיה תעשיות מזון בעמ,IL,חומוס גדול אינדירה 1,פריט,1.40,"ק""ג",false,,14.90,10.6429,true,1,261278
7290014325333,false,שעועית לבנה אינדירה,מיה תעשיות מזון בעמ,IL,שעועית לבנה אינדירה,פריט,1.40,"ק""ג",false,,14.90,10.6429,true,1,261279
7290014325357,false,"חיטה אינדירה 1.4 ק""ג",מיה תעשיות מזון בעמ,IL,"חיטה אינדירה 1.4 ק""ג",פריט,1.40,"ק""ג",false,,8.90,6.3571,true,1,261281
7290014325371,false,"אפונה אינדירה 1.4 ק""",מיה תעשיות מזון בעמ,IL,"אפונה אינדירה 1.4 ק""",פריט,1.40,"ק""ג",false,,9.90,7.0714,true,1,261283
7290014325395,false,עדשים אדומות אינדירה,מיה תעשיות מזון בעמ,IL,עדשים אדומות אינדירה,פריט,1.40,"ק""ג",false,,14.90,10.6429,true,1,261284
7290014325401,false,עדשים ירוקות אינדירה,מיה תעשיות מזון בעמ,IL,עדשים ירוקות אינדירה,פריט,1.40,"ק""ג",false,,14.90,10.6429,true,1,261285
7290014325418,false,חומוס ענק אינדירה 1.,מיה תעשיות מזון בעמ,IL,חומוס ענק אינדירה 1.,פריט,1.40,"ק""ג",false,,24.90,17.7857,true,1,261286
7290014325425,false,בורגול אינדירה 1.4 ק,מיה תעשיות מזון בעמ,IL,בורגול אינדירה 1.4 ק,פריט,1.40,"ק""ג",false,,8.90,6.3571,true,1,261287
7290014325432,false,"כוסמת אינדירה 1.4 ק""",מיה תעשיות מזון בעמ,IL,"כוסמת אינדירה 1.4 ק""",פריט,1.40,"ק""ג",false,,17.90,12.7857,true,1,261288
7290014325562,false,פופקורן אינדירה 1.4,מיה תעשיות מזון בעמ,IL,פופקורן אינדירה 1.4,פריט,1.40,"ק""ג",false,,12.90,9.2143,true,1,261964
7290014397279,false,שקיות מזון גדולות XL סנו סושי 300 יחידות,"אשפלסט תעשיות בע""מ",CN,שקיות מזון גדולות סנ,Unknown,0.00,יחידה,false,,9.90,0.0000,true,1,258798
7290014397453,false,סנו אוקסיגן גל מסיר כתמים כביסה לבנה 3 ל,סנו אוקסיג'ן,IL,גל אוקסיגן כביסה לבנ,קילוגרמים,3.00,ליטר,false,,27.90,9.3000,true,1,259346
7290014397491,false,"מבשם אויר סנו פרש הום בניחוח וניל קוקוס 350 מ""ל",סנו פרש Fresh,IL,מבשם סנופרש הום וניל,מיליליטרים,350.00,"100 מ""ל",false,,10.70,3.0571,true,1,258109
7290014397507,false,מבשם אויר סנו פרש הום בניחוח מאסק מעודן 350 מ''ל,מיוצר עי קונדיטוריית,IL,מבשם סנופרש הום יסמי,מיליליטרים,350.00,"100 מ""ל",false,,10.70,3.0571,true,1,258106
7290014397514,false,"מבשם אויר סנו פרש הום בניחוח כותנה מלטפת 350 מ""ל","סנו מפעלי ברונוס בע""",IL,מבשם סנופרש הום כותנ,מיליליטרים,350.00,"100 מ""ל",false,,10.70,3.0571,true,1,258105
7290014397521,false,"מבשם אויר סנו פרש הום בניחוח לבנדר 350 מ""ל",סנו פרש Fresh,IL,מבשם סנופרש הום לבנד,מיליליטרים,350.00,"100 מ""ל",false,,10.70,3.0571,true,1,258108
7290014397538,false,"מבשם אויר סנו פרש הום בניחוח אביב 350 מ""ל",סנו מפעלי ברונוס בעמ,IL,מבשם סנופרש הום בוקר,מיליליטרים,350.00,"100 מ""ל",false,,10.70,3.0571,true,1,258107
7290014397675,false,סנו מקסימה מרכך כביסה חלב ודבש 4 ליטר,סנו מפעלי ברונוס בעמ,IL,מרכך מקסימה חלב ודבש,קילוגרמים,4.00,ליטר,false,,21.50,5.3750,true,1,259347
7290014397699,false,פוליויקס גרניט פורצלן ושיש ניחוח קלאסי 3 ליטר,סנו,IL,פוליויקס גרניט פורצל,קילוגרמים,3.00,ליטר,false,,19.90,6.6333,true,1,287091
7290014397767,false,סנו ריצפז פרש הום כותנה מלטפת 2 ליטר,"סנו מפעלי ברונוס בע""",IL,ריצפז פרש הום כותנה,קילוגרמים,2.00,ליטר,false,,19.70,9.8500,true,1,260511
7290014397873,false,מרכך כביסה בבישום עוצמתי ג'נטל בריז,סנו מפעלי ברונוס בעמ,IL,מרכך מקסימה ג'נטל 4,קילוגרמים,4.00,ליטר,false,,21.50,5.3750,true,1,309020
7290014455245,false,גבינה גרנה פדנו משולש גד 200 גר',מחלבת סוציאלה מנטובה,IT,גבינה גרנה פדנו גד 2,גרמים,200.00,100 גרם,false,,23.90,11.9500,true,1,288859
7290014455320,false,גבינה כדורי מוצרלה פרסקה גד 100ג',מחלבות גד בעמ,IL,גבינת מוצרלה פרסקה 1,גרמים,100.00,100 גרם,false,,9.90,9.9000,true,1,300783
7290014466609,false,יין מרלו גמלא 2020 750 מל,יקבי רמת הגולן קצרין,IL,יין גמלא מרלו,מיליליטרים,750.00,"100 מ""ל",false,,49.90,6.6533,true,1,289641
7290014471412,false,"מוזלי בוטנים אגוזים ושקדים 1 ק""ג - ירוק שקדיה","דין שיווק וקלייה בע""",IL,מוזלי בוטנים אגוזים,פריט,1.00,"ק""ג",false,,19.90,19.9000,true,1,260446
7290014471429,false,"מיזלי עם פירות 1 ק""ג - סגול שקדיה","דין שיווק וקלייה בע""",IL,מוזלי פירות שקדיה 1,פריט,1.00,"ק""ג",false,,19.90,19.9000,true,1,260447
7290014471436,false,"מוזלי צימוקים תפוח קינמון וגרעיני חמניה 1 ק""ג כחול שקדיה","דין שיווק וקלייה בע""",IL,מוזלי צימוקים תפוח ק,פריט,1.00,"ק""ג",false,,19.90,19.9000,true,1,260448
7290014471443,false,"גרנולה צימוקים אגוזים ושקדים 1 ק""ג - כתום שקדיה","דין שיווק וקלייה בע""",IL,גרנולה אגוזים שקדיה,פריט,1.00,"ק""ג",false,,19.90,19.9000,true,1,260449
7290014472440,false,קונפיטורה תפוז 70% פרי 450 גרם,"דין שיווק וקליה בע""מ",TR,קונפיטורה תפוז 70% פ,גרמים,450.00,100 גרם,false,,10.90,2.4222,true,1,296541
7290014472990,false,ממרח 100% שקדים שקדיה 300 גרם,ג'\י אנד ג'\י פקאנס בעמ,IL,ממרח שקדים שקדיה 300,גרמים,300.00,100 גרם,false,,27.90,9.3000,true,1,296537
7290014555013,false,נוזל רצפות מגיק מאסק,סאסאטק,IL,נוזל רצפות מגיק מאסק,קילוגרמים,4.00,ליטר,false,,9.90,2.4750,true,1,265115
7290014555082,false,מים מזוקקים 4 לט מקסול,סאסאטק,IL,מים מזוקקים מקסול 4,קילוגרמים,4.00,ליטר,false,,9.90,2.4750,true,1,257228
7290014555686,false,"שמפו לשיער רגיל 700 מ""ל נובו",סאסאטק,IL,שמפו נובו לשיער רגיל,מיליליטרים,700.00,"100 מ""ל",false,,5.90,0.8429,true,1,268012
7290014555693,false,"שמפו לשיער יבש צבוע 700 מ""ל נובו",סאסאטק,IL,שמפו נובו לשיער יבש/,מיליליטרים,700.00,"100 מ""ל",false,,5.90,0.8429,true,1,268013
7290014555709,false,"שמפו ומרכך 700 מ""ל נובו",סאסאטק,IL,שמפו ומרכך נובו 700,מיליליטרים,700.00,"100 מ""ל",false,,5.90,0.8429,true,1,269086
7290014555723,false,"תחליב רחצה אקזוטי 700 מ""ל נובו",סאסאטק,IL,תחליב נובו אקזוטי 70,מיליליטרים,700.00,"100 מ""ל",false,,5.90,0.8429,true,1,268015
7290014555730,false,"תחליב רחצה דבש 700 מ""ל נובו",סאסאטק,IL,תחליב נובו דבש 700 מ,מיליליטרים,700.00,"100 מ""ל",false,,5.90,0.8429,true,1,268016
7290014555747,false,"תחליב רחצה הרבל 700 מ""ל נובו",סאסאטק,IL,תחליב נובו הרבל 700,מיליליטרים,700.00,"100 מ""ל",false,,5.90,0.8429,true,1,268017
7290014555754,false,"תחליב רחצה בלוסום 700 מ""ל נובו",סאסאטק,IL,תחליב נובו בלוסום 70,מיליליטרים,700.00,"100 מ""ל",false,,5.90,0.8429,true,1,268018
7290014555778,false,"נובו ג'ל רחצה לגבר בלייז 700מ""ל",סאסאטק,IL,גל רחצה נובו לגבר בל,מיליליטרים,700.00,"100 מ""ל",false,,5.90,0.8429,true,1,268019
7290014555785,false,"נובו ג'ל רחצה לגבר וויב 700מ""ל",סאסאטק,IL,גל רחצה נובו לגבר וו,מיליליטרים,700.00,"100 מ""ל",false,,5.90,0.8429,true,1,268020
7290014562370,false,פרכוני כוסמת בטר אנד דיפרנט 50 גרם,בטר אנד דיפרנט B&D,IL,פריכוני כוסמת ב.ד 50,גרמים,50.00,100 גרם,false,,4.50,9.0000,true,1,263862
7290014562394,false,משקה גרגירים שומר בטר& דיפרנט 200ג',סילקו אם איי ספולקה,IL,תה גרגירים נמס טעם ש,גרמים,200.00,100 גרם,false,,17.90,8.9500,true,1,259138
7290014562585,false,דייסה טעם וניל 200 גר' ב&ד,בטר אנד דיפרנט B&D,IL,דייסת וניל ב.ד 200 ג,גרמים,200.00,100 גרם,false,,9.90,4.9500,true,1,288451
7290014581036,false,"פחם למנגל הלהבה כ2- ק""ג",,EG,"פחם דליק 2 ק""ג",פריט,2.00,"ק""ג",false,,9.90,4.9500,true,1,267157
7290014581340,false,"פחם עץ הדרים 9 ק""ג",,,"פחם עץ הדרים 9 ק""ג",פריט,9.00,"ק""ג",false,,49.90,5.5444,true,1,267158
7290014593138,false,יין אהרונוף סינגל וי,יקב אהרונוף,IL,יין אהרונוף סינגל וי,מיליליטרים,750.00,"100 מ""ל",false,,119.90,15.9867,true,1,322470
7290014692299,false,גבינת ברי EURO CHEESE ויליפוד 125 גרם,יורו צ'יז Euro Cheese,DK,גבינה ברי 25% יורו 1,גרמים,125.00,100 גרם,false,,19.90,15.9200,true,1,268503
7290014692305,false,גבינת קממבר EURO CHEESE ויליפוד 125 גרם,הנסיך- מפעל לייצור ט,DK,גבינה קממבר 25% יורו,גרמים,125.00,100 גרם,false,,19.90,15.9200,true,1,268504
7290014692565,false,גרעיני תירס מתוק וילי פוד 320 גרם,אקו קונסרויפרי קי.אפ,HU,תירס גרעינים ויליפוד,גרמים,320.00,100 גרם,false,,4.90,1.5313,true,1,259751
7290014738935,false,יין בראשית מרלו 202,יקב בראשית,IL,יין בראשית מרלו 202,מיליליטרים,750.00,"100 מ""ל",false,,69.90,9.3200,true,1,321222
7290014738980,false,יין בראשית קברנה 202,יקב בראשית,IL,יין בראשית קברנה 202,מיליליטרים,750.00,"100 מ""ל",false,,69.90,9.3200,true,1,321223
7290014749245,false,ספיישל רצועות שניצל שומשום עוף טוב 600 גרם,מוצרי עוף טוב (2001) בע\,IL,רצועות שניצל שומשום,גרמים,600.00,100 גרם,false,,29.80,4.9667,true,1,311565
7290014749764,false,עוף טוב שניצל עוף ביתי עדין כזה 700 גרם,מוצרי עוף טוב (2001) בע\,IL,שניצל עוף ביתי מעודן,גרמים,700.00,100 גרם,false,,29.90,4.2714,true,1,311113
7290014758117,false,מאגדת יוגורט ביו 1.5% שומן 8 יח' *150 ג' תנובה,מיוצר עי קונדיטוריית,IL,מארז יוגורט ביו תנוב,קילוגרמים,1.20,ליטר,false,,15.90,13.2500,true,1,261261
7290014758681,false,קוטג תנובה 1% גביע 250 גרם,מיוצר עי קונדיטוריית,IL,קוטג 1% תנובה 250 גר,גרמים,250.00,100 גרם,false,,5.50,2.2000,true,1,258711
7290014759084,false,גבינת שמנת נפוליאון 16% מופחת שומן תנובה 225 גרם,תנובה מרכז שיתופי לש,IL,גבינת שמנת טבעי 16%,גרמים,225.00,100 גרם,false,,12.50,5.5556,true,1,262691
7290014759701,false,"מאגדת שמינייה יופלה מעודן בד""צ בנגיעות וניל",עדן קינוחים בעמ,IL,מארז יופלה וניל 8*15,פריט,1.20,"ק""ג",false,,20.90,17.4167,true,1,261310
7290014760141,false,משקה שקדים טרי תנובה 1 ליטר,תנובה Alternative,IL,משקה שקדים אלטרנטיב,קילוגרמים,1.00,ליטר,false,,12.20,12.2000,true,1,287500
7290014760912,false,פרוסות גבינה 28% שומן 400 ג' גוש חלב,תנובה מרכז שיתופי לש,IL,גבינה גוש חלב 400 גר,גרמים,400.00,100 גרם,false,,26.90,6.7250,true,1,265148
7290014761018,false,גיל בטעם וניל תנובה 125 גרם,תנובה מרכז שיתופי לש,IL,גיל בטעם וניל תנובה,גרמים,125.00,100 גרם,false,,1.40,1.1200,true,1,265374
7290014761056,false,מעדן שוקולד חלב יולו תנובה 123 גרם,מיוצר עי קונדיטוריית,IL,יולו שוקולד חלב 123,גרמים,123.00,100 גרם,false,,4.50,3.6585,true,1,267656
7290014761070,false,מעדן שוקולד לבן יולו תנובה 123 גרם,מיוצר עי קונדיטוריית,IL,יולו שוקולד לבן 123,גרמים,123.00,100 גרם,false,,4.50,3.6585,true,1,267657
7290014761193,false,יוגורט עם פירות יער 1.5% שומן 125 ג' פרילי,תנובה מרכז שיתופי לש,IL,פרילי פירות יער 125,מיליליטרים,125.00,"100 מ""ל",false,,3.60,2.8800,true,1,268216
7290014761254,false,"שמיניית יוגורט ביו 3% תנובה 150 גרם בד""ץ",תנובה מרכז שיתופי לש,IL,מארז יוגורט ביו תנוב,קילוגרמים,1.20,ליטר,false,,15.90,13.2500,true,1,266765
7290014761438,false,"בולגרית קלאסית 400 גרם ""מעדנית פיראוס""",תנובה מרכז שיתופי לש,IL,גבינה בולגרית 24% פי,גרמים,400.00,100 גרם,false,,19.90,4.9750,true,1,267053
7290014761698,false,"גבינת עמק 28% סמי חצי קשה 600 גרם בד""ץ",תנובה מרכז שיתופי לש,IL,גבינה עמק 28% 600 גר,גרמים,600.00,100 גרם,false,,30.50,5.0833,true,1,294232
7290014762800,false,"מעדן סויה בטעם שוקולד תנובה 125 מ""ל",תנובה מרכז שיתופי לש,IL,מעדן סויה שוקולד אלט,גרמים,125.00,100 גרם,false,,4.10,3.2800,true,1,297825
7290014762831,false,גבינת שמנת נפוליאון 16% עם פלפל חלפיניו תנובה 225 גרם,תנובה מרכז שיתופי לש,IL,גבינת שמנת פלפל חלפי,גרמים,225.00,100 גרם,false,,12.50,5.5556,true,1,291316
7290014763272,false,"משקה סויה ביו בטעם תות בננה ""תנובה""",תות תעשיות מזון (201,IL,משקה סויה תות בננה א,מיליליטרים,250.00,"100 מ""ל",false,,5.20,2.0800,true,1,298209
7290014763395,false,גבינה צהובה עמק פרוס 28% 600 גרם מהדרין,תנובה מרכז שיתופי לש,IL,גבינה עמק 28% 600 גר,גרמים,600.00,100 גרם,false,,30.50,5.0833,true,1,296254
7290014763418,false,"כד יוגרט תנובה 4% שומן 1.5 ליטר, מהדרין",תנובה מרכז שיתופי לש,IL,משקה יוגורט 4% תנובה,קילוגרמים,1.50,ליטר,false,,17.90,11.9333,true,1,293107
7290014855595,false,מגבוני טואלט סופטי 6,D.P.L,IL,מגבוני טואלט סופטי 6,Unknown,0.00,יחידה,false,,19.90,0.0000,true,1,269136
7290014860070,false,"מקלוני אורז ללא גלוטן 5 מ""מ 454גר' (אור)",ניינטי נודל קו,TH,מקלוני אורז מזרח ומע,גרמים,454.00,100 גרם,false,,10.50,2.3128,true,1,309781
7290014860094,false,"מקלוני אורז ללא גלוטן 3מ""מ 454גר' (אור)",ניינטי נודל קו,TH,מקלוני אורז ללא גלו,גרמים,454.00,100 גרם,false,,9.90,2.1806,true,1,324767
7290014860155,false,מחצלת במבו שטוחה 24X24 ס'מ,גולין פנגזו,CN,מחצלת במבו שטוחה 24/,Unknown,0.00,יחידה,false,,7.90,0.0000,true,1,311030
7290014860247,false,שבבי אורז מרובעים ללא גלוטן 227 גרם (Oriental),ליאן תאי רייס,TH,שבבי אורז ללא גלוטן,מיליליטרים,227.00,"100 מ""ל",false,,8.50,3.7445,true,1,324768
7290014867253,false,אגוזים טחונים 400 גרם,דרומה י.א.ט בעמ,IL,אגוז מלך טחון דרומה,גרמים,400.00,100 גרם,false,,29.90,7.4750,true,1,304898
7290014867321,false,שקדים טחונים 400 גרם,דרומה י.א.ט בעמ,IL,שקד טחון דרומה 400 ג,גרמים,400.00,100 גרם,false,,34.90,8.7250,true,1,311961
7290014867338,false,שקד מולבן טחון דרומה,דרומה י.א.ט בעמ,IL,שקד מולבן טחון דרומה,גרמים,400.00,100 גרם,false,,34.90,8.7250,true,1,313024
7290014867369,false,שקד מולבן שביבים 400 גרם,דרומה י.א.ט בעמ,IL,שקד מולבן שבבים 400,גרמים,400.00,100 גרם,false,,32.90,8.2250,true,1,315912
7290014931008,false,פטרוזיליה עם השורש יחידה,גדי מרדכי-מושב שלוש,IL,פטרוזיליה עם השורש,Unknown,0.00,יחידה,false,,6.90,0.0000,true,1,290886
7290014931015,false,כוסברה עם השורש יחידה,גדי מרדכי-מושב שלוש,IL,כוסברה עם השורש,Unknown,0.00,יחידה,false,,6.90,0.0000,true,1,290887
7290014931053,false,בזיליקום עם השורש יחידה,גדי מרדכי-מושב שלוש,IL,בזיליקום עם השורש,Unknown,0.00,יחידה,false,,6.90,0.0000,true,1,264476
7290014931077,false,עירית עם השורש יחידה,תעשיות תמרוקים שיק 1,IL,עירית עם השורש,Unknown,0.00,יחידה,false,,6.90,0.0000,true,1,264474
7290014931091,false,קורנית -טימין עם השורש י,גדי מרדכי-מושב שלוש,IL,קורנית עם השורש,Unknown,0.00,יחידה,false,,6.90,0.0000,true,1,264470
7290014931107,false,נענע עם השורש יחידה,גדי מרדכי-מושב שלוש,IL,נענע עם השורש,Unknown,0.00,יחידה,false,,6.90,0.0000,true,1,290885
7290014931190,false,חסה פאקצוי זוגות,גדי מרדכי-מושב שלוש,IL,חסה פאקצוי זוגות,Unknown,0.00,יחידה,false,,11.90,0.0000,true,1,297489
7290014931206,false,גרגירי נחלים הידרופו,מהשורש לאורך חיים,IL,גרגיר נחלים,Unknown,0.00,יחידה,false,,8.50,0.0000,true,1,290888
7290014940901,false,לחם פשוט מלא אנג'ל 750 גרם,מאפיית שלמה א. אנג'\ל בע,IL,לחם פשוט מלא אנגל 75,גרמים,750.00,100 גרם,false,,11.80,1.5733,true,1,303037
7290014973060,false,סלמון הילטון בוואקום,"הרמס דגים בע""מ",IL,סלמון מעושן הרמס 100,גרמים,100.00,100 גרם,false,,16.90,16.9000,true,1,309721
7290014973190,false,נילוס מעושן פרוס הרמ,"הרמס דגים בע""מ",IL,נילוס מעושן פרוס הרמ,גרמים,200.00,100 גרם,false,,24.90,12.4500,true,1,310475
7290014973305,false,פילה הרינג לבן הרמס,"הרמס דגים בע""מ",IL,פילה הרינג לבן הרמס,גרמים,200.00,100 גרם,false,,16.90,8.4500,true,1,308906
7290014973329,false,פילה הרינג אדום הרמס,"הרמס דגים בע""מ",IL,פילה הרינג אדום הרמס,גרמים,200.00,100 גרם,false,,16.90,8.4500,true,1,308908
7290014973336,false,פילה הרינג כבוש הרמס,"הרמס דגים בע""מ",IL,פילה הרינג כבוש הרמס,גרמים,200.00,100 גרם,false,,16.90,8.4500,true,1,308909
7290014973374,false,פילה מקרל בשמן הרמס,"הרמס דגים בע""מ",IL,פילה מקרל בשמן הרמס,גרמים,200.00,100 גרם,false,,21.90,10.9500,true,1,308915
7290014973381,false,ממרח סלמון הרמס 200,"הרמס דגים בע""מ",IL,ממרח סלמון הרמס 200,גרמים,200.00,100 גרם,false,,19.90,9.9500,true,1,310265
7290014973558,false,פילה סלמון גרבלקס הר,"הרמס דגים בע""מ",IL,פילה סלמון גרבלקס הר,גרמים,200.00,100 גרם,false,,31.90,15.9500,true,1,308979
7290014973626,false,מקרל מעושן הרמס 400,"הרמס דגים בע""מ",IL,מקרל מעושן הרמס 400,גרמים,400.00,100 גרם,false,,34.90,8.7250,true,1,315834
7290014973640,false,פילה הרינג לבן הרמס,"הרמס דגים בע""מ",IL,פילה הרינג לבן הרמס,גרמים,200.00,100 גרם,false,,11.90,5.9500,true,1,315836
7290014973657,false,פילה הרינג אדום הרמס,"הרמס דגים בע""מ",IL,פילה הרינג אדום הרמס,גרמים,200.00,100 גרם,false,,11.90,5.9500,true,1,315837
7290014973664,false,איקרה אדומה הרמס 250,"הרמס דגים בע""מ",IL,איקרה אדומה הרמס 250,גרמים,250.00,100 גרם,false,,12.90,5.1600,true,1,316458
7290014973671,false,איקרה לבנה הרמס 250,"הרמס דגים בע""מ",IL,איקרה לבנה הרמס 250,גרמים,250.00,100 גרם,false,,12.90,5.1600,true,1,316459
7290015008020,false,נרות נשמה פחית ר.שמאי 24 שעות,,CN,נר נשמה שמאי 24 שעות,Unknown,0.00,יחידה,false,,1.20,0.0000,true,1,321536
7290015014182,false,לבבות קיסר בנספק רמי לוי,ברכת קטיף,IL,חסה לבבות,Unknown,0.00,יחידה,false,,10.90,0.0000,true,1,287530
7290015014205,false,תרד ארוז,בוסתן עשבי תיבול,IL,תרד ארוז,Unknown,0.00,יחידה,false,,11.90,0.0000,true,1,268901
7290015014236,false,בייבי מיקס מהדרין,בוסתן עשבי תיבול,IL,בייבי מיקס מהדרין,Unknown,0.00,יחידה,false,,11.90,0.0000,true,1,262488
7290015014274,false,צנוניות רמי לוי 500ג,בוסתן עשבי תיבול,IL,צנונית ארוזה,Unknown,0.00,יחידה,false,,5.90,0.0000,true,1,266284
7290015025836,false,שקיות הקפאה גדולות ז,אס סי גונסון ראסין,US,שקיות הקפאה גדולות ז,Unknown,0.00,יחידה,false,,19.90,0.0000,true,1,323312
7290015025843,false,שקיות סנדוויץ קטנות,תאי גריפיטס,TH,שקיות סנדוויץ קטנות,Unknown,0.00,יחידה,false,,24.90,0.0000,true,1,323313
7290015057134,false,מקלות חמוצים בטעם פטל 20 גרם טעמן,אלבן מזון תעשיות ומס,TR,מקלות חמוצים בטעם פט,גרמים,20.00,100 גרם,false,,1.50,7.5000,true,1,307405
7290015139052,false,מרשמלו טוויסטר 500 ג,כרמית,IL,מרשמלו טוויסטר 500 ג,גרמים,500.00,100 גרם,false,,11.90,2.3800,true,1,263811
7290015164832,false,מחית קארי ירוק 400 גרם SUREE כשר,טאפאדונגפורן קוקינט,TH,מחית קארי ירוקה מזרח,גרמים,400.00,100 גרם,false,,19.50,4.8750,true,1,309796
7290015251204,false,"נובו שלישיית סבון ידיים ורוד 500מ""ל",סאסאטק,IL,אל סבון נובו פלוראל,קילוגרמים,1.50,ליטר,false,,9.90,6.6000,true,1,265119
7290015258937,false,יין נחשון רזרב 2017,יקב חבל יהודה,IL,יין נחשון רזרב 2017,מיליליטרים,750.00,"100 מ""ל",false,,139.00,18.5333,true,1,312764
7290015282581,false,חומוס אבו גוש עם חריף שמיר 200 גרם,"סלטי שמיר 2006 בע""מ",IL,חומוס עם חריף שמיר ג,גרמים,200.00,100 גרם,false,,10.90,5.4500,true,1,266112
7290015282598,false,חומוס מסעדות גורמה שמיר 200 גרם,"סלטי שמיר 2006 בע""מ",IL,חומוס מסעדות שמיר גו,גרמים,200.00,100 גרם,false,,10.90,5.4500,true,1,266113
7290015282604,false,טחינה מיוחדת גורמה שמיר 200 גרם,"סלטי שמיר 2006 בע""מ",IL,טחינה מיוחדת שמיר בי,גרמים,200.00,100 גרם,false,,10.90,5.4500,true,1,266114
7290015282628,false,חציל בטעם כבד גורמה שמיר 200 גרם,"סלטי שמיר 2006 בע""מ",IL,חציל בטעם כבד שמיר ג,גרמים,200.00,100 גרם,false,,10.90,5.4500,true,1,266116
7290015282635,false,חומוס מסבחה גורמה שמיר 200 גרם,"סלטי שמיר 2006 בע""מ",IL,חומוס מסבחה שמיר גור,גרמים,200.00,100 גרם,false,,10.90,5.4500,true,1,266117
7290015282642,false,חומוס אבו גוש גורמה שמיר 200 גרם,"סלטי שמיר 2006 בע""מ",IL,חומוס אבו גוש שמיר ג,גרמים,200.00,100 גרם,false,,10.90,5.4500,true,1,266118
7290015282673,false,חציל במיונז ביתי גורמה שמיר 200 גרם,"סלטי שמיר 2006 בע""מ",IL,חציל במיונז שמיר גור,גרמים,200.00,100 גרם,false,,10.90,5.4500,true,1,266122
7290015282680,false,קישוא בטעם כבד גורמה שמיר 200 גרם,"סלטי שמיר 2006 בע""מ",IL,קישואים בטעם כבד שמי,גרמים,200.00,100 גרם,false,,10.90,5.4500,true,1,266123
7290015282727,false,גזר מרוקאי ברוטב פיקנטי אסלי שמיר 200 ג',"סלטי שמיר 2006 בע""מ",IL,גזר מרוקאי שמיר גורמ,גרמים,200.00,100 גרם,false,,10.90,5.4500,true,1,266127
7290015282734,false,מטבוחה ביתית גורמה שמיר 200 גרם,"סלטי שמיר 2006 בע""מ",IL,מטבוחה שמיר גורמה 20,גרמים,200.00,100 גרם,false,,10.90,5.4500,true,1,266128
7290015282741,false,חציל תאילנדי אסלי שמיר 200 ג',"סלטי שמיר 2006 בע""מ",IL,חציל תאילנדי שמיר גו,גרמים,200.00,100 גרם,false,,10.90,5.4500,true,1,266129
7290015321167,false,פפריקה מתוקה בשמן פר,תבליני הדור השלישי,IL,פפריקה מתוקה בשמן פר,גרמים,250.00,100 גרם,false,,21.90,8.7600,true,1,268935
7290015321174,false,פפריקה מתוקה פרג 300,תבליני הדור השלישי,IL,פפריקה מתוקה פרג 300,גרמים,300.00,100 גרם,false,,21.90,7.3000,true,1,268611
7290015321181,false,פפריקה חריפה בשמן פר,תבליני הדור השלישי,IL,פפריקה חריפה בשמן פר,גרמים,250.00,100 גרם,false,,21.90,8.7600,true,1,268613
7290015321198,false,פפריקה חריפה פרג 300,תבליני הדור השלישי,IL,פפריקה חריפה פרג 300,גרמים,300.00,100 גרם,false,,21.90,7.3000,true,1,268614
7290015321204,false,כורכום פרג 320 גרם,תבליני הדור השלישי,IL,כורכום פרג 320 גרם,גרמים,320.00,100 גרם,false,,21.90,6.8437,true,1,268609
7290015321211,false,כמון פרג 250 גרם,תבליני הדור השלישי,IL,כמון פרג 250 גרם,גרמים,250.00,100 גרם,false,,21.90,8.7600,true,1,268608
7290015321235,false,מקלות קינמון פרג 150,תבליני הדור השלישי,IL,מקלות קינמון פרג 150,גרמים,150.00,100 גרם,false,,21.90,14.6000,true,1,268937
7290015321242,false,קינמון טחון פרג 250,תבליני הדור השלישי,IL,קינמון טחון פרג 250,גרמים,250.00,100 גרם,false,,21.90,8.7600,true,1,268938
7290015321280,false,צילי פרג 230 גרם,תבליני הדור השלישי,IL,צילי פרג 230 גרם,גרמים,230.00,100 גרם,false,,21.90,9.5217,true,1,268942
7290015321297,false,גריל עוף פרג 250 גרם,תבליני הדור השלישי,IL,גריל עוף פרג 250 גרם,גרמים,250.00,100 גרם,false,,21.90,8.7600,true,1,268943
7290015321303,false,תבלין לסטיק פרג 250,תבליני הדור השלישי,IL,תבלין לסטיק פרג 250,גרמים,250.00,100 גרם,false,,21.90,8.7600,true,1,268612
7290015321310,false,תבלין לשווארמה פרג 2,תבליני הדור השלישי,IL,תבלין לשווארמה פרג 2,גרמים,250.00,100 גרם,false,,21.90,8.7600,true,1,268944
7290015321327,false,תבלין לדגים פרג 250,תבליני הדור השלישי,IL,תבלין לדגים פרג 250,גרמים,250.00,100 גרם,false,,21.90,8.7600,true,1,268610
7290015321334,false,קארי פרג 250 גרם,תבליני הדור השלישי,IL,קארי פרג 250 גרם,גרמים,250.00,100 גרם,false,,21.90,8.7600,true,1,268945
7290015321341,false,חוואיג למרק פרג 250,תבליני הדור השלישי,IL,חוואיג למרק פרג 250,גרמים,250.00,100 גרם,false,,21.90,8.7600,true,1,268946
7290015321365,false,זעתר פרג 240 גרם,תבליני הדור השלישי,IL,זעתר פרג 240 גרם,גרמים,240.00,100 גרם,false,,21.90,9.1250,true,1,268948
7290015321372,false,קיטגון פרג 250 גרם,תבליני הדור השלישי,IL,קיטגון פרג 250 גרם,גרמים,250.00,100 גרם,false,,21.90,8.7600,true,1,268949
7290015321389,false,פטרוזיליה פרג 80 גרם,תבליני הדור השלישי,IL,פטרוזיליה פרג 80 גרם,גרמים,80.00,100 גרם,false,,21.90,27.3750,true,1,268950
7290015321396,false,בזיליקום פרג 80 גרם,תבליני הדור השלישי,IL,בזיליקום פרג 80 גרם,גרמים,80.00,100 גרם,false,,21.90,27.3750,true,1,268951
7290015321402,false,כוסברה פרג 60 גרם,תבליני הדור השלישי,IL,כוסברה פרג 60 גרם,גרמים,60.00,100 גרם,false,,21.90,36.5000,true,1,268926
7290015321426,false,אורגנו פרג 120 גרם,תבליני הדור השלישי,IL,אורגנו פרג 120 גרם,גרמים,120.00,100 גרם,false,,21.90,18.2500,true,1,268955
7290015321433,false,רוזמרין פרג 80 גרם,תבליני הדור השלישי,IL,רוזמרין פרג 80 גרם,גרמים,300.00,100 גרם,false,,21.90,7.3000,true,1,268952
7290015339605,false,"שוקולד לבן חלב ואגוזים בד""ץ טעמן",אלבה שוקולד,CH,שוקולד טעמן לבן נוגט,גרמים,100.00,100 גרם,false,,7.90,7.9000,true,1,290556
7290015339612,false,"שוקולד חלב ואגוזים בד""ץ טעמן",אלבה שוקולד,CH,שוקולד טעמן חלב אגוז,גרמים,100.00,100 גרם,false,,7.90,7.9000,true,1,290554
7290015339629,false,שוקולד חלב שברי אגוזים 100 גרם טעמן,הלל תעשיות,IL,שוקולד טעמן חלב שברי,גרמים,100.00,100 גרם,false,,7.90,7.9000,true,1,290557
7290015339636,false,שוקולד מריר קרם אגוזים 100 גרם טעמן.,הלל תעשיות,IL,שוקולד טעמן מריר אגו,גרמים,100.00,100 גרם,false,,7.90,7.9000,true,1,290555
7290015341516,false,עוגת קראנץ שמרים אנטיקוביץ 500 גרם,אנטיקביץ,IL,עוגת קרנץ 500 גרם,גרמים,500.00,100 גרם,false,,10.90,2.1800,true,1,302704
7290015341837,false,עוגיות ואטוריס לייט 350 גר',אנטיקביץ,IL,עוגיות פרימיום ללא ס,גרמים,350.00,100 גרם,false,,11.90,3.4000,true,1,323151
7290015347037,false,קקאו מיה 800 גרם,מיה תעשיות מזון בעמ,IL,קקאו מיה 800 גרם,גרמים,800.00,100 גרם,false,,21.90,2.7375,true,1,263266
7290015347068,false,קוקוס מיה 250 גרם,מיה תעשיות מזון בעמ,IL,קוקוס מיה 250 גרם,גרמים,250.00,100 גרם,false,,7.90,3.1600,true,1,265925
7290015347075,false,שומשום מיה 250 גרם,מיה תעשיות מזון בעמ,IL,שומשום מיה 250 גרם,גרמים,250.00,100 גרם,false,,6.90,2.7600,true,1,265926
7290015347174,false,"אורז פרסי סלקטד ק'ג מיה 1 ק""ג",מיה תעשיות מזון מ.ת.מ. ב,IL,"אורז פרסי סלקטד 1 ק""",פריט,1.00,"ק""ג",false,,11.90,11.9000,true,1,267634
7290015347181,false,"שעועית לבנה סלקטד ק'ג מיה 1 ק""ג",מיה תעשיות מזון מ.ת.מ. ב,IL,שעועית לבנה סלקטד 1,פריט,1.00,"ק""ג",false,,13.90,13.9000,true,1,267632
7290015347204,false,"חומוס גדול סלקטד מיה 1 ק""ג",מיה תעשיות מזון מ.ת.מ. ב,IL,חומוס גדול סלקטד 1 ק,פריט,1.00,"ק""ג",false,,13.90,13.9000,true,1,267631
7290015347211,false,"גריסי פנינה סלקטד 1 ק""ג",מיה תעשיות מזון מ.ת.מ. ב,IL,גריסי פנינה סלקטד 1,פריט,1.00,"ק""ג",false,,14.90,14.9000,true,1,267633
7290015347501,false,אבקת אפיה מיה 36 יח,מיה תעשיות מזון בעמ,IL,אבקת אפיה מיה 36 יח,גרמים,360.00,100 גרם,false,,5.90,1.6389,true,1,294389
7290015347556,false,גבישי שום בצנצנת מיה 300 גרם,מיה תעשיות מזון בעמ,IL,גבישי שום מיה 300 גר,גרמים,300.00,100 גרם,false,,24.90,8.3000,true,1,307349
7290015347563,false,סוכר דמררה שקית בון,מיה תעשיות מזון בעמ,IL,סוכר דמררה שקית בון,פריט,1.40,"ק""ג",false,,11.90,8.5000,true,1,288218
7290015347679,false,"תבלין צ'ילי גרוס 70 גר' צנצנת כשל""פ",מיה תעשיות מזון מ.ת.מ. ב,IL,צילי גרוס מיה 70 גרם,גרמים,70.00,100 גרם,false,,7.90,11.2857,true,1,290486
7290015347686,false,תבלין צ'ילי גרוס 50 גר' שקית,מיה תעשיות מזון מ.ת.מ. ב,IL,צילי שקית מיה 50 גרם,גרמים,50.00,100 גרם,false,,6.90,13.8000,true,1,290487
7290015347709,false,אגוז מוסקט טחון בצנ מיה 70 גרם,מיה תעשיות מזון מ.ת.מ. ב,IL,אגוז מוסקט מיה 70 גר,גרמים,70.00,100 גרם,false,,9.90,14.1429,true,1,290339
7290015347723,false,אורז פרסי סלקטד 1.8,מיה תעשיות מזון בעמ,IL,אורז פרסי סלקטד 1.8,פריט,1.80,"ק""ג",false,,19.90,11.0556,true,1,295701
7290015347945,false,שעועית מעורבת אינדיר,מיה תעשיות מזון בעמ,IL,שעועית מעורבת אינדיר,פריט,1.40,"ק""ג",false,,16.90,12.0714,true,1,297908
7290015347990,false,מארז שמיניית עדשי שוקולד מיה 160 גרם,מיה תעשיות מזון בעמ,IL,מארז 1/8 עדשי שוקול,גרמים,160.00,100 גרם,false,,9.90,6.1875,true,1,298188
7290015350136,false,"free run קברנה סובניון 750 מ""ל",סי.זי.איי.אס בעמ,IL,יין אדום פרי ראן קבר,מיליליטרים,750.00,"100 מ""ל",false,,59.90,7.9867,true,1,312819
7290015350242,false,שטוק 84 משקה כוהלי על בסיס ברנדי בטעם דבש,טמפו ברקן 5%,IL,ברנדי שטוק 84 דבש 75,מיליליטרים,750.00,"100 מ""ל",false,,64.90,8.6533,true,1,324854
7290015374002,false,סיגרים בטעם בשר אלקי,חטיפי אלקיים בעמ,IL,סיגרים בטעם בשר אלקי,פריט,1.00,"ק""ג",false,,21.90,21.9000,true,1,267069
7290015374019,false,סיגרים במילוי תפוא א,חטיפי אלקיים בעמ,IL,סיגרים במילוי תפוא א,פריט,1.00,"ק""ג",false,,21.90,21.9000,true,1,267070
7290015374033,false,פסטלים תפוא אלקיים 1,חטיפי אלקיים בעמ,IL,פסטלים תפוא אלקיים 1,פריט,1.00,"ק""ג",false,,21.90,21.9000,true,1,267071
7290015374040,false,אגרול סיני ירקות אלק,חטיפי אלקיים בעמ,IL,אגרול סיני ירקות אלק,פריט,1.00,"ק""ג",false,,21.90,21.9000,true,1,267072
7290015374071,false,קרפלך תפוא אלקיים 1,חטיפי אלקיים בעמ,IL,קרפלך תפוא אלקיים 1,פריט,1.00,"ק""ג",false,,21.90,21.9000,true,1,267073
7290015374088,false,חטיפי תפוא במילוי פט,חטיפי אלקיים בעמ,IL,חטיפי תפוא במילוי פט,פריט,1.00,"ק""ג",false,,21.90,21.9000,true,1,267074
7290015374262,false,חטיפי תפוא במילוי תי,חטיפי אלקיים בעמ,IL,חטיפי תפוא במילוי תי,פריט,1.00,"ק""ג",false,,21.90,21.9000,true,1,267075
7290015470094,false,טוסו שוקולד מריר תפוז ללא סוכר 100גרם,אלטינמארקה,TR,שוקולד מריר בטעם תפו,גרמים,100.00,100 גרם,false,,8.90,8.9000,true,1,320662
7290015581318,false,צלחות קנה סוכר קטנות,,IN,צלחות קנה סוכר קטנות,Unknown,0.00,יחידה,false,,19.90,0.0000,true,1,321137
7290015581325,false,קערות קנה סוכר 80 יח,,IN,קערות קנה סוכר 80 יח,Unknown,0.00,יחידה,false,,25.90,0.0000,true,1,322221
7290015581332,false,לפתניות קנה סוכר 80,,IN,לפתניות קנה סוכר 80,Unknown,0.00,יחידה,false,,19.90,0.0000,true,1,322222
7290015603195,false,איטריות בתוספת תרד 454 גרם,פוגיאן לונגהי אנלידה אינ,CN,אטריות עם תרד מזרח ו,גרמים,454.00,100 גרם,false,,10.50,2.3128,true,1,324769
7290015603225,false,איטריות בתוספת גזר 454 גרם,פוגקן לונגהי אנלידה,CN,אטריות עם גזר מזרח ו,גרמים,454.00,100 גרם,false,,10.50,2.3128,true,1,324764
7290015603522,false,"נוזל אגוזי קוקוס 5%-7% 400 מ""ל",אסי אטיק גרו אינדוסט,TH,נוזל קוקוס 5-7% מזרח,מיליליטרים,400.00,"100 מ""ל",false,,5.90,1.4750,true,1,320495
7290015603546,false,שימורי קרם קוקוס 17-19% 400 מל ASIATIC,אסיאטיק אגרו אינדסטר,TH,קרם קוקוס 17-19% מזר,מיליליטרים,400.00,"100 מ""ל",false,,8.50,2.1250,true,1,309782
7290015603560,false,"שימורי קרם קוקוס 20-22% 400 מ""ל (ASIATIC)(כ)",אסיאטיק אגרו אינדוסטרי,TH,קרם קוקוס 20-22% מזר,מיליליטרים,400.00,"100 מ""ל",false,,9.70,2.4250,true,1,311028
7290015603584,false,ג'ינגר לבן כבוש ללא מונוסודיום 190 גרם (כ),לאיווי איפנג פודס קו,CN,ג'ינגר לבן כבוש מזרח,גרמים,160.00,100 גרם,false,,7.90,4.9375,true,1,309777
7290015603591,false,גינגר ורוד כבוש ללא מונוסודיום 160 גרם,ננטונג הידה אקוטיק פ,CN,ג'ינגר כבוש ורוד מזר,גרמים,160.00,100 גרם,false,,6.90,4.3125,true,1,324770
7290015603638,false,"אורז קלרוז 1 ק""ג (כ) (Minh)",מינה פונג גרין אגריק,VN,אורז קלרוז מזרח ומער,פריט,1.00,"ק""ג",false,,11.50,11.5000,true,1,309787
7290015652087,false,תערובת פיצוחים בשקית ששון הקולה 150 גרם,דין שיווק,IL,תערובת פיצוחים 150 ג,גרמים,150.00,100 גרם,false,,10.00,6.6667,true,1,275760
7290015652254,false,גרעיני חמניה קלויים 400 גרם ששון הקלה,"דין שיווק וקלייה בע""",IL,גרעין שחור 500 גרם,גרמים,500.00,100 גרם,false,,10.00,2.0000,true,1,297444
7290015652261,false,בוטנים קלויים ששון הקולה 350 גרם,"דין שיווק וקלייה בע""",IL,בוטן קלויים 350 גרם,גרמים,350.00,100 גרם,false,,10.00,2.8571,true,1,297443
7290015652278,false,תערובת פיצוחים ששון הקולה 300 גרם,"דין שיווק וקלייה בע""",IL,תערובת פיצוחים 300 ג,גרמים,300.00,100 גרם,false,,20.00,6.6667,true,1,291082
7290015652285,false,אגוזים קלופים ששון הקולה 250 גרם,"שקדיה גבע תעשיות בע""",IL,אגוזים קלופים 250 גר,גרמים,250.00,100 גרם,false,,20.00,8.0000,true,1,297448
7290015652292,false,קבוקים עם שומשום ששון הקולה 400 גרם,"דין שיווק וקלייה בע""",IL,קבוקים 400 גרם,גרמים,400.00,100 גרם,false,,10.00,2.5000,true,1,297447
7290015652322,false,בוטנים אמריקאיים מצופים 400 גר ששון הקלה,"דין שיווק וקלייה בע""",IL,בוטן אמריקאי 400 גרם,גרמים,400.00,100 גרם,false,,10.00,2.5000,true,1,297442
7290015652384,false,"קמח תירס ללא גלוטן עבה ששון הקולה 1 ק""ג",מולינו פיילה גלאסה,IT,קמח תירס עבה ל.גלוטן,פריט,1.00,"ק""ג",false,,9.90,9.9000,true,1,289803
7290015652391,false,"קמח תירס דק ל.גלוטן ששון הקולה 1 ק""ג",מולינו פיילה גלאסה,IT,קמח תירס דק ל.גלוטן,פריט,1.00,"ק""ג",false,,9.90,9.9000,true,1,289804
7290015652407,false,פיסטוק קלוי ששון הקולה 250 גרם,"דין שיווק וקלייה בע""",IL,פיסטוק 250 גרם,גרמים,250.00,100 גרם,false,,20.00,8.0000,true,1,297450
7290015652506,false,"נוזל קוקוס דל קלוריות סו שף 400 מ""ל",תאי קוקונט פבליק קומפני,TH,נוזל קוקוס דל קלוריו,מיליליטרים,400.00,"100 מ""ל",false,,6.90,1.7250,true,1,288974
7290015652513,false,תערובת תבלינים לסטייק ובשרים על האש,"דין שיווק וקליה בע""מ",IL,תערובת לסטייק אהרוני,גרמים,150.00,100 גרם,false,,9.90,6.6000,true,1,288249
7290015652520,false,"תערובת השף עשבי תיבול ושום לתיבול דגים, עופות, מאפים ועוד","דין שיווק וקליה בע""מ",IL,תערובת השף אהרוני 70,גרמים,70.00,100 גרם,false,,9.90,14.1429,true,1,288251
7290015652537,false,"תערובת תיבול פלפל, לימון פרסי ושום לבשר ותבשילים","דין שיווק וקליה בע""מ",IL,תבלין פלפל לימון ושו,גרמים,130.00,100 גרם,false,,9.90,7.6154,true,1,288247
7290015652544,false,אהרוני גריל עוף ארומטי 130 גר,"נווה התבלין בע""מ",IL,גריל עוף ארומטי אהרו,גרמים,130.00,100 גרם,false,,9.90,7.6154,true,1,288243
7290015652551,false,תערובת תיבול זעתר ושומשום בלדי,"נווה התבלין בע""מ",IL,זעתר ושומשום בלדי אה,גרמים,150.00,100 גרם,false,,9.90,6.6000,true,1,288246
7290015652568,false,אהרוני עשבי טיבול לדגים 70 גר,"דין שיווק וקליה בע""מ",IL,עשבי תיבול לדג אהרונ,גרמים,70.00,100 גרם,false,,9.90,14.1429,true,1,288250
7290015652575,false,תערובת תיבול ראס אל חנות,"דין שיווק וקליה בע""מ",IL,תבלין ראס אל חנות אה,גרמים,150.00,100 גרם,false,,9.90,6.6000,true,1,288245
7290015652582,false,חריימה דג אהרוני 150 גרם,"דין שיווק וקליה בע""מ",IL,תבלין לחריימה דג אהר,גרמים,150.00,100 גרם,false,,9.90,6.6000,true,1,288244
7290015652599,false,תערובת מתובלת להכנת צלי בקר,"דין שיווק וקליה בע""מ",IL,תבלין צלי בקר אהרוני,גרמים,120.00,100 גרם,false,,9.90,8.2500,true,1,288248
7290015733205,false,תרכובת מזון לתינוקות חלבי שלב 1 אקסטרה קר מהדרין,נסטלה,IL,מטרנה אקסטרה קר שלב,גרמים,700.00,100 גרם,false,,54.90,7.8429,true,1,301356
7290015733229,false,תרכובת מזון לתינוקות חלבי שלב 2 אקסטרה קר מהדרין,מטרנה,IL,מטרנה אקסטרה קר שלב,גרמים,700.00,100 גרם,false,,54.90,7.8429,true,1,301355
7290015733243,false,מטרנה אקסטרה קייר מהדרין שלב 3 700 גרם,מטרנה תעשיות ש.מ.,IL,מטרנה אקסטרה קר שלב,גרמים,700.00,100 גרם,false,,54.90,7.8429,true,1,301354
7290015781008,false,"יין VISION מרלו אדום טפרברג 750 מ""ל","יקב טפרברג 1870 בע""מ",IL,יין ויזן מרלו,מיליליטרים,750.00,"100 מ""ל",false,,39.90,5.3200,true,1,287215
7290015781015,false,"יין VISION מלבק טפרברג 750 מ""ל","יקב טפרברג 1870 בע""מ",IL,יין ויזן מלבק,מיליליטרים,750.00,"100 מ""ל",false,,39.90,5.3200,true,1,287216
7290015781046,false,"יין VISION לבן חצי יבש טפרברג 750 מ""ל","יקב טפרברג 1870 בע""מ",IL,יין ויזן לבן חצי יבש,מיליליטרים,750.00,"100 מ""ל",false,,39.90,5.3200,true,1,287218
7290015781091,false,"יין VISION קברנה סוביניון טפרברג 750 מ""ל","יקב טפרברג 1870 בע""מ",IL,יין ויזן קברנה סובינ,מיליליטרים,750.00,"100 מ""ל",false,,29.90,3.9867,true,1,287214
7290015781107,false,"יין סנג'ובזה 750 מ""ל IMPRESSION","יקב טפרברג 1870 בע""מ",IL,יין אימפרשן סנגובזה,מיליליטרים,750.00,"100 מ""ל",false,,39.90,5.3200,true,1,287225
7290015781114,false,"יין IMPRESSION מרלו טפרברג 750 מ""ל","יקב טפרברג 1870 בע""מ",IL,יין אימפרשן מרלו,מיליליטרים,750.00,"100 מ""ל",false,,39.90,5.3200,true,1,287223
7290015781121,false,"יין IMPRESSION קברנה סוביניון יבש טפרברג 750 מ""ל","יקב טפרברג 1870 בע""מ",IL,יין אימפרשן קברנה סו,מיליליטרים,750.00,"100 מ""ל",false,,39.90,5.3200,true,1,287222
7290015781138,false,"יין שרדונה 750 מ""ל IMPRESSION","יקב טפרברג 1870 בע""מ",IL,יין אימפרשן שרדונה 7,מיליליטרים,750.00,"100 מ""ל",false,,39.90,5.3200,true,1,287229
7290015781169,false,"יין IMPRESSION קברנה סוביניון חצי יבש טפרברג 750 מ""ל","יקב טפרברג 1870 בע""מ",IL,יין אימפרשן קברנה סו,מיליליטרים,750.00,"100 מ""ל",false,,39.90,5.3200,true,1,287227
7290015781268,false,"יין מוסקטו אדום טפרברג 750 מ""ל","יקב טפרברג 1870 בע""מ",IL,יין טפרברג מוסקטו אד,מיליליטרים,750.00,"100 מ""ל",false,,39.90,5.3200,true,1,287221
7290015781275,false,"יין מוסקטו לבן טפרברג 750 מ""ל","יקב טפרברג 1870 בע""מ",IL,יין טפרברג מוסקטו לב,מיליליטרים,750.00,"100 מ""ל",false,,39.90,5.3200,true,1,287220
7290015781299,false,"יין VISION שיראז אדום טפרברג 750 מ""ל","יקב טפרברג 1870 בע""מ",IL,יין ויזן שיראז,מיליליטרים,750.00,"100 מ""ל",false,,39.90,5.3200,true,1,287217
7290015781305,false,"יין אימפרשן סירה 750 מ""ל","יקב טפרברג 1870 בע""מ",IL,יין אימפרשן סירה,מיליליטרים,750.00,"100 מ""ל",false,,39.90,5.3200,true,1,287224
7290015781664,false,יין אלגרו למבורסקו ל,יקב טפרברג 1870 בעמ,IL,יין אלגרו למבורסקו ל,מיליליטרים,750.00,"100 מ""ל",false,,34.90,4.6533,true,1,309566
7290015821728,false,נר נשמה 48 שעות מאור,פאלאס,CN,נר נשמה 48 שעות מאור,Unknown,0.00,יחידה,false,,3.90,0.0000,true,1,324624
7290015856256,false,קרקר עם מלח בריידמן,אפיפית נצרת תעשיות ב,IL,קרקר עם מלח בריידמן,פריט,1.20,"ק""ג",false,,19.90,16.5833,true,1,302714
7290015858106,false,"ממרח פסטו ביתי 180 גרם ""עללחם""","מדשא תעשיות מזון בע""\מ",IL,פסטו ביתי עללחם 180,גרמים,180.00,100 גרם,false,,15.90,8.8333,true,1,308775
7290015858113,false,"ממרח עגבניות מיובשות 180 גרם ""טריטרי""","מדשא תעשיות מזון בע""\מ",IL,ממרח עגבניות מיובשות,גרמים,180.00,100 גרם,false,,15.90,8.8333,true,1,308776
7290015858144,false,ממרח ארטישוק עללחם 180 גרם,"מדשא תעשיות מזון בע""\מ",IL,ממרח ארטישוק עללחם 1,גרמים,180.00,100 גרם,false,,15.90,8.8333,true,1,315556
7290015858175,false,ממרח פלפלים קלויים עללחם 180 גרם,"מדשא תעשיות מזון בע""\מ",IL,ממרח פלפלים קלויים ע,גרמים,180.00,100 גרם,false,,15.90,8.8333,true,1,320030
7290015858229,false,"טפנד זיתי קלמטה 180 גרם ""עללחם""","מדשא תעשיות מזון בע""\מ",IL,טפנד זיתי קלמטה עללח,גרמים,180.00,100 גרם,false,,15.90,8.8333,true,1,308777
7290015858328,false,"ממרח עגבניות מיובשות 180 גרם ""טריטרי""","מדשא תעשיות מזון בע""\מ",IL,איולי פסטו עללחם לחי,גרמים,295.00,100 גרם,false,,12.90,4.3729,true,1,324625
7290015858441,false,עללחם ממרח איולי פלפלים 295 גרם,"מדשא תעשיות מזון בע""\מ",IL,איולי פלפלים עללחם ל,גרמים,295.00,100 גרם,false,,12.90,4.3729,true,1,324626
7290015858687,false,עללחם ממרח איולי שום 295 גרם,"מדשא תעשיות מזון בע""\מ",IL,איולי שום עללחם לחיץ,גרמים,295.00,100 גרם,false,,12.90,4.3729,true,1,324627
7290015865821,false,ממרח אגוזי לוז וקקאו,ענבי ציון,IL,ממרח אגוזי לוז וקקאו,פריט,1.00,"ק""ג",false,,24.90,24.9000,true,1,322704
7290015865838,false,ממרח עוגיות קרמל ענב,ענבי ציון,IL,ממרח עוגיות קרמל ענב,פריט,1.00,"ק""ג",false,,24.90,24.9000,true,1,322705
7290015872096,false,חומוס סלטי שמיר 700 גרם,"סלטי שמיר 2006 בע""מ",IL,חומוס אסלי שמיר 700,גרמים,700.00,100 גרם,false,,9.90,1.4143,true,1,268687
7290015879705,false,"תערובתאיטלקית לאפיה לל""ג",DFS,IT,קמח ללא גלוטן מולינו,גרמים,500.00,100 גרם,false,,14.90,2.9800,true,1,313881
7290015879729,false,תערובת לאפיה ללא גלוטן.,DFS,IT,"קמח ללא גלוטן ע""ב עמ",גרמים,500.00,100 גרם,false,,14.90,2.9800,true,1,313882
7290015951227,false,"יין גמלא השמורה סירה 2021 750 מ""ל",מיוצר וממולא על ידי יקב,IL,יין גמלא סירה,מיליליטרים,750.00,"100 מ""ל",false,,66.90,8.9200,true,1,314852
7290015951869,false,"יין הר חרמון רוזה 750 מ""ל",מיוצר וממולא על ידי יקב,IL,יין הר חרמון רוזה,מיליליטרים,750.00,"100 מ""ל",false,,34.90,4.6533,true,1,314853
7290015988926,false,חומץ סינטטי 4 ליטר,,,חומץ סינטטי 4 ליטר,קילוגרמים,4.00,ליטר,false,,6.90,1.7250,true,1,300976
7290015988933,false,חומץ 4 ליטר,,,חומץ 4 ליטר,קילוגרמים,4.00,ליטר,false,,6.90,1.7250,true,1,300934
7290016006292,false,נקטר מנגו בננה מלון קרטונית 1 ל' ספרינג,יפאורה שותפות מובגלת לשיווק,IL,נקטר ספרינג מנגו בננ,קילוגרמים,1.00,ליטר,false,,6.90,6.9000,true,1,291023
7290016006346,false,שוופס סודה 0.5 ליטר מארז שישייה,יפאורה שותפות מובגלת לשיווק,IL,מארז שוופס סודה 6*50,קילוגרמים,3.00,ליטר,false,,13.90,4.6333,true,1,292368
7290016083125,false,עוגיות בדלי שירה 600,מאפיית ישראל חיפה,IL,עוגיות בדלי שירה 600,גרמים,600.00,100 גרם,false,,11.50,1.9167,true,1,288273
7290016083255,false,בצק עלים בון בייקרי,מאפיית ישראל חיפה,IL,בצק עלים בון בייקרי,פריט,1.50,"ק""ג",false,,16.90,11.2667,true,1,291192
7290016083323,false,מעמול תמרים שקד 500 גרם,מאפיית ישראל חיפה,IL,עוגיות מעמול תמרים,גרמים,500.00,100 גרם,false,,11.50,2.3000,true,1,311756
7290016083347,false,שקד עוגיות רולדה תמרים 500 גרם,מאפיית ישראל חיפה,IL,רולדה תמרים שקד 500,גרמים,500.00,100 גרם,false,,11.50,2.3000,true,1,311758
7290016083378,false,עוגיות במילוי בטעם שוקולד שקד 500 גרם,מאפיית ישראל חיפה,IL,עוגיות במילוי טעם שו,גרמים,500.00,100 גרם,false,,11.50,2.3000,true,1,311760
7290016096613,false,שישיות פילטונה בשמן צמחי,"תעשיות פילטונה בע""מ",IL,טונה בשמן פילטונה 6*,גרמים,840.00,100 גרם,false,,27.90,3.3214,true,1,301314
7290016096637,false,שישיות פילטונה שמן קנולה,"תעשיות פילטונה בע""מ",IL,טונה בשמן קנולה פילט,גרמים,840.00,100 גרם,false,,27.90,3.3214,true,1,301313
7290016096651,false,שישיות פיל טונה במי מלח,"תעשיות פילטונה בע""מ",IL,טונה במים פילטונה 6*,גרמים,840.00,100 גרם,false,,27.90,3.3214,true,1,301315
7290016096811,false,רביעיית ממרח טונה פילטונה - 160 גרם ליחידה,תעשיות פילטונה,IL,ממרח טונה פילטונה 4*,גרמים,640.00,100 גרם,false,,19.90,3.1094,true,1,312794
7290016096934,false,מארז זוגות סלט טונה 2*160 ג' פילטונה,תעשיות פילטונה,IL,סלט טונה פילטונה 2*1,גרמים,320.00,100 גרם,false,,11.90,3.7188,true,1,316998
7290016102215,false,נריות 4 שעות אדום אחת שתיים שמאי 72 יח',,CN,נריות 4 שעות שמאי 72,Unknown,0.00,יחידה,false,,19.90,0.0000,true,1,324563
7290016102222,false,נריות 6 שעות כחול אחת שתיים שמאי 66 יח',,CN,נריות 6 שעות שמאי 66,Unknown,0.00,יחידה,false,,24.90,0.0000,true,1,324564
7290016106213,false,"שוקולד מריר שברי אגוזים בד""ץ טעמן",אלבה שוקולד,CH,שוקולד טעמן מריר שבר,גרמים,100.00,100 גרם,false,,7.90,7.9000,true,1,290558
7290016106411,false,פרוסות מנגו 425 גרם בסירופ קל,לונגהי גואנגפה פוד ב,IL,פרוסות מנגו טעמן 425,גרמים,425.00,100 גרם,false,,6.90,1.6235,true,1,297866
7290016106657,false,נתחי טונה בהירה בשמן צמחי - מארז רביעייה,דיאמוד פוד פרודקט סי,IL,טונה בשמן טעמן 4*140,גרמים,560.00,100 גרם,false,,16.90,3.0179,true,1,320228
7290016106664,false,נתחי טונה בהירה במי מלח - מארז רביעייה,דיאמוד פוד פרודקט סי,IL,טונה במים טעמן 4*140,גרמים,560.00,100 גרם,false,,16.90,3.0179,true,1,320229
7290016144000,false,"קמח חיטה מלאה נפלאות 80% 1 ק""ג","קמח מלכים בע""\מ",IL,קמח חיטה מלאה 80% נפ,פריט,1.00,"ק""ג",false,,9.90,9.9000,true,1,305558
7290016144017,false,"קמח מלא נפלאות 100% ללא ניפוי 1 ק""ג",קמח מלכים,IL,קמח חיטה מלאה 100% נ,פריט,1.00,"ק""ג",false,,9.90,9.9000,true,1,305559
7290016144024,false,"קמח כוסמין מלא נפלאות 100% 1 ק""ג","קמח מלכים בע""מ",IL,קמח כוסמין 100% נפלא,פריט,1.00,"ק""ג",false,,14.90,14.9000,true,1,305561
7290016144031,false,קמח חיטה לבן מנופה נפלאות,קמח מלכים,IL,קמח לבן מנופה נפלאות,פריט,1.00,"ק""ג",false,,6.90,6.9000,true,1,305563
7290016144048,false,"קמח כוסמין לבן נפלאות 1 ק""ג","קמח מלכים בע""מ",IL,קמח כוסמין לבן נפלאו,פריט,1.00,"ק""ג",false,,16.90,16.9000,true,1,305562
7290016144055,false,קמח כוסמין בהיר 80%-נפלאות,קמח מלכים,IL,קמח כוסמין 80% נפלאו,פריט,1.00,"ק""ג",false,,14.90,14.9000,true,1,305560
7290016144062,false,"קמח שיפון מלא נפלאות, 1 ק""ג",קמח מלכים,IL,קמח שיפון מלא נפלאות,פריט,1.00,"ק""ג",false,,8.90,8.9000,true,1,320587
7290016144079,false,"קמח חיטה כפרי נפלאות 1 ק""ג",קמח מלכים,IL,קמח חיטה כפרי נפלאות,פריט,1.00,"ק""ג",false,,8.90,8.9000,true,1,320588
7290016144086,false,נפלאות קמח חלה מנופה 1 ק”ג,קמח מלכים,IL,"קמח חלה נפלאות 1 ק""ג",פריט,1.00,"ק""ג",false,,6.90,6.9000,true,1,320589
7290016144093,false,נפלאות קמח לחם לבן מנופה 1 ק”ג,קמח מלכים,IL,"קמח לחם נפלאות 1 ק""ג",פריט,1.00,"ק""ג",false,,6.90,6.9000,true,1,320590
7290016144109,false,קמח פיצה מנופה נפלאות 1קג,קמח מלכים,IL,"קמח פיצה נפלאות 1 ק""",פריט,1.00,"ק""ג",false,,14.90,14.9000,true,1,320591
7290016144116,false,"קמח תופח נפלאות, 1 ק""ג",קמח מלכים,IL,"קמח תופח נפלאות 1 ק""",פריט,1.00,"ק""ג",false,,8.90,8.9000,true,1,320592
7290016162264,false,עוגת גבינה רנסנס קפולסקי 450 גרם,קפולסקי שיווק וקמעונ,IL,עוגת גבינה אפויה קפו,גרמים,450.00,100 גרם,false,,35.90,7.9778,true,1,296044
7290016188585,false,GIACOBAZZI למברוסקו רוזה חצי יבש יקבי כרמל,יקב גאקובזי,IT,למברוסקו רוזה חצי יב,מיליליטרים,750.00,"100 מ""ל",false,,23.90,3.1867,true,1,289476
7290016188592,false,GIACOBAZZI למברוסקו אדום חצי יבש יקבי כרמל,"כד בני דרום בע""מ",IT,למברוסקו אדום חצי יב,מיליליטרים,750.00,"100 מ""ל",false,,23.90,3.1867,true,1,289475
7290016188608,false,GIACOBAZZI למברוסקו לבן חצי יבש יקבי כרמל,יקב גאקובזי,IT,למברוסקו לבן חצי יבש,מיליליטרים,750.00,"100 מ""ל",false,,23.90,3.1867,true,1,289457
7290016197495,false,ניקול זוג מטליות הקסם מיקרופייבר לרצפה,חוגלה קימברלי,CN,מטליות רצפה מיקרופיי,Unknown,0.00,יחידה,false,,19.90,0.0000,true,1,292369
7290016217643,false,חמוצים סיני אסלי שמיר 400 גרם,"סלטי שמיר 2006 בע""מ",IL,חמוצים סיניים אסלי 4,גרמים,400.00,100 גרם,false,,10.90,2.7250,true,1,291029
7290016246018,false,בארכה מיקס פינוקיות חלבה 10*20 גרם.,"רושדי תעשיות מזון בע""\מ",IL,חלבה פינוקיות מיקס ו,גרמים,200.00,100 גרם,false,,11.90,5.9500,true,1,325371
7290016246025,false,פינוקיות חלבה בטעם וניל ללא תוספת סוכר,"רושדי תעשיות מזון בע""\מ",IL,"חלבה לת""ס פינוקיות ב",גרמים,200.00,100 גרם,false,,11.90,5.9500,true,1,325372
7290016246445,false,בארכה טחינה גולמית מעודנת שומשום מלא 310 גם,"רושדי תעשיות מזון בע""\מ",IL,טחינה מעודנת משומשום,גרמים,310.00,100 גרם,false,,9.90,3.1935,true,1,320117
7290016255188,false,מבשם אוויר ובדים ירו,סאסאטק,IL,מטהר מגיק ירוק 350 מ,מיליליטרים,350.00,"100 מ""ל",false,,6.90,1.9714,true,1,292106
7290016255195,false,מבשם אוויר ובדים ורו,סאסאטק,IL,מטהר מגיק ורוד 350 מ,מיליליטרים,350.00,"100 מ""ל",false,,6.90,1.9714,true,1,292107
7290016255201,false,מבשם אוויר ובדים סגו,סאסאטק,IL,מטהר מגיק סגול 350 מ,מיליליטרים,350.00,"100 מ""ל",false,,6.90,1.9714,true,1,292108
7290016270273,false,כרובית ארוזה גן הירק,אראל תוצרת חקלאית בע,IL,כרובית ארוזה,Unknown,0.00,יחידה,false,,7.90,0.0000,true,1,305051
7290016276534,false,"שמן קוקוס לא מזוכך 500 מ""ל",דין שיווק,LK,שמן קוקוס שקדיה 500,גרמים,500.00,100 גרם,false,,29.90,5.9800,true,1,298109
7290016276756,false,מעדן 4 פירות 100% רכיבי פרי שקדיה 284 ג',סיטי פודסטף,CN,מעדן 4 פירות שקדיה 2,גרמים,284.00,100 גרם,false,,9.90,3.4859,true,1,293314
7290016276763,false,מעדן שזיף 100% רכיבי פרי ללא סוכר שקדיה 284 ג',סיטי פודסטף,CN,מעדן שזיף שקדיה 284,גרמים,284.00,100 גרם,false,,9.90,3.4859,true,1,293318
7290016276787,false,מעדן אננס 100% רכיבי פרי ללא סוכר שקדיה 284 ג',סיטי פודסטף,CN,מעדן אננס שקדיה 284,גרמים,284.00,100 גרם,false,,9.90,3.4859,true,1,293315
7290016276794,false,מעדן פירות ללא סוכר שקדיה 284 ג',סיטי פודסטף,CN,מעדן תפוז שקדיה 284,גרמים,284.00,100 גרם,false,,9.90,3.4859,true,1,293316
7290016276800,false,מעדן תפוח עץ 100% רכיבי פרי ללא סוכר שקדיה 284 ג',סיטי פודסטף,CN,מעדן תפוע שקדיה 284,גרמים,284.00,100 גרם,false,,9.90,3.4859,true,1,293317
7290016334050,false,סלרי חתוך בוסתן,ברכת קטיף,IL,סלרי חתוך בוסתן,Unknown,0.00,יחידה,false,,5.90,0.0000,true,1,289757
7290016334388,false,פלפל צ'ילי רמי לוי,,,פלפל צילי,Unknown,0.00,יחידה,false,,6.90,0.0000,true,1,318894
7290016334463,false,סלרי ראש יח,ברכת קטיף,IL,סלרי ראש יח,Unknown,0.00,יחידה,false,,5.90,0.0000,true,1,295128
7290016334494,false,חסה ערבית,בוסתן עשבי תיבול,IL,חסה יח,Unknown,0.00,יחידה,false,,3.90,0.0000,true,1,298009
7290016334500,false,לבבות חסה זוגות בשקי,ברכת קטיף,IL,חסה לבבות,Unknown,0.00,יחידה,false,,9.90,0.0000,true,1,325897
7290016334579,false,פטרוזיליה בוסתן,ברכת קטיף,IL,פטרוזיליה בוסתן,Unknown,0.00,יחידה,false,,3.90,0.0000,true,1,307446
7290016334586,false,כוסברה בשקית,ברכת קטיף,IL,כוסברה בוסתן,Unknown,0.00,יחידה,false,,3.90,0.0000,true,1,307447
7290016370072,false,זית קלמטה ללא גלעין,בני דרום,IL,זית קלמטה ללא גלעין,גרמים,560.00,100 גרם,false,,11.90,2.1250,true,1,318417
7290016370140,false,זית קלמטה בני דרום 8,בני דרום,IL,זית קלמטה בני דרום 8,גרמים,820.00,100 גרם,false,,12.90,1.5732,true,1,318418
7290016370188,false,"תחתיות ארטישוק קבוצת יבנה בד""צ 430 גרם",בני דרום,IL,תחתיות ארטישוק בני ד,גרמים,430.00,100 גרם,false,,7.90,1.8372,true,1,319804
7290016370232,false,תערובת ירקות כבושים 300,S.A KOZAT,GR,תערובת ירקות כבושים,גרמים,560.00,100 גרם,false,,9.90,1.7679,true,1,314001
7290016370249,false,חריסה 570 ג' בני דרום,בני דרום,IL,חריסה בני דרום 570 ג,גרמים,570.00,100 גרם,false,,5.90,1.0351,true,1,315418
7290016370331,false,פלפל קלוי על האש 540 גרם,KOSAT,GR,פלפל קלוי על האש בני,גרמים,540.00,100 גרם,false,,9.90,1.8333,true,1,312952
7290016370348,false,חציל קלוי על האש 530גרם,KOSAT,GR,חציל קלוי על האש בני,גרמים,530.00,100 גרם,false,,9.90,1.8679,true,1,312953
7290016370355,false,מלפפון פרוסות במלח ‏,בני דרום,IL,פרוסות מלפפון במלח ב,גרמים,560.00,100 גרם,false,,4.90,0.8750,true,1,311636
7290016372151,false,חליטת קמומיל 40 שקיק,ויסוצקי,IL,חליטת קמומיל 40 שקיק,גרמים,60.00,100 גרם,false,,19.90,33.1667,true,1,294293
7290016372168,false,חליטת לימונית לואיזה,ויסוצקי,IL,חליטת לימונית לואיזה,גרמים,60.00,100 גרם,false,,19.90,33.1667,true,1,294295
7290016372571,false,חליטת פירות יער 40 ש,ויסוצקי,IL,חליטת פירות יער 40 ש,גרמים,108.00,100 גרם,false,,19.90,18.4259,true,1,298138
7290016372588,false,חליטת לימונענע 40 שק,ויסוצקי,IL,חליטת לימונענע 40 שק,גרמים,88.00,100 גרם,false,,19.90,22.6136,true,1,298139
7290016373479,false,"צלחות רויאל 9 צבע לבן 1 ק""ג טעמן",פוליקאפ פלסטיק,TR,צלחות גדולות רויאל 1,Unknown,0.00,יחידה,false,,24.90,0.0000,true,1,324362
7290016373691,false,מקלות חמוצים בטעם תפוח 20 גרם טעמן,אלבן מזון תעשיות ומס,TR,מקלות חמוצים בטעם תפ,גרמים,20.00,100 גרם,false,,1.50,7.5000,true,1,307406
7290016408430,false,קרקר עם תערובת תבלינים כרמית 130 גרם,דנוויטה ג'\יי. אס. סי,LT,קרקר דגנים קמח שיפון,גרמים,130.00,100 גרם,false,,3.90,3.0000,true,1,325705
7290016408447,false,חטיף קרקר עם עגבניות ובזיליקום פניני 130 ג',דנוויטה ג'\יי. אס. סי,LT,קרקר דגנים קמח שיפון,גרמים,130.00,100 גרם,false,,3.90,3.0000,true,1,325706
7290016416961,false,מוס גבינה תות שדה קפולסקי 400 גרם,קפולסקי שיווק וקמעונ,IL,עוגת מוס גבינה קפולס,גרמים,400.00,100 גרם,false,,35.90,8.9750,true,1,296043
7290016416992,false,עוגת דובוש בסקוויטים קפולסקי 400 גרם,תופינים מקבוצת קפולסקי,IL,עוגת דובוש ביסקוויטי,גרמים,400.00,100 גרם,false,,38.90,9.7250,true,1,296041
7290016437690,false,תחבושות קוטקס יאנג זוג,קימברלי קלארק,CZ,תחבושות קוטקס קווארט,Unknown,0.00,יחידה,false,,36.50,0.0000,true,1,307670
7290016437713,false,תחבושות סופר 22*2 יחידות,חוגלה קימברלי,CZ,תחבושות קוטקס קווארט,Unknown,0.00,יחידה,false,,36.50,0.0000,true,1,307671
7290016437720,false,אריזת ענק תחבושות נורמל,קימברלי קלארק,CZ,תחבושות קוטקס קווארט,Unknown,0.00,יחידה,false,,36.50,0.0000,true,1,307672
7290016492118,false,פפריקה מתוקה מעושנת,תבליני הדור השלישי,IL,פפריקה מעושנת פרג 12,גרמים,120.00,100 גרם,false,,15.90,13.2500,true,1,302731
7290016492125,false,תבלין פילדלפיה פרג 1,תבליני הדור השלישי,IL,תבלין פילדלפיה פרג 1,גרמים,120.00,100 גרם,false,,15.90,13.2500,true,1,302730
7290016492132,false,תבלין טוסקנה פרג 160,תבליני הדור השלישי,IL,תבלין טוסקנה פרג 160,גרמים,160.00,100 גרם,false,,15.90,9.9375,true,1,302729
7290016509786,false,פרסיל גל לכביסה לבנה וצבעונית-ירוק 2.5 ל,"הנקל סוד בע""\מ",IL,גל פרסיל 2.5 ליטר,קילוגרמים,2.50,ליטר,false,,34.50,13.8000,true,1,324841
7290016509809,false,ג'ל מרוכז לכביסה קולור 2.5 ל' פרסיל,"הנקל סוד בע""\מ",IL,גל פרסיל קולור 2.5 ל,קילוגרמים,2.50,ליטר,false,,34.50,13.8000,true,1,324842
7290016509830,false,ג'ל כביסה לבגדי תינוקות ובעלי עור רגיש Sensitive,"הנקל סוד בע""\מ",IL,גל פרסיל בייבי 2.5 ל,קילוגרמים,2.50,ליטר,false,,27.90,11.1600,true,1,313386
7290016509847,false,פרסיל ג'ל לכביסה כהה בלאק 2.5 ליטר,"הנקל סוד בע""\מ",IL,גל פרסיל בלאק 2.5 לי,קילוגרמים,2.50,ליטר,false,,27.90,11.1600,true,1,308811
7290016682328,false,מיץ תפוזים 100% מרכז פריניב 2 ליטר,פרי ניב,IL,מיץ תפוזים פריניב 2,קילוגרמים,2.00,ליטר,false,,17.90,8.9500,true,1,319479
7290016682342,false,מיץ תפוזים וולנסיה פרי ניב 2 ליטר-,פרי ניב,IL,מיץ תפוזים ולנסיה פר,קילוגרמים,2.00,ליטר,false,,24.90,12.4500,true,1,319480
7290016682359,false,מיץ תפוזים שמוטי פרי ניב 2 ליטר-,פרי ניב,IL,מיץ תפוזים שמוטי פרי,קילוגרמים,2.00,ליטר,false,,24.90,12.4500,true,1,319481
7290016682366,false,מיץ תפוח צלול פרי ניב 2 ליטר-,פריניב,IL,מיץ תפוחים פריניב 2,קילוגרמים,2.00,ליטר,false,,18.90,9.4500,true,1,319482
7290016682373,false,משקה קל לימונדה בלאדי 2 ליטר פריניב,פריניב,IL,מיץ לימונדה בלדי פרי,קילוגרמים,2.00,ליטר,false,,18.90,9.4500,true,1,319483
7290016682380,false,מיץ טבעי לימונדה ולואיזה פרי ניב 2 ליטר-,פרי ניב,IL,מיץ לימונדה לואיזה פ,קילוגרמים,2.00,ליטר,false,,18.90,9.4500,true,1,319484
7290016717044,false,"יין מוסקטו סלקטד באז כרמל 750 מ""ל",כרמל מזרחי,IL,יין באז מנגו מבעבע,מיליליטרים,750.00,"100 מ""ל",false,,26.90,3.5867,true,1,304095
7290016717051,false,משקה Buzz מוגז בטעם רימון מבוסס יין אדום מתוק,יקבי כרמל Carmel Winery,IL,יין באז רימון מבעבע,מיליליטרים,750.00,"100 מ""ל",false,,26.90,3.5867,true,1,312354
7290016717099,false,"יין כרמל סלקטד אדום חצי יבש, 750 מ""ל",יקבי כרמל Carmel Winery,IL,יין סלקטד אדום חצי י,מיליליטרים,750.00,"100 מ""ל",false,,28.90,3.8533,true,1,323292
7290016717617,false,תירוש כרמל אדום 1.2 ליטר,יקבי כרמל,IL,מיץ ענבים תירוש אדום,קילוגרמים,1.20,ליטר,false,,20.90,17.4167,true,1,297133
7290016717631,false,יין מוסקטו בעל חוזק אלכוהול נמוך פרייבט קולקשן,אגודת הכורמים הקואופרטיב,IL,יין פ. קולקשיין לבן,מיליליטרים,750.00,"100 מ""ל",false,,32.30,4.3067,true,1,301168
7290016717976,false,"יין סלקטד באז אפרסק כרמל 750 מ""ל",כרמל מזרחי,IL,יין באז ספארקלינג אפ,מיליליטרים,750.00,"100 מ""ל",false,,26.90,3.5867,true,1,312355
7290016823004,false,בזיליקום יח freshlid,"מרינה פטריות הגליל בע""מ",IL,בזיליקום יח,Unknown,0.00,יחידה,false,,4.90,0.0000,true,1,296136
7290016823028,false,עירית יח freshlid,"מרינה פטריות הגליל בע""מ",IL,עירית יח,Unknown,0.00,יחידה,false,,5.90,0.0000,true,1,296138
7290016823059,false,טימין קורנית ארוז יח,"מרינה פטריות הגליל בע""מ",IL,טימין יח,Unknown,0.00,יחידה,false,,4.90,0.0000,true,1,296140
7290016823066,false,רוזמרין יח freshlid,"מרינה פטריות הגליל בע""מ",IL,רוזמרין יח,Unknown,0.00,יחידה,false,,5.90,0.0000,true,1,296141
7290016823257,false,חסה סלנובה מהדרין יח,"מרינה פטריות הגליל בע""מ",IL,חסה סלנובה מהדרין,Unknown,0.00,יחידה,false,,11.90,0.0000,true,1,296196
7290016823523,false,צנונית יח 500 גרם שמיטה,"מרינה פטריות הגליל בע""מ",IL,צנונית ארוזה 500 גרם,גרמים,500.00,100 גרם,false,,6.90,1.3800,true,1,298760
7290016867008,false,"לחם כוסמין מחמצת ד""ר מרק",המאפה של דר' מארק,IL,לחם מחמצת כוסמין דר,גרמים,750.00,100 גרם,false,,16.90,2.2533,true,1,301517
7290016867039,false,"מארז פיתות קלות כוסמין בתוספת מחמצת 6 יחידות ד""ר מרק",המאפה של דר מרק בריא,IL,פיתות קלות כוסמין בת,גרמים,330.00,100 גרם,false,,14.90,4.5152,true,1,316590
7290016867046,false,"מארז פיתות קלות כוסמין במתיקות מעודנת 6 יחידות ד""ר מרק",המאפה של דר מרק בריא,IL,פיתות קלות כוסמין במ,גרמים,330.00,100 גרם,false,,14.90,4.5152,true,1,316591
7290016867053,false,לחם קל כוסמין בתוספת מחמצת 450 גרם,המאפה של דר מרק בריא,IL,לחם כוסמין בתוספת מח,גרמים,400.00,100 גרם,false,,18.90,4.7250,true,1,316592
7290016867114,false,לחם כוסמין קל מלא 500 גר',המאפה של דר מרק בריא,IL,לחם כוסמין קל דר מרק,גרמים,500.00,100 גרם,false,,17.90,3.5800,true,1,312980
7290016867152,false,"מארז פיתות קלות כוסמין 5 יחידות ד""ר מרק",המאפה של דר מרק בריא,IL,פיתות קלות כוסמין דר,גרמים,330.00,100 גרם,false,,13.50,4.0909,true,1,298050
7290016867176,false,"מארז לחמניות קלות כוסמין שומשום במתיקות מעודמת 5 יחידות ד""ר מרק",המאפה של דר מרק,IL,לחמניות קלות כוסמין,גרמים,351.00,100 גרם,false,,13.90,3.9601,true,1,302837
7290016867244,false,שישיה לחמניות כוסמין בתוספת מחמצת 99 קלוריות,המאפה של דר מרק בריא,IL,לחמניות מחמצת כוסמין,גרמים,321.00,100 גרם,false,,14.50,4.5171,true,1,311393
7290016882414,false,קונפיטורה שזיף 70% פרי 450 גרם,דין שיווק,TR,קונפיטורה שזיפים 70%,גרמים,450.00,100 גרם,false,,10.90,2.4222,true,1,296546
7290016882421,false,קונפיטורה אפרסק 70% פרי 450ג,דין שיווק,TR,קונפיטורה אפרסק 70%,גרמים,450.00,100 גרם,false,,10.90,2.4222,true,1,296544
7290016882544,false,זרעי פשתן 300 גרם,דין שיווק וקלייה בעמ,IL,זרעי פשתן 300 גרם,גרמים,300.00,100 גרם,false,,4.90,1.6333,true,1,313064
7290016883091,false,חרדל דיזון שקדיה 350,צרבונוקס בברבנט אסאיי,FR,חרדל דיזון שקדיה 350,גרמים,350.00,100 גרם,false,,7.90,2.2571,true,1,298133
7290016883176,false,"מוזלי פתיתי שיבולת שועל עם שוקולד מריר ושבבי קוקוס 1 ק""ג","דין שיווק וקלייה בע""",MK,"מוזלי ע""ב פתיתי שוקו",פריט,1.00,"ק""ג",false,,19.50,19.5000,true,1,298262
7290016967074,false,לחם חיטה מלאה עם גרעינים ודגנים,מאפיית שלמה א. אנג'\ל בע,IL,לחם חיטה מלאה ודגנים,גרמים,750.00,100 גרם,false,,15.90,2.1200,true,1,303060
7290017023212,false,"שוויפס מוגז פירות תפוח מארז רביעייה* 330 מ""ל",יפאורה תבורי בעמ,IL,מארז שוופס מוגז תפוח,קילוגרמים,1.32,ליטר,false,,11.90,9.0152,true,1,300568
7290017023229,false,"שוויפס מוגז פירות תות ליים מארז רביעיה* 330 מ""ל",יפאורה תבורי בעמ,IL,מארז שוופס תות ליים,קילוגרמים,1.32,ליטר,false,,11.90,9.0152,true,1,300570
7290017023236,false,"משקה מוגז שוופס מיץ פירות ענבים מארז 330X4מ""ל",יפאורה תבורי בעמ,IL,מארז שוופס מוגז ענבי,קילוגרמים,1.32,ליטר,false,,11.90,9.0152,true,1,300569
7290017023663,false,"שוופס מיץ פירות לימונייד פחית מארז 330X4מ""ל",יפאורה תבורי,IL,מארז שוופס מוגז פירו,קילוגרמים,1.32,ליטר,false,,11.90,9.0152,true,1,302007
7290017023809,false,"רביעיית ספרינג 250 מ""ל אגס סברס תפוח","יפאורה תבורי בע""\מ",IL,מארז ספרינג אגס סברס,קילוגרמים,1.00,ליטר,false,,11.90,11.9000,true,1,307450
7290017023816,false,"ספרינג  פירות טרופיים 250 מ""ל רביעייה","יפאורה תבורי בע""\מ",IL,מארז ספרינג פירות טר,קילוגרמים,1.00,ליטר,false,,11.90,11.9000,true,1,307451
7290017023823,false,"רביעיית ספרינג תות בננה 250 מ""ל","יפאורה תבורי בע""\מ",IL,מארז ספרינג תות בננה,קילוגרמים,1.00,ליטר,false,,11.90,11.9000,true,1,307452
7290017062693,false,מרכך כביסה מרוכז לבן 1*5 ליטר טאצ,סאסאטק,IL,מרכך מרוכז טאצ' לבן,קילוגרמים,1.00,ליטר,false,,9.90,9.9000,true,1,323477
7290017062716,false,מרכך כביסה מרוכז ורוד טאצ 1ל',סאסאטק,IL,מרכך מרוכז טאצ' ורוד,קילוגרמים,1.00,ליטר,false,,9.90,9.9000,true,1,323479
7290017065007,false,פרוסות גבינה מוצרלה חצי קשה 22% שומן 200 ג' גד,מחלבות גד בעמ,IL,גבינת מוצרלה פרוסות,גרמים,200.00,100 גרם,false,,17.90,8.9500,true,1,296119
7290017065137,false,גבינת ריקוטה למריחה 5% טבעית 200ג' גד,האי נאם סי או אל.טי.,IL,גבינת ריקוטה 5% גד 2,גרמים,250.00,100 גרם,false,,9.90,3.9600,true,1,299749
7290017065144,false,ריקוטה למריחה בתוספת בזיליקום 5% גד 200 גם,האי נאם סי או אל.טי.,IL,גבינת ריקוטה בזיליקו,גרמים,250.00,100 גרם,false,,9.90,3.9600,true,1,299750
7290017065168,false,גבינה כחולה denish blue cheese 100 גרם,ST.CLEMENS-BOMHOLMWS,DK,גבינה כחולה 30% גד 1,גרמים,100.00,100 גרם,false,,17.90,17.9000,true,1,300781
7290017065175,false,גבינה חצי קשה במעטפת סידן 36% שומן,הנסיך- מפעל לייצור ט,ES,גבינה מנצגו פרוס 39%,גרמים,150.00,100 גרם,false,,21.90,14.6000,true,1,300780
7290017065212,false,גבינת קרם מסקרפונה מחלבות גד 250 גר,מיוצר עי קוד יצרן ED,IL,קרם מסקרפונה 38% גד,גרמים,250.00,100 גרם,false,,19.90,7.9600,true,1,310950
7290017065304,false,שמנת ניו יורק 30% טבעית מהדרין מחלבות גד,גבינות מדף,IL,גבינת שמנת טבעי 30%,גרמים,200.00,100 גרם,false,,14.90,7.4500,true,1,300782
7290017065526,false,קוואטרו פורמאג'י 4 גבינות מגוררות 26%,מחלבות גד בעמ,IL,גבינה קוואטרו פורמאג,גרמים,300.00,100 גרם,false,,25.90,8.6333,true,1,316828
7290017065588,false,יוגורט יווני 10% שומן 600 ג' גד,"מיוצר ע""\י קוד יצרן MKN",IL,יוגורט יווני 10% גד,גרמים,600.00,100 גרם,false,,15.90,2.6500,true,1,311088
7290017065618,false,גבינת פקורינו פרוס מחלב כבשים,הנסיך- מפעל לייצור ט,ES,גבינת פקורינו פרוס 3,גרמים,150.00,100 גרם,false,,20.90,13.9333,true,1,311087
7290017065649,false,קרם פטיסייר מחלבות ג,מיוצר עי קוד יצרן ED,IL,קרם פטיסייר גד 250 ג,גרמים,250.00,100 גרם,false,,20.90,8.3600,true,1,310951
7290017065700,false,"לאבנה 9% בד""צ 500 גרם",מחלבות גד בעמ,IL,לאבנה 9% גד 500 גרם,גרמים,500.00,100 גרם,false,,23.90,4.7800,true,1,320447
7290017065786,false,"גבינת צ`דר מחלבות גד , 210 גרם","מחלבות גד בע""\מ",IL,גבינת צ'דר גד 200 גר,גרמים,200.00,100 גרם,false,,19.90,9.9500,true,1,319806
7290017065861,false,רוטב פקורינו ופלפל שחור קאצ'יו אה פפה 200 ג' גד,גבינות מדף,IL,קאצ'יו אה פפה רוטב פ,גרמים,200.00,100 גרם,false,,16.90,8.4500,true,1,322633
7290017065878,false,רוטב לפסטה מק אנד צ'יז גד 200 גרם,גבינות מדף,IL,מק אנד צ'יז רוטב לפ,גרמים,200.00,100 גרם,false,,16.90,8.4500,true,1,322548
7290017065960,false,רוטב פורצ'יני מחלבות גד 200 גרם,גבינות מדף,IL,רוטב פורצ'יני ריקוטה,גרמים,200.00,100 גרם,false,,14.90,7.4500,true,1,324891
7290017068411,false,"אבקת אפייה בד""ץ עדה חרדית",מיה,IL,אבקת אפיה מיה 10 יח,גרמים,100.00,100 גרם,false,,2.20,2.2000,true,1,305479
7290017068534,false,אגוז טחון מיה 300 גר,מיה תעשיות מזון בעמ,IL,אגוז טחון מיה 300 גר,גרמים,300.00,100 גרם,false,,19.90,6.6333,true,1,304972
7290017068541,false,אגוזים גרוסים מיה 30,מיה תעשיות מזון בעמ,IL,אגוזים גרוסים מיה 30,גרמים,300.00,100 גרם,false,,19.90,6.6333,true,1,304971
7290017068565,false,שקדים גרוסים מיה 300,מיה תעשיות מזון בעמ,IL,שקדים גרוסים מיה 300,גרמים,300.00,100 גרם,false,,14.90,4.9667,true,1,304977
7290017068596,false,שקד מולבן פרוס מיה 3,מיה תעשיות מזון בעמ,IL,שקד מולבן פרוס מיה 3,גרמים,300.00,100 גרם,false,,24.90,8.3000,true,1,304998
7290017068602,false,שקד מולבן שבבים מיה,מיה תעשיות מזון בעמ,IL,שקד מולבן שבבים מיה,גרמים,300.00,100 גרם,false,,24.90,8.3000,true,1,305007
7290017068626,false,אגוז פקאן טבעי מיה 2,מיה תעשיות מזון בעמ,IL,אגוז פקאן טבעי מיה 2,גרמים,200.00,100 גרם,false,,22.90,11.4500,true,1,305001
7290017068633,false,שקד טבעי מיה 300 גרם,מיה תעשיות מזון בעמ,IL,שקד טבעי מיה 300 גרם,גרמים,300.00,100 גרם,false,,22.90,7.6333,true,1,304975
7290017068640,false,אגוז מלך טבעי מיה 20,מיה תעשיות מזון בעמ,IL,אגוז מלך טבעי מיה 20,גרמים,200.00,100 גרם,false,,14.90,7.4500,true,1,304999
7290017068664,false,גרעין חמניה קלוף מיה,מיה תעשיות מזון בעמ,IL,גרעין חמניה קלוף מיה,גרמים,200.00,100 גרם,false,,6.90,3.4500,true,1,305000
7290017068671,false,צנובר מיה 150 גרם,מיה תעשיות מזון בעמ,IL,צנובר מיה 150 גרם,גרמים,150.00,100 גרם,false,,32.90,21.9333,true,1,305005
7290017068688,false,גרעין דלעת קלוף מיה,מיה תעשיות מזון בעמ,IL,גרעין דלעת קלוף מיה,גרמים,150.00,100 גרם,false,,7.90,5.2667,true,1,305003
7290017068725,false,תערובת קטניות לחמין,מיה תעשיות מזון בעמ,IL,תערובת קטניות לחמין,פריט,1.40,"ק""ג",false,,19.90,14.2143,true,1,308759
7290017068732,false,חטיף תן צאפ גלגלים ב,מיה תעשיות מזון בעמ,IL,חטיף תן צאפ גלגלים ב,גרמים,120.00,100 גרם,false,,4.90,4.0833,true,1,309271
7290017068756,false,חטיף תן צאפ כריות 12,מיה תעשיות מזון בעמ,IL,חטיף תן צאפ כריות 12,גרמים,120.00,100 גרם,false,,4.90,4.0833,true,1,309273
7290017068770,false,אגוזי מלך טבעי מיה 4,מיה תעשיות מזון בעמ,IL,אגוזי מלך טבעי מיה 4,גרמים,400.00,100 גרם,false,,29.90,7.4750,true,1,310094
7290017068787,false,אגוזי מלך טחונים מיה,מיה תעשיות מזון בעמ,IL,אגוזי מלך טחונים מיה,גרמים,400.00,100 גרם,false,,29.90,7.4750,true,1,310089
7290017068800,false,שקדים טבעי 400 גרם מיה,מיה תעשיות מזון בעמ,IL,שקדים טבעי מיה 400 ג,גרמים,400.00,100 גרם,false,,29.90,7.4750,true,1,310275
7290017068954,false,"אורז בסמטי סלקטד מיה 1 ק""ג",מיה תעשיות מזון בעמ,IL,אורז בסמטי סלקטד 1 ק,פריט,1.00,"ק""ג",false,,11.90,11.9000,true,1,313791
7290017079189,false,אננס חתיכות דקות במיץ אננס 825 גר',פ.ת גרייט פנאפל,ID,לפתן אננס חתוך דק טע,גרמים,825.00,100 גרם,false,,9.90,1.2000,true,1,311709
7290017079769,false,מחית תפוח עץ ובננה בפאוץ פריטוב קידס,פרוטה פודיוין איי.אס,CZ,"מחית תפו""ע ובננה עם",גרמים,120.00,100 גרם,false,,4.90,4.0833,true,1,325714
7290017079776,false,מחיות פאוץ' סלט פירות פריטוב 120 גרם,פרוטה פודיוין איי.אס,CZ,מחית סלט פירות עם פק,גרמים,120.00,100 גרם,false,,4.90,4.0833,true,1,325717
7290017079783,false,מחיות פאוץ' תפוח עץ פריטוב 120 גרם,פרוטה פודיוין איי.אס,CZ,"מחית תפו""ע עם פקק פר",גרמים,120.00,100 גרם,false,,4.90,4.0833,true,1,325715
7290017079790,false,מחיות פאוץ' פירות מעורבים פריטוב 120 גרם,פרוטה פודיוין איי.אס,CZ,מחית פירות מעורבים ע,גרמים,120.00,100 גרם,false,,4.90,4.0833,true,1,325716
7290017088402,false,מטליות לחות לניקוי כ,D.P.L,IL,מטליות לחות לניקוי כ,Unknown,0.00,יחידה,false,,14.90,0.0000,true,1,311347
7290017088426,false,מגבונים קשת עבים פרי,D.P.L,IL,מגבונים קשת עבים פרי,Unknown,0.00,יחידה,false,,19.90,0.0000,true,1,311363
7290017088464,false,תחבושות סופגנית מקסי לונג טופ פד 20 יח',D.P.L,IT,תחבושות טופ פד סופגנ,Unknown,0.00,יחידה,false,,15.90,0.0000,true,1,313597
7290017088495,false,תחבושות טופ פד אקסטרה 20 יח',D.P.L,IT,תחבושות טופ פד אקסטר,Unknown,0.00,יחידה,false,,8.90,0.0000,true,1,313598
7290017088501,false,תחבושות טופ פד אקסטרה לונג 20 יח',D.P.L,IT,תחבושות טופ פד אקסטר,Unknown,0.00,יחידה,false,,8.90,0.0000,true,1,313599
7290017088822,false,BREEZE תחבושות לבריחת שתן אקסטרה (10 יח'),ניאופארם,IT,תחבושות לבריחת שתן ב,Unknown,0.00,יחידה,false,,14.90,0.0000,true,1,318729
7290017088839,false,BREEZE תחבושות לבריחת שתן אקסטרה פלוס (8 יח'),ניאופארם,IT,תחבושות לבריחת שתן ב,Unknown,0.00,יחידה,false,,14.90,0.0000,true,1,318730
7290017094830,false,סלט גזר ברוטב פיקנטי אסלי שמיר 400 ג',"סלטי שמיר 2006 בע""מ",IL,סלט גזר פיקנטי אסלי,גרמים,400.00,100 גרם,false,,10.90,2.7250,true,1,303292
7290017094847,false,סלט תפוחי אדמה אסלי שמיר 400 ג',"סלטי שמיר 2006 בע""מ",IL,סלט תפוא אסלי 400 גר,גרמים,400.00,100 גרם,false,,10.90,2.7250,true,1,303291
7290017094854,false,סלט קולסלאו אסלי שמיר 400 ג',"סלטי שמיר 2006 בע""מ",IL,סלט קולסלאו אסלי 400,גרמים,400.00,100 גרם,false,,10.90,2.7250,true,1,303293
7290017094861,false,חומוס עם רוטב מסבחה אסלי שמיר 400 ג',"סלטי שמיר 2006 בע""מ",IL,סלט חומוס מסבחה אסלי,גרמים,400.00,100 גרם,false,,10.90,2.7250,true,1,303290
7290017100395,false,"כפפות לטקס 100 יחי' S כשלפ עד""ח פרפקט",פאלאס,ID,כפפות לטקס עם אבקה מ,Unknown,0.00,יחידה,false,,16.90,0.0000,true,1,324832
7290017100401,false,"כפפות לטקס 100 יחי' M כשלפ עד""ח פרפקט",פאלאס,ID,כפפות לטקס עם אבקה פ,Unknown,0.00,יחידה,false,,16.90,0.0000,true,1,324844
7290017100418,false,"כפפות לטקס 100 יחי' L כשלפ עד""ח פרפקט",פאלאס,ID,כפפות לטקס עם אבקה מ,Unknown,0.00,יחידה,false,,16.90,0.0000,true,1,324833
7290017100425,false,"כפפות לטקס 100 יחי' XL כשלפ עד""ח פרפקט",פאלאס,ID,כפפות לטקס עם אבקה מ,Unknown,0.00,יחידה,false,,16.90,0.0000,true,1,325816
7290017105895,false,גרגרי חומוס להכנת חומוס משובח יכין 560 ג,זנלכל,IL,גרגירי חומוס להכנת ח,גרמים,560.00,100 גרם,false,,9.90,1.7679,true,1,315450
7290017121086,false,"אריסה ביתית מתוקה עללחם, 250 גרם","מדשא תעשיות מזון בע""\מ",IL,אריסה מתוקה עללחם 25,גרמים,250.00,100 גרם,false,,12.90,5.1600,true,1,321303
7290017121093,false,"אריסה חריפה 250 גרם ""עללחם""","מדשא תעשיות מזון בע""\מ",IL,אריסה חריפה עללחם 25,גרמים,250.00,100 גרם,false,,12.90,5.1600,true,1,308778
7290017129884,false,חמישיות שוקולד מריר 44% 85 גר*5*12 בקרטון,"כרמית תעשיות ממתקים בע""\",IL,שוקולד אגו מריר 5*85,גרמים,425.00,100 גרם,false,,14.90,3.5059,true,1,315814
7290017142166,false,"פילה טונה פרוס עם שמן זית 120 גרם ""עץ הזית""","יוניקורד ח.צ בע""מ",TH,פילה טונה בשמן זית ע,גרמים,120.00,100 גרם,false,,14.90,12.4167,true,1,307630
7290017142180,false,פילה פרוס ושמן זית בנגיעות טעם לימון ופלפל שחור,"יוניקורד ח.צ בע""מ",TH,פילה טונה בשמן זית ו,גרמים,120.00,100 גרם,false,,14.90,12.4167,true,1,307631
7290017142203,false,"פילה טונה פרוס עם שמן זית בטעם מעושן 120 גרם ""עץ הזית""","יוניקורד ח.צ בע""מ",TH,פילה טונה בשמן זית מ,גרמים,120.00,100 גרם,false,,14.90,12.4167,true,1,307632
7290017266886,false,גליליות ופל במילוי ק,עלמה,IL,גליליות ופל במילוי ק,גרמים,500.00,100 גרם,false,,11.90,2.3800,true,1,320475
7290017266893,false,גליליות ופל במילוי ק,עלמה,IL,גליליות ופל במילוי ק,גרמים,500.00,100 גרם,false,,11.90,2.3800,true,1,320476
7290017266909,false,וופלים מעולים במילוי קרם בטעם שוקולד SUNי 200 גרם,"גילרו בע""מ",IL,ופלים בטעם שוקולד עם,גרמים,200.00,100 גרם,false,,3.90,1.9500,true,1,323738
7290017275130,false,עוגת שמרים אישית במילוי פרג 120 גרם,אחדות ביחר לטחינה חל,IL,עוגת שמרים במילוי פר,גרמים,120.00,100 גרם,false,,1.90,1.5833,true,1,315047
7290017275147,false,עוגת שמרים אישית דניש קינמון אחוה 120 גרם,אחדות ביחר לטחינה חל,IL,עוגת שמרים דניש קינמ,גרמים,120.00,100 גרם,false,,1.90,1.5833,true,1,315048
7290017275154,false,עוגת שמרים אישית שוקולד אחוה 120 גרם,אחדות ביחר לטחינה חל,IL,עוגת שמרים בטעם שוקו,גרמים,120.00,100 גרם,false,,1.90,1.5833,true,1,315049
7290017275338,false,טורקיז- טחינה גולמית 500 גרם,אחדות ביחר לטחינה חל,IL,טחינה טורקיז 500 גרם,גרמים,500.00,100 גרם,false,,12.90,2.5800,true,1,319050
7290017275345,false,"טחינה גולמית בבקבוק לחיץ , 350 גרם אחווה",אחדות ביחר לטחינה חל,IL,טחינה אחוה לחיץ 350,גרמים,350.00,100 גרם,false,,8.90,2.5429,true,1,320442
7290017275413,false,מיני קצפיות בטעם וניל אחוה 140 גרם,אחדות ביחר לטחינה חל,IL,מיני קצפיות בטעם וני,גרמים,140.00,100 גרם,false,,9.90,7.0714,true,1,320443
7290017275420,false,מיני קצפיות בטעם תות אחוה 140 גרם,אחדות ביחר לטחינה חל,IL,מיני קצפיות בטעם תות,גרמים,140.00,100 גרם,false,,9.90,7.0714,true,1,320444
7290017275437,false,מיני קצפיות בטעם פירות יער אחוה 140 גרם,אחדות ביחר לטחינה חל,IL,מיני קצפיות בטעם פיר,גרמים,140.00,100 גרם,false,,9.90,7.0714,true,1,320445
7290017275444,false,מיני קצפיות בטעם ענבים אחוה 140 גרם,אחדות ביחר לטחינה חל,IL,מיני קצפיות בטעם ענב,גרמים,140.00,100 גרם,false,,9.90,7.0714,true,1,320446
7290017285733,false,סרקל מעצב 2 ליטר מגזרי .ח.,פישר מעבדות פרמצבטיות בע,IL,"מרכך סרקל ד""ר פישר 2",קילוגרמים,2.00,ליטר,false,,35.90,17.9500,true,1,308577
7290017289168,false,"יין ישראלי אדום יבש אפרת 750 מ""ל",יקב טפרברג 1870 בעמ,IL,יין ישראלי אדום יבש,מיליליטרים,750.00,"100 מ""ל",false,,19.90,2.6533,true,1,304160
7290017289175,false,"יין ישראלי פטיט סירה אפרת 750 מ""ל",יקב טפרברג 1870 בעמ,IL,יין ישראלי פטיט סירה,מיליליטרים,750.00,"100 מ""ל",false,,19.90,2.6533,true,1,304161
7290017289182,false,"יין ישראלי לבן חצי יבש אפרת 750 מ""ל",יקב טפרברג 1870 בעמ,IL,יין ישראלי לבן חצי י,מיליליטרים,750.00,"100 מ""ל",false,,19.90,2.6533,true,1,304163
7290017289199,false,"יין ישראלי לבן יבש 750 מ""ל",יקב טפרברג 1870 בעמ,IL,יין ישראלי לבן יבש,מיליליטרים,750.00,"100 מ""ל",false,,19.90,2.6533,true,1,304162
7290017289205,false,"יין ישראלי קברנה סוביניון אפרת 750 מ""ל",יקב טפרברג 1870 בעמ,IL,יין ישראלי קברנה סוב,מיליליטרים,750.00,"100 מ""ל",false,,19.90,2.6533,true,1,304159
7290017289595,false,"יין אינספייר בלנד אדום יבש 150 שנה 750 מ""ל",יקב טפרברג 1870 בעמ,IL,יין אינספייר בלנד אד,מיליליטרים,750.00,"100 מ""ל",false,,69.90,9.3200,true,1,312526
7290017289601,false,"IMPRESSION בלנד לבן 150 שנה 750 מ""ל",יקב טפרברג 1870 בעמ,IL,יין אימפרשן לבנד לבן,מיליליטרים,750.00,"100 מ""ל",false,,39.90,5.3200,true,1,323161
7290017289618,false,"יין IMPRESSION פטיט סירה 150 שנה טפרברג 750 מ""ל",יקב טפרברג 1870 בעמ,IL,יין אימפרשן קברנה פט,מיליליטרים,750.00,"100 מ""ל",false,,39.90,5.3200,true,1,312527
7290017289908,false,"יין למברוסקו אלגרו אדום 750 מ""ל",יקב טפרברג 1870 בעמ,IL,יין אלגרו למבורסקו א,מיליליטרים,750.00,"100 מ""ל",false,,34.90,4.6533,true,1,323162
7290017303420,false,"בורקס תפו""א בון בייק",מאפיית אריאל,IL,"בורקס תפו""א בון בייק",פריט,1.40,"ק""ג",false,,16.90,12.0714,true,1,303279
7290017303437,false,בורקס גבינה בון בייק,מאפיית אריאל,IL,בורקס גבינה בון בייק,פריט,1.20,"ק""ג",false,,16.90,14.0833,true,1,303278
7290017303444,false,גחנון בון בייקרי 1.2,מאפיית אריאל,IL,גחנון בון בייקרי 1.2,פריט,1.20,"ק""ג",false,,16.90,14.0833,true,1,303280
7290017303451,false,מלוואח בון בייקרי 1.,מאפיית אריאל,IL,מלוואח בון בייקרי 1.,פריט,1.20,"ק""ג",false,,16.90,14.0833,true,1,303277
7290017304885,false,לחם שיפון מחיטה מלאה ללא תוספת סוכר 750 ג' אנג'ל,מאפיית שלמה א. אנג'\ל בע,IL,לחם שיפון וחיטה מלאה,גרמים,750.00,100 גרם,false,,16.90,2.2533,true,1,307435
7290017339610,false,חלה בריוש 6 כדורים ה,המחמצת,IL,חלה בריוש 6 כדורים ה,גרמים,600.00,100 גרם,false,,15.90,2.6500,true,1,313740
7290017339627,false,חלת בריוש כתר המחמצת,המחמצת,IL,חלת בריוש כתר המחמצת,גרמים,550.00,100 גרם,false,,15.90,2.8909,true,1,313741
7290017396002,false,לחמניות כוסמין המחמצ,המחמצת,IL,לחמניות כוסמין המחמצ,גרמים,400.00,100 גרם,false,,15.90,3.9750,true,1,324115
7290017396033,false,מארז בייגל רומני שומ,המחמצת,IL,בייגל רומני המחמצת 4,גרמים,450.00,100 גרם,false,,15.90,3.5333,true,1,320996
7290017396071,false,לחמניות המבורגר פרימ,המחמצת,IL,לחמניות המבורגר פרימ,גרמים,380.00,100 גרם,false,,15.90,4.1842,true,1,319864
7290017396132,false,לחם כוסמין חמניות תב,המחמצת,IL,לחם כוסמין חמניות תב,גרמים,560.00,100 גרם,false,,15.90,2.8393,true,1,313684
7290017396163,false,לחם שיפון 70% אובלי,המחמצת,IL,לחם שיפון 70% אובלי,גרמים,560.00,100 גרם,false,,15.90,2.8393,true,1,313685
7290017396170,false,לחם שאור איטלקי המחמ,המחמצת,IL,לחם שאור איטלקי המחמ,גרמים,560.00,100 גרם,false,,15.90,2.8393,true,1,313686
7290017396187,false,לחם קלמטה אובלי המחמ,המחמצת,IL,לחם קלמטה אובלי המחמ,גרמים,560.00,100 גרם,false,,15.90,2.8393,true,1,313687
7290017396194,false,לחם דגנים המחמצת 560,המחמצת,IL,לחם דגנים המחמצת 560,גרמים,560.00,100 גרם,false,,15.90,2.8393,true,1,318297
7290017396217,false,לחם דגנים אובלי המחמ,המחמצת,IL,לחם דגנים אובלי המחמ,גרמים,560.00,100 גרם,false,,15.90,2.8393,true,1,313688
7290017396224,false,לחם כוסמין אובלי המח,המחמצת,IL,לחם כוסמין אובלי המח,גרמים,560.00,100 גרם,false,,15.90,2.8393,true,1,313689
7290017396231,false,לחם בצל תבנית המחמצת,המחמצת,IL,לחם בצל תבנית המחמצת,גרמים,560.00,100 גרם,false,,15.90,2.8393,true,1,314397
7290017396248,false,לחמניות מיני המבורגר,המחמצת,IL,לחמניות מיני המבורגר,גרמים,400.00,100 גרם,false,,15.90,3.9750,true,1,319865
7290017396286,false,המחמצת מארז בייגל יר,המחמצת,IL,מיני בייגל ירושלמי 4,גרמים,450.00,100 גרם,false,,15.90,3.5333,true,1,320997
7290017396293,false,לחם כפרי צרפתי אובלי,המחמצת,IL,לחם כפרי צרפתי אובלי,גרמים,560.00,100 גרם,false,,15.90,2.8393,true,1,313690
7290017396309,false,באגט שאור איטלקי המח,המחמצת,IL,באגט שאור איטלקי המח,גרמים,400.00,100 גרם,false,,9.90,2.4750,true,1,321235
7290017396415,false,ג'בטה דגנים המחמצת 6,המחמצת,IL,ג'בטה דגנים המחמצת 6,גרמים,600.00,100 גרם,false,,15.90,2.6500,true,1,319189
7290017396439,false,ג'בטה לבן 600 גרם,המחמצת,IL,ג'בטה לבן 600 גרם,גרמים,360.00,100 גרם,false,,15.90,4.4167,true,1,319190
7290017396507,false,בייגל חיטה המחמצת 36,המחמצת,IL,בייגל חיטה המחמצת 36,גרמים,360.00,100 גרם,false,,15.90,4.4167,true,1,314510
7290017457703,false,"סוד ארומתרפי זהב מרכך כביסה מרוכז20%+בישום 900 מ""ל",הנקל סוד,IL,מרכך סוד + בישום זהב,מיליליטרים,900.00,"100 מ""ל",false,,11.90,1.3222,true,1,305759
7290017457727,false,"סוד כחול מרכך כביסה מרוכז20%+בישום 900 מ""ל",הנקל סוד,IL,מרכך סוד + בישום כחו,מיליליטרים,900.00,"100 מ""ל",false,,11.90,1.3222,true,1,305756
7290017457734,false,"סוד ורוד מרכך כביסה מרוכז20%+בישום 900 מ""ל",הנקל סוד,IL,מרכך סוד + בישום ורו,מיליליטרים,900.00,"100 מ""ל",false,,11.90,1.3222,true,1,305757
7290017457925,false,סוד מרכך כביסה מרוכז פרש קונטרול ורוד,הנקל סוד,IL,מרכך סוד פרש קונטרול,מיליליטרים,900.00,"100 מ""ל",false,,11.90,1.3222,true,1,313648
7290017457932,false,סוד מרכך כביסה מרוכז פרש קונטרול כחול,הנקל סוד,IL,מרכך סוד פרש קונטרול,מיליליטרים,900.00,"100 מ""ל",false,,11.90,1.3222,true,1,313649
7290017477169,false,קשיו קלוי 250 גרם ששון הקולה,"דין שיווק וקלייה בע""",IL,קשיו 250 גרם,גרמים,250.00,100 גרם,false,,20.00,8.0000,true,1,300718
7290017589565,false,"ברקן, גוורצטרמינר לבן חצי יבש 750 מל",יקבי ברקן שיווק והפצ,IL,יין קלאסיק גוורצטרמי,מיליליטרים,750.00,"100 מ""ל",false,,31.90,4.2533,true,1,324853
7290017589633,false,"רזרב גולד אדישיין קברנה סוביניון 750 מ""ל",יקבי ברקן Barkan,IL,יין רזרב גולד קברנה,מיליליטרים,750.00,"100 מ""ל",false,,37.90,5.0533,true,1,304672
7290017599250,false,סוכרזית קלאסי 120 שקיות,ביסקול בע''מ,IL,ממתיק סוכרזית קלאסי,גרמים,120.00,100 גרם,false,,15.50,12.9167,true,1,323694
7290017599267,false,סוכרלוז 120 שקיות ממתיק שולחני,סוכרזית Sucrazit,IL,ממתיק סוכרלוז סוכרזי,גרמים,120.00,100 גרם,false,,24.50,20.4167,true,1,323729
7290017599274,false,סוכרזית סטיוויה 120 שקיות,ביסקול בע''מ,IL,ממתיק סוכרזית סטיווי,גרמים,120.00,100 גרם,false,,29.90,24.9167,true,1,323692
7290017599304,false,סוכרזית מהטבע סטיוויה כפית לכפית 400 גרם,ביסקול בעמ,IL,ממתיק סוכרזית סטיווי,גרמים,400.00,100 גרם,false,,33.90,8.4750,true,1,323693
7290017616001,false,שעועית ירוקה שלמה ור,נ.ת.נ.ג.ב החזקות,BE,שעועית ירוקה שלמה ור,גרמים,800.00,100 גרם,false,,6.50,0.8125,true,1,321335
7290017616025,false,שעועית ירוקה חתוכה ו,נ.ת.נ.ג.ב החזקות,BE,שעועית ירוקה חתוכה ו,גרמים,800.00,100 גרם,false,,6.50,0.8125,true,1,321336
7290017616032,false,שעועית צהובה חתוכה ו,נ.ת.נ.ג.ב החזקות,BE,שעועית צהובה חתוכה ו,גרמים,800.00,100 גרם,false,,6.50,0.8125,true,1,321337
7290017616421,false,סטייק טונה צהובת סנפ,אן חאי נפישרי לימיטד,VN,סטייק טונה קפוא 500,גרמים,500.00,100 גרם,false,,24.90,4.9800,true,1,317594
7290017616513,false,אפונה עדינה אינדירה,הוראפרוסט,BE,אפונה עדינה אינדירה,פריט,1.00,"ק""ג",false,,17.90,17.9000,true,1,315817
7290017616520,false,"במיה אינדירה 1 ק""ג",גרין האוס,EG,"במיה אינדירה 1 ק""ג",פריט,1.00,"ק""ג",false,,13.90,13.9000,true,1,315219
7290017616629,false,שעועית ירוקה שלמה עד,הוראפרוסט,BE,שעועית ירוקה שלמה עד,פריט,1.00,"ק""ג",false,,17.90,17.9000,true,1,315820
7290017616643,false,תחתיות ארטישוק אינדי,גרין האוס,EG,תחתיות ארטישוק אינדי,פריט,1.00,"ק""ג",false,,19.90,19.9000,true,1,315220
7290017616650,false,לקט לקוסקוס אינדירה,הוראפרוסט,BE,לקט לקוסקוס אינדירה,פריט,1.00,"ק""ג",false,,10.90,10.9000,true,1,315821
7290017616667,false,שעועית לבנה אינדירה,הוראפרוסט,BE,שעועית לבנה אינדירה,פריט,1.00,"ק""ג",false,,13.90,13.9000,true,1,315906
7290017616674,false,גזר גמדי אינדירה 1 ק,הוראפרוסט,BE,גזר גמדי אינדירה 1 ק,פריט,1.00,"ק""ג",false,,9.90,9.9000,true,1,315822
7290017616711,false,שיני שום מוקפאות 250 גר,ג'קסיאן הינגשינגפודס,CN,שיני שום שלמים קלופי,גרמים,250.00,100 גרם,false,,9.90,3.9600,true,1,317718
7290017616919,false,סטייק טונה בהירה עם,אן חאי נפישרי לימיטד,VN,סטייק טונה קפוא 500,גרמים,500.00,100 גרם,false,,24.90,4.9800,true,1,322816
7290017616926,false,"ציפס קלאסי פרנץ פרייז 1.5ק""ג",,,ציפס קלאסי פרנץ פריי,פריט,1.50,"ק""ג",false,,19.90,13.2667,true,1,323679
7290017616933,false,"צ'יפס אמריקאי עת רן 1.5 ק""ג",אקרופרוסט,BE,ציפס אמריקאי פרנץ פר,פריט,1.50,"ק""ג",false,,19.90,13.2667,true,1,323680
7290017617046,false,נתחי טונה בשמן זית כתית מעולה רביעיה * 140 ג',סטארקיסט,TR,טונה בשמן זית ס.ק. 4,גרמים,560.00,100 גרם,false,,27.90,4.9821,true,1,308864
7290017617282,false,נתחי טונה בהירה בשמן צמחי - מארז 4 יח',טונה וייטנאם קומפני,VN,טונה בשמן יונה 4*140,גרמים,560.00,100 גרם,false,,16.90,3.0179,true,1,324512
7290017641201,false,קרקר עם שיפון מלא וקייל כרמית 130 גרם,דנוויטה ג'\יי. אס. סי,LT,קרקר דגנים קמח שיפון,גרמים,130.00,100 גרם,false,,3.90,3.0000,true,1,325700
7290017648019,false,יין בית אל הריטאז' 2,יקב בית אל,IL,יין בית אל הריטאז' 2,מיליליטרים,750.00,"100 מ""ל",false,,119.90,15.9867,true,1,320240
7290017696393,false,בורגר פטריות מן הצומח 520 גר,מרינה פטריות,IL,בורגר פטריות מן הצומ,גרמים,520.00,100 גרם,false,,27.90,5.3654,true,1,312843
7290017712505,false,"מחית תפו""ע פרינוק 4*",HME,CZ,"מחית תפו""ע פרינוק 4*",גרמים,760.00,100 גרם,false,,16.90,2.2237,true,1,316672
7290017712512,false,"מחית תפו""ע ובננה פרי",HME,CZ,"מחית תפו""ע ובננה פרי",גרמים,760.00,100 גרם,false,,16.90,2.2237,true,1,316673
7290017712529,false,מחית סלט פירות פרינו,HME,CZ,מחית סלט פירות פרינו,גרמים,760.00,100 גרם,false,,16.90,2.2237,true,1,316674
7290017712536,false,מחית לפתן פירות פרינ,HME,CZ,מחית לפתן פירות פרינ,גרמים,760.00,100 גרם,false,,16.90,2.2237,true,1,316675
7290017812007,false,"יין סוביניון/שרדונה 750 מ""ל P.C",כרמל מזרחי,IL,יין פ.קולקשיין שרדונ,מיליליטרים,750.00,"100 מ""ל",false,,32.30,4.3067,true,1,325297
7290017812052,false,יין שיראז-קברנה סוביניון אקסלנס יקבי כרמל,יקבי כרמל Carmel Winery,IL,יין אקסלנס שיראז קבר,מיליליטרים,750.00,"100 מ""ל",false,,21.80,2.9067,true,1,304245
7290017812069,false,יין אמרלד ריזלינג שרדונה אקסלנס Excellence,יקבי כרמל Carmel Winery,IL,יין אקסלנס ריזלינג ש,מיליליטרים,750.00,"100 מ""ל",false,,21.80,2.9067,true,1,304246
7290017812144,false,יין ישן נושן מתוק 63,יקבי כרמל,IL,יין ישן נושן מתוק 63,מיליליטרים,630.00,"100 מ""ל",false,,9.90,1.5714,true,1,304131
7290017812595,false,"יין ישן נושן לייט כרמל 3.5% אלכוהל 750 מ""ל",יקבי כרמל Carmel Winery,IL,יין ישן נושן לייט 3.,מיליליטרים,750.00,"100 מ""ל",false,,14.90,1.9867,true,1,316180
7290017812649,false,תירוש כרמל לבן 1.2 ליטר,יקבי כרמל,IL,מיץ ענבים תירוש לבן,קילוגרמים,1.20,ליטר,false,,20.90,17.4167,true,1,309525
7290017812830,false,יין רוזה פרייבט קולקשיין 750מל יקבי כרמל,"כד בני דרום בע""מ",IL,יין פ. קולקשיין רוזה,מיליליטרים,750.00,"100 מ""ל",false,,32.30,4.3067,true,1,315096
7290017812847,false,"יין פרנץ גוורצטרמינר סלקטד כרמל 750 מ""ל","כד בני דרום בע""מ",IL,יין סלקטד פרנץ גוורצ,מיליליטרים,750.00,"100 מ""ל",false,,28.90,3.8533,true,1,315097
7290017812861,false,יין וינו לבן יקבי כרמל,כרמל מזרחי,IL,יין וינו לבן יבש,מיליליטרים,750.00,"100 מ""ל",false,,19.90,2.6533,true,1,315098
7290017864020,false,פטרוזיליה גלאט ברכת,ברכת קטיף,IL,פטרוזיליה גלאט ברכת,Unknown,0.00,יחידה,false,,4.90,0.0000,true,1,304394
7290017864648,false,כוסברה בוסתן פרימיום,ברכת קטיף,IL,כוסברה בוסתן פרימיום,Unknown,0.00,יחידה,false,,5.90,0.0000,true,1,311625
7290017864655,false,פטרוזיליה בוסתן פרימ,ברכת קטיף,IL,פטרוזיליה בוסתן פרימ,Unknown,0.00,יחידה,false,,5.90,0.0000,true,1,311626
7290017864662,false,שמיר בוסתן פרימיום,ברכת קטיף,IL,שמיר בוסתן פרימיום,Unknown,0.00,יחידה,false,,5.90,0.0000,true,1,311627
7290017864679,false,נענע בוסתן פרימיום,ברכת קטיף,IL,נענע בוסתן פרימיום,Unknown,0.00,יחידה,false,,5.90,0.0000,true,1,311628
7290017864686,false,סלרי עלים ברכת קטיף,ברכת קטיף,IL,סלרי עלים בוסתן,Unknown,0.00,יחידה,false,,6.90,0.0000,true,1,311620
7290017864709,false,עלי מנגולד ברכת קטיף,ברכת קטיף,IL,עלי מנגולד,Unknown,0.00,יחידה,false,,6.90,0.0000,true,1,311622
7290017864754,false,בצל ירוק בוסתן,ברכת קטיף,IL,בצל ירוק בוסתן,Unknown,0.00,יחידה,false,,5.90,0.0000,true,1,311623
7290017871707,false,חטיף פיצפוצי אורז וקוקוס מצופה שוקולד מריר ללא תוספת סוכר,תות תעשיות מזון (2014) ב,IL,חטיף פצפוצי אורז וקו,גרמים,105.00,100 גרם,false,,12.90,12.2857,true,1,320654
7290017871967,false,טוסו אבקת ג'לי טעם אננס 30גרם,אשבל מזון פונקציונלי בע\,IL,ג'לי אננס טוסו ללא ס,גרמים,25.00,100 גרם,false,,4.90,19.6000,true,1,320663
7290017871998,false,טוסו פודינג אינסטנט בטעם וניל 30גרם,אשבל מזון פונקציונלי בע\,IL,פודינג וניל טוסו ללא,גרמים,30.00,100 גרם,false,,4.90,16.3333,true,1,320665
7290017872179,false,טוסו - עוגיות טחינה ללא סוכר 200 גרם,"הגביע מוצרי וופלים בע""\מ",IL,עוגיות טחינה טוסו 20,גרמים,200.00,100 גרם,false,,13.90,6.9500,true,1,320657
7290017872186,false,טוסו - עוגיות פקאן ללא סוכר 200 גרם,"הגביע מוצרי וופלים בע""\מ",IL,עוגיות פקאן טוסו 200,גרמים,200.00,100 גרם,false,,13.90,6.9500,true,1,320658
7290017884141,false,עוגיות מלוחות קצח שי,מאפיית ישראל חיפה,IL,עוגיות מלוחות קצח שי,גרמים,500.00,100 גרם,false,,11.50,2.3000,true,1,304269
7290017884158,false,עוגיות מלוחות שומשום,מאפיית ישראל חיפה,IL,עוגיות מלוחות שומשום,גרמים,500.00,100 גרם,false,,11.50,2.3000,true,1,304270
7290017884165,false,כעכים קקאו שירה 500,מאפיית ישראל חיפה,IL,כעכים קקאו שירה 500,גרמים,500.00,100 גרם,false,,11.50,2.3000,true,1,308994
7290017884189,false,כעכים מצופים שירה 50,מאפיית ישראל חיפה,IL,כעכים מצופים שירה 50,גרמים,500.00,100 גרם,false,,11.50,2.3000,true,1,308855
7290017884257,false,עוגיות כתר שירה 600,מאפיית ישראל חיפה,IL,עוגיות כתר שירה 600,גרמים,600.00,100 גרם,false,,11.50,1.9167,true,1,308995
7290017884264,false,עוגיות שוקוציפס שירה,מאפיית ישראל חיפה,IL,עוגיות שוקוציפס שירה,גרמים,600.00,100 גרם,false,,11.50,1.9167,true,1,304275
7290017884271,false,עוגיות שוקוציפס לבן,מאפיית ישראל חיפה,IL,עוגיות שוקוציפס לבן,גרמים,600.00,100 גרם,false,,11.50,1.9167,true,1,304276
7290017884356,false,עוגיות כעכים מרוקאיו,מאפיית ישראל חיפה,IL,עוגיות כעכים מרוקאיו,גרמים,500.00,100 גרם,false,,11.50,2.3000,true,1,309277
7290017884394,false,עוגיות בישקוטים מסוכ,מאפיית ישראל חיפה,IL,עוגיות בישקוטים מסוכ,גרמים,500.00,100 גרם,false,,11.50,2.3000,true,1,304278
7290017884400,false,עוגיות מצופות טעם שו,מאפיית ישראל חיפה,IL,עוגיות מצופות טעם שו,גרמים,500.00,100 גרם,false,,11.50,2.3000,true,1,309046
7290017884530,false,בישקוטים מצופים שירה,מאפיית ישראל חיפה,IL,בישקוטים מצופים שירה,גרמים,500.00,100 גרם,false,,11.50,2.3000,true,1,308857
7290017884547,false,עוגיות כתר במילוי תו,מאפיית ישראל חיפה,IL,עוגיות כתר במילוי תו,גרמים,500.00,100 גרם,false,,11.50,2.3000,true,1,308990
7290017888095,false,"שוופס מוגז עדין פירות יער פחיות רביעייה 330 מ""ל",יפאורה תבורי בעמ,IL,מארז שוופס פירות יער,קילוגרמים,1.32,ליטר,false,,11.90,9.0152,true,1,305897
7290017888101,false,"שוויפס מוגז עדין אפרסק מארז רביעייה* 330 מ""ל",יפאורה תבורי בעמ,IL,מארז שוופס אפרסק 4*3,קילוגרמים,1.32,ליטר,false,,11.90,9.0152,true,1,305896
7290017918730,false,סלק אדום בוואקום 1 ק,אראל תוצרת חקלאית בע,IL,סלק אדום בוואקום 1 ק,פריט,1.00,"ק""ג",false,,9.90,9.9000,true,1,313478
7290017928234,false,מאיר בייגל גריסיני ב,מאיר בייגל,IL,גריסיני בייטס בצל מא,גרמים,175.00,100 גרם,false,,7.90,4.5143,true,1,311523
7290017928296,false,מאיר בייגל -סמאש-שבורים בטעם דבש חרדל ובצל 300 גרם,מאיר בייגל,BG,שברי בייגלה בטעם דבש,גרמים,300.00,100 גרם,false,,11.90,3.9667,true,1,322994
7290017928494,false,מאיר בייגל -סמאש-שבורים בטעם צ'דר 300 גרם,מאיר בייגל,BG,שברי בייגלה בטעם צ'ד,גרמים,300.00,100 גרם,false,,11.90,3.9667,true,1,322995
7290017928838,false,בייגל מאיר גריסיני ב,מאיר בייגל,IL,גריסיני בייטס זיתים,גרמים,175.00,100 גרם,false,,7.90,4.5143,true,1,311526
7290017946375,false,סוד - סבון אסלה בניחוח לימון אוקיינוס רביעיות,הנקל סוד,IL,כדוריות סוד לאסלה לי,גרמים,150.00,100 גרם,false,,19.90,13.2667,true,1,313753
7290017946399,false,"מרכך כביסה מרוכז ארומתרפי אדום 900 מ""ל סוד",הנקל סוד,IL,מרכך סוד ארומתרפי אד,מיליליטרים,900.00,"100 מ""ל",false,,11.90,1.3222,true,1,320102
7290017946573,false,סוד - סבון אסלה בניחוח פרחים רביעיות,הנקל סוד,IL,כדוריות סוד לאסלה פר,גרמים,150.00,100 גרם,false,,19.90,13.2667,true,1,313754
7290017947105,false,לחם אנג'ל בסגנון אמריקה 500 גרם,מאפיית שלמה א. אנג'\ל בע,IL,לחם אנגל בסגנון אמרי,גרמים,500.00,100 גרם,false,,14.90,2.9800,true,1,309746
7290017947457,false,חלה קלועה כוסמין אנג'ל ארוזה 500 גרם,מאפיית שלמה א.אנג'\ל בע\,IL,חלה קלועה כוסמין אנג,גרמים,500.00,100 גרם,false,,18.90,3.7800,true,1,318715
7290017947464,false,שמיניית פיתות כוסמין אנג'ל 8*50 גרם,מאפיית שלמה א.אנג'\ל בע\,IL,פיתות כוסמין אנג'ל 8,גרמים,400.00,100 גרם,false,,14.90,3.7250,true,1,313711
7290017947495,false,6 לחמניות כוסמין 450 גרם אנג'ל,מאפיית שלמה א.אנג'\ל,IL,לחמניות כוסמין אנגל,גרמים,450.00,100 גרם,false,,14.90,3.3111,true,1,314406
7290017947891,false,לחם אנג'ל כוסמין וחיטה מלאה 750 גרם,מאפיית שלמה א. אנג'\ל בע,IL,לחם כוסמין וחיטה מלא,גרמים,750.00,100 גרם,false,,16.90,2.2533,true,1,309674
7290017947921,false,לחמניות המבורגר בסגנון אמריקאי מארז 6 יח',מאפיית שלמה א. אנג'\ל בע,IL,לחמניות המבורגר אנגל,גרמים,450.00,100 גרם,false,,14.90,3.3111,true,1,309955
7290017947938,false,מיני לחמניות המבורגר בסגנון אמריקה 400 ג' אנג'ל,מאפיית שלמה א. אנג'\ל בע,IL,לחמניות מיני המבורגר,גרמים,400.00,100 גרם,false,,14.90,3.7250,true,1,317016
7290017978215,false,"קרמבו מוקה ""ריאו"" 16 יחידות","גלידות ריאו ביח""ר לג",IL,קרמבו בטעם מוקה ריאו,גרמים,480.00,100 גרם,false,,21.50,4.4792,true,1,312846
7290018045138,false,דגני בוקר קוקו פאבלס,פוסט לקיוויל,US,דגני בוקר קוקו פאבלס,גרמים,311.00,100 גרם,false,,19.90,6.3987,true,1,323956
7290018045336,false,דגני בוקר פרוטי פאבל,פוסט לקיוויל,US,דגני בוקר פרוטי פאבל,גרמים,311.00,100 גרם,false,,19.90,6.3987,true,1,323957
7290018091029,false,מקלות פילו תפוחי אדמה מעדנות 450 ג',תנובה מעדנות,IL,"מקלות פילו תפו""א מעד",גרמים,450.00,100 גרם,false,,16.80,3.7333,true,1,314036
7290018091616,false,מקלות פילו גבינה מעדנות 450 גרם,מיוצר עי קונדיטוריית,IL,מקלות פילו גבינה מעד,גרמים,450.00,100 גרם,false,,16.80,3.7333,true,1,314038
7290018091876,false,"מאפה פילו גבינה, 320 גרם מעדנות","מעדנות בע""\מ",IL,מאפה פילו גבינה מעדנ,גרמים,320.00,100 גרם,false,,9.90,3.0938,true,1,322612
7290018099001,false,מאסטר פיתה עשיריה בר ולחם,מאסטר פייתה,IL,פיתות מאסטר פיתה 10,פריט,1.00,"ק""ג",false,,11.90,11.9000,true,1,310845
7290018099025,false,עשירייה פיתות כוסמין רכות במיוחד 99 קלוריות,מאסטר פייתה,IL,פיתות כוסמין מאסטר פ,פריט,1.00,"ק""ג",false,,14.90,14.9000,true,1,323443
7290018115039,false,אבוקדו מוכן לאכילה,אראל תוצרת חקלאית בע,IL,אבוקדו מוכן לאכילה,Unknown,0.00,יחידה,false,,5.90,0.0000,true,1,313214
7290018131855,false,אקסטרים טילון בראוניז בדצ מאגדת 6*72 גרם נסטלה,גלידות נסטלה )נגה גלידות,IL,טילוני אקסטרים בראונ,גרמים,432.00,100 גרם,false,,29.90,6.9213,true,1,317017
7290018131879,false,אקסטרים טילון חלב בדצ מאגדת 6*72 גרם נסטלה,גלידות נסטלה )נגה גלידות,IL,טילוני אקסטרים ריבת,גרמים,432.00,100 גרם,false,,29.90,6.9213,true,1,317018
7290018131893,false,אקסטרים טילון פקאן בדצ מאגדת 6*72 גרם נסטלה,גלידות נסטלה )נגה גלידות,IL,טילוני אקסטרים פקאן,גרמים,432.00,100 גרם,false,,29.90,6.9213,true,1,317019
7290018131954,false,קרחון שרבט פרווה לה פרוטה תות שדה ושוקולד מריר,נגה גלידות שותפות מוגבלת,IL,שלגוני לה פרוטה תות,גרמים,350.00,100 גרם,false,,23.50,6.7143,true,1,316223
7290018165447,false,"יין רזרב GOLD מרלו ברקן 750 מ""ל",יקבי ברקן שיווק והפצה בע,IL,יין רזרב גולד מרלו,מיליליטרים,750.00,"100 מ""ל",false,,37.90,5.0533,true,1,324847
7290018165492,false,יין סגל לימיטד אדישן,יינות סגל,IL,יין סגל לימיטד אדישן,מיליליטרים,750.00,"100 מ""ל",false,,119.90,15.9867,true,1,315017
7290018192023,false,מקלות סלרי ארוז יח',"מרינה פטריות הגליל בע""מ",IL,סלרי יח',Unknown,0.00,יחידה,false,,5.90,0.0000,true,1,308380
7290018192504,false,מיני המבורגר פטריות 600גר,מרינה פטריות,IL,מיני בורגר פטריות מן,גרמים,600.00,100 גרם,false,,27.90,4.6500,true,1,325511
7290018192658,false,מארז זוג פטריות פורטובלה ושמפיניון מרינה,"מרינה פטריות הגליל בע""מ",IL,פטריות צמד חמד איטלק,Unknown,0.00,יחידה,false,,15.90,0.0000,true,1,312325
7290018192764,false,מיקס נבטי בריאות,מרינה,IL,מיקס נבטים,Unknown,0.00,יחידה,false,,13.90,0.0000,true,1,319408
7290018195048,false,"חתיכות אננס בסירופ קל טעמן, 850 גרם",פ.ת גרייט פנאפל,TH,לפתן אננס חתוך טעמן,גרמים,850.00,100 גרם,false,,10.90,1.2824,true,1,321925
7290018195123,false,מארז סרדין בלימון טע,אינטרנשיונל קנינג קו,MA,מארז סרדין בלימון טע,גרמים,375.00,100 גרם,false,,9.90,2.6400,true,1,319012
7290018195130,false,מארז סרדין פלפל חריף,אינטרנשיונל קנינג קו,MA,מארז סרדין פלפל חריף,גרמים,375.00,100 גרם,false,,9.90,2.6400,true,1,319013
7290018195895,false,קראנצ' חטיפי שיבולת שועל שוקולד מריר 40X5 גרם,סנטה איי קוולסקי אס,PL,חטיף ש.שועל עם שוקול,גרמים,200.00,100 גרם,false,,12.90,6.4500,true,1,317534
7290018195901,false,קראנצ' חטיפי שיבולת שועל ודבש 40X5 גרם,סנטה איי קוולסקי אס,PL,חטיף ש.שועל ודבש קרא,גרמים,200.00,100 גרם,false,,12.90,6.4500,true,1,317530
7290018195918,false,קראנצ' חטיפי שיבולת שועל דבש וקינמון 40X5 גרם,סנטה איי קוולסקי אס,PL,חטיף ש.שועל דבש וקינ,גרמים,200.00,100 גרם,false,,12.90,6.4500,true,1,317531
7290018208014,false,תמר מגהול פרימיום 1,אראל תוצרת חקלאית בע,IL,תמר מגהול פרימיום 1,פריט,1.00,"ק""ג",false,,24.90,24.9000,true,1,308296
7290018208021,false,"תמר מגהול ענק 2 ק""ג",אראל תוצרת חקלאית בע,IL,"תמר מגהול ענק 2 ק""ג",פריט,2.00,"ק""ג",false,,39.90,19.9500,true,1,308297
7290018208045,false,ערמונים קלויים וקלופ,אראל תוצרת חקלאית בע,IL,ערמונים קלויים וקלופ,גרמים,100.00,100 גרם,false,,3.90,3.9000,true,1,309080
7290018208809,false,"תמר מגהול 1 ק""ג",אראל תוצרת חקלאית בע,IL,"תמר מגהול 1 ק""ג",פריט,1.00,"ק""ג",false,,14.90,14.9000,true,1,308285
7290018237373,false,עוף טוב פסטרמה צרובה על הגריל נתח שלם 8*300 גרם,מוצרי עוף טוב (2001) בע\,IL,פסטרמה מהגריל מנתח ש,גרמים,300.00,100 גרם,false,,26.80,8.9333,true,1,318397
7290018237397,false,עוף טוב פסטרמה מקורמלת נתח שלם 8*300 גרם,מוצרי עוף טוב (2001) בע\,IL,פסטרמה מקורמלת מנתח,גרמים,300.00,100 גרם,false,,26.80,8.9333,true,1,318399
7290018237410,false,עוף טוב פסטרמה במעשנה נתח שלם 8*300 גרם,מוצרי עוף טוב (2001) בע\,IL,פסטרמה מהמעשנה מנתח,גרמים,300.00,100 גרם,false,,26.80,8.9333,true,1,318398
7290018283158,false,מארז הלחוח של אמא גדול שלישייה,פיתא,IL,לחוח של אמא בר ולחם,גרמים,540.00,100 גרם,false,,14.90,2.7593,true,1,325594
7290018294000,false,"יין קינג דויד רוזה כרמל 750 מ""ל",כרמל מזרחי,IL,יין קינג דיוויד רוזה,מיליליטרים,750.00,"100 מ""ל",false,,18.90,2.5200,true,1,317567
7290018294055,false,תירוש כרמל רוזה 1.2 ליטר,יקבי כרמל,IL,מיץ ענבים תירוש רוזה,קילוגרמים,1.20,ליטר,false,,20.90,17.4167,true,1,315443
7290018294192,false,פרייבט קולקשין בלנד היינן 700מל,כרמל מזרחי,IL,יין פ. קולקשיין בלנד,מיליליטרים,750.00,"100 מ""ל",false,,32.30,4.3067,true,1,323291
7290018294208,false,"סלקטדאדום ישראלי יבש כרמל 750 מ""ל","כד בני דרום בע""מ",IL,יין סלקטד אדום ישראל,מיליליטרים,750.00,"100 מ""ל",false,,28.90,3.8533,true,1,317572
7290018294352,false,"ערק כרמל 37.5% 700 מ""ל",יקבי כרמל Carmel Winery,ES,"ארק כרמל 700 מ""ל",מיליליטרים,700.00,"100 מ""ל",false,,54.90,7.8429,true,1,320021
7290018294901,false,"יין מונלייט אדום יבש 750 מ""ל כרמל",יקבי כרמל Carmel Winery,IL,יין אדום יבש מונלייט,מיליליטרים,750.00,"100 מ""ל",false,,33.90,4.5200,true,1,323330
7290018294918,false,מונלייט מוסקטו רוזה מתוק מבעבע 750מל,יקבי כרמל Carmel Winery,IL,יין לבן חצי מתוק מונ,מיליליטרים,750.00,"100 מ""ל",false,,33.90,4.5200,true,1,323332
7290018333181,false,אגו רוקס חטיפי שוקולד חלב עם פתיתי תירס ושברי אגוזי לוז 100 גרם,כרמית,IL,אגו רוקס שוקולד קורנ,גרמים,100.00,100 גרם,false,,8.90,8.9000,true,1,312729
7290018333198,false,"אגו רוקס חטיפי שוקולד חלב עם פתיתי תירס, שברי בוטנים מסוכרים ומלח 100 גרם","כרמית תעשיות ממתקים בע""\",IL,אגו רוקס שוקולד קורנ,גרמים,100.00,100 גרם,false,,8.90,8.9000,true,1,312730
7290018333204,false,"אגו רוקס חטיפי שוקולד לבן עם פתיתי תירס, שבבי קוקוס ושברי פקאן סיני 100 גרם","כרמית תעשיות ממתקים בע""\",IL,אגו רוקס שוקולד לבן,גרמים,100.00,100 גרם,false,,8.90,8.9000,true,1,312728
7290018359112,false,PASSATA מחית עגבניות יכין 690 גרם בבקבוק,אמיליאנה קונסרב,IL,מחית עגבניות קלה פסא,גרמים,690.00,100 גרם,false,,9.90,1.4348,true,1,322229
7290018359129,false,פולפה עגבניות חתוכות מקולפות דק יכין 690 גרם,אמיליאנה קונסרב,IT,עגבניות מקולפות חתוכ,גרמים,690.00,100 גרם,false,,9.90,1.4348,true,1,322228
7290018359495,false,תירס מהשדה בלי תוספת סוכר יכין 550 גרם,היינץ צפון אמריקה מק,IL,תירס גרעינים מהשדה ל,גרמים,550.00,100 גרם,false,,8.90,1.6182,true,1,321673
7290018359556,false,תירס מהשדה בלי תוספת סוכר יכין 400 גרם,היינץ צפון אמריקה מק,IL,תירס גרעינים מהשדה י,גרמים,400.00,100 גרם,false,,6.50,1.6250,true,1,315953
7290018359686,false,יכין חומוס גדול 550 גר A2,היינץ צפון אמריקה מק,IL,חומוס ענק יכין 550 ג,גרמים,550.00,100 גרם,false,,9.50,1.7273,true,1,319351
7290018394021,false,ח.תקוע פטריות מלך היער,חוות פטריות תקוע,CN,פטריות מלך היער,Unknown,0.00,יחידה,false,,13.90,0.0000,true,1,317023
7290018440230,false,תה צ'אי ורדים 25 שקיקים ויסוצקי,תה ויסוצקי,IL,תה חווית הצ'אי ורדים,Unknown,0.00,יחידה,false,,17.90,0.0000,true,1,321532
7290018440247,false,תה צ'אי שקדים0 25 שקיקים ויסוצקי,תה ויסוצקי,IL,תה חווית הצ'אי שקדים,Unknown,0.00,יחידה,false,,17.90,0.0000,true,1,321531
7290018440254,false,תה צ'אי קרמל מלוח 25 שקיקים ויסוצקי,תה ויסוצקי,IL,תה חווית הצ'אי קרמל,גרמים,50.00,100 גרם,false,,17.90,35.8000,true,1,321533
7290018440629,false,תה ויסוצקי טעם עשיר,ויסוצקי,IL,תה ויסוצקי טעם עשיר,Unknown,0.00,יחידה,false,,19.90,0.0000,true,1,318389
7290018441916,false,תות שדה מוקפא ברכת האדמה 300 גרם,מוצרי איכות אמריקאיי,GE,תות שדה קפוא ברכת הא,גרמים,300.00,100 גרם,false,,9.90,3.3000,true,1,322085
7290018443040,false,נבטים סיניים (בוסתן,בוסתן עשבי תיבול,IL,נבטים סינים יח,Unknown,0.00,יחידה,false,,5.90,0.0000,true,1,318163
7290018443057,false,נבטי חמניה (בוסתן),בוסתן עשבי תיבול,IL,נבטי חמניה,Unknown,0.00,יחידה,false,,9.90,0.0000,true,1,318164
7290018443064,false,נבטי אלפלפא (בוסתן),בוסתן עשבי תיבול,IL,נבטים אלפלא,Unknown,0.00,יחידה,false,,5.90,0.0000,true,1,318167
7290018443071,false,נבטי ברוקולי,בוסתן עשבי תיבול,IL,נבטי ברוקולי,Unknown,0.00,יחידה,false,,9.90,0.0000,true,1,318165
7290018443088,false,נבטי צנונית,בוסתן עשבי תיבול,IL,נבטי צנונית,Unknown,0.00,יחידה,false,,9.90,0.0000,true,1,318166
7290018443217,false,חסה עגולה בוסתן,ברכת קטיף,IL,חסה עגולה בוסתן,Unknown,0.00,יחידה,false,,6.90,0.0000,true,1,319336
7290018443293,false,מיקס נבטים תקומה,בוסתן עשבי תיבול,IL,מיקס נבטים יח,Unknown,0.00,יחידה,false,,16.90,0.0000,true,1,318168
7290018443330,false,פטרוזילה ברכת קטיף מצע מנותק ייבול נוכרי,ברכת קטיף,IL,פטרוזיליה גלאט ברכת,Unknown,0.00,יחידה,false,,5.90,0.0000,true,1,318799
7290018443347,false,שמיר ברכת קטיף מצע מנותק ייבול נוכרי,ברכת קטיף,IL,שמיר ברכת קטיף,Unknown,0.00,יחידה,false,,5.90,0.0000,true,1,318829
7290018443378,false,מנגולד ברכת קטיף,ברכת קטיף,IL,מנגולד ברכת קטיף,Unknown,0.00,יחידה,false,,6.90,0.0000,true,1,318815
7290018443408,false,כרוב לבן ברכת קטיף מצע מנותק ייבול נוכרי,ברכת קטיף,IL,כרוב לבן ברכת קטיף,Unknown,0.00,יחידה,false,,13.90,0.0000,true,1,318812
7290018443446,false,נבטים סינים יח,בוסתן עשבי תיבול,IL,נבטים סינים יח,Unknown,0.00,יחידה,false,,5.90,0.0000,true,1,318223
7290018443460,false,נבטים אלפלא,בוסתן עשבי תיבול,IL,נבטים אלפלא,Unknown,0.00,יחידה,false,,5.90,0.0000,true,1,318224
7290018443545,false,פלפל צילי אדום 200 גרם,,,פלפל צילי,Unknown,0.00,יחידה,false,,9.90,0.0000,true,1,325898
7290018443590,false,שמיר בוסתן רגיל מצע מנותק ייבול נוכרי,ברכת קטיף,IL,שמיר בוסתן,Unknown,0.00,יחידה,false,,4.90,0.0000,true,1,318802
7290018443606,false,נענע בוסתן,ברכת קטיף,IL,נענע בוסתן,Unknown,0.00,יחידה,false,,4.90,0.0000,true,1,318803
7290018443620,false,סלרי עלים בוסתן,ברכת קטיף,IL,סלרי עלים בוסתן,Unknown,0.00,יחידה,false,,5.90,0.0000,true,1,318819
7290018443644,false,מנגולד בוסתן,ברכת קטיף,IL,מנגולד בוסתן,Unknown,0.00,יחידה,false,,5.90,0.0000,true,1,318821
7290018443651,false,לבבות חסה בוסתן,ברכת קטיף,IL,לבבות חסה בוסתן,Unknown,0.00,יחידה,false,,9.90,0.0000,true,1,318822
7290018443705,false,לבבות חסה בנספק ברכת קטיף,,,לבבות חסה קיסר,Unknown,0.00,יחידה,false,,11.90,0.0000,true,1,319126
7290018443859,false,חסה ליטל ג'ים,ברכת קטיף,IL,חסה ליטל ג'ים,Unknown,0.00,יחידה,false,,11.90,0.0000,true,1,320164
7290018464120,false,יין תניא אלישבע רוזה,יקב תניא,IL,יין תניא אלישבע רוזה,מיליליטרים,750.00,"100 מ""ל",false,,79.90,10.6533,true,1,316586
7290018468302,false,נקניקיה טבעונית בסגנון מרגז טירת צבי 400 ג,טירת צבי - מדף,IL,נקניקיות צמחוניות בס,גרמים,400.00,100 גרם,false,,32.90,8.2250,true,1,323155
7290018468319,false,נקניקיה טבעונית בסגנון צוריסוס טירת צבי 400 גרם,טירת צבי,IL,נקניקיות צמחוניות בס,גרמים,400.00,100 גרם,false,,32.90,8.2250,true,1,323156
7290018471029,false,"סודה בטעם לימון - מארז 6 בקבוקים 500 מ""ל",יפאורה תבורי בעמ,IL,מארז שוופס סודה לימו,קילוגרמים,3.00,ליטר,false,,13.90,4.6333,true,1,313842
7290018471180,false,משקה פרוט& ווג' אננס תפוח גזר 1 ליטר,פרוט אנד וג' Fruit & Veg,IL,פרוט אנד ווג' אננס ת,קילוגרמים,1.00,ליטר,false,,12.90,12.9000,true,1,316439
7290018471197,false,פרוט & ווג' תפוח בננה מלון נענע 1 ליטר,פרוט אנד וג' Fruit & Veg,IL,פרוט אנד ווג' תפוח ב,קילוגרמים,1.00,ליטר,false,,12.90,12.9000,true,1,316438
7290018471210,false,קרטונית נקטר ספרינג תפוח סברס 1 ליטר,"יפאורה תבורי בע""\מ",IL,נקטר ספרינג אגס תפוח,קילוגרמים,1.00,ליטר,false,,6.90,6.9000,true,1,316437
7290018471395,false,משקה פרוט& ווג' תפוח רימון ג'ינג'ר 1 ליטר,פרוט אנד וג' Fruit & Veg,IL,פרוט אנד ווג' תפוח ר,קילוגרמים,1.00,ליטר,false,,12.90,12.9000,true,1,316477
7290018471401,false,משקה פרוט& ווג' אננס בננה כורכום 1 ליטר,פרוט אנד וג' Fruit & Veg,IL,פרוט אנד ווג' אננס ב,קילוגרמים,1.00,ליטר,false,,12.90,12.9000,true,1,316440
7290018471449,false,קרטונית ספרינג שייק בננה תמר תפוז 1 ליטר,"יפאורה תבורי בע""\מ",IL,ספרינג שייק בננה תמר,קילוגרמים,1.00,ליטר,false,,11.90,11.9000,true,1,317722
7290018471463,false,תפוזינה נקטר תפוז מנגו קרטונית 1 ליטר,"יפאורה תבורי בע""\מ",IL,נקטר תפוזינה ENJOY,קילוגרמים,1.00,ליטר,false,,6.90,6.9000,true,1,316789
7290018471470,false,תפוזינה נקטר תפוז פסיפלורה קרטונית 1 ליטר,"יפאורה תבורי בע""\מ",IL,נקטר תפוזינה ENJOY,קילוגרמים,1.00,ליטר,false,,6.90,6.9000,true,1,316790
7290018471487,false,תפוזינה נקטר תפוז אננס קרטונית 1 ליטר,"יפאורה תבורי בע""\מ",IL,נקטר תפוזינה ENJOY,קילוגרמים,1.00,ליטר,false,,6.90,6.9000,true,1,316791
7290018471494,false,קרטונית נקטר ספרינג תפוז גזר 1 ליטר,"יפאורה תבורי בע""\מ",IL,נקטר תפוזינה ENJOY,קילוגרמים,1.00,ליטר,false,,6.90,6.9000,true,1,316792
7290018471692,false,ספרינג שייק בננה אננס קוקוס פירות יער קרטונית 1 ל',"יפאורה תבורי בע""\מ",IL,ספרינג שייק בננה אננ,קילוגרמים,1.00,ליטר,false,,11.90,11.9000,true,1,317724
7290018471906,false,שוופס מוגז פירות לימונדה ורודה 1.5 ליטר פיקדון,"יפאורה תבורי בע""\מ",IL,שוופס לימונדה ורודה,קילוגרמים,1.50,ליטר,false,,8.20,5.4667,true,1,319667
7290018471913,false,משקה מוגז פירות תפוחים שוופס 1.5 ליטר,"יפאורה תבורי בע""\מ",IL,שוופס תפוח מוגז 1.5,קילוגרמים,1.50,ליטר,false,,8.20,5.4667,true,1,319668
7290018471920,false,שוופס מוגז פירות ענבים 1.5 ליטר פיקדון,"יפאורה תבורי בע""\מ",IL,שוופס ענבים מוגז 1.5,קילוגרמים,1.50,ליטר,false,,8.20,5.4667,true,1,319669
7290018471937,false,שוופס מוגז פירות תות ליים 1.5 ליטר פיקדון,"יפאורה תבורי בע""\מ",IL,שוופס פירות תות ליים,קילוגרמים,1.50,ליטר,false,,8.20,5.4667,true,1,319670
7290018471944,false,שוופס מוגז פירות לימונייד 1.5 ליטר פיקדון,"יפאורה תבורי בע""\מ",IL,שוופס למונייד מוגז 1,קילוגרמים,1.50,ליטר,false,,8.20,5.4667,true,1,319671
7290018471951,false,שוופס מוגז פירות אשכולית אדומה 1.5 ליטר פיקדון,"יפאורה תבורי בע""\מ",IL,שוופס אשכולית אדומה,קילוגרמים,1.50,ליטר,false,,8.20,5.4667,true,1,319672
7290018500231,false,לחם פרוס וויקאנד אנג'ל 750 גרם,מאפיית שלמה א. אנג'\ל בע,IL,לחם פינוקים וויקאנד,גרמים,750.00,100 גרם,false,,15.90,2.1200,true,1,323281
7290018500361,false,"לחם שחור פרוס 900 גרם ""אנג'ל"" -מוצר בפיקוח",מאפיית שלמה א. אנג'\ל בע,IL,לחם אחיד פרוס אנגל 9,גרמים,900.00,100 גרם,false,,8.30,0.9222,true,1,323044
7290018500385,false,"חלה רגילה 650 גרם ""אנגל""-מוצר בפיקוח",מאפיית שלמה א. אנגל,IL,חלה מרובעת אנגל 650,גרמים,650.00,100 גרם,false,,5.10,0.7846,true,1,323093
7290018500477,false,לחם אחיד פרוס אחדות,מאפית אנגל,IL,לחם אחיד פרוס אחדות,גרמים,900.00,100 גרם,false,,7.40,0.8222,true,1,323879
7290018540329,false,שקית פיתה פיתה בלדי 800 ג' אנג'ל,מאפיית שלמה א. אנג'\ל בע,IL,פיתות אנגל בלדי 8 יח,גרמים,800.00,100 גרם,false,,10.90,1.3625,true,1,318589
7290018540817,false,ארטיזנל לחם מחמצת כוסמין אנג'ל 500 גרם,מאפיית אורנים,IL,לחם מחמצת כוסמין אנג,גרמים,500.00,100 גרם,false,,18.90,3.7800,true,1,319818
7290018540824,false,ארטיזנל לחם מחמצת כפרי אנג'ל 500 גרם,מאפיית אורנים,IL,לחם מחמצת כפרי אנגל,גרמים,500.00,100 גרם,false,,17.90,3.5800,true,1,319819
7290018540831,false,ארטיזנל לחם מחמצת חיטה מלאה ודגנים אנג'ל 500 גרם,מאפיית אורנים,IL,לחם מחמצת חיטה מלאה,גרמים,500.00,100 גרם,false,,17.90,3.5800,true,1,319820
7290018556443,false,ארק סאלי לימונענע 75,,IL,ארק סאלי לימונענע 75,מיליליטרים,750.00,"100 מ""ל",false,,29.90,3.9867,true,1,318707
7290018556696,false,ארק סאלי לימונים 750,,IL,ארק סאלי לימונים 750,מיליליטרים,750.00,"100 מ""ל",false,,29.90,3.9867,true,1,316043
7290018556719,false,ארק סאלי פסיפלורה 75,,IL,ארק סאלי פסיפלורה 75,מיליליטרים,750.00,"100 מ""ל",false,,29.90,3.9867,true,1,316082
7290018571163,false,ציפוי לשניצל עשבי תי,מיה תעשיות מזון בעמ,IL,ציפוי לשניצל עשבי תי,גרמים,600.00,100 גרם,false,,9.90,1.6500,true,1,316404
7290018571187,false,ציפוי לשניצל פיקנטי,מיה תעשיות מזון בעמ,IL,ציפוי לשניצל פיקנטי,גרמים,600.00,100 גרם,false,,9.90,1.6500,true,1,316403
7290018571194,false,ציפוי לשניצל בתיבול,מיה תעשיות מזון בעמ,IL,ציפוי לשניצל בתיבול,גרמים,600.00,100 גרם,false,,9.90,1.6500,true,1,316406
7290018571200,false,פירורי לחם מוזהב מיה,מיה תעשיות מזון בעמ,IL,פירורי לחם מוזהב מיה,גרמים,700.00,100 גרם,false,,7.90,1.1286,true,1,318739
7290018571439,false,אורז מלא אינדירה 1.4,מיה תעשיות מזון בעמ,IL,אורז מלא אינדירה 1.4,פריט,1.40,"ק""ג",false,,9.90,7.0714,true,1,320501
7290018571446,false,אורז ריזוטו אינדירה,מיה תעשיות מזון בעמ,IL,אורז ריזוטו אינדירה,פריט,1.40,"ק""ג",false,,9.90,7.0714,true,1,320502
7290018571460,false,קורנפלור מיה 800 גרם,מיה תעשיות מזון בעמ,IL,קורנפלור מיה 800 גרם,גרמים,800.00,100 גרם,false,,5.90,0.7375,true,1,318321
7290018571477,false,נטיפים לאפייה מיה 75,מיה תעשיות מזון בעמ,IL,נטיפים לאפייה מיה 75,גרמים,750.00,100 גרם,false,,14.90,1.9867,true,1,318946
7290018571491,false,ריבת חלב אמיתי אמיתית בצנצנת 340 גרם,מיה תעשיות מזון בעמ,IL,ריבת חלב אמיתי מיה 3,גרמים,340.00,100 גרם,false,,12.90,3.7941,true,1,321687
7290018571552,false,סוכריות ג'לי ללא סוכר עם חומצות שומן אומגה 3 למבוגרים,מיה תעשיות מזון בעמ,IL,ס. ג'לי ללא סוכר או,גרמים,210.00,100 גרם,false,,39.90,19.0000,true,1,324103
7290018571576,false,סילאן טבעי לחיץ מיה,אל ברקן דאטס,AE,סילאן טבעי לחיץ מיה,פריט,1.15,"ק""ג",false,,24.90,21.6522,true,1,319415
7290018571606,false,תערובת תבלינים ראס אל חנות 70 גרם מיה,מיה תעשיות מזון בעמ,IL,ראס אל חנות מיה 70 ג,גרמים,70.00,100 גרם,false,,7.90,11.2857,true,1,321980
7290018571613,false,סוכריות אומגה 3 מבוגרים אצבעות מיה פלוס 210 גרם ללס,מיה תעשיות מזון בעמ,IL,דגי ג'לי אומגה 3 בט,גרמים,240.00,100 גרם,false,,39.90,16.6250,true,1,324104
7290018571620,false,סוכריות מולטי ויטמין נשים מבוגרים גבעות מיה פלוס 240 גרם,מיה תעשיות מזון בעמ,IL,ס. ג'לי מולטי ויטמין,גרמים,240.00,100 גרם,false,,39.90,16.6250,true,1,324105
7290018652909,false,מאגדת מאגנום קפה שוקולד ופקאן 5 *43 ג' נסטלה,גלידות נסטלה,IL,שלגונים בטעם אייס קפ,גרמים,215.00,100 גרם,false,,26.90,12.5116,true,1,323054
7290018708125,false,בארכה חלבה מסולסלת וניל 250 גרם,רושדי תעשיות מזון,IL,חלבה מסולסלת בטעם ונ,גרמים,250.00,100 גרם,false,,13.90,5.5600,true,1,325373
7290018730799,false,עוגיות מקרונים רוקה,רות פטיפורים,IL,עוגיות מקרונים רוקה,גרמים,190.00,100 גרם,false,,14.90,7.8421,true,1,319919
7290018730812,false,פחזניות למילוי רוקה,רות פטיפורים,IL,פחזניות למילוי רוקה,גרמים,102.00,100 גרם,false,,3.90,3.8235,true,1,322794
7290018795385,false,חסה לליק מהדרין קמעונאי,"מרינה פטריות הגליל בע""מ",IL,חסה לליק,Unknown,0.00,יחידה,false,,12.90,0.0000,true,1,320260
7290018795460,false,תרד טורקי,מרינה,IL,תרד טורקי,Unknown,0.00,יחידה,false,,11.90,0.0000,true,1,319410
7290018795842,false,שיני שום קלופות 500ג מרינה,מרינה,IL,שום קלוף מרינה 500 ג,גרמים,500.00,100 גרם,false,,16.90,3.3800,true,1,323231
7290018810071,false,יין בראשית רוזה 2021,יקב בראשית,IL,יין בראשית רוזה 2021,מיליליטרים,750.00,"100 מ""ל",false,,69.90,9.3200,true,1,324572
7290018860724,false,מקלוני אורז עבות ללא,סא ג'אנג אוספורט,VN,מקלוני אורז עבות ללא,גרמים,454.00,100 גרם,false,,9.90,2.1806,true,1,320497
7290018878088,false,שלשות שוקולד ללס מריר ב.יוסף 85ג*3*18בקרט,"כרמית תעשיות ממתקים בע""\",IL,"שוקולד אגו מריר ללת""",גרמים,255.00,100 גרם,false,,14.90,5.8431,true,1,322928
7290018878095,false,שלשות שוקולד ללס חלב 85ג*3*18בקרט,"כרמית תעשיות ממתקים בע""\",IL,"שוקולד אגו חלב ללת""ס",גרמים,255.00,100 גרם,false,,14.90,5.8431,true,1,322929
7290018878125,false,שלשות שוקולד ללס לבן 85ג*3*18בקרט,"כרמית תעשיות ממתקים בע""\",IL,"שוקולד אגו לבן ללת""ס",גרמים,255.00,100 גרם,false,,14.90,5.8431,true,1,322930
7290018886304,false,פת דגנים בסגנון שווד,סונקו,PL,פת דגנים בסגנון שווד,גרמים,340.00,100 גרם,false,,9.90,2.9118,true,1,323239
7290018886328,false,פת דגנים שיפון מאפים,סונקו,PL,פת דגנים שיפון מאפים,גרמים,340.00,100 גרם,false,,9.90,2.9118,true,1,323240
7290018886342,false,פת דגנים 7 דגנים 340גר',סונקו,PL,פת 7 דגנים מאפים 340,גרמים,340.00,100 גרם,false,,9.90,2.9118,true,1,323241
7290018886991,false,שמן קנולה מזוכך 1לי- בית יוסף,סקנולה,EE,שמן קנולה אלומות 1 ל,קילוגרמים,1.00,ליטר,false,,8.90,8.9000,true,1,321968
7290018893005,false,"חטיפי בייגלה אפוי בטעם חרדל ודבש, 160 גרם",צ'וקטה Chocketa,RO,חטיף בייגלה אפוי בטע,גרמים,160.00,100 גרם,false,,6.50,4.0625,true,1,323705
7290018893036,false,צ'וקטה ביסקוויט בטעם שוקוטלד במילוי קרם בטעם וניל 176 גרם,צ'וקטה Chocketa,ES,עוגיות סנדוויץ' בטעם,גרמים,176.00,100 גרם,false,,6.90,3.9205,true,1,323707
7290018893265,false,"צ'וקטה עוגות אישיות מריר שכבות בד""צ 240 גרם",פרדי קונדיטוריה אס פ,IT,מארז עוגה אישית מריר,גרמים,240.00,100 גרם,false,,7.90,3.2917,true,1,318605
7290018893326,false,ממרח אגוזי לוז צ'וקט,נאטרא,BE,ממרח אגוזי לוז צ'וקט,גרמים,900.00,100 גרם,false,,19.90,2.2111,true,1,321200
7290018893333,false,קרקרים במליחות מעודנ,סטרופוופל,PT,קרקרים במליחות מעודנ,גרמים,500.00,100 גרם,false,,9.90,1.9800,true,1,324004
7290018893401,false,צ'וקטה שוקולד מריר מוצקי קקאו 100 70% גרם,צ'וקטה Chocketa,ES,שוקולד צ'וקטה מריר 7,גרמים,100.00,100 גרם,false,,6.90,6.9000,true,1,321540
7290018893531,false,קרקרים מלוחים צ'וקטה,סטרופוופל,PT,קרקרים מלוחים סלטי צ,גרמים,500.00,100 גרם,false,,9.90,1.9800,true,1,324005
7290018893609,false,צ'וקטה שוקולד מריר 85% פרימיום,צ'וקטה Chocketa,ES,שוקולד צ'וקטה מריר 8,גרמים,100.00,100 גרם,false,,6.90,6.9000,true,1,321541
7290018893616,false,שישיית שוקולד מריר 48% צ'וקטה 100 גרם,איברקקאו,ES,שוקולד צ'וקטה מריר 4,גרמים,600.00,100 גרם,false,,19.90,3.3167,true,1,324657
7290018893654,false,חטיפי בייגלה דקיקים ופריכים מלח צ'וקטה 200 ג',צ'וקטה Chocketa,RO,חטיף בייגלה אפוי בתו,גרמים,200.00,100 גרם,false,,6.50,3.2500,true,1,323706
7290018893746,false,צ'וקטה בייגלה עגבניות ועשבי תיבול 180 גרם,SC ALKA TRADING CO S,RO,חטיף בייגלה אפוי בטע,גרמים,180.00,100 גרם,false,,6.50,3.6111,true,1,323708
7290018893852,false,חטיפי בייגלה דקיקים ופריכים שומשום צ'וקטה 200 ג',צ'וקטה Chocketa,RO,חטיף בייגלה אפוי בתו,גרמים,200.00,100 גרם,false,,6.50,3.2500,true,1,323709
7290018893876,false,עוגות אישיות רכות עם מילוי קרם בטעם וניל,פרדי קונדיטוריה אס.פ,IT,מארז עוגה אישית וניל,גרמים,200.00,100 גרם,false,,7.90,3.9500,true,1,318606
7290018904404,false,שערות קדאיף מזאווי 4,"ממתקי מזוואי בע""מ",IL,שערות קדאיף מזאווי 4,גרמים,450.00,100 גרם,false,,13.90,3.0889,true,1,324828
7290018925065,false,מיץ פרימור תפוזים סחוט 2 ליטר-,"גניר (1992) בע""מ",IL,מיץ תפוזים פרימור 2,קילוגרמים,2.00,ליטר,false,,24.90,12.4500,true,1,319477
7290018978252,false,דגני בוקר קראנץ שוקולד,"נטורל קייקס בע""מ",IL,דגני בוקר קראנץ בטעם,גרמים,686.00,100 גרם,false,,19.90,2.9009,true,1,324660
7290018978269,false,דגני בוקר קראנץ קרם וניל,"נטורל קייקס בע""מ",IL,דגני בוקר קראנץ בטעם,גרמים,686.00,100 גרם,false,,19.90,2.9009,true,1,324664
7290018989005,false,שלישיית פולפה עגבניות טבעי יכין 400X3 גרם,זנלכל,IL,פולפה טבעית מעגבניות,גרמים,0.00,100 גרם,false,,14.90,0.0000,true,1,322955
7290018989074,false,חומוס ארבעס במלח ופלפל פרי מבורך 550 גרם,זנלכל,IL,חומוס במלח ופלפל ארב,גרמים,550.00,100 גרם,false,,9.90,1.8000,true,1,320074
7290018989098,false,פיקנטס חומוס ברוטב פיקנטיס פרי מבורך 550 גרם,זנלכל,IL,חומוס ברוטב פיקנטי פ,גרמים,550.00,100 גרם,false,,9.90,1.8000,true,1,320075
7290018989128,false,סירופ בטעם ענבים יכין 1 ליטר,"זנלכל בע""\מ",IL,סירופ יכין בטעם ענבי,קילוגרמים,1.00,ליטר,false,,18.90,18.9000,true,1,322726
7290019031055,false,"סוכר לבן אלומות 1 ק""ג",פולסקי,PL,"סוכר לבן אלומות 1 ק""",פריט,1.00,"ק""ג",false,,4.50,4.5000,true,1,324579
7290019031727,false,מטליות לחות לניקוי כ,וינדה פרופשיונל,IL,מטליות לחות לניקוי כ,Unknown,0.00,יחידה,false,,17.90,0.0000,true,1,324934
7290019035053,false,מלון ירוק קוביות קפוא 500 ג' פילד גוד,דה נייל אג'יפטיאן פו,EG,מלון ירוק קפוא פילד,גרמים,500.00,100 גרם,false,,11.90,2.3800,true,1,318732
7290019035060,false,חצאי משמש קפוא פילד,דה נייל אג'יפטיאן פו,PL,חצאי משמש קפוא פילד,גרמים,500.00,100 גרם,false,,11.90,2.3800,true,1,318716
7290019035084,false,אוכמניות כחולות קפוא 400 ג' פילד גוד,אגריקולה לוס מנדוס ס,EG,אוכמניות כחולות קפוא,גרמים,400.00,100 גרם,false,,11.90,2.9750,true,1,322639
7290019035091,false,רימון קפוא פילד גוד,דה נייל אג'יפטיאן פו,EG,רימון קפוא פילד גוד,גרמים,500.00,100 גרם,false,,6.90,1.3800,true,1,318896
7290019035954,false,טונה בשמן סי גוד 4*1,דיאמוד פוד פרודקט סי,TH,טונה בשמן סי גוד 4*1,גרמים,560.00,100 גרם,false,,14.90,2.6607,true,1,325696
7290019056027,false,שוופס מוגז פירות תפוחים ללא סוכר 1.5 ליטר פיקדון,"יפאורה תבורי בע""\מ",IL,שוופס תפוח ללא סוכר,קילוגרמים,1.50,ליטר,false,,8.20,5.4667,true,1,319676
7290019056034,false,שוופס מוגז פירות אננס ללא סוכר 1.5 ליטר פיקדון,"יפאורה תבורי בע""מ",IL,שוופס אננס ללא סוכר,קילוגרמים,1.50,ליטר,false,,8.20,5.4667,true,1,319677
7290019056041,false,שוופס מוגז פירות לימונייד ללא סוכר 1.5 ליטר פיקדון,"יפאורה תבורי בע""מ",IL,שוופס פירות לימונייד,קילוגרמים,1.50,ליטר,false,,8.20,5.4667,true,1,319678
7290019056058,false,שוופס מוגז עדין תפוח ליים 1.5 ליטר פיקדון,"יפאורה תבורי בע""\מ",IL,שוופס מוגז עדין תפוח,קילוגרמים,1.50,ליטר,false,,8.50,5.6667,true,1,319655
7290019056065,false,שוופס מוגז עדין פירות יער 1.5 ליטר פיקדון,"יפאורה תבורי בע""\מ",IL,שוופס מוגז עדין פירו,קילוגרמים,1.50,ליטר,false,,8.50,5.6667,true,1,319656
7290019056072,false,שוופס מוגז עדין אננס 1.5 ליטר פיקדון,"יפאורה תבורי בע""מ",IL,שוופס מוגז עדין אננס,קילוגרמים,1.50,ליטר,false,,8.50,5.6667,true,1,319657
7290019056089,false,שוופס מוגז עדין ענבי ריזלינג 1.5 ליטר פיקדון,"יפאורה תבורי בע""\מ",IL,שוופס מוגז עדין ריזל,קילוגרמים,1.50,ליטר,false,,8.50,5.6667,true,1,319658
7290019056096,false,שוופס מוגז עדין אפרסק 1.5 ליטר פיקדון,"יפאורה תבורי בע""\מ",IL,שוופס מוגז עדין אפרס,קילוגרמים,1.50,ליטר,false,,8.50,5.6667,true,1,319659
7290019056164,false,שוופס סודה 1.5 ליטר רביעייה פיקדון,"יפאורה תבורי בע""\מ",IL,מארז שוופס סודה 4* 1,קילוגרמים,6.00,ליטר,false,,11.50,1.9167,true,1,319649
7290019056171,false,שוופס סודה לימון 1.5 ליטר רביעייה פיקדון,"יפאורה תבורי בע""\מ",IL,מארז שוופס סודה לימו,קילוגרמים,6.00,ליטר,false,,11.50,1.9167,true,1,319650
7290019056201,false,שוופס סודה פירות יער 1.5 ליטר רביעייה פיקדון,"יפאורה תבורי בע""\מ",IL,מארז שוופס סודה פירו,קילוגרמים,6.00,ליטר,false,,11.50,1.9167,true,1,319654
7290019056232,false,משקה מוגז בטעם ליים מוחיטו 1.5 ל' שוופס,"יפאורה תבורי בע""\מ",IL,שוופס מוחיטו ליים נע,קילוגרמים,1.50,ליטר,false,,8.90,5.9333,true,1,319660
7290019056249,false,שוופס מים בטעמים ענבים 1.5 ליטר פיקדון,"יפאורה תבורי בע""מ",IL,שוופס מים בטעם ענבים,קילוגרמים,1.50,ליטר,false,,7.80,5.2000,true,1,319645
7290019056256,false,שוופס מים בטעמים תפוחים 1.5 ליטר פיקדון,"יפאורה תבורי בע""מ",IL,שוופס מים בטעם תפוח,קילוגרמים,1.50,ליטר,false,,7.80,5.2000,true,1,319646
7290019056263,false,שוופס מים בטעמים אפרסק 1.5 ליטר פיקדון,"יפאורה תבורי בע""מ",IL,שוופס מים בטעם אפרסק,קילוגרמים,1.50,ליטר,false,,7.80,5.2000,true,1,319647
7290019056270,false,שוופס מים בטעמים פירות יער 1.5 ליטר פיקדון,"יפאורה תבורי בע""\מ",IL,שוופס מים בטעם פירות,קילוגרמים,1.50,ליטר,false,,7.80,5.2000,true,1,319648
7290019056300,false,משקה בטעם ביטר לימון 1.5 ל' שוויפס,"יפאורה תבורי בע""\מ",IL,שוופס ביטר 1.5 ליטר,קילוגרמים,1.50,ליטר,false,,11.90,7.9333,true,1,319679
7290019056317,false,שוופס ראשן 1.5 ליטר פיקדון,"יפאורה תבורי בע""\מ",IL,שוופס ראשן 1.5 ליטר,קילוגרמים,1.50,ליטר,false,,11.90,7.9333,true,1,319680
7290019056324,false,שוופס טוניק 1.5 ליטר פיקדון,"יפאורה תבורי בע""\מ",IL,שוופס טוניק 1.5 ליטר,קילוגרמים,1.50,ליטר,false,,11.90,7.9333,true,1,319681
7290019056331,false,שוופס טוניק ללא סוכר 1.5 ליטר פיקדון,"יפאורה תבורי בע""מ",IL,שוופס טוניק ללא סוכר,קילוגרמים,1.50,ליטר,false,,11.90,7.9333,true,1,319682
7290019056355,false,תפוזינה לימונדה MIX לימונענע 1.5 ליטר,"יפאורה תבורי בע""\מ",IL,תפוזינה לימונענע 1.5,קילוגרמים,1.50,ליטר,false,,7.90,5.2667,true,1,319627
7290019056362,false,תפוזינה ענבים 1.5 ליטר פיקדון,"יפאורה תבורי בע""\מ",IL,תפוזינה ענבים 1.5 לי,קילוגרמים,1.50,ליטר,false,,7.90,5.2667,true,1,319628
7290019056379,false,תפוזינה תפוזים 1.5 ליטר פיקדון,"יפאורה תבורי בע""\מ",IL,תפוזינה תפוזים 1.5 ל,קילוגרמים,1.50,ליטר,false,,7.90,5.2667,true,1,319629
7290019056386,false,פתוזינה אשכולית 1.5 ליטר פיקדון,"יפאורה תבורי בע""\מ",IL,תפוזינה אשכוליות 1.5,קילוגרמים,1.50,ליטר,false,,7.90,5.2667,true,1,319630
7290019056393,false,תפוזינה תות בננה 1.5 ליטר פיקדון,"יפאורה תבורי בע""\מ",IL,תפוזינה תות בננה 1.5,קילוגרמים,1.50,ליטר,false,,7.90,5.2667,true,1,319631
7290019056409,false,תפוזינה מנגו 1.5 ליטר פיקדון,"יפאורה תבורי בע""\מ",IL,תפוזינה מנגו 1.5 ליט,קילוגרמים,1.50,ליטר,false,,7.90,5.2667,true,1,319632
7290019056416,false,מיץ בטעם לימונדה ורודה 1.5 ל' תפוזינה,"יפאורה תבורי בע""\מ",IL,תפוזינה לימונדה ורוד,קילוגרמים,1.50,ליטר,false,,7.90,5.2667,true,1,319633
7290019056423,false,מיץ בטעם תפוח רענן 1.5ל' תפוזינה,"יפאורה תבורי בע""\מ",IL,תפוזינה תפוחים 1.5 ל,קילוגרמים,1.50,ליטר,false,,7.90,5.2667,true,1,319634
7290019056430,false,תפוזינה תפוזים לייט 1.5 ליטר פיקדון,"יפאורה תבורי בע""\מ",IL,תפוזינה תפוזים לייט,קילוגרמים,1.50,ליטר,false,,7.90,5.2667,true,1,319635
7290019056461,false,מארז משקה בטעם קולה שישייה * 1.5 ל' אר.סי,"יפאורה תבורי בע""\מ",IL,מארז אר.סי קולה 6 *1,קילוגרמים,9.00,ליטר,false,,37.90,4.2111,true,1,319692
7290019056478,false,ספרינג טי קר אפרסק 1.5ליטר פיקדון,"יפאורה תבורי בע""\מ",IL,ספרינג תה אפרסק 1.5,קילוגרמים,1.50,ליטר,false,,7.20,4.8000,true,1,319637
7290019056485,false,ספריג תה ירוק לימון לואיזה 1.5 ליטר פיקדון,"יפאורה תבורי בע""\מ",IL,ספרינג תה ירוק לימון,קילוגרמים,1.50,ליטר,false,,7.20,4.8000,true,1,319638
7290019056492,false,ספרינג תה מנגו אפרסק 1.5 ליטר פיקדון,"יפאורה תבורי בע""\מ",IL,ספרינג תה מנגו אפרסק,קילוגרמים,1.50,ליטר,false,,7.20,4.8000,true,1,319639
7290019056508,false,פרוט ווטר ענבים 1.5 ליטר פיקדון,"יפאורה תבורי בע""\מ",IL,פרוט ווטר בטעם ענבים,קילוגרמים,1.50,ליטר,false,,8.90,5.9333,true,1,319640
7290019056515,false,פרוט ווטר אננס 1.5 ליטר פיקדון,"יפאורה תבורי בע""\מ",IL,פרוט ווטר בטעם אננס,קילוגרמים,1.50,ליטר,false,,8.90,5.9333,true,1,319642
7290019056522,false,פרוט ווטר תות 1.5 ליטר פיקדון,"יפאורה תבורי בע""\מ",IL,פרוט ווטר בטעם תות 1,קילוגרמים,1.50,ליטר,false,,8.90,5.9333,true,1,319643
7290019056539,false,פרוט ווטר אפרסק 1.5 ליטר פיקדון,"יפאורה תבורי בע""\מ",IL,פרוט ווטר בטעם אפרסק,קילוגרמים,1.50,ליטר,false,,8.90,5.9333,true,1,319644
7290019056546,false,פרוט ווטר אבטיח 1.5 ליטר פיקדון,"יפאורה תבורי בע""\מ",IL,פרוט ווטר בטעם אבטיח,קילוגרמים,1.50,ליטר,false,,8.90,5.9333,true,1,319823
7290019056553,false,שישיית מים מינרלים עין גדי 2 ליטר,עין גדי מים מינרליים,IL,מים עין גדי 6*2 ליטר,קילוגרמים,12.00,ליטר,false,,12.90,1.0750,true,1,319695
7290019056560,false,עין גדי 2 ליטר בק' בודד פיקדון,עין גדי מיים מינרלים,IL,מים עין גדי 1.5 ליטר,קילוגרמים,1.50,ליטר,false,,2.90,1.9333,true,1,319972
7290019056577,false,משקה קל מנגו ספרינג 1.5 ליטר,"יפאורה תבורי בע""\מ",IL,ספרינג מנגו 1.5 ליטר,קילוגרמים,1.50,ליטר,false,,7.90,5.2667,true,1,319603
7290019056584,false,משקה קל תפוזים ספרינג 1.5 ליטר,"יפאורה תבורי בע""\מ",IL,ספרינג תפוזים 1.5 לי,קילוגרמים,1.50,ליטר,false,,7.90,5.2667,true,1,319613
7290019056591,false,משקה קל ענבים ספרינג 1.5 ליטר,"יפאורה תבורי בע""\מ",IL,ספרינג ענבים 1.5 ליט,קילוגרמים,1.50,ליטר,false,,7.90,5.2667,true,1,319614
7290019056607,false,משקה קל תפוחים ספרינג 1.5 ליטר,"יפאורה תבורי בע""\מ",IL,ספרינג מיץ תפוחים 1.,קילוגרמים,1.50,ליטר,false,,7.90,5.2667,true,1,319615
7290019056614,false,משקה קל אפרסק ספרינג 1.5 ליטר,"יפאורה תבורי בע""\מ",IL,ספרינג אפרסק 1.5 ליט,קילוגרמים,1.50,ליטר,false,,7.90,5.2667,true,1,319616
7290019056621,false,משקה קל פירות טרופיים ספרינג 1.5 ליטר,"יפאורה תבורי בע""\מ",IL,ספרינג פירות טרופיים,קילוגרמים,1.50,ליטר,false,,7.90,5.2667,true,1,319617
7290019056638,false,משקה קל תות בננה ספרינג 1.5 ליטר,"יפאורה תבורי בע""\מ",IL,ספרינג תות-בננה 1.5,קילוגרמים,1.50,ליטר,false,,7.90,5.2667,true,1,319618
7290019056645,false,משקה קל אגס תפוח סברס ספרינג 1.5 ליטר,"יפאורה תבורי בע""\מ",IL,ספרינג אגס סברס תפוח,קילוגרמים,1.50,ליטר,false,,7.90,5.2667,true,1,319619
7290019056652,false,משקה קל אננס בננה ספרינג 1.5 ליטר,"יפאורה תבורי בע""\מ",IL,ספרינג אננס בננה 1.5,קילוגרמים,1.50,ליטר,false,,7.90,5.2667,true,1,319620
7290019056676,false,משקה קל אשכולית אננס דיאט ספרינג 1.5 ליטר,"יפאורה תבורי בע""\מ",IL,ספרינג אשכוליות אננס,קילוגרמים,1.50,ליטר,false,,7.90,5.2667,true,1,319623
7290019056720,false,קריסטל מיץ ענבים 2 ליטר פיקדון,"יפאורה תבורי בע""\מ",IL,קריסטל ענבים 2 ליטר,קילוגרמים,2.00,ליטר,false,,6.90,3.4500,true,1,319683
7290019056737,false,קריסטל מיץ אשכוליטרות 2 ליטר,"יפאורה תבורי בע""\מ",IL,קריסטל אשכוליות 2 לי,קילוגרמים,2.00,ליטר,false,,6.90,3.4500,true,1,319684
7290019056744,false,קריסטל מיץ תפוזים 2 ליטר פיקדון,"יפאורה תבורי בע""\מ",IL,קריסטל תפוזים 2 ליטר,קילוגרמים,2.00,ליטר,false,,6.90,3.4500,true,1,319685
7290019056751,false,קריסטל מיץ אשכוליות דיאט 2 ליטר פיקדון,"יפאורה תבורי בע""\מ",IL,קריסטל אשכוליות דיאט,קילוגרמים,2.00,ליטר,false,,6.90,3.4500,true,1,319686
7290019056768,false,קריסטל מיץ מנגו 2 ליטר פיקדון,"יפאורה תבורי בע""\מ",IL,קריסטל מנגו 2 ליטר,קילוגרמים,2.00,ליטר,false,,6.90,3.4500,true,1,319687
7290019056775,false,קריסטל מוגז ענבים 2 ליטר פיקדון,"יפאורה תבורי בע""\מ",IL,קריסטל ענבים מוגז 2,קילוגרמים,2.00,ליטר,false,,6.90,3.4500,true,1,319688
7290019056782,false,משקה מוגז בטעם לימון ליים 2 ל' קריסטל,"יפאורה תבורי בע""\מ",IL,קריסטל למון ליים 2 ל,קילוגרמים,2.00,ליטר,false,,6.90,3.4500,true,1,319689
7290019056799,false,קריסטל מוגז אקזוטי 2 ליטר פיקדון,"יפאורה תבורי בע""\מ",IL,קריסטל אקזוטי מוגז 2,קילוגרמים,2.00,ליטר,false,,6.90,3.4500,true,1,319690
7290019056805,false,קריסטל מוגז תפוחים 2 ליטר פיקדון,"יפאורה תבורי בע""\מ",IL,קריסטל תפוע מוגז 2 ל,קילוגרמים,2.00,ליטר,false,,6.90,3.4500,true,1,319691
7290019056812,false,קריסטל מוגז מנטה 2 ליטר פיקדון,"יפאורה תבורי בע""\מ",IL,קריסטל מנטה 2 ליטר,קילוגרמים,2.00,ליטר,false,,6.90,3.4500,true,1,319693
7290019056836,false,קריסטל מוגז תות 2 ליטר פיקדון,"יפאורה תבורי בע""\מ",IL,קריסטל תות מוגז 2 לי,קילוגרמים,2.00,ליטר,false,,6.90,3.4500,true,1,319694
7290019056850,false,ספרינג תה אפרסק דיאט 1.5 ליטר פיקדון,"יפאורה תבורי בע""\מ",IL,ספרינג תה דיאט אפרסק,קילוגרמים,1.50,ליטר,false,,7.20,4.8000,true,1,319641
7290019056959,false,מי-עדן מים מינרלים 1.5 ל,"מופק ממקור בזלתי עדן ,1",IL,מים מי עדן 1.5 ליטר,קילוגרמים,1.50,ליטר,false,,2.90,1.9333,true,1,319973
7290019056973,false,שישיית מי עדן 1.5 ליטר משפחתי,"מופק ממקור בזלתי עדן ,1",IL,מים מי עדן 6*1.5 ליט,קילוגרמים,9.00,ליטר,false,,12.90,1.4333,true,1,319696
7290019074359,false,אפקטיב קר תחליב רחצה,פישר מעבדות פרמצבטיו,IL,תחליב רחצה עדין שמן,מיליליטרים,700.00,"100 מ""ל",false,,14.90,2.1286,true,1,325251
7290019074557,false,תחליב רחצה עדין שמן,פישר מעבדות פרמצבטיו,IL,תחליב רחצה עדין שמן,מיליליטרים,700.00,"100 מ""ל",false,,14.90,2.1286,true,1,325252
7290019074755,false,אפקטיב קר תחליב רחצה,פישר מעבדות פרמצבטיו,IL,תחליב רחצה עדין שמן,מיליליטרים,700.00,"100 מ""ל",false,,14.90,2.1286,true,1,325253
7290019094203,false,חסה אייסברג גלאט עלים,רביבים,IL,חסה אייסברג 300 גרם,גרמים,300.00,100 גרם,false,,12.90,4.3000,true,1,319825
7290019094210,false,כרוב לבן קצוץ 400 גר',רביבים,IL,כרוב לבן 400 גרם,גרמים,400.00,100 גרם,false,,11.90,2.9750,true,1,319824
7290019094227,false,כרוב אדום קצוץ 400 גר',רביבים,IL,כרוב אדום 400 גרם,גרמים,400.00,100 גרם,false,,11.90,2.9750,true,1,319826
7290019094234,false,קולסלאו 400 גרם,רביבים,IL,קולסלאו 400 גרם,גרמים,300.00,100 גרם,false,,11.90,3.9667,true,1,319827
7290019094241,false,לקט קלאסי 350 ג גלאט,רביבים,IL,לקט 350 גרם,גרמים,350.00,100 גרם,false,,12.90,3.6857,true,1,319828
7290019094272,false,"כרוב לבן קצוץ 1 ק""ג",רביבים,IL,"כרוב לבן 1 ק""ג",פריט,1.00,"ק""ג",false,,16.90,16.9000,true,1,319835
7290019094289,false,"כרוב אדום קצוץ 1 ק""ג",רביבים,IL,"כרוב אדום 1 ק""ג",פריט,1.00,"ק""ג",false,,16.90,16.9000,true,1,319831
7290019094296,false,"קולסלאו 1 ק""ג",רביבים,IL,"קולסלאו 1 ק""ג",פריט,1.00,"ק""ג",false,,16.90,16.9000,true,1,319832
7290019094302,false,עלי חסה שטופים גלאט עלים,רביבים,IL,עלי חסה שטופים,Unknown,0.00,יחידה,false,,13.90,0.0000,true,1,319836
7290019145264,false,"ארק סאלי 700 מ""ל",,IL,"ארק סאלי 700 מ""ל",מיליליטרים,700.00,"100 מ""ל",false,,39.90,5.7000,true,1,320666
7290019153085,false,שוופס מוגז ליים מוחיטו ללא סוכר 1.5 ליטר-,"יפאורה תבורי בע""\מ",IL,שוופס מוחיטו מוגז לל,קילוגרמים,1.50,ליטר,false,,8.20,5.4667,true,1,321160
7290019153269,false,שוופס סודה אננס 1.5 ליטר רביעייה פיקדון,"יפאורה תבורי בע""\מ",IL,מארז שוופס סודה אננס,קילוגרמים,6.00,ליטר,false,,11.50,1.9167,true,1,322458
7290019153344,false,מיץ בטעם סנגרייה 1.5 ל' תפוזינה,"יפאורה תבורי בע""\מ",IL,תפוזינה סנגרייה 1.5,קילוגרמים,1.50,ליטר,false,,7.90,5.2667,true,1,322732
7290019153351,false,מיץ בטעם פינק אוזו 1.5 ל' תפוזינה,"יפאורה תבורי בע""\מ",IL,תפוזינה פינק אוזו 1.,קילוגרמים,1.50,ליטר,false,,7.90,5.2667,true,1,322733
7290019153375,false,מיץ בטעם מוחיטו 1.5 ל' תפוזינה,"יפאורה תבורי בע""\מ",IL,תפוזינה מוחיטו 1.5 ל,קילוגרמים,1.50,ליטר,false,,7.90,5.2667,true,1,322734
7290019230007,false,חלה קמח כוסמין ספיישל בייקרי,ספיישל בייקרי,IL,חלה כוסמין 500 גרם,גרמים,500.00,100 גרם,false,,15.90,3.1800,true,1,319924
7290019230038,false,חצי חלה קונדיטור בייקרי,ספיישל בייקרי,IL,חלה קטנה מתוקה 250 ג,גרמים,250.00,100 גרם,false,,6.90,2.7600,true,1,319922
7290019232094,false,חליטת פירות וצמחים אפרסק הגן הקסום ויסוצקי 25 יחידות,תה ויסוצקי,IL,חליטת פירות וצמחים ב,גרמים,68.00,100 גרם,false,,16.90,24.8529,true,1,322884
7290019232148,false,חליטת חמדת השקד הגן,ויסוצקי,IL,חליטת חמדת השקד הגן,Unknown,0.00,יחידה,false,,19.90,0.0000,true,1,321530
7290019232155,false,"חליטת ""לילה טוב"" קמומיל לבנדר ו25 שקיקים ויסוצקי",תה ויסוצקי,IL,חליטת קמומיל ולבנדר,Unknown,0.00,יחידה,false,,21.90,0.0000,true,1,324651
7290019232162,false,"חליטת ""לילה טוב"" קמומיל מליסה 25 שקיקים ויסוצקי",תה ויסוצקי,IL,חליטת קמומיל ומליסה,Unknown,0.00,יחידה,false,,21.90,0.0000,true,1,324652
7290019232179,false,חליטת לילה טוב נענע 25 שקיקים ויסוצקי,תה ויסוצקי,IL,תה ירוק נענע עם ויטמ,Unknown,0.00,יחידה,false,,21.90,0.0000,true,1,324648
7290019232186,false,תה ירוק לימונית לואיזהSTAY WELL 25 שקיקים ויסוצקי,תה ויסוצקי,IL,תה ירוק לימונית לואי,Unknown,0.00,יחידה,false,,21.90,0.0000,true,1,324649
7290019232193,false,תה ירוק לימונית ג'ינג'ר STAY WELL שקיקים 25 ויסוצקי,תה ויסוצקי,IL,תה ירוק לימונית ג'ינ,Unknown,0.00,יחידה,false,,21.90,0.0000,true,1,324650
7290019232353,false,תה ירוק סיני 50 שקיקים ויסוצקי,תה ויסוצקי,IL,תה ירוק סיני קלאסי ו,גרמים,75.00,100 גרם,false,,39.90,53.2000,true,1,324162
7290019297161,false,טורטיה ראפ מקמח תירס שקדיה 450 גרם,דין שיווק,TR,טורטיות קמח חיטה ותי,גרמים,450.00,100 גרם,false,,9.90,2.2000,true,1,288749
7290019297192,false,חטיף גרנולה עם שקדים ושוקולד 175 גרם,,IL,חטיפי גרנולה עם שקדי,גרמים,175.00,100 גרם,false,,9.90,5.6571,true,1,266801
7290019297208,false,חטיף גרנולה עם פירות יבשים (5 יחידות) 175 גר',,MK,חטיפי גרנולה עם פירו,גרמים,175.00,100 גרם,false,,9.90,5.6571,true,1,266802
7290019297383,false,מעדן משמש ללא סוכר שקדיה 284 ג',לינוי סיטי,CN,מעדן משמש שקדיה 284,גרמים,284.00,100 גרם,false,,9.90,3.4859,true,1,269060
7290019297406,false,מעדן דובדובן ללא סוכר שקדיה 284 ג',לינוי סיטי,CN,מעדן דובדבן שקדיה 28,גרמים,284.00,100 גרם,false,,9.90,3.4859,true,1,269065
7290019297413,false,מעדן אפרסק ללא סוכר שקדיה 284 ג',לינוי סיטי,CN,מעדן אפרסק שקדיה 284,גרמים,284.00,100 גרם,false,,9.90,3.4859,true,1,269061
7290019297420,false,מעדן תות שדה ללא סוכר שקדיה 284 ג',לינוי סיטי,CN,מעדן תות שקדיה 284 ג,גרמים,284.00,100 גרם,false,,9.90,3.4859,true,1,269063
7290019297451,false,"מי ורדים 500 מ""ל",אף.סי תבליני בגליל ב,BE,"מי ורדים 500 מ""ל",מיליליטרים,500.00,"100 מ""ל",false,,13.90,2.7800,true,1,266913
7290019297512,false,"רוטב רימונים שקדיה 340 מ""ל בדץ",סיטוגלוגידה,TR,רוטב רימונים שקדיה 3,מיליליטרים,340.00,"100 מ""ל",false,,9.90,2.9118,true,1,266803
7290019302315,false,"ייו buzz אבטיח מלון 750 מ""ל",יקבי כרמל,IL,יין באז אבטיח מלון מ,מיליליטרים,750.00,"100 מ""ל",false,,26.90,3.5867,true,1,322712
7290019302551,false,מיץ ענבים תירוש אדום,יקבי כרמל,IL,מיץ ענבים תירוש אדום,קילוגרמים,1.00,ליטר,false,,11.90,11.9000,true,1,323769
7290019308034,false,פילה ברבוניה פרוסטי,רהואיאן,MA,פילה ברבוניה פרוסטי,גרמים,300.00,100 גרם,false,,9.90,3.3000,true,1,325046
7290019308126,false,פולי סויה אדממה פרוס,ווליאן פוליד פודס,CN,פולי סויה אדממה פרוס,גרמים,400.00,100 גרם,false,,6.90,1.7250,true,1,324145
7290019308157,false,קוביות מנגו קפוא פרו,גרין האוס,EG,קוביות מנגו קפוא פרו,גרמים,300.00,100 גרם,false,,5.90,1.9667,true,1,324669
7290019308171,false,פילה זהבנון פרוסטי 1,דליאן הונגדאו,CN,פילה זהבנון פרוסטי 1,גרמים,0.00,100 גרם,false,,29.90,0.0000,true,1,325814
7290019600015,false,עגבניות שרי תמר צימן,אראל תוצרת חקלאית בע,IL,עגבניות שרי תמר צימן,גרמים,920.00,100 גרם,false,,17.90,1.9457,true,1,325920
7290019600053,false,עגבניות שרי סוכריות,אראל תוצרת חקלאית בע,IL,עגבניות שרי סוכריות,גרמים,920.00,100 גרם,false,,17.90,1.9457,true,1,325864
7290019600077,false,עגבניות מגי 920 גרם,אראל תוצרת חקלאית בע,IL,עגבניות מגי 920 גרם,גרמים,920.00,100 גרם,false,,14.90,1.6196,true,1,325853
7290019609049,false,לחמניות אצבע / שמיני,המחמצת,IL,לחמניות אצבע / שמיני,גרמים,400.00,100 גרם,false,,15.90,3.9750,true,1,325845
7290100653586,false,"דאודורנט ג'ל פרש פיוזן 24/7 ליידי ספיד סטיק 65 מ""ל",ליידי ספיד סטיק Lady Speed Stick,US,דאו גל ליידי ספיד סט,גרמים,65.00,100 גרם,false,,18.90,29.0769,true,1,259799
7290100680650,false,מנה חמה נודלס-אטריות ירקות טעם תאילנדי אסם 76 ג',PUB FOODS PRESIDENT THAI,TH,מנה חמה נודלס תאילנד,גרמים,76.00,100 גרם,false,,4.90,6.4474,true,1,252371
7290100680667,false,מנה חמה נודלס בסגנון סצ'ואן אסם 76 גרם,PUB FOODS PRESIDENT THAI,TH,מנה חמה נודלס סצואן,גרמים,77.00,100 גרם,false,,4.90,6.3636,true,1,252372
7290100680711,false,פירורית זהב אסם זהב 350ג',עינת תעשיות מזון אגו,IL,פירורית זהב אסם 350,גרמים,350.00,100 גרם,false,,7.90,2.2571,true,1,248309
7290100680728,false,פירורית רגילה 350 ג' אוסם,מיוצר עי קונדיטוריית,IL,פירורית לבנה אסם 350,גרמים,350.00,100 גרם,false,,6.90,1.9714,true,1,248310
7290100681015,false,אינסטנט פודינג בטעם ריבת חלב אסם 84 גרם,מיוצר עי קונדיטוריית,IL,פודינג אינסטנט ריבת,גרמים,84.00,100 גרם,false,,4.90,5.8333,true,1,248311
7290100681138,false,מארז אפרופו חטיף תירס 3 יחידות,"אסם השקעות בע""\מ",IL,מארז אפרופו 3*50 גרם,גרמים,150.00,100 גרם,false,,11.90,7.9333,true,1,251247
7290100685068,false,אינסטנט פודינג בטעם וניל עם פצפוצי שוקולד אסם 110 גרם,"אסם תעשיות בע""מ",IL,פודינג אינסטנט וניל,גרמים,110.00,100 גרם,false,,4.90,4.4545,true,1,248324
7290100685136,false,"אבקת מרק בטעם עוף אסם 1 ק""ג","אסם השקעות בע""\מ",IL,מרק בטעם עוף אסם 1 ק,פריט,1.00,"ק""ג",false,,12.90,12.9000,true,1,248325
7290100685334,false,אבקת מרק עוף אמיתי בשרי רכיבים טבעיים אסם 400 גרם,"אסם השקעות בע""\מ",IL,מרק עוף אמיתי ר.טבעי,גרמים,400.00,100 גרם,false,,19.90,4.9750,true,1,273344
7290100685341,false,אבקת מרק טעם עוף זך רכיבים טבעיים אסם 400 גרם,"אסם השקעות בע""\מ",IL,מרק בטעם עוף זך ר. ט,גרמים,400.00,100 גרם,false,,14.90,3.7250,true,1,248326
7290100687109,false,אוסם - במבה במילוי קרם נוגט 60 גרם,"אסם השקעות בע""\מ",IL,במבה נוגט 60 גרם,גרמים,60.00,100 גרם,false,,4.50,7.5000,true,1,248332
7290100688618,false,גביעי גלידה שוקולד אסם 95 גרם 24 יחידות,"גילרו בע""מ",IL,גביעי גלידה בטעם שוק,גרמים,160.00,100 גרם,false,,6.90,4.3125,true,1,255769
7290100700396,false,"סוגת אורז יסמין קלאסי 1 ק""ג",האי נאם סי או אל.טי.,IL,"אורז יסמין סוגת 1 ק""",פריט,1.00,"ק""ג",false,,9.90,9.9000,true,1,253241
7290100702741,false,"סוכר חום בהיר בצנצנת סוגת 1 ק""ג",סוגת תעשיות בעמ,IL,סוכר חום בהיר סוגת 1,פריט,1.00,"ק""ג",false,,9.90,9.9000,true,1,264162
7290100850909,false,דוריטוס נאצ'ו מקסיקני 70 גרם,"שטראוס פריטו ליי בע""\מ",IL,דוריטוס נאצו מקסיקני,גרמים,70.00,100 גרם,false,,3.20,4.5714,true,1,248341
7290100850916,false,דוריטוס חמוץ חריף מעודן 70 גרם כשר לפסח,"שטראוס פריטו ליי בע""\מ )",IL,דוריטוס חמוץ חריף 70,גרמים,70.00,100 גרם,false,,3.20,4.5714,true,1,248342
7290100850923,false,דוריטוס בטעם גריל 70 גרם,"שטראוס פריטו ליי בע""\מ )",IL,דוריטוס גריל 70 גרם,גרמים,70.00,100 גרם,false,,3.20,4.5714,true,1,248343
7290100850930,false,דוריטוס בטעם טבעי 70 גרם,"שטראוס פריטו ליי בע""\מ )",IL,דוריטוס טבעי 70 גרם,גרמים,70.00,100 גרם,false,,3.20,4.5714,true,1,248344
7290100858608,false,אבקת קקאו עלית שקית 500 ג',שטראוס קפה בי.ויn\.,IL,קקאו עלית 500 גרם,גרמים,500.00,100 גרם,false,,23.90,4.7800,true,1,248351
7290100922569,false,קרם לטיפוח עוד הידיים והגוף- מארז שלישייה,טרופיקל דגיל,IL,קרם ידיים ולווטה 3*1,מיליליטרים,300.00,"100 מ""ל",false,,14.90,4.9667,true,1,266684
7290101110811,false,גלידל שלגון בטעם וניל מצופה סורבה פסיפלורה - 8 יח',הגלידות של פלדמן,IL,מאגדת גלידל שלגון ב,גרמים,400.00,100 גרם,false,,28.90,7.2250,true,1,324551
7290101112228,false,גלידל פרי קרחון מופחת קלוריות בטעם אננס - 8 יח',הגלידות של פלדמן,IL,מאגדת גלידל פרי אננס,גרמים,640.00,100 גרם,false,,21.90,3.4219,true,1,312010
7290101112921,false,גלידל פרי קרחון מופחת קלוריות פירות טרופיים - 8 יח',הגלידות של פלדמן,IL,מאגדת גלידל פרי פירו,גרמים,640.00,100 גרם,false,,21.90,3.4219,true,1,312017
7290101113157,false,מאגדת גלידל וניל עוגיות פלדמן 6 יחידות,"פלקו בע""\מ, חברה ישראלית",IL,מאגדת גלידל וניל עוג,גרמים,312.00,100 גרם,false,,22.90,7.3397,true,1,312007
7290101113393,false,גלידה יופלה פריזי יוגורט פירות יער מאגדת 400 ג',הגלידות של פלדמן,IL,שלגוני יופלה יוגורט,גרמים,350.00,100 גרם,false,,19.90,5.6857,true,1,312004
7290101113584,false,מאגדת טילונים שוקולד לבן עם ליבת שוקולד יולו 5 יח',הגלידות של פלדמן,IL,טילוני יולו לבן עם ל,גרמים,400.00,100 גרם,false,,19.90,4.9750,true,1,317566
7290101113591,false,מאגדת טילונים יולי 5 יחידות שוקולד לבן ועוגיות,הגלידות של פלדמן,IL,טילוני יולו לבן עם ע,גרמים,400.00,100 גרם,false,,19.90,4.9750,true,1,317565
7290101113751,false,מאגדת שלגון קרמל ושוקולד בלונדי רביעיה * 50 ג' יולו,הגלידות של פלדמן,IL,מאגדת שלגוני יולו בל,גרמים,200.00,100 גרם,false,,18.90,9.4500,true,1,324539
7290101113768,false,מאגדת שלגון עוגיות ושוקולד חלב רביעיה * 50 ג' יולו,הגלידות של פלדמן,IL,מאגדת שלגוני יולו שו,גרמים,200.00,100 גרם,false,,18.90,9.4500,true,1,324553
7290101113805,false,מאגדת (5) יופלה שייק פרי תות 70 אחוז פרי 350 גרם,הגלידות של פלדמן,IL,שלגוני יופלה שרבט תו,גרמים,350.00,100 גרם,false,,19.90,5.6857,true,1,324543
7290101113812,false,מאגדת יופלה שייק פרי אננס קוקוס פלדמן 5 יחידות,הגלידות של פלדמן,IL,שלגוני יופלה שרבט אנ,גרמים,350.00,100 גרם,false,,19.90,5.6857,true,1,324542
7290101113829,false,מאגדת (5) יופלה שייק פרי מנגו 70 אחוז פרי 350 גרם,הגלידות של פלדמן,IL,שלגוני יופלה שרבט מנ,גרמים,350.00,100 גרם,false,,19.90,5.6857,true,1,324544
7290101113904,false,מארז מנבו וניל 12 יח' פלדמן,הגלידות של פלדמן,IL,מנבו בטעם וניל 12 יח,גרמים,288.00,100 גרם,false,,19.90,6.9097,true,1,324521
7290101488286,false,"ליידי ספיד סטיק - דאודורנט ספריי לאישה 24/7 פרש פיוזן ורוד 150 מ""ל",ליידי ספיד סטיק Lady Speed Stick,RU,דאו ספריי ליידי ספיד,מיליליטרים,150.00,"100 מ""ל",false,,13.90,9.2667,true,1,254835
7290101501138,false,כרובית ארוזה יחידה,אראל תוצרת חקלאית בע,IL,כרובית ארוזה,Unknown,0.00,יחידה,false,,9.90,0.0000,true,1,293231
7290101551027,false,קפסולות קפה אספרסו חזק במיוחד 14 עלית 10 יח',הנסיך- מפעל לייצור ט,IL,קפסולות עלית 14 חזק,Unknown,0.00,יחידה,false,,15.50,0.0000,true,1,304133
7290101551263,false,סילאן טבעי ללא תוספת סוכר,מכוורת יד מרדכי,IL,סילאן טבעי יד מרדכי,גרמים,700.00,100 גרם,false,,19.90,2.8429,true,1,307715
7290101551539,false,יוגורט PRO בטעם אפרסק 0% 20 גרם חלבון בגביע,"שטראוס בריאות בע""מ",IL,דנונה פרו אפרסק 0% 2,גרמים,200.00,100 גרם,false,,6.20,3.1000,true,1,303022
7290101551584,false,תפוצ'יפס קידס מארז 10 יח' * 20 ג',"שטראוס פריטו ליי בע""מ )פ",IL,מארז תפוציפס קידס 10,גרמים,200.00,100 גרם,false,,12.90,6.4500,true,1,303243
7290101554233,false,מארז ציטוס כאפה 16*2,שטראוס,IL,מארז ציטוס כאפה 16*2,גרמים,320.00,100 גרם,false,,17.90,5.5937,true,1,302685
7290101554240,false,מארז ציטוס איקס עיגו,שטראוס,IL,מארז ציטוס איקס עיגו,גרמים,320.00,100 גרם,false,,17.90,5.5937,true,1,302684
7290101863410,false,"סיליט באנג ספריי ניקוי עוצמתי מכיל אקונומיקה 750 מ""ל",סיליט באנג Cillit Bang,PL,תרסיס סיליט באנג עם,מיליליטרים,750.00,"100 מ""ל",false,,12.50,1.6667,true,1,289686
7290101865261,false,"פיניש נוזל הברקה למדיח 800 מ""ל",רקיט בנקיזר,PL,נוזל הברקה פיניש 800,מיליליטרים,800.00,"100 מ""ל",false,,19.90,2.4875,true,1,254285
7290101866633,false,וניש קליה גל להסרת כתמים 3 ליטר אוקסיפרש,קליה וניש Kalia Vanish,IL,גל וניש קליה 3 ליטר,קילוגרמים,3.00,ליטר,false,,28.90,9.6333,true,1,263107
7290101866787,false,וניש קליה נוזל מסיר כתמים לכביסה לבנה 3 ליטר,קליה וניש Kalia Vanish,IL,גל וניש קליה כביסה ל,קילוגרמים,3.00,ליטר,false,,28.90,9.6333,true,1,263109
7290101867623,false,תרסיס וינדולין חלונו,,,תרסיס וינדולין חלונו,קילוגרמים,2.25,ליטר,false,,24.90,11.0667,true,1,256581
7290101868460,false,"קולון 101 אבקת כביסה 8 ק""ג",רקיט בנקיזר,IL,אבקת קולון 8 קג,פריט,8.00,"ק""ג",false,,54.90,6.8625,true,1,299654
7290101868958,false,"פיניש נוזל הברקה למדיח בניחוח לימון 800 מ""ל",רקיט בנקיזר,PL,נוזל הברקה פיניש לימ,מיליליטרים,800.00,"100 מ""ל",false,,19.90,2.4875,true,1,275537
7290101869726,false,ג'ל מרוכז למדיח הכל ב-1 פיניש 1 ליטר,רקיט בנקיזר,PL,גל למדיח פיניש 1 ליט,קילוגרמים,1.00,ליטר,false,,42.50,42.5000,true,1,287542
7290101869733,false,פיניש ג'ל למדיח כלים בניחוח לימון 1 ליטר ALL IN 1,רקיט בנקיזר,PL,גל למדיח פיניש לימון,קילוגרמים,1.00,ליטר,false,,42.50,42.5000,true,1,287543
7290101869801,false,"אירוויק מכשיר חשמלי+מילוי בניחוח אואזיס 19 מ""ל",רקיט בנקיזר,HU,מטהר חשמלי אירוויק +,Unknown,0.00,יחידה,false,,25.90,0.0000,true,1,311298
7290101869818,false,"אירוויק מכשיר חשמלי+מילוי בניחוח חלום ליל קיץ 19 מ""ל",איירוויק Air Wick,HU,מטהר חשמלי אירוויק +,Unknown,0.00,יחידה,false,,25.90,0.0000,true,1,311299
7290101869825,false,"אירוויק מילוי למכשיר חשמלי בניחוח אואזיס 19 מ""ל",איירוויק Air Wick,HU,מילוי מבשם חשמלי איר,Unknown,0.00,יחידה,false,,15.90,0.0000,true,1,311292
7290101869832,false,"אירוויק מילוי מבשם אויר חשמלי חלום ליל קיץ 19 מ""ל",איירוויק Air Wick,HU,מילוי מבשם חשמלי איר,Unknown,0.00,יחידה,false,,15.90,0.0000,true,1,311293
7290102030330,false,תפוצ'יפס קראנצ' בטעם מקסיקני 200 גרם,"שטראוס פריטו ליי בע""\מ )",IL,תפוציפס קראנצ מקסיקנ,גרמים,200.00,100 גרם,false,,9.90,4.9500,true,1,248353
7290102031276,false,מארז 8 יחידות אקטימל משקה יוגורט בטעם תות בננה,מיוצר עי קונדיטוריית,IL,אקטימל תות בננה דנונ,מיליליטרים,800.00,"100 מ""ל",false,,19.50,2.4375,true,1,249579
7290102032334,false,אבקה להכנת משקה קפה בטעם וניל,שטראוס קפה בי.וי,IL,קפה נמס וניל 200 גרם,גרמים,200.00,100 גרם,false,,19.90,9.9500,true,1,248357
7290102060764,false,מרידול מברשת שיניים אריזת זוג,יבואן ומשווק: ש. שסט,CH,מברשת מרידול 2 יח,Unknown,0.00,יחידה,false,,33.90,0.0000,true,1,304557
7290102060979,false,"אלמקס משחת שיניים למניעת עששת 100מ""ל",יבואן ומשווק: ש. שסט,PL,"משחת אלמקס 100 מ""ל",מיליליטרים,100.00,"100 מ""ל",false,,17.90,17.9000,true,1,251257
7290102062195,false,"משחת שיניים לילדים לגילאי 6-12 אלמקס 75 מ""ל",יבואן ומשווק: ש. שסט,PE,משחת אלמקס גוניור 75,גרמים,75.00,100 גרם,false,,9.90,13.2000,true,1,261174
7290102390427,false,יוגורט ביו עם קציפת תות 3% שומן 150 ג' מולר,מולר Muller,IL,מולר פרופ תות 150 גר,מיליליטרים,150.00,"100 מ""ל",false,,5.10,3.4000,true,1,248362
7290102390465,false,יוגורט ביו עם קציפת אפרסק ופסיפלורה 3% שומן 150 ג' מולר,מולר Muller,IL,מולר פרופ אפרסק ופסי,מיליליטרים,150.00,"100 מ""ל",false,,5.10,3.4000,true,1,248363
7290102390489,false,יוגורט ביו עם קציפת לימון 3% שומן 150 ג' מולר,מולר Muller,IL,מולר פרופ לימון 150,מיליליטרים,150.00,"100 מ""ל",false,,5.10,3.4000,true,1,248364
7290102391844,false,יוגורט ביו עם קציפת פירות יער3% שומן 150 ג' מולר,מולר Muller,IL,מולר פרופ פירות יער,מיליליטרים,150.00,"100 מ""ל",false,,5.10,3.4000,true,1,249753
7290102392049,false,גבינה לאפיה תבור ללא תוספת מלח 5% משק צוריאל 500 גרם,מחלבת משק צוריאל,IL,גבינת תבור 5% צוריאל,גרמים,500.00,100 גרם,false,,20.90,4.1800,true,1,251029
7290102392094,false,חלב עיזים 3.7% בקרטון משק צוריאל 1 ליטר,מילקו תעשיות בעמ,IL,חלב עיזים צוריאל 1 ל,גרמים,250.00,100 גרם,false,,15.90,6.3600,true,1,250103
7290102393039,false,"יוגורט ביו קרמי מיקס פצפוצי שוקולד 7.6% מולר 170 מ""ל",קריות זול,IL,מולר מיקס פצפוצי שוק,מיליליטרים,150.00,"100 מ""ל",false,,5.90,3.9333,true,1,251659
7290102393060,false,"יוגורט ביו קרמי מיקס גלילי ופל ואגוזים 5.9% מולר 170 מ""ל",קריות זול,IL,מולר מיקס גלילות 170,מיליליטרים,150.00,"100 מ""ל",false,,5.90,3.9333,true,1,251657
7290102393169,false,"יוגורט סימפלי פרוט בטעם תות 3% מולר 150 מ""ל",מולר Muller,IL,מולר סימפלי תות 150,גרמים,150.00,100 גרם,false,,5.10,3.4000,true,1,252554
7290102393176,false,סימפלי פרוט יוגורט אפרסק 3% שומן 150 ג' מולר,מילקו תעשיות בעמ,IL,מולר סימפלי אפרסק 15,גרמים,150.00,100 גרם,false,,5.10,3.4000,true,1,252555
7290102393190,false,"יוגורט סימפלי פרוט בטעם פירות יער 3% מולר 150 מ""ל",מילקו תעשיות בעמ,IL,מולר סימפלי פירות יע,גרמים,150.00,100 גרם,false,,5.10,3.4000,true,1,252556
7290102393268,false,גבינה לבנה 5% שומן 750 ג' טרה,הפריט בפיקוח,IL,גבינה 5% טרה 750 גרם,גרמים,750.00,100 גרם,false,,14.50,1.9333,true,1,251786
7290102393947,false,סימפלי פרוט יוגורט בטעם קיווי 3% שומן 150 ג' מולר,מילקו תעשיות בעמ,IL,מולר סימפלי קיווי 15,גרמים,150.00,100 גרם,false,,5.10,3.4000,true,1,253716
7290102394081,false,"יוגורט ביו קרמי מיקס קורנפלקס מצופה שוקולד מולר 170 מ""ל",מילקו תעשייה בעמ,IL,מולר מיקס קורנפלקס מ,גרמים,170.00,100 גרם,false,,5.90,3.4706,true,1,253720
7290102394258,false,גליל גבינת עיזים מה עז 9% משק צוריאל 180 גרם,מחלבת משק צוריאל,IL,גבינה מה עז 9% צוריא,גרמים,180.00,100 גרם,false,,20.90,11.6111,true,1,265093
7290102394463,false,נעם גבינה צהובה פרוסה ואקום 28% טרה 500 גרם,Unknown,IL,גבינה נעם 28% 500 גר,גרמים,500.00,100 גרם,false,,25.50,5.1000,true,1,259857
7290102394821,false,נעם גבינה צהובה פרוסה 28% טרה 200 גרם,מילקו תעשיות בעמ,IL,פרוסות גבינה נעם קלא,גרמים,200.00,100 גרם,false,,15.90,7.9500,true,1,256106
7290102394845,false,נעם גבינה צהובה לייט פרוסה דק דק 9% טרה 200 גרם,מילקו תעשיות בעמ,IL,פרוסות גבינה נעם 9%,גרמים,200.00,100 גרם,false,,17.90,8.9500,true,1,256026
7290102395217,false,מאגדת שמיניה מולר במתיקות מעודנת 1.2% 8*150 ג',מולר Muller,IL,מארז מולר ביאנקו במת,קילוגרמים,1.20,ליטר,false,,18.90,15.7500,true,1,258110
7290102395224,false,שמיניית יוגורט ביו ביאנקו 1.7% מולר 150 גרם,מולר Muller,IL,מארז מולר נטורל 1.7%,קילוגרמים,1.20,ליטר,false,,17.20,14.3333,true,1,257748
7290102395231,false,שמיניית יוגורט ביו ביאנקו 2.8% מולר 150 גרם,מולר Muller,IL,מארז מולר נטורל 2.8%,קילוגרמים,1.20,ליטר,false,,17.20,14.3333,true,1,257749
7290102395262,false,מארז 8 גביעים יוגורט בטעם תות שדה ואפרסק 3% Simply Fruit,מולר Muller,IL,מארז מולר סימפלי תות,קילוגרמים,1.20,ליטר,false,,30.90,25.7500,true,1,258515
7290102395347,false,"יוגורט 6% בכד 3 ק""ג רבנות",טרה,IL,משקה יוגורט 6% טרה 3,קילוגרמים,3.00,ליטר,false,,29.90,9.9667,true,1,296168
7290102395439,false,מארז 8 גביעים יוגורט בטעם פירות יער וקיווי 3% Simply Fruit,מילקו תעשיות בעמ,IL,מארז מולר סימפלי פיר,קילוגרמים,1.20,ליטר,false,,30.90,25.7500,true,1,269442
7290102395446,false,מעדן חלב בטעם וניל עם קצפת 123 ג' טרה,Unknown,IL,מעדן מוו וניל עם קצפ,גרמים,123.00,100 גרם,false,,3.10,2.5203,true,1,258216
7290102395477,false,מעדן חלב בטעם שוקולד עם קצפת 123 ג' טרה,Unknown,IL,מעדן מוו שוקולד עם ק,גרמים,123.00,100 גרם,false,,3.10,2.5203,true,1,258214
7290102396399,false,שמיניית מעדן שוקולד מוו 1.5% טרה 100 גרם,Unknown,IL,מארז מעדן מוו שוקולד,גרמים,800.00,100 גרם,false,,13.90,1.7375,true,1,265438
7290102396405,false,שמיניית מעדן וניל מוו 1.5% טרה 100 גרם,Unknown,IL,מארז מעדן מוו וניל 8,גרמים,800.00,100 גרם,false,,13.90,1.7375,true,1,265439
7290102396580,false,מעדן מוו שוקולד ומוס שוקולד טרה 118 גרם,טרה,IL,מעדן מוו מוס שוקו 11,גרמים,123.00,100 גרם,false,,3.10,2.5203,true,1,265436
7290102396597,false,מעדן מוו וניל ומוס שוקולד טרה 118 גרם,טרה,IL,מעדן מוו מוס שוקו ונ,גרמים,123.00,100 גרם,false,,3.10,2.5203,true,1,265437
7290102396665,false,נעם גבינה צהובה דק דק 15% טרה 200 גרם,מילקו תעשיות בעמ,IL,פרוסות גבינה נעם 15%,גרמים,200.00,100 גרם,false,,15.90,7.9500,true,1,288431
7290102396726,false,יוגורט סימפלי אפרסק 0% מולר 150 גרם,מולר,IL,מולר סימפלי אפרסק 0%,גרמים,150.00,100 גרם,false,,5.10,3.4000,true,1,267336
7290102396740,false,מארז 8 גביעים יוגורט בטעם תות שדה ואפרסק 0% Simply Fruit,מילקו תעשיות בעמ,IL,מארז מולר סימפלי תות,קילוגרמים,1.20,ליטר,false,,30.90,25.7500,true,1,267338
7290102397075,false,יוגורט בקרטון 4% שומן 1.5ל' טרה,טרה,IL,משקה יוגורט 4% טרה 1,פריט,1.50,"ק""ג",false,,13.90,9.2667,true,1,275755
7290102397204,false,"גבנ""צ דק דק נעם פתיחה חוזרת 22% 200 גרם",מילקו תעשיות בעמ,IL,פרוסות גבינה נעם 22%,גרמים,200.00,100 גרם,false,,15.90,7.9500,true,1,288430
7290102397310,false,מעדן מיני בטעם שוקולד קצפת מוו מאגדת 8 יח' * 70 ג',מילקו תעשיות בעמ,IL,מארז מעדן מוו שוקולד,גרמים,560.00,100 גרם,false,,12.70,2.2679,true,1,290972
7290102397334,false,גבינה בולגרית גלילית 5% משק צוריאל 250 גרם,מחלבת משק צוריאל,IL,גבינה בולגרית 5% צור,גרמים,250.00,100 גרם,false,,17.90,7.1600,true,1,290442
7290102397464,false,יוגורט ביו בתוספת גרעינים אגוזים וחמוציות 170 ג' מולר,מולר Muller,IL,מולר נטורל עם פיצוחי,מיליליטרים,150.00,"100 מ""ל",false,,5.90,3.9333,true,1,296173
7290102397600,false,מיקס יוגורט בתוספת שקדים ובוטנים מקורמלים 170 ג' מולר,מילקו תעשייה בעמ,IL,מולר מיקס שקדים ובוט,מיליליטרים,150.00,"100 מ""ל",false,,5.90,3.9333,true,1,292046
7290102397617,false,יוגורט ביו קרמי עם כדורים מצופים שוקולד חום לבן,מולר Muller,IL,מולר מיקס קליק כדורי,מיליליטרים,150.00,"100 מ""ל",false,,5.90,3.9333,true,1,292045
7290102397679,false,קוטג' וחצי 5% מהדרין טרה 375 גרם,מילקו,IL,קוטג 5% טרה 375 גרם,גרמים,375.00,100 גרם,false,,8.30,2.2133,true,1,295350
7290102397730,false,פרוסות גבינה אמנטל חצי קשה 30% שומן 200 ג' נעם,Unknown,IL,גבינה נעם אמנטל 30%,גרמים,200.00,100 גרם,false,,17.90,8.9500,true,1,297200
7290102397747,false,פרוסות גבינת מוצרלה נעם מחלב בקר 22%,טרה,IL,גבינה נעם מוצרלה פרו,גרמים,200.00,100 גרם,false,,18.90,9.4500,true,1,299586
7290102397891,false,גבינה מותכת משק צוריאל 100 גרם,משק צוריאל,IL,גבינה מותכת צוריאל 1,גרמים,100.00,100 גרם,false,,6.90,6.9000,true,1,296170
7290102398065,false,חלב טרה בקרטון 2 ליטר מהדרין 3% - מוצר בפיקוח,הפריט בפיקוח,IL,חלב 3% טרה 2 ליטר וס,קילוגרמים,2.00,ליטר,false,,12.30,6.1500,true,1,297667
7290102398072,false,"חלב קרטון 3%-1 ליטר "" טרה"" -מוצר פיקוח",הפריט בפיקוח,IL,חלב 3% טרה 1 ליטר מה,קילוגרמים,1.00,ליטר,false,,6.20,6.2000,true,1,313118
7290102398478,false,לאבנה 9% שומן 500 ג' טרה,טרה,IL,לאבנה 9% טרה 500 גרם,גרמים,500.00,100 גרם,false,,18.50,3.7000,true,1,302725
7290102398560,false,שוקו טרה מועשר בבקבוק 1 ליטר,מילקו תעשיות בעמ,IL,משקה שוקו טרה 1 ליטר,קילוגרמים,1.00,ליטר,false,,11.90,11.9000,true,1,302791
7290102398577,false,משקה חלב בטעם שוקו 2% בבקבוק אישי,מילקו תעשיות בעמ,IL,שוקו מועשר טרה 250 מ,מיליליטרים,250.00,"100 מ""ל",false,,5.50,2.2000,true,1,322511
7290102398614,false,משקה חלב בטעם בננה טרה 1 ליטר,מילקו תעשיות בעמ,IL,משקה בננה טרה 1 ליטר,קילוגרמים,1.00,ליטר,false,,11.90,11.9000,true,1,302792
7290102398638,false,משקה חלב בטעם מוקה טרה 1 ליטר,מילקו תעשיות בעמ,IL,משקה מוקה טרה 1 ליטר,קילוגרמים,1.00,ליטר,false,,11.90,11.9000,true,1,302793
7290102398669,false,משקה חלב אייס קפוצ'ינו טרה 1 ליטר,מילקו תעשיות בעמ,IL,משקה אייס קפוצ'ינו ט,קילוגרמים,1.00,ליטר,false,,11.50,11.5000,true,1,311764
7290102398782,false,משקה סויה קלאסי משק צוריאל 1 ליטר,מחלבת משק צוריאל,IT,משקה סויה צוריאל 1 ל,קילוגרמים,1.00,ליטר,false,,9.90,9.9000,true,1,309915
7290102398799,false,משקה סויה במתיקות מופחתת משק צוריאל 1 ליטר,מחלבת משק צוריאל,IT,משקה סויה במתיקות מו,קילוגרמים,1.00,ליטר,false,,9.90,9.9000,true,1,309916
7290102398805,false,משקה סויה בטעם וניל משק צוריאל 1 ליטר,מחלבת משק צוריאל,IT,משקה סויה וניל צוריא,קילוגרמים,1.00,ליטר,false,,9.90,9.9000,true,1,309918
7290102398836,false,משקה שקדים קלאסי משק צוריאל 1 ליטר,מחלבת משק צוריאל,IT,משקה שקדים צוריאל 1,קילוגרמים,1.00,ליטר,false,,11.90,11.9000,true,1,309917
7290102399048,false,פרוסות גבינת קשקבל נעם 200 ג' טרה,מילקו,IL,גבינה נעם קשקבל 200,גרמים,200.00,100 גרם,false,,22.90,11.4500,true,1,305935
7290102399635,false,"מולר פרופ יוגורט ביו עם קציפת קוקוס ואננס 150 מ""ל",מולר Muller,IL,מולר פרופ טרופיקל קו,מיליליטרים,150.00,"100 מ""ל",false,,5.10,3.4000,true,1,312540
7290102399796,false,מעדן יוגורט לבן מועשר בחלבון 200 ג' מולר אקטיב,מולר Muller,IL,מולר אקטיב לבן 25 גר,גרמים,200.00,100 גרם,false,,5.20,2.6000,true,1,311929
7290102399802,false,יוגורט עם תות מולר אקטיב מועשר בחלבון 200 גר',מולר Muller,IL,מולר אקטיב תות 20 גר,גרמים,200.00,100 גרם,false,,5.90,2.9500,true,1,311932
7290102399819,false,יוגורט עם פירות יער מולר אקטיב מועשר בחלבון 200 גר',מולר Muller,IL,מולר אקטיב פירות יער,גרמים,200.00,100 גרם,false,,5.90,2.9500,true,1,311933
7290102399857,false,מולר אקטיב לייט 20 גרם חלבון 0% שומן עם תות 200 גרם,מולר Muller,IL,מולר אקטיב תות לייט,גרמים,200.00,100 גרם,false,,5.90,2.9500,true,1,311938
7290103121600,false,"ספיד סטיק - דאודורנט ספריי לגבר 24/7 קול פיוזן 150 מ""ל",קולגייט פלמוליב,RU,דאו ספריי ספיד סטיק,מיליליטרים,165.00,"100 מ""ל",false,,13.90,8.4242,true,1,259795
7290103124588,false,"סבון נוזלי ארומה בניחוח לבנדר פטצ'ולי פלמוליב 750 מ""ל",הנסיך- מפעל לייצור ט,TR,ג'ל רחצה פלמוליב ארו,מיליליטרים,750.00,"100 מ""ל",false,,13.50,1.8000,true,1,254871
7290103124601,false,"תחליב רחצה נוזל חלב ודבש משאבה 750מ""ל פלמוליב",הנסיך- מפעל לייצור ט,TR,תחליב פלמוליב חלב וד,מיליליטרים,750.00,"100 מ""ל",false,,13.50,1.8000,true,1,254870
7290103126797,false,"קולגייט משחת שיניים סנסיטיב פרו ריליף 75 מ""ל",הנסיך- מפעל לייצור ט,BR,משחת קולגייט סנסטיב,מיליליטרים,75.00,"100 מ""ל",false,,17.90,23.8667,true,1,310208
7290103129378,false,ספיד סטיק - דאודורנט ג'ל לגבר איקס 5 85 גרם,הנסיך- מפעל לייצור ט,US,דאו גל ספיד סטיק איק,Unknown,0.00,יחידה,false,,17.90,0.0000,true,1,302472
7290103129392,false,ליידי ספיד סטיק פרש אסנס פרח הפרזיה סטיק 65 גר,ליידי ספיד סטיק Lady Speed Stick,US,דאו ליידי ספיד סטיק,גרמים,65.00,100 גרם,false,,18.90,29.0769,true,1,259773
7290103153779,false,מכסה לתבנית R31 גדול לפיד 10 יחידות,אופל אריזות בעמ,IL,מכסים לתבניות גדולות,Unknown,0.00,יחידה,false,,5.90,0.0000,true,1,254500
7290103153786,false,מכסים לתבניות בינוני,אופל אריזות בעמ,IL,מכסים לתבניות בינוני,Unknown,0.00,יחידה,false,,5.90,0.0000,true,1,254501
7290103153793,false,מכסים לתבניות קטנות,אופל אריזות בעמ,IL,מכסים לתבניות קטנות,Unknown,0.00,יחידה,false,,5.90,0.0000,true,1,254502
7290103153823,false,צלחות קטנות נעימות ז,ב פ תעשיות,IL,צלחות קטנות נעימות ז,Unknown,0.00,יחידה,false,,29.90,0.0000,true,1,255301
7290103153830,false,צלחות גדולות נעימות,ב פ תעשיות,IL,צלחות גדולות נעימות,Unknown,0.00,יחידה,false,,49.90,0.0000,true,1,255298
7290103153847,false,צלחות מרק נעימות זהב,ב פ תעשיות,IL,צלחות מרק נעימות זהב,Unknown,0.00,יחידה,false,,32.90,0.0000,true,1,255304
7290103154479,false,צלחות גדולות קשת 105,פאלאס,CN,צלחות גדולות קשת 105,Unknown,0.00,יחידה,false,,37.90,0.0000,true,1,258123
7290103155087,false,שקיות אשפה 75/90 גופייה בורדו שחור לפיד 35 יחידות,רווח,CN,שקיות אשפה עם ידיות,Unknown,0.00,יחידה,false,,19.90,0.0000,true,1,261407
7290103155582,false,מכסים לתבנית בינוני,אופל אריזות בעמ,IL,מכסים לתבנית בינוני,Unknown,0.00,יחידה,false,,5.90,0.0000,true,1,262008
7290103156138,false,מפת אלבד מדוגם גליל,דיספובד,IL,מפת אלבד מדוגם גליל,Unknown,0.00,יחידה,false,,29.90,0.0000,true,1,262129
7290103156930,false,כוסות יהלום חד פעמי,LARIPLAST,TR,כוסות יהלום 40 יח,Unknown,0.00,יחידה,false,,10.90,0.0000,true,1,268680
7290103157104,false,מפת אלבד צבעוני 4 יח,פאלאס,CN,מפת אלבד צבעוני 4 יח,Unknown,0.00,יחידה,false,,11.90,0.0000,true,1,293265
7290103157111,false,מפת אלבד גליל 1.2*20,דיספובד,IL,מפת אלבד גליל 1.2*20,Unknown,0.00,יחידה,false,,29.90,0.0000,true,1,294290
7290103401429,false,קפה קצב ברזילאי אוריגינס 200 גר,הנסיך- מפעל לייצור ט,IL,קפה פלטינום ברזילאי,גרמים,200.00,100 גרם,false,,19.70,9.8500,true,1,249928
7290103702649,false,מארז חמישייה מגבוני טישו דו שכבתי,שניב,IL,טישו עדן 5*100 יח,Unknown,500.00,יחידה,false,,8.90,0.0178,true,1,310305
7290103703004,false,נייר טואלט מהדורת פרחים 40 גלילים טאצ',,IL,נייר טואלט טאצ' כדור,מטרים,0.00,מטר,false,,29.90,0.0000,true,1,323782
7290103703615,false,נייר טואלט עדן 30 גלילים,שניב תעשיות נייר,IL,נייר טואלט עדן 30 גל,מטרים,495.00,מטר,false,,16.90,0.0341,true,1,302783
7290103704216,false,מגבות נייר קשת 16 יח,שניב תעשיות נייר,IL,מגבות נייר קשת 16 יח,מטרים,169.28,מטר,false,,21.90,0.1294,true,1,315441
7290103704650,false,שישיית מגבות נייר כדור פורח,שניב תעשיות נייר,IL,מגבות נייר שניב 6 יח,מטרים,63.00,מטר,false,,7.90,0.1254,true,1,320066
7290104061417,false,סלט חומוס עם טחינה אחלה 400 גרם,"שטראוס גרופ בע""\מ",IL,חומוס עם טחינה אחלה,גרמים,400.00,100 גרם,false,,9.90,2.4750,true,1,250442
7290104061424,false,סלט חומוס עם זעתר אחלה 400 גרם,מיוצר עי קונדיטוריית,IL,חומוס עם זעתר אחלה 4,גרמים,400.00,100 גרם,false,,9.90,2.4750,true,1,250441
7290104061431,false,סלט חומוס עם צנובר אחלה 400 גרם,"שטראוס גרופ בע""\מ",IL,חומוס עם צנוברים אחל,גרמים,400.00,100 גרם,false,,9.90,2.4750,true,1,250443
7290104061448,false,סלט חומוס עם חריף אחלה 400 גרם,מיוצר עי קונדיטוריית,IL,חומוס עם חריף אחלה 4,גרמים,400.00,100 גרם,false,,9.90,2.4750,true,1,250444
7290104062599,false,מארז 8 יחידות מעדן גמדים בטעמי תות ובננה,"שטראוס בריאות בע""\מ",IL,מארז גמדים תות ובננה,גרמים,800.00,100 גרם,false,,18.90,2.3625,true,1,250491
7290104065187,false,אבקה להכנת משקה קפה בטעם מוקה,שטראוס גרופ,IL,קפה נמס מוקה 200 גרם,גרמים,200.00,100 גרם,false,,19.90,9.9500,true,1,252007
7290104066566,false,טחינה משומשום מלא אח,מיוצר עי קונדיטוריית,IL,טחינה אחלה 500 גרם,גרמים,500.00,100 גרם,false,,14.90,2.9800,true,1,252307
7290104230011,false,שום קלוף 1 יח' 170 ג' ר,מרינה,IL,שום קלוף 170 גרם,גרמים,170.00,100 גרם,false,,10.90,6.4118,true,1,325914
7290104500572,false,אפרופו חטיף תירס איטליאנו אסם 50 גרם,מיוצר עי קונדיטוריית,IL,אפרופו איטליאנו 50 ג,גרמים,50.00,100 גרם,false,,4.50,9.0000,true,1,256726
7290104501661,false,אינסטנט פודינג בטעם וניל צרפתי אסם 80 גרם,מיוצר עי קונדיטוריית,IL,פודינג אינסטנט קרם צ,גרמים,80.00,100 גרם,false,,4.90,6.1250,true,1,253066
7290104503184,false,הבית עוגת שבת בראוניס טעם שוקולד ריבת חלב 380 גרם,מיוצר עי קונדיטוריית,IL,עוגת בראוניס שוקולד,גרמים,380.00,100 גרם,false,,14.90,3.9211,true,1,254530
7290104504228,false,מיני דובונים אסם 100 גרם מארז 5 יחידות,"אסם השקעות בע""\מ",IL,מארז דובונים 5*20 גר,גרמים,100.00,100 גרם,false,,12.90,12.9000,true,1,254031
7290104508202,false,גביעי גלידה אמריקאים אסם 120 גרם 24 יחידות,"גילרו בע""מ",IL,גביעי גלידה אסם 24 י,גרמים,120.00,100 גרם,false,,6.90,5.7500,true,1,255770
7290104570162,false,תמרים ללא חרצנים תמר כבוש 500 גרם,תמר העמקים בית שאן,IL,תמר כבוש 500 גרם,גרמים,500.00,100 גרם,false,,6.90,1.3800,true,1,259479
7290104720499,false,מארז 8 יחידות מעדן דני בטעם וניל 1.5%,מיוצר עי קונדיטוריית,IL,מארז דני וניל 8*125,קילוגרמים,1.00,ליטר,false,,14.50,14.5000,true,1,252117
7290104721533,false,רצועות פלפלים קלויים אחלה 400 ג',מיוצר עי קונדיטוריית,IL,פלפלים קלויים טעמי ה,גרמים,400.00,100 גרם,false,,15.90,3.9750,true,1,252825
7290104721755,false,מארז קפה טורקי עלית,חברת המשקם לתעסוקת ק,IL,מארז קפה טורקי עלית,גרמים,435.00,100 גרם,false,,25.90,5.9540,true,1,253239
7290104722530,false,תפוצ'יפס בטעם שמנת בצל עלית 200 גרם,"שטראוס פריטו ליי בע""\מ )",IL,תפוציפס שמנת בצל 200,גרמים,200.00,100 גרם,false,,9.90,4.9500,true,1,252333
7290104726712,false,מארז 8 יחידות מעדן מילקי בטעם שוקולד עם קצפת,"שטראוס גרופ בע""\מ",IL,מארז מילקי שוקולד 8*,פריט,1.06,"ק""ג",false,,20.80,19.6226,true,1,254214
7290104728310,false,"שמנת מתוקה עמידה 38% שומן ""יטבתה"" -מוצר בפיקוח",שטראוס גרופ,IL,שמנת להקצפה 38% יטבת,מיליליטרים,250.00,"100 מ""ל",false,,6.40,2.5600,true,1,253558
7290104850776,false,מגש אובלי זהב 12 יח,פאלאס,IL,מגש אובלי זהב 12 יח,Unknown,0.00,יחידה,false,,15.90,0.0000,true,1,307564
7290104855108,false,צלחות גדולות 198 יח,פאלאס,CN,צלחות גדולות 198 יח,Unknown,0.00,יחידה,false,,39.90,0.0000,true,1,288426
7290104855368,false,מיכל 1 ליטר 12 יח,פאלאס,CN,מיכל 1 ליטר 12 יח,Unknown,0.00,יחידה,false,,19.90,0.0000,true,1,288693
7290104855375,false,מיכל 2 ליטר 10 יח,סנטר פלאסט,IL,מיכל 2 ליטר 10 יח,Unknown,0.00,יחידה,false,,19.90,0.0000,true,1,288657
7290104855382,false,מיכל 2.5 ליטר 6 יח,סנטר פלאסט,IL,מיכל 2.5 ליטר 6 יח,Unknown,0.00,יחידה,false,,19.90,0.0000,true,1,288658
7290104855399,false,מיכל 4 ליטר 5 יח,סנטר פלאסט,IL,מיכל 4 ליטר 5 יח,Unknown,0.00,יחידה,false,,19.90,0.0000,true,1,288659
7290104855405,false,מיכל 0.5 ליטר 15 יח,סנטר פלאסט,IL,מיכל 0.5 ליטר 15 יח,Unknown,0.00,יחידה,false,,19.90,0.0000,true,1,288660
7290104856839,false,מארז 6 יח נייר אלומי,פאלאס,CN,מארז 6 יח נייר אלומי,מטרים,30.00,מטר,false,,21.90,0.7300,true,1,290333
7290104856846,false,מארז 4 נייר אלומיניו,פאלאס,CN,מארז 4 נייר אלומיניו,מטרים,30.00,מטר,false,,21.90,0.7300,true,1,291333
7290104856853,false,מארז 3 נייר אלומיניו,פאלאס,CN,מארז 3 נייר אלומיניו,מטרים,22.50,מטר,false,,21.90,0.9733,true,1,291334
7290104856877,false,נייר אלומיניום 16 מי,פאלאס,CN,נייר אלומיניום 16 מי,מטרים,60.90,מטר,false,,23.90,0.3924,true,1,290334
7290104856914,false,מפות שולחן אל בד 2יח,פאלאס,CN,מפת אלבד מדוגם 2 יח,Unknown,0.00,יחידה,false,,11.90,0.0000,true,1,293263
7290104856945,false,נרונים 4 שעות פאלאס,פאלאס,CN,נרונים 4 שעות פאלאס,Unknown,0.00,יחידה,false,,17.90,0.0000,true,1,292460
7290104857041,false,כוסות שתיה קרה טופ ס,פאלאס,CN,"כוסות ח""פ 100 יח",Unknown,0.00,יחידה,false,,5.90,0.0000,true,1,293155
7290104857119,false,צלחות גדולות חד פעמי,פאלאס,TR,צלחות גדולות לפיד 10,Unknown,0.00,יחידה,false,,32.90,0.0000,true,1,309803
7290104858185,false,נרות חימום בפלסטיק 8,פאלאס,CN,נרות חימום בפלסטיק 8,Unknown,0.00,יחידה,false,,23.90,0.0000,true,1,295326
7290104858208,false,נרות חימום בפלסטיק 4,פאלאס,CN,נרות חימום בפלסטיק 4,Unknown,0.00,יחידה,false,,23.90,0.0000,true,1,295325
7290104858215,false,נרות חימום 8 שעות קש,פאלאס,CN,נרות חימום 8 שעות קש,Unknown,0.00,יחידה,false,,23.90,0.0000,true,1,295324
7290104858536,false,מארז קינוחים חד פעמי,xueli,CN,כוסות קינוח לפיד,Unknown,0.00,יחידה,false,,14.90,0.0000,true,1,295708
7290104858543,false,כוסות קינוח צורות לפ,FGM,CN,כוסות קינוח צורות לפ,Unknown,0.00,יחידה,false,,14.90,0.0000,true,1,295707
7290104858567,false,מפת אלבד מוטבע גליל,פאלאס,CN,מפת אלבד מוטבע גליל,Unknown,0.00,יחידה,false,,39.90,0.0000,true,1,295602
7290104858642,false,שקיות אשפה חזקות 90/75 גליל שחור פאלאס 25 יחידות,רווח,CN,שקיות אשפה 75*90 לפי,Unknown,0.00,יחידה,false,,11.90,0.0000,true,1,294610
7290104858727,false,טישו קשת 5*140 יח,פאלאס,CN,טישו קשת 5*140 יח,Unknown,700.00,יחידה,false,,11.90,0.0170,true,1,297859
7290104859267,false,שקיות אוכל קשת 3*150,פאלאס,CN,שקיות אוכל קשת 3*150,Unknown,0.00,יחידה,false,,9.90,0.0000,true,1,296430
7290104859410,false,צלחות גדולות חד פעמי,פאלאס תעשיות נטו (20,CN,צלחות גדולות לפיד 1,Unknown,0.00,יחידה,false,,29.90,0.0000,true,1,298008
7290104859779,false,כוסות איכותיות 40 יח,פאלאס,CN,כוסות איכותיות 40 יח,Unknown,0.00,יחידה,false,,10.90,0.0000,true,1,300588
7290104859960,false,מארז 4 יח מגשי קריסט,פאלאס,CN,מארז 4 יח מגשי קריסט,Unknown,0.00,יחידה,false,,12.90,0.0000,true,1,300317
7290104859977,false,מארז 2 יח מגשי קריסט,פאלאס,CN,מארז 2 יח מגשי קריסט,Unknown,0.00,יחידה,false,,19.90,0.0000,true,1,300318
7290104859984,false,קערה ענקית בלו שיין,פאלאס,CN,קערה ענקית בלו שיין,Unknown,0.00,יחידה,false,,19.90,0.0000,true,1,300313
7290104960970,false,דאודורנט ספריי טיטניום מטאל Titanium Metal,אמיליה קוסמטיקס בעמ,IL,דאו ספריי טיטניום מט,מיליליטרים,180.00,"100 מ""ל",false,,14.90,8.2778,true,1,255148
7290104962073,false,דאודורנט ספריי גוף טיטניום גולד Titanium Gold,"אמיליה קוסמטיקס בע""מ",IL,דאו ספריי טיטניום גו,מיליליטרים,150.00,"100 מ""ל",false,,14.90,9.9333,true,1,261777
7290104962134,false,דאודורנט קרליין רול און נושם לנערות ללא אלומיניום,מיוצר עי : אמיליה קוסמטי,IL,דאו רול און קרליין ל,מיליליטרים,75.00,"100 מ""ל",false,,11.70,15.6000,true,1,262126
7290104965647,false,קרליין דאו רול און נושם סוויט קיס לנערות,מיוצר עי : אמיליה קוסמטי,IL,דאו רול און קרליין נ,מיליליטרים,75.00,"100 מ""ל",false,,11.70,15.6000,true,1,316848
7290104965661,false,קרליין דאו ספרי נושם סוויט קיס לנערות150,"אמיליה קוסמטיקס בע""מ",IL,דאו ספריי קרליין נוש,מיליליטרים,200.00,"100 מ""ל",false,,11.70,5.8500,true,1,316847
7290105180186,false,"בקבוק מעוצב 250 מ""ל+ידית ללא ביספינול",אריסטוקרט,IL,בקבוק תינוק מעוצב אר,Unknown,0.00,יחידה,false,,14.90,0.0000,true,1,253263
7290105180209,false,בקבוק שלישיה גדול איכותי ועמיד במיוחד סדרות שונות,אריסטוקרט,IL,בקבוק צר לתינוק אריס,Unknown,0.00,יחידה,false,,16.90,0.0000,true,1,253262
7290105180216,false,פלסטרים שקופים 100 יחידות,אריסטוקרט,CN,פלסטר שקוף אריסטוקרט,Unknown,0.00,יחידה,false,,10.90,0.0000,true,1,255424
7290105180247,false,פלסטרים מיקס 100 יחידות,אריסטוקרט,CN,פלסטר מיקס אריסטוקרט,Unknown,0.00,יחידה,false,,10.90,0.0000,true,1,255422
7290105180261,false,"משחת נעליים + ידית מארז ענק 200 מ""ל",אריסטוקרט,TR,משחת נעליים אריסטוקר,גרמים,200.00,100 גרם,false,,9.90,4.9500,true,1,254282
7290105180322,false,בקבוק ספורט קלאסי (322),אריסטוקרט,IL,בקבוק ספורט קלאסי אר,Unknown,0.00,יחידה,false,,9.90,0.0000,true,1,256416
7290105180353,false,"סכין גילוח- עשירייה, עם פס אלוורה",אריסטוקרט,CN,סכיני גילוח אריסטוקר,Unknown,0.00,יחידה,false,,8.90,0.0000,true,1,256278
7290105180360,false,מוצץ סיליקון צבעוני שלישייה קטן,אריסטוקרט,IL,מוצץ סיליקון קטן לתי,Unknown,0.00,יחידה,false,,15.90,0.0000,true,1,258840
7290105180377,false,מוצץ סיליקון צבעוני שלישייה בינוני,אריסטוקרט,TH,מוצץ סיליקון בינוני,Unknown,0.00,יחידה,false,,15.90,0.0000,true,1,258838
7290105180384,false,מוצץ סיליקון צבעוני שלישייה גדול,אריסטוקרט,TH,מוצץ סיליקון גדול לת,Unknown,0.00,יחידה,false,,15.90,0.0000,true,1,258839
7290105180490,false,"טלק ריחני איכותי במיוחד 200 סמ""ק",אריסטוקרט,IL,"טלק אריסטוקרט 200 מ""",מיליליטרים,200.00,"100 מ""ל",false,,9.90,4.9500,true,1,317175
7290105181343,false,בקבוק צר אריסטוקרט 6,אריסטוקרט,TH,בקבוק צר אריסטוקרט 6,Unknown,0.00,יחידה,false,,24.90,0.0000,true,1,290787
7290105181367,false,מחזיקונים לעגלה זוג איכותי במיוחד,אריסטוקרט,CN,מחזיקונים לעגלת תינו,Unknown,0.00,יחידה,false,,24.90,0.0000,true,1,303595
7290105181725,false,צלחת נצמדת עם כפית משנה צבע בחום,אריסטוקרט,CN,צלחת האכלה + כפית רג,Unknown,0.00,יחידה,false,,24.90,0.0000,true,1,303596
7290105181732,false,מוצץ מלכות - זוג בקופסה רב שימושית,אריסטוקרט,IL,מוצצים סדרת מלכות אר,Unknown,0.00,יחידה,false,,19.90,0.0000,true,1,303598
7290105181855,false,"וזלין 100 גרם כשל""פ הרב לנדא אריסטוקרט",הרבל קוסמטיקס,IL,ג'ל פטרוליאום טהור א,מיליליטרים,100.00,"100 מ""ל",false,,7.90,7.9000,true,1,323589
7290105181954,false,מלבין ומחדש צמר וטליתות,BASF,DE,מלבין טליתות ובגדי צ,מיליליטרים,500.00,"100 מ""ל",false,,11.50,2.3000,true,1,307704
7290105182036,false,מברשות שיניים סיליקון [מאושרת לשבת],אריסטוקרט,CN,מברשת שיניים סיליקון,Unknown,0.00,יחידה,false,,11.90,0.0000,true,1,315351
7290105182067,false,"אלכוהול 70% 250 מ""ל",אריסטוקרט,IL,"אלכוהול 70% 250 מ""ל",מיליליטרים,250.00,"100 מ""ל",false,,11.90,4.7600,true,1,316671
7290105182111,false,קיסמי שיניים דנטלים,אריסטוקרט,CN,קיסמי שיניים דנטלים,Unknown,0.00,יחידה,false,,14.90,0.0000,true,1,316110
7290105182258,false,שפתון פטסטיק לריכוך,הרבל קוסמטיקס,IL,שפתון פטסטיק לריכוך,Unknown,0.00,יחידה,false,,14.90,0.0000,true,1,321231
7290105182265,false,מברשת ספינר לניקוי ב,אריסטוקרט,,מברשת ספינר לניקוי ב,Unknown,0.00,יחידה,false,,19.90,0.0000,true,1,323712
7290105360250,false,קפסולות 09 עשיר וארומטי למכונת נספרסו עלית 10יח',הנסיך- מפעל לייצור ט,IL,קפסולות עלית מס 9 למ,גרמים,50.00,100 גרם,false,,15.50,31.0000,true,1,261218
7290105360328,false,קפסולות אספרסו חזק למכונות נספרסו 10 יח',הנסיך- מפעל לייצור ט,IL,קפסולות עלית מס 10 ל,גרמים,50.00,100 גרם,false,,15.50,31.0000,true,1,261219
7290105360335,false,קפסולות אספרסו למכונות נספרסו 50 גר,הנסיך- מפעל לייצור ט,IL,קפסולות עלית מס 7 ל,Unknown,0.00,יחידה,false,,15.50,0.0000,true,1,261221
7290105362339,false,"שמנת לבישול 15% 250 מ""ל יטבתה מהדרין",שטראוס גרופ,IL,שמנת לבישול 15% יטבת,מיליליטרים,250.00,"100 מ""ל",false,,8.00,3.2000,true,1,255788
7290105364678,false,"אקטיביה משקה יוגורט בטעם אפרסק שטראוס 250 מ""ל",מיוצר עי קונדיטוריית,IL,משקה אקטיביה אפרסק 1,גרמים,250.00,100 גרם,false,,5.10,2.0400,true,1,311659
7290105366023,false,סלט חצילים בטעם כבד אחלה 400 גרם,מיוצר עי קונדיטוריית,IL,חציל בטעם כבד טעמי ה,גרמים,400.00,100 גרם,false,,15.90,3.9750,true,1,254297
7290105366047,false,טחינה לבנה אחלה 400 גרם,מיוצר עי קונדיטוריית,IL,טחינה לבנה טעמי השוק,גרמים,400.00,100 גרם,false,,15.90,3.9750,true,1,254476
7290105366993,false,סימפוניה גבינת שמנת פלפל שיפקה 5% שטראוס 200 גרם,"שטראוס בריאות בע""מ",IL,גבינת שמנת פלפל שיפק,גרמים,200.00,100 גרם,false,,9.70,4.8500,true,1,262287
7290105368331,false,מעדן מילקי בטעם תות עם קצפת,מחלבת אחיהוד,IL,מילקי תות 133 גרם,גרמים,133.00,100 גרם,false,,2.90,2.1805,true,1,255992
7290105368904,false,"שמנת מתוקה להקצפה 32% שומן 250 מ""ל יוטבתה",שטראוס גרופ,IL,שמנת מתוקה להקצפה 32,מיליליטרים,250.00,"100 מ""ל",false,,7.30,2.9200,true,1,256988
7290105369130,false,סימפוניה גבינת שמנת בצל ירוק 5% שטראוס 200 גרם,"שטראוס בריאות בע""\מ",IL,גבינת שמנת בצל ירוק,גרמים,200.00,100 גרם,false,,9.70,4.8500,true,1,258116
7290105430441,false,תחליב רחצה סחלב שחור וקרם לחות Naturals משאבה,הנסיך- מפעל לייצור ט,TR,תחליב פלמוליב סחלב ש,מיליליטרים,750.00,"100 מ""ל",false,,13.50,1.8000,true,1,258915
7290105430458,false,תחליב רחצה מועשר בשקדים וקרם לחות Naturals משאבה,הנסיך- מפעל לייצור ט,TR,תחליב פלמוליב שקדים,מיליליטרים,750.00,"100 מ""ל",false,,13.50,1.8000,true,1,258916
7290105430496,false,ליידי ספיד סטיק סטיינגארד ספריי,קולגייט-פלמוליב,RU,דאו ספריי ספיד סטיק,מיליליטרים,165.00,"100 מ""ל",false,,13.90,8.4242,true,1,259798
7290105431516,false,מארז חטיף פריי תמרים ובוטנים ללא גלוטן ותוספת סוכר 125 גרם,טבעית מוצרים מן הטבע בעמ,IL,מארז חטיף פרי תמרים,גרמים,125.00,100 גרם,false,,14.90,11.9200,true,1,263526
7290105433961,false,"ליידי ספיד סטיק לסס פרש אסנס ספריי דובדבן, 150 מ""ל",קולגייט-פלמוליב,RU,דאו ספריי ליידי ספיד,מיליליטרים,150.00,"100 מ""ל",false,,13.90,9.2667,true,1,264350
7290105434029,false,"ספיד סטיק - דאודורנט ספריי לגבר נוטרו פאואר 150 מ""ל",קולגייט-פלמוליב,RU,דאו ספריי ספיד סטיק,מיליליטרים,150.00,"100 מ""ל",false,,13.90,9.2667,true,1,289758
7290105439499,false,מאסטר שף מאסטר שף מיונז 480 גר כשלפ,רמיה סי.וי. הולנד,NL,מיונז מאסטר שף 480 ג,גרמים,480.00,100 גרם,false,,9.90,2.0625,true,1,290150
7290105439505,false,מאסטר שף קרם בטעם מיונז לייט 479 גר כשלפ,רמיה סי.וי. הולנד,NL,מיונז לייט מאסטר שף,גרמים,521.00,100 גרם,false,,9.90,1.9002,true,1,309989
7290105439581,false,מנה מאסטר שף חרדל דיזיון צרפתי 370 גר,רמיה סי.וי.הולנד,FR,חרדל דיזון צרפתי מאס,גרמים,370.00,100 גרם,false,,9.90,2.6757,true,1,290152
7290105691248,false,אסם חטיפי פריכונים טורטייה תירס 60 גרם,"פרח תעשיות מזון בע""מ.",IL,חטיפי טורטייה תירס 6,גרמים,60.00,100 גרם,false,,6.90,11.5000,true,1,257499
7290105693457,false,עוגת הבית דמקה שוקו וניל אסם 320 גרם,מיוצר עי קונדיטוריית,IL,עוגת דמקה אסם 320 גר,גרמים,320.00,100 גרם,false,,10.90,3.4063,true,1,255918
7290105695024,false,פתיתים אפויים אורז עם אטריות אסם 500 גרם,"אסם השקעות בע""\מ",IL,פתיתים אורז עם אטריו,גרמים,500.00,100 גרם,false,,4.90,0.9800,true,1,257904
7290105695321,false,עוגת הבית בראוניס פאדג' אסם 380 גרם,מיוצר עי קונדיטוריית,IL,עוגת בראוניס פאדג אס,גרמים,380.00,100 גרם,false,,14.90,3.9211,true,1,256613
7290105961181,false,משקה פונץ' בננה יטבתה 1 ליטר מהדרין,שטראוס גרופ,IL,משקה פונץ בננה יטבתה,קילוגרמים,1.00,ליטר,false,,9.90,9.9000,true,1,255787
7290105962331,false,סחוג תימני אדום חריף מאוד זהבי הכרם 220 גרם,קריניסה ויטמין אס אי,IL,סחוג תימני חריף זהבי,גרמים,220.00,100 גרם,false,,9.90,4.5000,true,1,266089
7290105965738,false,יוגורט לשתיה בטעם תות בננה267 ג' דנונה,מיוצר עי קונדיטוריית,IL,משקה יוגורט תות בננה,גרמים,267.00,100 גרם,false,,4.80,1.7978,true,1,287849
7290105968098,false,"סלט קולסלאו 500 גרם ""אחלה""",שטראוס גרופ סלטים,IL,קולסלאו אחלה 500 גרם,גרמים,500.00,100 גרם,false,,15.90,3.1800,true,1,257186
7290105968654,false,רביולי בטטה פרווה פסטה נונה 400 ג',מיוצר עי קונדיטוריית,IL,רביולי בטטה שטראוס 4,גרמים,400.00,100 גרם,false,,16.70,4.1750,true,1,257894
7290105968777,false,פריכיות 5 דגנים עם תחתית שוקולד מריר 70 גרם,"טחנת האבן תעשיות בע""",IL,פריכיות אנרג'י תחתית,גרמים,70.00,100 גרם,false,,7.50,10.7143,true,1,259846
7290106413924,false,מארז מקלות ביסקוויט,שאנטו קראנצי פרדי,CN,מארז מקלות ביסקוויט,גרמים,150.00,100 גרם,false,,9.90,6.6000,true,1,294686
7290106509825,false,אולוויז קואטרו פלטינום 28 יח,פרוקטר & גמבל,DE,תחבושות אלוויז פלטני,Unknown,0.00,יחידה,false,,32.90,0.0000,true,1,308162
7290106520066,false,"רבע לשבע שוקולד חלב במילוי אגוזים עלית 160 גרם בד""צ","הגביע מוצרי וופלים בע""\מ",IL,גלילי ופל רבע לשבע 1,גרמים,160.00,100 גרם,false,,9.60,6.0000,true,1,257880
7290106520288,false,יוגורט פרו חלבון עם תות 2.4% שומן 150 ג' דנונה,"שטראוס בריאות בע""מ",IL,דנונה WOW תות 150 גר,מיליליטרים,150.00,"100 מ""ל",false,,4.70,3.1333,true,1,290435
7290106520905,false,סלט טורקי אחלה 400 גרם,"שטראוס גרופ בע""\מ",IL,סלט טורקי טעמי השוק,גרמים,400.00,100 גרם,false,,15.90,3.9750,true,1,258574
7290106520912,false,"שמנת 9% לבישול יטבתה 250 מ""ל מהדרין",שטראוס גרופ,IL,שמנת לבישול 9% יטבתה,מיליליטרים,250.00,"100 מ""ל",false,,8.00,3.2000,true,1,259950
7290106524439,false,"תפוצ'יפס פופס 60 גרם ""עלית""","שטראוס פריטו ליי בע""\מ )",IL,"תפוציפס תפו""א אפוי 6",גרמים,60.00,100 גרם,false,,3.50,5.8333,true,1,299920
7290106525399,false,קפסולות 06 ברזיל למכונות נספרסו עלית 10יח',הנסיך- מפעל לייצור ט,IL,קפסולות עלית מס 06 ב,גרמים,50.00,100 גרם,false,,15.50,31.0000,true,1,294645
7290106525405,false,קפסולות 07 נטול נספרסו עלית 10 יח',שטראוס קפה בי.וי.,IL,קפסולות עלית נטול מס,גרמים,50.00,100 גרם,false,,15.50,31.0000,true,1,291073
7290106526822,false,פריכיות אורז חום מלא תחתית שוקולד חלב 80 גרם,"טחנת האבן תעשיות בע""",IL,פריכיות אנרג'י תחתית,גרמים,80.00,100 גרם,false,,7.50,9.3750,true,1,267354
7290106527263,false,מארז תפוציפס כפול 16,שטראוס,IL,מארז תפוציפס כפול 16,גרמים,480.00,100 גרם,false,,23.90,4.9792,true,1,261901
7290106571563,false,אפרופו משפחתי 200 גר',"אסם השקעות בע""\מ",IL,אפרופו 200 גרם,גרמים,200.00,100 גרם,false,,9.90,4.9500,true,1,305580
7290106572027,false,אוסם - לחמית חמישה דגנים 190 גרם,"אסם השקעות בע""\מ",IL,לחמית חמישה דגנים 20,גרמים,200.00,100 גרם,false,,7.90,3.9500,true,1,258014
7290106572065,false,חטיפי פריכונים טורטיה חמוץ מתוק 60 גרם,"פרח תעשיות מזון בע""מ",IL,חטיפי טורטייה חמוץ מ,גרמים,60.00,100 גרם,false,,6.90,11.5000,true,1,258013
7290106573024,false,סירופ דיאט אננס 1 ליטר עסיס,בית השיטה עסיס תעשיו,IL,סירופ עסיס אננס דיאט,קילוגרמים,1.00,ליטר,false,,15.90,15.9000,true,1,299227
7290106573598,false,צבר חומוס לבנוני 400 גרם,סלטי צבר,IL,חומוס לבנוני 400 גרם,גרמים,400.00,100 גרם,false,,11.30,2.8250,true,1,287079
7290106573628,false,צבר חומוס עם טחינה 400 גרם,סלטי צבר,IL,חומוס עם טחינה צבר 4,גרמים,400.00,100 גרם,false,,7.90,1.9750,true,1,259987
7290106573642,false,חומוס צנוברים צבר 400 גרם,סלטי צבר,IL,חומוס צנובר צבר 400,גרמים,400.00,100 גרם,false,,11.90,2.9750,true,1,259986
7290106574953,false,בייגלה שטוחים כעכים שטוחים עם שומשום,מיוצר עי קונדיטוריית,IL,בייגלה שטוחים שומשום,גרמים,300.00,100 גרם,false,,7.90,2.6333,true,1,260668
7290106574977,false,בייגלה שטוחים כעכים שטוחים עם מלח,מיוצר עי קונדיטוריית,IL,בייגלה שטוחים מלח 30,גרמים,300.00,100 גרם,false,,7.90,2.6333,true,1,260667
7290106575257,false,עוגת הבית סופלה בטעם שוקולד 340 ג' אסם,מיוצר עי קונדיטוריית,IL,עוגת סופלה שוקולד אס,גרמים,340.00,100 גרם,false,,10.90,3.2059,true,1,262058
7290106575431,false,עוגת הבית סופלה בטעם שוקוניל 340 ג' אסם,מיוצר עי קונדיטוריית,IL,עוגת סופלה שוקו וניל,גרמים,340.00,100 גרם,false,,10.90,3.2059,true,1,262059
7290106576223,false,"אפרופו שוקולד 40 גרם ""אסם""",מיוצר עי קונדיטוריית,IL,אפרופו שוקולד 50 גרם,גרמים,50.00,100 גרם,false,,4.50,9.0000,true,1,298505
7290106576513,false,סלט חומוס צבר 400 גר,סלטי צבר,IL,חומוס 400 גרם צבר,גרמים,400.00,100 גרם,false,,9.90,2.4750,true,1,263447
7290106576537,false,חומוס מסעדות צבר 700 גרם,סלטי צבר,IL,חומוס מסעדה צבר 700,גרמים,700.00,100 גרם,false,,10.80,1.5429,true,1,262079
7290106576797,false,"לה קרמריה גלידת וניל איטלקי כשל""פ 1.4ל'",תות תעשיות מזון (201,IL,גלידה לה קרמריה וניל,קילוגרמים,1.40,ליטר,false,,18.50,13.2143,true,1,263076
7290106576810,false,גלידה לה קרמריה ריבת חלב 1.4 ל' נסטלה,לה קרמריה- נסטלה,IL,גלידה לה קרמריה ריבת,קילוגרמים,1.40,ליטר,false,,18.50,13.2143,true,1,263075
7290106576834,false,גלידה לה קרמריה פונטש בננה1.4 ל' נסטלה,תות תעשיות מזון (201,IL,גלידה לה קרמריה פונט,קילוגרמים,1.40,ליטר,false,,18.50,13.2143,true,1,263080
7290106576858,false,גלידה לה קרמריה תותים בשמנת 1.4 ל' נסטלה,גלידות נסטלה )נגה גלידות,IL,גלידה לה קרמריה תותי,קילוגרמים,1.40,ליטר,false,,18.50,13.2143,true,1,263079
7290106576971,false,גלידה לה קרמריה שוקולד בלגי 1.4 ל' נסטלה,תות תעשיות מזון (201,IL,גלידה לה קרמריה שוקו,קילוגרמים,1.40,ליטר,false,,18.50,13.2143,true,1,263074
7290106577039,false,גלידה לה קרמריה שוקו וניל פליק 1.4 ל' נסטלה,תות תעשיות מזון (201,IL,גלידה לה קרמריה וניל,קילוגרמים,1.40,ליטר,false,,18.50,13.2143,true,1,263077
7290106577282,false,טחינה אמיתית מרובע 400 ג' צבר,סלטי צבר,IL,טחינה צבר 400 גרם,גרמים,400.00,100 גרם,false,,11.90,2.9750,true,1,262068
7290106577572,false,מטבוחה אמיתית מרובע 400 ג' צבר,סלטי צבר,IL,מטבוחה צבר 400 גרם,גרמים,400.00,100 גרם,false,,11.90,2.9750,true,1,262067
7290106578241,false,"חטיף דובונים בטעם תפו""א 100 ג' אסם","אסם תעשיות בע""מ",IL,דובונים 100 גרם,גרמים,100.00,100 גרם,false,,8.90,8.9000,true,1,263404
7290106578692,false,ביסלי במבה מיקס מהדורת אליפות אסם 80 גרם,פרו מן יו פתרונות אר,IL,במבה ביסלי מיקס 80 ג,גרמים,80.00,100 גרם,false,,3.90,4.8750,true,1,264498
7290106578821,false,עוגת הבית שמרים קלאסית שוקולד אסם 350 גרם,מיוצר עי קונדיטוריית,IL,עוגת שמרים שוקולד אס,גרמים,350.00,100 גרם,false,,14.90,4.2571,true,1,264061
7290106658479,false,וופל טורטית שוקלד מגדים 40ג',"שטראוס גרופ בע""\מ",IL,טורטית 40 גרם,גרמים,40.00,100 גרם,false,,3.90,9.7500,true,1,321263
7290106663091,false,"לאבנה 9 % עם שמן זית 500 גר' ""שטראוס""",הדקלאים אגודת שיתופי,IL,לאבנה 9% שטראוס 500,מיליליטרים,500.00,"100 מ""ל",false,,17.90,3.5800,true,1,287848
7290106663503,false,קונפיטורה לייט תות יד מרדכי 230 גרם,אף.סי תבליני בגליל ב,IL,קונפיטורה תות לייט י,גרמים,250.00,100 גרם,false,,11.90,4.7600,true,1,267652
7290106664067,false,לאבנה עם שמן זית וזעתר 10% שטראוס 400 ג',הדקלאים אגודת שיתופי,IL,לאבנה עם שמן זית וזע,גרמים,400.00,100 גרם,false,,14.90,3.7250,true,1,289327
7290106664555,false,"רוטב שמנת עם עגבניות 9% שומן 250 מ""ל יוטבתה",שטראוס גרופ,IL,רוטב שמנת עגבניות 9%,מיליליטרים,250.00,"100 מ""ל",false,,10.30,4.1200,true,1,289614
7290106666788,false,עלית - סוכריות נוסטלגיה דבש ממולאות 80 גרם,שטראוס גרופ,PL,סוכריות ממולאות בטעם,גרמים,80.00,100 גרם,false,,4.90,6.1250,true,1,293162
7290106668713,false,יוגורט עם פירות יער 3% שומן 150 ג' דנונה,מיוצר עי קונדיטוריית,IL,דנונה פרי פירות יער,מיליליטרים,150.00,"100 מ""ל",false,,3.70,2.4667,true,1,287847
7290106669857,false,קפסולות אספרסו בטעם וניל עלית 10 יחידות,הנסיך- מפעל לייצור ט,IL,קפסולות עלית אספרסו,Unknown,0.00,יחידה,false,,15.50,0.0000,true,1,296809
7290106721906,false,צנצנת בזוקה מגדים ציקלט 66 גרם,"שטראוס גרופ בע""מ",IL,מסטיק בזוקה צנצנת מג,גרמים,66.00,100 גרם,false,,8.90,13.4848,true,1,288632
7290106721913,false,מסטיק מאסט MUST ללא סוכר בטעם מנטה מרעננת,"שטראוס גרופ בע""מ",IL,מסטיק בזוקה צנצנת רי,גרמים,66.00,100 גרם,false,,8.90,13.4848,true,1,288638
7290106721920,false,צנצנת מסטיק מאסט בטעם ספירמינט עדין 66 ג' עלית,"שטראוס גרופ בע""\מ.",IL,מסטיק ספירמינט צנצנת,גרמים,66.00,100 גרם,false,,8.90,13.4848,true,1,288637
7290106726178,false,יוגורט PRO עם פירות יער 2.4% 10 גרם חלבון בגביע,מיוצר עי קונדיטוריית,IL,דנונה WOW פירות יער,מיליליטרים,150.00,"100 מ""ל",false,,4.70,3.1333,true,1,289338
7290107280020,false,שלישיית מטליות לחות לניקוי כללי סנו סושי 50 יחידות,טרופיקל דגיל- תעשיות,IL,מטליות לחות סנו סושי,Unknown,0.00,יחידה,false,,16.90,0.0000,true,1,260918
7290107280341,false,ריצפז מטליות לחות לניקוי הרצפה בניחוח מלון מפנק,"סנו מפעלי ברונוס סע""",IL,מטליות לחות לרצפה בנ,Unknown,0.00,יחידה,false,,9.90,0.0000,true,1,309245
7290107280563,false,ג'ל אוקסיג'ן בייבי סנו 3 ליטר,"איי, בי, אינבוו",IL,גל אוקסיגן בייבי 3 ל,קילוגרמים,3.00,ליטר,false,,27.90,9.3000,true,1,266729
7290107280600,false,טבליות למדיח סנו ספארק 100 טבליות במארז,גרופה אינקו,PL,טבליות ספארק למדיח 1,פריט,2.00,"ק""ג",false,,47.90,23.9500,true,1,299608
7290107280655,false,"אבקת כביסה בייבי סנו מקסימה 3.25 ק""ג",סנו מקסימה,IL,אבקת מקסימה בייבי 3.,פריט,3.25,"ק""ג",false,,29.90,9.2000,true,1,267515
7290107280709,false,"סנו ספארק נוזל הברקה למדיח 700 מ""ל","סנו מפעלי ברונוס בע""\מ",IL,נוזל הברקה למדיח ספא,מיליליטרים,700.00,"100 מ""ל",false,,11.90,1.7000,true,1,269282
7290107280716,false,מלח למדיח להגנה מפני אבנית סנו ספארק Spark,סנו,IL,"מלח למדיח ספארק 2 ק""",פריט,2.00,"ק""ג",false,,9.90,4.9500,true,1,269284
7290107280761,false,נוזל לניקוי כלים בניחוח לימון רענן סנו ספארק Spark,מיוצר עי קונדיטוריית,IL,נוזל כלים ספארק + מש,קילוגרמים,1.00,ליטר,false,,9.90,9.9000,true,1,268009
7290107871532,false,מאגדת קרחוני מלון דובדבן נסטלה 10 יחידות,גלידות נסטלה )נגה גלידות,IL,קרחוני נסטלה בטעם מל,גרמים,800.00,100 גרם,false,,16.90,2.1125,true,1,268488
7290107871990,false,"פסטה צינורות 500 גרם ""אסם""",פסטה זארה,IT,פסטה צינורות אסם 500,גרמים,500.00,100 גרם,false,,4.90,0.9800,true,1,265941
7290107877619,false,מארז במבה במילוי קרם נוגט 5*30ג' אסם,"אסם השקעות בע""\מ",IL,מארז במבה במילוי נוג,גרמים,150.00,100 גרם,false,,11.90,7.9333,true,1,290243
7290107930321,false,קונפיטורת יד מרדכי דובדובן 340 גרם,"בית אל מזון בע""מ",IL,קונפיטורה דובדבן יד,גרמים,340.00,100 גרם,false,,9.70,2.8529,true,1,288633
7290107932080,false,חלב מועשר יוטבתה בבקבוק 3% 1 ליטר,מחלבת יטבתה,IL,חלב מועשר 3% יטבתה 1,קילוגרמים,1.00,ליטר,false,,7.60,7.6000,true,1,294355
7290107932134,false,חלב מועשר יוטבתה בבקבוק 1% 1 ליטר,מחלבת יטבתה,IL,חלב מועשר 1% יטבתה 1,קילוגרמים,1.00,ליטר,false,,7.60,7.6000,true,1,294357
7290107934473,false,שמינייה יוגורט לבן אקטיביה 1.5% דנונה 150 גרם,"שטראוס גרופ בע""\מ",IL,מארז יוגורט אקטיביה,קילוגרמים,1.20,ליטר,false,,20.90,17.4167,true,1,288800
7290107937542,false,משקה יוגורט אקטיביה עם תות 1.2% שומן,מיוצר עי קונדיטוריית,IL,משקה אקטיביה תות 1.2,גרמים,250.00,100 גרם,false,,5.10,2.0400,true,1,311660
7290107937634,false,צנצנית מסטיק מאסט קוביות פפירמינט 58 ג' עלית,אסקום קונפקשיין,DE,מסטיק מאסט צנצנת קוב,גרמים,58.00,100 גרם,false,,8.90,15.3448,true,1,294367
7290107937641,false,צנצנת מסטיק בזוקה קוביות ללא סוכר,אסקום קונפקשיין,DE,מסטיק בזוקה קוביות צ,גרמים,58.00,100 גרם,false,,8.90,15.3448,true,1,294366
7290107937856,false,קפסולות 11חזק למכונות נספרסו עלית 10יח',הנסיך- מפעל לייצור ט,IL,קפסולות עלית מס 11 ל,גרמים,50.00,100 גרם,false,,15.50,31.0000,true,1,294644
7290107938396,false,שמיניית אקטימל תות דיסני בנים 108 גרם,מיוצר עי קונדיטוריית,IL,אקטימל תות דנונה 8*1,מיליליטרים,800.00,"100 מ""ל",false,,19.50,2.4375,true,1,304035
7290107940467,false,אקטיביה יוגורט 1.5% שומן 200 ג' דנונה,מיוצר עי קונדיטוריית,IL,יוגורט אקטיביה 1.5%,מיליליטרים,200.00,"100 מ""ל",false,,3.90,1.9500,true,1,293213
7290107943369,false,קוואקר שיבולת שועל ללא גלוטן 511 גרם,היידי שוקולד בירונטי,US,שיבולת שועל ל.גלוטן,גרמים,511.00,100 גרם,false,,17.90,3.5029,true,1,302790
7290107944243,false,אפיפיות בטעם שוקולד 200 גרם כשר לפסח,"שטראוס גרופ בע""\מ",IL,ופל אפיפית בטעם שוקו,גרמים,200.00,100 גרם,false,,6.90,3.4500,true,1,316247
7290107944472,false,סימפוניה גבינה במרקם שמנת 5% שום שמיר,"שטראוס בריאות בע""\מ",IL,גבינת שמנת שום שמיר,גרמים,200.00,100 גרם,false,,9.70,4.8500,true,1,294985
7290107945165,false,קונפיטורת משמש יד מרדכי 340 גרם,אף.סי תבליני בגליל ב,IL,קונפיטורה משמש יד מר,גרמים,340.00,100 גרם,false,,9.70,2.8529,true,1,296715
7290107950190,false,מעדן חלב דל קלוריות בטעם שוקולד מריר 0.5% שומן,מיוצר עי קונדיטוריית,IL,מעדן דיאט שוקולד מרי,מיליליטרים,130.00,"100 מ""ל",false,,3.40,2.6154,true,1,294348
7290107950206,false,מעדן חלב דל קלוריות בטעם שוקולד 0% שומן,מיוצר עי קונדיטוריית,IL,מעדן דיאט שוקולד 0%,מיליליטרים,130.00,"100 מ""ל",false,,3.40,2.6154,true,1,294349
7290107951104,false,בפלות ופלים ארוכים בטעם שוקולד,"שטראוס גרופ בע""\מ",IL,בפלות שוקולד 200 גרם,גרמים,200.00,100 גרם,false,,3.90,1.9500,true,1,294654
7290107953559,false,"מארז קפה טורקי עלית לדרך כשל""פ 168 גרם",הנסיך- מפעל לייצור ט,IL,קפה טורקי לדרך 24 יח,גרמים,168.00,100 גרם,false,,17.90,10.6548,true,1,308944
7290107954709,false,"קונפיטורת פירות יער ""יד מרדכי"" 340 גר'","ב.א. מזון בע""\מ",IL,קונפיטורה פירות יער,גרמים,340.00,100 גרם,false,,9.70,2.8529,true,1,325507
7290107956642,false,"תרסיס שמן זית 150 מ""ל יד מרדכי כשלפ",פארייפאבה אגרואינדוס,ES,תרסיס שמן זית יד מרד,מיליליטרים,150.00,"100 מ""ל",false,,14.90,9.9333,true,1,315069
7290107956710,false,מארז מיני מילקי 70 גרם 16 יחידות,"שטראוס גרופ בע""\מ",IL,מארז מילקי מיני שוקו,פריט,1.12,"ק""ג",false,,20.90,18.6607,true,1,296890
7290107956925,false,קפסולות 13 אוגנדה למכונת נספרסו עלית 10יח',שטראוס קפה בי.וי.,IL,קפסולות עלית מס 13 א,גרמים,50.00,100 גרם,false,,15.50,31.0000,true,1,302807
7290107956932,false,קפסולות אספרסו אידונזיה למכונות 50 גר,שטראוס קפה בי.וי.,IL,קפסולות עלית מס 12 ל,גרמים,50.00,100 גרם,false,,15.50,31.0000,true,1,299757
7290107956963,false,"דנונה וניל 3% תות מארז 12X100מ""ל",שטראוס מחלבות,IL,מארז דנונה פרי תות 1,פריט,1.20,"ק""ג",false,,20.90,17.4167,true,1,298194
7290107957113,false,גבינת סימפוניה 5% עם זיתים פיקנטים 200 גרם,"שטראוס בריאות בע""\מ",IL,גבינת שמנת זיתים פיק,גרמים,200.00,100 גרם,false,,9.70,4.8500,true,1,303028
7290107958035,false,יוגורט במתיקות מעודנת 2% ללא תוספת סוכר- מארז 8 יח,"שטראוס בריאות בע""\מ",IL,מארז דנונה במתיקות 8,פריט,1.20,"ק""ג",false,,18.90,15.7500,true,1,299295
7290107958639,false,"מטבוחה מרוקאית חריפה 400 גרם ""אחלה""",מיוצר עי קונדיטוריית,IL,מטבוחה מרוקאית חריפה,גרמים,400.00,100 גרם,false,,15.90,3.9750,true,1,320033
7290107970020,false,תרסיס אגקס חלונות 3*,קולגייט פלמוליב,BY,תרסיס אגקס חלונות 3*,קילוגרמים,2.25,ליטר,false,,27.90,12.4000,true,1,287480
7290107971720,false,משחת קולגייט טריפל א,קולגייט פלמוליב,PL,משחת קולגייט טריפל א,גרמים,450.00,100 גרם,false,,27.90,6.2000,true,1,289991
7290107971751,false,מי פה קולגייט טוטל ללא אלכוהול פפרמינט,יבואן ומשווק: ש. שסט,PL,מי פה קולגייט טוטאל,מיליליטרים,500.00,"100 מ""ל",false,,14.90,2.9800,true,1,321506
7290107973861,false,מאסטר שף עגבניות קצוצות דק שלישיה 400ג*3 כשלפ,קונסרזיו קאסאלאסקו ד,IT,מארז עגבניות קצוצות,פריט,1.20,"ק""ג",false,,15.90,13.2500,true,1,295028
7290107974301,false,ליידי ספיד סטיק - דאודורנט ג'ל לאישה אלוורה 45 גרם,ליידי ספיד סטיק Lady Speed Stick,US,דאו גל ליידי ספיד סט,גרמים,65.00,100 גרם,false,,18.90,29.0769,true,1,302468
7290107975346,false,ספיד סטיק - דאודורנט ג'ל לגבר כוח הטבע 85 גרם,קולגייט-פלמוליב,US,דאו גל ספיד סטיק כח,Unknown,0.00,יחידה,false,,17.90,0.0000,true,1,302473
7290107975360,false,ליידי ספיד סטיק - דאודורנט ג'ל לאישה 24/7 פיור פרש 65 גרם,ליידי ספיד סטיק Lady Speed Stick,US,דאו גל ליידי ספיד סט,Unknown,0.00,יחידה,false,,18.90,0.0000,true,1,302467
7290107975544,false,"קולגייט משחת שיניים סמיילס ברבי לגילאי 6 50מ""ל",קולגייט- פלמוליב,PL,משחת קולגייט ילדים ב,מיליליטרים,50.00,"100 מ""ל",false,,11.90,23.8000,true,1,302750
7290107976848,false,פלמוליב סבון מוצק קמומיל רביעייה 360 ג,קולגייט-פלמוליב,TR,סבון מוצק פלמוליב קמ,גרמים,360.00,100 גרם,false,,14.90,4.1389,true,1,301407
7290107977456,false,"פלמוליב - ג'ל רחצה ושמפו ספורט לגבר 750 מ""ל",קולגייט פלמוליב,TR,ג'ל רחצה פלמוליב לגב,מיליליטרים,750.00,"100 מ""ל",false,,13.50,1.8000,true,1,308648
7290107978132,false,קולגייט מברשת זיגזג שישייה,קולגייט פלמוליב,PL,מברשת קולגייט זיג זג,Unknown,0.00,יחידה,false,,9.90,0.0000,true,1,311661
7290107978453,false,חטיף בטעם גריל קראנצ,קראנצ'וס,IL,קראנצוס גריל 55 גרם,גרמים,55.00,100 גרם,false,,1.90,3.4545,true,1,298233
7290107978460,false,חטיף בטעם פלאפל קראנ,מנה,IL,קראנצוס פלאפל 55 גרם,גרמים,55.00,100 גרם,false,,1.90,3.4545,true,1,298232
7290108350531,false,סנו ספארק נוזל כלים בניחוח קלאסי עם משאבה 1 ל',מיוצר עי קונדיטוריית,IL,נוזל כלים ספארק + מש,קילוגרמים,1.00,ליטר,false,,9.90,9.9000,true,1,287512
7290108350548,false,סנו ספארק נוזל כלים בניחוח לבנדר עם משאבה 1 ל',מיוצר עי קונדיטוריית,IL,נוזל כלים ספארק + מש,קילוגרמים,1.00,ליטר,false,,9.90,9.9000,true,1,287513
7290108350616,false,סנו - מקסימה מרכך כביסה מרוכז פריחה כחולה 1 ליטר,"סנו מפעלי ברונוס בע""\מ",IL,מרכך מקסימה סופר מרו,קילוגרמים,1.00,ליטר,false,,16.90,16.9000,true,1,291961
7290108350623,false,מרכך כביסה סופר מרוכז סופט סילק מקסימה 1 ל' סנו,"סנו מפעלי ברונוס בע""\מ",IL,מרכך מקסימה סופר מרו,קילוגרמים,1.00,ליטר,false,,16.90,16.9000,true,1,291960
7290108351507,false,מרכך כביסה אינספרישיין סנו מקסימה 4 ליטר,סנו מקסימה,IL,מרכך מקסימה אינספריי,קילוגרמים,4.00,ליטר,false,,21.50,5.3750,true,1,295120
7290108351514,false,מרכך כביסה בלו בלוסום סנו מקסימה 4 ליטר,סנו מקסימה,IL,מרכך מקסימה בלוסום 4,קילוגרמים,4.00,ליטר,false,,21.50,5.3750,true,1,295119
7290108351521,false,גל כביסה סנו מקסימ בניחוח מאסק 5 ל,סנו מקסימה,IL,גל מקסימה מאסק 5 ליט,קילוגרמים,5.00,ליטר,false,,41.90,8.3800,true,1,299688
7290108351613,false,סנו ריצפז פרש הום בניחוח מלון חלומי 2 ל,"סנו מפעלי ברונוס בע""\מ",IL,ריצפז פרש הום מלון ח,קילוגרמים,2.00,ליטר,false,,19.70,9.8500,true,1,296805
7290108351675,false,גל כביסה סנו מקסימה מיקס אנד ווש 5 ל,סנו מפעלי ברונוס בעמ,IL,גל מקסימה מיקס אנד ו,קילוגרמים,5.00,ליטר,false,,41.90,8.3800,true,1,324222
7290108351682,false,גל כביסה סנו מקסימה ביו קולד ווטר 5 ל,"סנו מפעלי ברונוס בע""\מ",IL,גל מקסימה ביו קולד 5,קילוגרמים,5.00,ליטר,false,,41.90,8.3800,true,1,302454
7290108351804,false,מרכך כביסה סופר מרוכז Gentl Breeze סנו מקסימה 1 ליטר,מיוצר עי קונדיטוריית,IL,מרכך מקסימה סופר מרו,קילוגרמים,1.00,ליטר,false,,16.90,16.9000,true,1,307680
7290108351811,false,מרכך כביסה סופר מרוכז Floral touch סנו מקסימה 1 ליטר,מיוצר עי קונדיטוריית,IL,מרכך מקסימה סופר מרו,קילוגרמים,1.00,ליטר,false,,16.90,16.9000,true,1,307681
7290108351835,false,מרכך כביסה Pure Sensation סנו מקסימה 4 ליטר,מיוצר עי קונדיטוריית,IL,מרכך מקסימה פלורל 4,קילוגרמים,4.00,ליטר,false,,21.50,5.3750,true,1,309021
7290108352047,false,אורביטול - צמד מברשות שיניים 808 + חוט דנטלי במתנה,החברה הדרומית,CN,מברשת אורביטול לחניכ,Unknown,0.00,יחידה,false,,18.90,0.0000,true,1,322977
7290108352054,false,אורביטול - צמד מברשות שיניים 980 + חוט דנטלי במתנה,החברה הדרומית,CN,מברשת אורביטול סיבים,Unknown,0.00,יחידה,false,,18.90,0.0000,true,1,322978
7290108352115,false,סנובון ווייב לאסלה בתוספת אקונומיקהה 45X3ג',סנו סנובון,IL,סבון אסלה סנובון ז'א,גרמים,165.00,100 גרם,false,,9.90,6.0000,true,1,309452
7290108352146,false,"סנובון נוזלי בניחוח מנגוליה ונרולי סנו 750 מ""ל",סנו מפעלי ברונוס בעמ,IL,סנובון ג'ל מגנוליה ו,מיליליטרים,750.00,"100 מ""ל",false,,8.90,1.1867,true,1,311355
7290108352153,false,"סנובון נוזלי בניחוח לוטוס וסחלב סנו 750 מ""ל",מיוצר עי קונדיטוריית,IL,סנובון ג'ל לוטוס וסח,מיליליטרים,750.00,"100 מ""ל",false,,8.90,1.1867,true,1,311354
7290108352207,false,מקסימה 40 קפסולות לכביסה בניחוח fresh burst,"גליל כימיקלים, א.ת. צפונ",IL,קפסולות ג'ל מקסימה פ,Unknown,0.00,יחידה,false,,28.90,0.0000,true,1,311356
7290108352214,false,סנו - מקסימה קפסולות כביסה בניחוח בריזה מרעננת 40 יח',טרופיקל דגיל תעשיות,IL,קפסולות ג'ל מקסימה ב,Unknown,0.00,יחידה,false,,28.90,0.0000,true,1,311357
7290108352252,false,נוזל לניקוי כלים מתאים לניקוי ירקות ופירות סנו ספארק,"סנו מפעלי ברונוס בע""\מ",IL,נוזל כלים ספארק לחיט,קילוגרמים,1.00,ליטר,false,,9.90,9.9000,true,1,312970
7290108352337,false,"סנו - פרש מילוי למטהר אוויר מלון מפנק 250 מ""ל",מיוצר עי קונדיטוריית,IL,מבשם אויר סנו פרש או,מיליליטרים,250.00,"100 מ""ל",false,,12.90,5.1600,true,1,322989
7290108352344,false,"פרש מבשם אויר אוטומטי בניחוח לבנדר סנו 250 מ""ל",מיוצר עי קונדיטוריית,IL,מבשם אויר סנו פרש או,מיליליטרים,250.00,"100 מ""ל",false,,12.90,5.1600,true,1,322990
7290108352399,false,ריצפז פרש הום בניחוח מרכך כביסה פלורל טאצ',"סנו מפעלי ברונוס בע""\מ",IL,ריצפז פרש הום בניחוח,קילוגרמים,2.00,ליטר,false,,19.70,9.8500,true,1,321499
7290108352450,false,ריצפז פרש הום בניחוח מרכך כביסה בלו בלוסום,סנו מפעלי ברונוס בעמ,IL,ריצפז פרש הום בניחוח,קילוגרמים,2.00,ליטר,false,,19.70,9.8500,true,1,325289
7290108352498,false,מכשיר אוטומטי מעוצב ואלגנטי עם מילוי מלון בוטיק סנו פרש,"יצרן מכשיר: זובלה, יצרן",IL,סנו פרש מכשיר אוטומט,Unknown,0.00,יחידה,false,,39.90,0.0000,true,1,322987
7290108352511,false,ניקוי וחיטוי מכונת הכביסה בתוספת חומץ סנו מקסימה,"סנו מפעלי ברונוס בע""\מ",IL,מקסימה ניקוי וחיטוי,מיליליטרים,500.00,"100 מ""ל",false,,11.90,2.3800,true,1,316854
7290108352566,false,מרכך כביסה בבישום עוצמתי 4 ל' סנו מקסינה,"סנו מפעלי ברונוס בע""\מ",IL,מרכך מקסימה ג'וי 4 ל,קילוגרמים,4.00,ליטר,false,,21.50,5.3750,true,1,321503
7290108352573,false,מרכך כביסה סנו מקסימה בבישום עוצמתי 4 ליטר,"סנו מפעלי ברונוס בע""\מ",IL,מרכך מקסימה קאלם 4 ל,קילוגרמים,4.00,ליטר,false,,21.50,5.3750,true,1,322976
7290108352672,false,צמד מטליות הפלא לרצפה מיקרפייבר סנו סושי,סנו מפעלי ברונוס.,CN,מטליות רצפה מיקרופיי,Unknown,0.00,יחידה,false,,19.90,0.0000,true,1,297309
7290108352689,false,כריות קרצוף ללכלוך קשה סנו סושי 9 יחידות,טרופיקל דגיל תעשיות,US,כריות קרצוף סנו סושי,Unknown,0.00,יחידה,false,,9.90,0.0000,true,1,292002
7290108352696,false,"סנו סושי- ניילון נצמד+ רחב במיוחד 45 ס""מ",פפין ונטג,IL,ניילון נצמד סנו סושי,מטרים,100.00,מטר,false,,29.90,0.2990,true,1,304071
7290108352825,false,ספוג הפלא נירוסטה סנו סושי 3יח',ltdn s.k.a.tסנו מפעלי בר,CN,ספוג הפלא נירוסטה סנ,Unknown,0.00,יחידה,false,,9.90,0.0000,true,1,302458
7290108352900,false,מגבות נייר בגליל כפול סנו סושי 12=6 גלילים,סנו מפעלי ברונוס בעמ,IL,מגבות נייר סנו סושי,מטרים,126.60,מטר,false,,22.90,0.1809,true,1,307212
7290108353532,false,"שקיות אשפה חזקות עם שרוך לארג' 54 * 65 ס""מ סנו סושי 100 יחידות",סנו סושי,IL,שקיות אשפה עם שרוך 5,Unknown,0.00,יחידה,false,,29.90,0.0000,true,1,309249
7290108353556,false,נייר טואלט סופט שלוש שכבות 32 גלילים סנו,טרופיקל דגיל תעשיות,IL,נייר טואלט תלת שכבתי,מטרים,537.00,מטר,false,,43.90,0.0818,true,1,324989
7290108353747,false,"תחליב רחצה אירוודה, בניחוח טונקה 600 מ""ל קרימה","קוסמופארם בע""\מ",IL,תחליב קרמה + משאבה א,מיליליטרים,600.00,"100 מ""ל",false,,16.50,2.7500,true,1,324012
7290108353761,false,"תחליב רחצה זן, בניחוח קשמיר 600 מ""ל קרימה","קוסמופארם בע""\מ",IL,תחליב קרמה + משאבה ז,מיליליטרים,600.00,"100 מ""ל",false,,16.50,2.7500,true,1,324013
7290108353815,false,"תחליב רחצה מדיטציה, בניחוח פצ'ולי לבנדר 600 מ""ל קרימה","קוסמופארם בע""\מ",IL,תחליב קרמה + משאבה מ,מיליליטרים,600.00,"100 מ""ל",false,,16.50,2.7500,true,1,324014
7290108353891,false,"קרמה - דאודורנט רול און לאישה קרמה מאסק 75 מ""ל","קוסמופארם בע""\מ",IL,דאו רול און קרמה מאס,מיליליטרים,75.00,"100 מ""ל",false,,11.90,15.8667,true,1,313001
7290108353907,false,"קרמה - דאודורנט רול און לאישה קרמה קלאסי 75 מ""ל","קוסמופארם בע""\מ",IL,דאו רול און קרמה קלא,מיליליטרים,75.00,"100 מ""ל",false,,11.90,15.8667,true,1,313002
7290108353983,false,"קרמה - קרם גוף קרמה קלאסי 500 מ""ל",טרופיקל דגיל תעשיות,IL,קרם גוף קרמה קלאסי 5,מיליליטרים,500.00,"100 מ""ל",false,,21.90,4.3800,true,1,312993
7290108353990,false,"קרמה - קרם גוף קרמה מאסק 500 מ""ל",טרופיקל דגיל תעשיות,IL,קרם גוף קרמה מאסק 50,מיליליטרים,500.00,"100 מ""ל",false,,21.90,4.3800,true,1,312994
7290108354065,false,קרמה מן גל רחצה פילינג 700 מל לגבר,קוסמופארם בע'\'\מ,IL,גל רחצה קרמה מן פילי,מיליליטרים,700.00,"100 מ""ל",false,,14.90,2.1286,true,1,321497
7290108354270,false,מרכך כביסה מרוכז בבישום עוצמתי 1 ל' סנו מקסימה,מיוצר עי קונדיטוריית,IL,מרכך מקסימה סופר מרו,קילוגרמים,1.00,ליטר,false,,16.90,16.9000,true,1,321504
7290108354416,false,"תחליב רחצה יוגה, בניחוח ברגמוט 600מ""ל קרימה","קוסמופארם בע""\מ",IL,תחליב קרמה + משאבה י,מיליליטרים,600.00,"100 מ""ל",false,,16.50,2.7500,true,1,324015
7290108354430,false,"שמפו כיף לשיקום והזנה שמן קוקוס וקרטין 700 מ""ל",קוסמופארם בעמ,IL,שמפו כיף שמן קוקוס ו,מיליליטרים,700.00,"100 מ""ל",false,,9.90,1.4143,true,1,315004
7290108354447,false,"מרכך כיף לשיקום והזנה שמן קוקוס וקרטין 700 מ""ל",גוד פוד פרודקטס S.p,IL,מרכך כיף שמן קוקוס ו,מיליליטרים,700.00,"100 מ""ל",false,,9.90,1.4143,true,1,315005
7290108354492,false,"קרליין שמפו 10 לשיער שמן ארגן 700 מ""ל","קוסמופארם בע""\מ",IL,שמפו קרליין 10 ארגן,מיליליטרים,700.00,"100 מ""ל",false,,10.90,1.5571,true,1,324400
7290108354607,false,"שמפו בניחוח מי קקטוס ושמן באבאסו 750 מ""ל נקה 7","אמיליה קוסמטיקס בע""מ",IL,שמפו נקה 7 ביו 750,מיליליטרים,750.00,"100 מ""ל",false,,8.70,1.1600,true,1,322974
7290108354614,false,"מרכך בניחוח מי קקטוס ושמן באבאסו 750 מ""ל נקה 7","אמיליה קוסמטיקס בע""מ",IL,מרכך נקה 7 ביו 750,מיליליטרים,750.00,"100 מ""ל",false,,8.70,1.1600,true,1,322975
7290108354850,false,"קרמה דאודורנט רול און בריזת ים 75 מ""ל",החברה הדרומית,IL,דאו רול און קרמה ברי,מיליליטרים,75.00,"100 מ""ל",false,,11.90,15.8667,true,1,313003
7290108355154,false,"שמפו שמני הזנה נקה 7 750 מ""ל","אמיליה קוסמטיקס בע""מ",IL,שמפו נקה 7 שמני הזנה,מיליליטרים,750.00,"100 מ""ל",false,,8.70,1.1600,true,1,302459
7290108355161,false,"מרכך שיער שמני הזנה 750 מ""ל נקה 7","אמיליה קוסמטיקס בע""מ",IL,מרכך נקה 7 שמני הזנה,מיליליטרים,750.00,"100 מ""ל",false,,8.70,1.1600,true,1,302460
7290108355468,false,"דאורדורנט רול און קרמה נרולי ומגנוליה 75 מ""ל","קוסמופארם בע""\מ",IL,דאו רול און קרמה נרו,מיליליטרים,75.00,"100 מ""ל",false,,11.90,15.8667,true,1,313005
7290108356106,false,כיף תחליב רחצה חלב שקדים 700 מל,החברה הדרומית,IL,תחליב רחצה כיף חלב ש,מיליליטרים,700.00,"100 מ""ל",false,,9.90,1.4143,true,1,303307
7290108356113,false,כיף תחליב רחצה חלב ודבש 700 מל,קוסמופארם בעמ,IL,תחליב רחצה כיף חלב ו,מיליליטרים,700.00,"100 מ""ל",false,,9.90,1.4143,true,1,303308
7290108356120,false,"תחליב רחצה כיף קוקוס וניל 700 מ""ל",קוסמופארם,IL,תחליב רחצה כיף קוקוס,מיליליטרים,700.00,"100 מ""ל",false,,9.90,1.4143,true,1,303310
7290108356151,false,"תחליב רחצה כיף מאסק יסמין 700 מ""ל",גוד פוד פרודקטס S.p,IL,תחליב רחצה כיף מאסק,מיליליטרים,700.00,"100 מ""ל",false,,9.90,1.4143,true,1,303306
7290108356168,false,"כיף - תחליב רחצה אוקיינוס 700 מ""ל",גוד פוד פרודקטס S.p,IL,תחליב רחצה כיף אוקיי,מיליליטרים,700.00,"100 מ""ל",false,,9.90,1.4143,true,1,303311
7290108356489,false,"כיף - תחליב רחצה אפרסק וחמאת מורומורו 700 מ""ל",קוסמופארם בעמ,IL,תחליב רחצה כיף אפרסק,מיליליטרים,700.00,"100 מ""ל",false,,9.90,1.4143,true,1,322982
7290108356519,false,קרליין שמפו 10למניעת קשקשים 700מל,"קוסמופארם בע""\מ",IL,שמפו קרליין 10 פרוטא,מיליליטרים,700.00,"100 מ""ל",false,,10.90,1.5571,true,1,324398
7290108356526,false,"קרליין - שמפו 10 לשיער יבש 700 מ""ל","קוסמופארם בע""\מ",IL,שמפו קרליין 10 פרוטא,מיליליטרים,700.00,"100 מ""ל",false,,10.90,1.5571,true,1,324399
7290108356533,false,קרוליין 10 שמפו לשיער מתולתל 700 מל,"קוסמופארם בע""\מ",IL,שמפו קרליין 10 פרוטא,מיליליטרים,700.00,"100 מ""ל",false,,10.90,1.5571,true,1,324401
7290108356540,false,"שמפו 10 לשיער צבוע 700 מ""ל קרליין","קוסמופארם בע""\מ",IL,שמפו קרליין 10 פרוטא,מיליליטרים,700.00,"100 מ""ל",false,,10.90,1.5571,true,1,324402
7290108356564,false,"קרליין - מרכך 10 לשיער רגיל 700 מ""ל","קוסמופארם בע""\מn\",IL,מרכך קרליין 10 פרוטא,מיליליטרים,700.00,"100 מ""ל",false,,10.90,1.5571,true,1,324404
7290108356571,false,"קרליין - מרכך 10 לשיער יבש 700 מ""ל","קוסמופארם בע""\מ",IL,מרכך קרליין 10 פרוטא,מיליליטרים,700.00,"100 מ""ל",false,,10.90,1.5571,true,1,324405
7290108356588,false,קרוליין 10 מרכך לשיער מתולתל 700 מל,"קוסמופארם בע""\מ",IL,מרכך קרליין 10 פרוטא,מיליליטרים,700.00,"100 מ""ל",false,,10.90,1.5571,true,1,324406
7290108356595,false,קרוליין 10 מרכך לשיער צבוע 700 מל,"קוסמופארם בע""\מ",IL,מרכך קרליין 10 פרוטא,מיליליטרים,700.00,"100 מ""ל",false,,10.90,1.5571,true,1,324407
7290108356854,false,מגבוני בייבי כיף בניוח עדין מארז חמישייה,"טרופיקל דגיל בע""\מ",IL,מגבונים בייבי כיף 5*,Unknown,0.00,יחידה,false,,17.90,0.0000,true,1,318786
7290108356861,false,מגבוני בייבי כיף ללא בישום מארז חמישייה,"טרופיקל דגיל בע""\מ",IL,מגבונים בייבי כיף 5*,Unknown,0.00,יחידה,false,,17.90,0.0000,true,1,318795
7290108356892,false,ריצפז פרש הום 2ליטר בניחוח מלון אקזוטי,סנו,IL,ריצפז פרש הום מלון א,קילוגרמים,2.00,ליטר,false,,19.70,9.8500,true,1,325290
7290108357004,false,כיף שמפו ורד ושמן קוקוי לרכות וברק,טרופיקל דגיל תעשיות,IL,שמפו כיף ורד ושמן קו,מיליליטרים,700.00,"100 מ""ל",false,,9.90,1.4143,true,1,311350
7290108357011,false,כיף קונדישינר לשיער שמן קוקוי 700 מל,טרופיקל דגיל תעשיות,IL,מרכך כיף ורד ושמן קו,מיליליטרים,700.00,"100 מ""ל",false,,9.90,1.4143,true,1,311351
7290108357189,false,"מבשם ומרכך למייבש הכביסה מקסימה פלורל 750 מ""ל סנו","סנו מפעלי ברונוס בע""\מ",IL,תרסיס מקסימה למייבש,מיליליטרים,750.00,"100 מ""ל",false,,13.50,1.8000,true,1,311352
7290108357202,false,סנוקליר לניקוי בניחוח בלו בלוסום 1 ליטר,"סנו מפעלי ברונוס בע""\מ",IL,תרסיס סנוקליר בלו בל,קילוגרמים,1.00,ליטר,false,,9.90,9.9000,true,1,315006
7290108357226,false,"אוקסיגן POWER אבקה לכביסה לבנה והסרת כתמים 1.4 ק""ג סנו",החברה הדרומית,IL,אבקת אוקסיג'ן לכביסה,פריט,1.40,"ק""ג",false,,28.90,20.6429,true,1,322983
7290108357240,false,סנו אוקסיג'ן אבקה לכביסה להסרת כתמים קשים,החברה הדרומית,IL,אבקת אוקסיג'ן לכביסה,פריט,1.40,"ק""ג",false,,28.90,20.6429,true,1,322984
7290108357257,false,סנו - פרש מכשיר אוטומטי לבישום אוויר בתוספת מילוי אולטרא פרש,"יצרן מכשיר: זובלה, יצרן",IL,סנו פרש מכשיר אוטומט,Unknown,0.00,יחידה,false,,39.90,0.0000,true,1,322988
7290108357264,false,"פרש אוטומטי מילוי בניחוח מרכך הכביסה אולטרה 375 מ""ל סנו",סנו מפעלי ברונוס בעמ,IL,מבשם אויר סנו פרש או,מיליליטרים,250.00,"100 מ""ל",false,,12.90,5.1600,true,1,322991
7290108357271,false,סנובון ג'ל לניקוי אסלות עם חמצן פעיל לניקוי עוצמתי,סנו מפעלי ברונוס בעמ,IL,סנובון ג'ל אוקסיג'ן,מיליליטרים,750.00,"100 מ""ל",false,,8.90,1.1867,true,1,322980
7290108357288,false,אקונומיקה ז'אוול בניחוח פריחה לבנה 4 ל' סנו,סנו ז'אוול Javel,IL,אקונומיקה סנו גאוול,קילוגרמים,4.00,ליטר,false,,16.90,4.2250,true,1,321500
7290108357295,false,"מרסס אוקסיג'ן מסיר כתמים סנו לכביסה לבנה 750 מ""ל","סנו מפעלי ברונוס בע""\מ",IL,תרסיס אוקסיגן לכביסה,מיליליטרים,750.00,"100 מ""ל",false,,17.70,2.3600,true,1,322981
7290108357394,false,"תחליב רחצה קרמה חלב ודבש 700 מ""ל",קוסמופארם בע'\'\מ,IL,תחליב קרמה חלב ודבש,מיליליטרים,700.00,"100 מ""ל",false,,16.50,2.3571,true,1,316849
7290108357417,false,"קרמה - קרם גוף קרמה ורד ווניל 500 מ""ל",טרופיקל דגיל תעשיות,IL,קרם גוף קרמה ורד וני,מיליליטרים,500.00,"100 מ""ל",false,,21.90,4.3800,true,1,312998
7290108357707,false,"כיף שמפו לשיער רגיל- תפוח זרעי צ'יה 700 מ""ל",גוד פוד פרודקטס S.p,IL,שמפו כיף לשיער רגיל,מיליליטרים,700.00,"100 מ""ל",false,,9.90,1.4143,true,1,305614
7290108357714,false,"כיף שמפו לשיער יבש -רימונים ושמן ארגן 700 מ""ל",גוד פוד פרודקטס S.p,IL,שמפו כיף לשיער יבש 7,מיליליטרים,700.00,"100 מ""ל",false,,9.90,1.4143,true,1,305612
7290108357745,false,שמפו ומרכך 2 ב-1 תאנה ומנטה לכל סוגי השיער,גוד פוד פרודקטס S.p,IL,שמפו ומרכך כיף תאנה,מיליליטרים,700.00,"100 מ""ל",false,,9.90,1.4143,true,1,305616
7290108357769,false,"מרכך לשיער רגיל תפוח וזרעי צ'יה 700 מ""ל כיף",גוד פוד פרודקטס S.p,IL,מרכך כיף לשיער רגיל,מיליליטרים,700.00,"100 מ""ל",false,,9.90,1.4143,true,1,305608
7290108357776,false,"כיף מרכך לשיער יבש -רימונים ושמן ארגן 700 מ""ל",גוד פוד פרודקטס S.p,IL,מרכך כיף לשיער יבש 7,מיליליטרים,700.00,"100 מ""ל",false,,9.90,1.4143,true,1,305609
7290108357851,false,"כיף - ג'ל רחצה אליקסיר אוילס מועשר בשמן קוקוס 700 מ""ל","קוסמופארם בע""\מ",IL,ג'ל רחצה כיף מועשר ב,מיליליטרים,700.00,"100 מ""ל",false,,9.90,1.4143,true,1,321501
7290108357868,false,"כיף - ג'ל רחצה אליקסיר אויל מועשר בשמן מקדמיה 700 מ""ל","קוסמופארם בע""\מ",IL,ג'ל רחצה כיף מועשר ב,מיליליטרים,700.00,"100 מ""ל",false,,9.90,1.4143,true,1,321498
7290108357875,false,"כיף - שמפו לחות מוגברת עם אפרסק וחמאת מורומורו 700 מ""ל",קוסמופארם בעמ,IL,שמפו כיף אפרסק וחמאת,מיליליטרים,700.00,"100 מ""ל",false,,9.90,1.4143,true,1,322985
7290108357882,false,"כיף - מרכך לחות מוגברת עם אפרסק וחמאת מורומורו 700 מ""ל",קוסמופארם בעמ,IL,מרכך כיף אפרסק וחמאת,מיליליטרים,700.00,"100 מ""ל",false,,9.90,1.4143,true,1,322986
7290108358070,false,"תחליב רחצה קרמה קלאסי 700 מ""ל",גוד פוד פרודקטס S.p,IL,תחליב קרמה קלאסי 700,מיליליטרים,700.00,"100 מ""ל",false,,16.50,2.3571,true,1,316851
7290108358087,false,"תחליב רחצה קרמה מאסק 700 מ""ל",גוד פוד פרודקטס S.p,IL,תחליב קרמה מאסק 700,מיליליטרים,700.00,"100 מ""ל",false,,16.50,2.3571,true,1,316852
7290108358124,false,דפי בישום לחים למייבש הכביסה בניחוח מרכך כביסה 20 יח' מקסימה,טרופיגל דגיל תעשיות קוסמ,IL,דפי בישום לחים מקסימ,Unknown,0.00,יחידה,false,,11.90,0.0000,true,1,324011
7290108359060,false,סנו סושי כריות הפלא רב תכלתיות *4 לשבת,סנו מפעלי ברונו בעמ,IL,כריות ניקוי לשבת סנו,Unknown,0.00,יחידה,false,,9.90,0.0000,true,1,318788
7290108359190,false,סנו סושי מגבות הפלא 4=12 גליל ארוך פי 3,החברה הדרומית,IL,מגבות נייר הפלא סנו,מטרים,129.96,מטר,false,,24.90,0.1916,true,1,324991
7290108359213,false,נייר טואלט סופט דו שכבתי 18 גלילים כפולים,סנו סופט Soft,IL,נייר טואלט כפול סופט,מטרים,674.80,מטר,false,,39.90,0.0591,true,1,325374
7290108359824,false,"כיף - בייבי כיף קרם 500 מ""ל",קוסמופארם בעמ,IL,קרם גוף בייבי כיף 50,מיליליטרים,500.00,"100 מ""ל",false,,19.90,3.9800,true,1,303242
7290108359831,false,"כיף - בייבי כיף שמן 500 מ""ל","מיוצר ומשווק ע""י קוס",IL,שמן לתינוק בייבי כיף,מיליליטרים,500.00,"100 מ""ל",false,,19.90,3.9800,true,1,303237
7290108359848,false,שמפו אל דמע בייבי כיף 1 ליטר,בייבי כיף Baby,IL,שמפו בייבי כיף אל דמ,קילוגרמים,1.00,ליטר,false,,17.90,17.9000,true,1,303235
7290108359862,false,בייבי כיף אל סבון 1 ליטר,בייבי כיף Baby,IL,אל סבון בייבי כיף 1,קילוגרמים,1.00,ליטר,false,,17.90,17.9000,true,1,303236
7290108359886,false,תחליב רחצה בייבי כיף 1 ליטר,בייבי כיף Baby,IL,תחליב רחצה בייבי כיף,קילוגרמים,1.00,ליטר,false,,17.90,17.9000,true,1,303234
7290108359985,false,סנו - ז'אוול מרסס קצף לניקוי וחינו בניחוח פריחה לבנה 1 ליטר,סנו ז'אוול Javel,IL,תרסיס ניקוי סנו גאוו,קילוגרמים,1.00,ליטר,false,,16.90,16.9000,true,1,321502
7290108500677,false,כבד דג שיבוט בשמן דג וילי פוד 115 גרם,"איטיליאן פוד, אס.פי.",IS,כבד דג שיבוט וילי פו,גרמים,120.00,100 גרם,false,,8.90,7.4167,true,1,316431
7290108502305,false,גבינת גרנה פדנו משולש ויליפוד 150 גרם,וילי פוד,IT,גבינת גרנה פדנו משול,גרמים,150.00,100 גרם,false,,16.90,11.2667,true,1,308797
7290108503067,false,פרמז'נו משולש ויליפוד 150 גרם,וילי פוד,IT,פרמזנו משולש ויליפוד,גרמים,150.00,100 גרם,false,,14.90,9.9333,true,1,324223
7290108503647,false,"DAAWAT אורז בסמטי מהדרין ויליפוד 1 ק""ג",אל.טי.פודס בעמ,IN,אורז בסמטי דאווט 1 ק,פריט,1.00,"ק""ג",false,,11.90,11.9000,true,1,305532
7290108503654,false,"אורז בסמטי 5ק""ג DAAWATמהדרין",lt foods,IN,אורז בסמטי דאווט 5 ק,פריט,5.00,"ק""ג",false,,53.90,10.7800,true,1,305510
7290108505719,false,גבינת מוצרלה מגורדת EURO CHEESE ויליפוד 200 גרם,סאסו פטוראגס קומטויס אף,TR,גבינת מוצרלה מגורדת,גרמים,200.00,100 גרם,false,,12.90,6.4500,true,1,322350
7290108505733,false,צמות-גבינה חצי קשה 25% שומן 200 גרם,סאסו פטוראגס קומטויס אף,TR,צמות גבינה חצי קשה 2,גרמים,200.00,100 גרם,false,,12.90,6.4500,true,1,322352
7290108505740,false,קשקבל גבינה חצי קשה EURO CHEESE ויליפוד 200 גרם,Euro יורו מחלבות אירופה,TR,גבינת קשקבל 25% יורו,גרמים,200.00,100 גרם,false,,12.90,6.4500,true,1,322353
7290108507188,false,כנאפה קפוא אריזה משפחתית 657.5 גרם,ארמה גרופ,TR,כנאפה מאפה שערות קדא,גרמים,450.00,100 גרם,false,,19.90,4.4222,true,1,313351
7290108507645,false,ביסקוויט פריך בשוקולד מריר 100 גרם,מודרן צ'יקולטה,TR,ביסקוויט פריך בשוקול,גרמים,100.00,100 גרם,false,,6.90,6.9000,true,1,320152
7290108507652,false,ביסקוויט פריך בשוקולד לבן 100 גרם,מודרן צ'יקולטה,TR,ביסקוויט פריך בשוקול,גרמים,100.00,100 גרם,false,,6.90,6.9000,true,1,320150
7290108508369,false,גבינת CHEESE LONG ויליפוד 200 גרם,מוטיבי גידה דיירי אי,TR,שערות גבינה חצי קשה,גרמים,200.00,100 גרם,false,,12.90,6.4500,true,1,322707
7290108508765,false,קונכיות פתיתים ויליפוד 400גרם,וילי פוד,TR,פתיתים קונכיות ויליפ,גרמים,400.00,100 גרם,false,,4.90,1.2250,true,1,318990
7290108508772,false,קונכיות פתיתים עם תרד 400 גרם,וילי פוד,TR,פתיתים קונכיות תרד ו,גרמים,400.00,100 גרם,false,,4.90,1.2250,true,1,318991
7290108508963,false,קשקבל מגורדת חצי קשה ויליפוד 200 גרם,סאסו פטוראגס קומטויס אף,TR,גבינת קשקבל מגורדת 2,גרמים,200.00,100 גרם,false,,12.90,6.4500,true,1,322354
7290108509816,false,גבינת בייבי מוצרלה EURO CHEESE ויליפוד 200 גרם,אונטד גידה,TR,גבינת בייבי מוצרלה 2,גרמים,200.00,100 גרם,false,,12.90,6.4500,true,1,322708
7290108620030,false,יין קפיטל מרלו יבש אדום 750 מל,יקבי ציון,IL,יין קפיטל מרלו,מיליליטרים,750.00,"100 מ""ל",false,,49.90,6.6533,true,1,319967
7290108620061,false,יין אסטייט שיראז יבש אדום 750 מל,יקבי ציון,IL,יין אסטייט שיראז,מיליליטרים,750.00,"100 מ""ל",false,,34.90,4.6533,true,1,312514
7290108620078,false,יין אסטייט מרלו יבש אדום 750 מל,יקבי ציון,IL,יין אסטייט מרלו,מיליליטרים,750.00,"100 מ""ל",false,,39.90,5.3200,true,1,312515
7290108620092,false,אימפריאל יין רוזה חצי יבש,יקבי ציון,IL,יין אימפריאל רוזה,מיליליטרים,750.00,"100 מ""ל",false,,29.90,3.9867,true,1,319965
7290108620108,false,יין אימפריאל קברנה סובניון אדום 750 מל,יקבי ציון,IL,יין אימפריאל קברנה ס,מיליליטרים,700.00,"100 מ""ל",false,,29.90,4.2714,true,1,312510
7290108620115,false,יין אימפריאל מרלו אדום יבש 750 מל,יקבי ציון,IL,יין אימפריאל מרלו,מיליליטרים,750.00,"100 מ""ל",false,,29.90,3.9867,true,1,312516
7290108620153,false,יין אסטייט קברנה סמי חצי מתוק אדום 750 מל,יקבי ציון,IL,יין אסטייט קברנה סמי,מיליליטרים,750.00,"100 מ""ל",false,,34.90,4.6533,true,1,312518
7290108620160,false,יין אימפריאל סובניון בלאן לבן יבש 750 מל,יקבי ציון,IL,יין אימפריאל סוביניו,מיליליטרים,750.00,"100 מ""ל",false,,29.90,3.9867,true,1,312519
7290108620177,false,"יין פאלאס בלנד אדום 750 מ""ל",יקבי ציון,IL,יין פאלאס בלנד אדום,מיליליטרים,750.00,"100 מ""ל",false,,24.90,3.3200,true,1,312511
7290108620245,false,מיץ ענבים מובחר לבן 100% טבעי 1 ליטר,יקבי ציון,IL,מיץ ענבים תירוש לבן,קילוגרמים,1.00,ליטר,false,,16.90,16.9000,true,1,320557
7290108620351,false,"יין גן עדן מוסקט המבורג יקבי ציון 750 מ""ל",יקבי ציון,IL,יין גן עדן מוסקט המב,מיליליטרים,750.00,"100 מ""ל",false,,19.90,2.6533,true,1,320554
7290108621105,false,יין 1848 לימיטד אדיש,,IL,יין 1848 לימיטד אדיש,מיליליטרים,750.00,"100 מ""ל",false,,159.90,21.3200,true,1,314047
7290108621150,false,יין 1848 קברנה מרלו,,IL,יין 1848 קברנה מרלו,מיליליטרים,750.00,"100 מ""ל",false,,109.90,14.6533,true,1,317742
7290109351025,false,מלך החומוס חומוסטחינה 40% טחינה גולמית,סלטי צבר,IL,חומוסטחינה צבר 400 ג,גרמים,400.00,100 גרם,false,,13.90,3.4750,true,1,289627
7290109351971,false,פריכיות דגנים פיטנס מצופות שוקולד חלב,פרח תעשיות,IL,פריכיות דגנים מצופות,גרמים,84.00,100 גרם,false,,11.90,14.1667,true,1,301183
7290109352916,false,פריכיות דגנים פיטנס מצופות שוקולד לבן,פרח תעשיות,IL,פריכיות דגנים מצופות,גרמים,84.00,100 גרם,false,,11.90,14.1667,true,1,301182
7290109353494,false,פסטה פרפקטו פארפאלה 500ג' אסם,אסם פרפקטו Perfecto,IT,פסטה פארפלה פרפקטו 5,גרמים,500.00,100 גרם,false,,5.90,1.1800,true,1,325170
7290109354057,false,קרחוני לה פרוטה La Frutta בטעמי אננס תפוז- 5 יח',תות תעשיות מזון (201,IL,שלגוני לה פרוטה תפוז,גרמים,350.00,100 גרם,false,,21.90,6.2571,true,1,293336
7290109354101,false,"לחמית ללא גלוטן 200 גר' ""אסם""","אסם תעשיות בע""מ",IL,לחמית ל.גלוטן אסם 20,גרמים,200.00,100 גרם,false,,6.90,3.4500,true,1,297138
7290109354972,false,אוסם - פתי בר וניל חלבי ללא גלוטן 200 גרם,מיוצר עי קונדיטוריית,IL,פתיבר וניל ל.גלוטן א,גרמים,200.00,100 גרם,false,,8.90,4.4500,true,1,297076
7290109354996,false,פתי בר ללא גלוטן שוקו 200 גרם אסם,מיוצר עי קונדיטוריית,IL,פתיבר שוקו ל.גלוטן א,גרמים,200.00,100 גרם,false,,8.90,4.4500,true,1,293338
7290109358482,false,עוגיות קרמוגית במילוי קרם בטעם חלבה,"הגביע מוצרי וופלים בע""\מ",IL,עוגיות קרמוגית במילו,גרמים,200.00,100 גרם,false,,9.90,4.9500,true,1,304785
7290109358765,false,דגני בוקר קראנץ' רולס נוגט 450 גרם,"אסם השקעות בע""\מ",IL,דגני בוקר קראנצ רולס,גרמים,450.00,100 גרם,false,,19.90,4.4222,true,1,296472
7290109580043,false,"שניצל תירס קלאסי זוגלובק 1.75 ק""ג",זוגלובק,IL,שניצל תירס זוגלובק 1,פריט,1.75,"ק""ג",false,,49.90,28.5143,true,1,313437
7290109580098,false,קבנוס בטעם סרירצ'ה זוגלובק 135 גרם,זוגלובק,IL,קבנוס בטעם סרירצ'ה ז,גרמים,135.00,100 גרם,false,,9.90,7.3333,true,1,321258
7290109580241,false,נאגטס מן הצומח זוגלובק 500 גרם,זוגלובק טבע,IL,נאגטס שניצלונים מן ה,גרמים,500.00,100 גרם,false,,21.90,4.3800,true,1,322918
7290109580258,false,מארז ח.עוף והודו+סלמי תה 600 גרם קהילות,זוגלובק,IL,מארז חרמון כפרית וסל,גרמים,600.00,100 גרם,false,,25.90,4.3167,true,1,322919
7290109580326,false,נקניקיות עוף זוגלובק 800 גרם בית יוסף,זוגלובק,IL,נקניקיות עוף זוגלובק,גרמים,800.00,100 גרם,false,,23.90,2.9875,true,1,323653
7290109844770,false,תנור חימום 5 צדדים 9 גופי חימום קוורץ לבן/שחור,,,תנור חימום 5 צדדים ק,Unknown,0.00,יחידה,false,,149.90,0.0000,true,1,324969
7290109844794,false,תנור חימום קוורץ 2400 וואט 4 גופי חימום + 2 למעלה,,,תנור חימום 2 צדדים מ,Unknown,0.00,יחידה,false,,139.90,0.0000,true,1,324970
7290109845012,false,ציפסר חשמלי מולר 5 ל,,,ציפסר חשמלי מולר 5 ל,Unknown,0.00,יחידה,false,,129.90,0.0000,true,1,324975
7290109848488,false,תנור חימום אינפרא ענק 3000 וואט 3 גופי חימום צד + 2 למעלה,,,תנור חימום אינפרא 2,Unknown,0.00,יחידה,false,,249.90,0.0000,true,1,324973
7290110000479,false,פריכיות אורז ללא מלח,בטר אנד דיפרנט,IL,פריכיות אורז ללא מלח,גרמים,210.00,100 גרם,false,,7.90,3.7619,true,1,303433
7290110000486,false,פריכיות אורז עם כוסמ,בטר אנד דיפרנט,IL,פריכיות אורז עם כוסמ,גרמים,210.00,100 גרם,false,,7.90,3.7619,true,1,303434
7290110000493,false,חמאת בוטנים טבעית קראנצ'י 350 גר',"בטר אנד דיפרנט בע""מ",IL,חמאת בוטנים קראנצ'י,גרמים,350.00,100 גרם,false,,13.90,3.9714,true,1,309928
7290110002008,false,קופסאות אחסון מלבנית 1ל' חמישייה בשרי,בטר אנד דיפרנט,IL,מארז 4 קופסאות אחסון,Unknown,0.00,יחידה,false,,11.90,0.0000,true,1,324614
7290110002206,false,שמן קוקוס מזוכך בטר אנד דיפרנט 500 מ''ל,"בטר אנד דיפרנט בע""מ",IL,שמן קוקוס מזוכך ב.ד.,מיליליטרים,500.00,"100 מ""ל",false,,19.90,3.9800,true,1,321970
7290110110277,false,"סומרסבי סיידר תפוחים אלכוהולי 4*300 מ""ל","קרלסברג קרואטיה , יב",HR,סיידר תפוחים סומרסבי,קילוגרמים,1.98,ליטר,false,,24.90,12.5758,true,1,317267
7290110110369,false,"שישייה בירה קרלסברג LUMA בקבוק 330 מ""ל",מבשלות בירה בינלאומיות ב,IL,מארז בירה קרלסברג לו,קילוגרמים,1.98,ליטר,false,,34.90,17.6263,true,1,313023
7290110110659,false,"ספרייט לימון ליים פחית 330מ""ל",החברה המרכזית לייצור משק,IL,"ספרייט 330 מ""ל",מיליליטרים,330.00,"100 מ""ל",false,,4.90,1.4848,true,1,311248
7290110110703,false,מארז ספרייט שישייה פחיות FRIDGE PACK,החברה המרכזית לייצור משק,IL,"מארז ספרייט 6*330 מ""",קילוגרמים,1.98,ליטר,false,,21.90,11.0606,true,1,300890
7290110111809,false,"מארז פחיות פאנטה אורנג' שישייה 330 מ""ל",החברה המרכזית לייצור משק,IL,מארז פאנטה אורנג 6*3,קילוגרמים,1.98,ליטר,false,,21.90,11.0606,true,1,305635
7290110114787,false,נביעות+ מים מינרליים בטעם תפוח 1.5 ליטר,נביעות טבע הגליל בעמ,IL,נביעות מים בטעם תפוח,קילוגרמים,1.50,ליטר,false,,8.40,5.6000,true,1,319500
7290110114794,false,נביעות+ מים מינרליים בטעם אפרסק 1.5 ליטר,"נביעות טבע הגליל בע""\מ ,",IL,נביעות מים בטעם אפרס,קילוגרמים,1.50,ליטר,false,,8.40,5.6000,true,1,319501
7290110114800,false,נביעות+ מים מינרליים בטעם ענבים 1.5 ליטר,"נביעות טבע הגליל בע""\מ",IL,נביעות מים בטעם ענבי,קילוגרמים,1.50,ליטר,false,,8.40,5.6000,true,1,319502
7290110114855,false,"נביעות מים מינרליים, שישיה 6 * 1.5 ליטר פקדון",נביעות טבע הגליל בעמ,IL,מים נביעות 6*1.5 ליט,קילוגרמים,9.00,ליטר,false,,12.30,1.3667,true,1,319504
7290110114954,false,מיץ תפוזים מתקתקים פריגת 2 ליטר,פריגת מצוננים,IL,מיץ תפוזים מתקתק פרי,קילוגרמים,2.00,ליטר,false,,19.90,9.9500,true,1,319486
7290110114961,false,משקה קל תפוזים פריגת 1.5 ליטר,מבשלות בירה בינלאומיות ב,IL,פריגת תפוזים 1.5 ליט,קילוגרמים,1.50,ליטר,false,,8.80,5.8667,true,1,319505
7290110114985,false,משקה קל אשכוליות פריגת 1.5 ליטר,מבשלות בירה בינלאומיות ב,IL,פריגת אשכוליות 1.5 ל,קילוגרמים,1.50,ליטר,false,,8.80,5.8667,true,1,319507
7290110114992,false,משקה קל לייט אשכוליות פריגת 1.5 ליטר,מבשלות בירה בינלאומיות ב,IL,פריגת אשכוליות דיאט,קילוגרמים,1.50,ליטר,false,,8.80,5.8667,true,1,319508
7290110115005,false,משקה קל ענבים פריגת 1.5 ליטר,מבשלות בירה בינלאומיות ב,IL,פריגת ענבים 1.5 ליטר,קילוגרמים,1.50,ליטר,false,,8.80,5.8667,true,1,319509
7290110115012,false,מיץ ענבים בניחוח מרלו 1.5 ל' פריגת,פריגת,IL,פריגת ענבי מרלו 1.5,קילוגרמים,1.50,ליטר,false,,8.80,5.8667,true,1,319510
7290110115029,false,"פריגת משק""ל תפוח 1.5 ליטר פיקדון",מבשלות בירה בינלאומיות ב,IL,פריגת תפוח 1.5 ליטר,קילוגרמים,1.50,ליטר,false,,8.80,5.8667,true,1,319511
7290110115036,false,משקה קל מנגו פריגת 1.5 ליטר,מבשלות בירה בינלאומיות ב,IL,פריגת מנגו 1.5 ליטר,קילוגרמים,1.50,ליטר,false,,8.80,5.8667,true,1,319512
7290110115043,false,משקה קל לימונענע פריגת 1.5 ליטר,מבשלות בירה בינלאומיות ב,IL,פריגת לימונענע 1.5 ל,קילוגרמים,1.50,ליטר,false,,8.80,5.8667,true,1,319513
7290110115050,false,פריגת מיקס תות בננה 1.5 ליטר פיקדון,מבשלות בירה בינלאומיות ב,IL,פריגת מיקס תות בננה,קילוגרמים,1.50,ליטר,false,,8.80,5.8667,true,1,319514
7290110115081,false,פריגת צלול ענבים 1.5 ליטר פיקדון,"מבשלות בירה לישראל בע""\מ",IL,פריגת צלול ענבים 1.5,קילוגרמים,1.50,ליטר,false,,8.20,5.4667,true,1,319518
7290110115104,false,פריגת צלול אפרסק 1.5 ליטר פיקדון,מבשלות בירה בינלאומיות ב,IL,פריגת צלול אפרסק 1.5,קילוגרמים,1.50,ליטר,false,,8.20,5.4667,true,1,319519
7290110115111,false,פריגת צלול אננס 1.5 ליטר פיקדון,"מבשלות בירה לישראל בע""\מ",IL,פריגת צלול אננס 1.5,קילוגרמים,1.50,ליטר,false,,8.20,5.4667,true,1,319520
7290110115128,false,פריגת צלול בטעם לימונענע 1.5 ליטר פיקדון,"מבשלות בירה לישראל בע""\מ",IL,פריגת צלול לימונענע,קילוגרמים,1.50,ליטר,false,,8.20,5.4667,true,1,319521
7290110115203,false,קוקה קולה 1.5 ליטר פיקדון,החברה המרכזית לייצור משק,IL,קוקה קולה 1.5 ליטר,קילוגרמים,1.50,ליטר,false,,8.90,5.9333,true,1,319522
7290110115227,false,קוקה-קולה זירו בקבוק 1.5 ליטר,החברה המרכזית לייצור משק,IL,קוקה קולה זירו 1.5 ל,קילוגרמים,1.50,ליטר,false,,8.90,5.9333,true,1,319524
7290110115234,false,קוקה-קולה זירו נטול בקבוק 1.5 ליטר,החברה המרכזית לייצור משק,IL,קוקה קולה זירו נטול,קילוגרמים,1.50,ליטר,false,,8.90,5.9333,true,1,319525
7290110115241,false,קוקה-קולה זירו לימון בקבוק 1.5 ליטר,החברה המרכזית לייצור משק,IL,קוקה קולה זירו לימון,קילוגרמים,1.50,ליטר,false,,8.90,5.9333,true,1,319526
7290110115265,false,ספרייט לימון ליים 1.5 ליטר-,החברה המרכזית לייצור משק,IL,ספרייט למון ליים 1.5,קילוגרמים,1.50,ליטר,false,,8.90,5.9333,true,1,319532
7290110115272,false,ZERO ספרייט 1.5 ליטר פיקדון,החברה המרכזית לייצור משק,IL,ספרייט זירו 1.5 ליטר,קילוגרמים,1.50,ליטר,false,,8.90,5.9333,true,1,319533
7290110115289,false,ספרייט 19 קל' לימון-נענע 1.5 ליטר פיקדון,החברה המרכזית לייצור משק,IL,ספרייט לימון נענע 1.,קילוגרמים,1.50,ליטר,false,,8.90,5.9333,true,1,319534
7290110115296,false,משקה מוגז אורנג' פאנטה 1.5 ליטר,החברה המרכזית לייצור משק,IL,פאנטה אורנג 1.5 ליטר,קילוגרמים,1.50,ליטר,false,,8.20,5.4667,true,1,319535
7290110115302,false,משקה מוגז אורנג' זירו פאנטה 1.5 ליטר,החברה המרכזית לייצור משק,IL,פאנטה אורנג זירו 1.5,קילוגרמים,1.50,ליטר,false,,8.20,5.4667,true,1,319536
7290110115319,false,פאנטה אקזוטיק 1.5 ליטר פיקדון,החברה המרכזית לייצור משק,IL,פאנטה אקזוטיק 1.5 לי,קילוגרמים,1.50,ליטר,false,,8.20,5.4667,true,1,319539
7290110115364,false,שישייה קוקה קולה 1.5 ליטר פיקדון,החברה המרכזית לייצור משק,IL,מארז קוקה קולה 6*1.5,קילוגרמים,9.00,ליטר,false,,49.90,5.5444,true,1,319528
7290110115388,false,ספרייט ליים שישיות 1.5 ליטר פיקדון,החברה המרכזית לייצור משק,IL,מארז ספרייט ליים 6*1,קילוגרמים,9.00,ליטר,false,,44.90,4.9889,true,1,319537
7290110115395,false,ZERO ספרייט שישיות 1.5 ליטר פיקדון,החברה המרכזית לייצור משק,IL,מארז ספרייט זירו 6*1,קילוגרמים,9.00,ליטר,false,,42.90,4.7667,true,1,319538
7290110115418,false,מארז שישייה קוקה קולה זירו 1.5 ל',החברה המרכזית לייצור משק,IL,מארז קוקה קולה זירו,קילוגרמים,9.00,ליטר,false,,46.90,5.2111,true,1,319529
7290110115449,false,אייס תה בטעם מנגו אננס 1.5ל' FUZE TEA,מבשלות בירה בינלאומיות ב,IL,פיוז תה אננס 1.5 ליט,קילוגרמים,1.50,ליטר,false,,7.90,5.2667,true,1,319547
7290110115456,false,"תה קר בטעם אפרסק 19 קלוריות ב- 100 מ""ל",מבשלות בירה בינלאומיות ב,IL,פיוז תה אפרסק מופחת,קילוגרמים,1.50,ליטר,false,,8.90,5.9333,true,1,319548
7290110115463,false,פיוז טי אפרסק 1.5 ליטר פיקדון,מבשלות בירה בינלאומיות ב,IL,פיוז תה אפרסק 1.5 לי,קילוגרמים,1.50,ליטר,false,,7.90,5.2667,true,1,319549
7290110115494,false,תה קר בטעם ענבים פיוז טי 1.5 ליטר,מבשלות בירה בינלאומית בע,IL,פיוז תה ענבים 1.5 לי,קילוגרמים,1.50,ליטר,false,,7.90,5.2667,true,1,319552
7290110115593,false,פריגת אשכוליות 40% פחות סוכר 1.5 ליטר פיקדון,מבשלות בירה בינלאומיות ב,IL,פריגת אשכוליות 40% פ,קילוגרמים,1.50,ליטר,false,,8.80,5.8667,true,1,319516
7290110115609,false,פריגת ענבים 40% פחות סוכר 1.5 ליטר פיקדון,מבשלות בירה בינלאומיות ב,IL,פריגת ענבים 40% פחות,קילוגרמים,1.50,ליטר,false,,8.80,5.8667,true,1,319517
7290110115616,false,אייס תה בטעם גרין אננס 1.5ל' FUZE TEA,מבשלות בירה בינלאומיות ב,IL,פיוז תה זירו גרין אנ,קילוגרמים,1.50,ליטר,false,,8.90,5.9333,true,1,320402
7290110115623,false,משקה פיוז טי זירו ZERO בטעם אפרסק,מבשלות בירה בינלאומיות ב,IL,פיוז תה זירו אפרסק 1,קילוגרמים,1.50,ליטר,false,,8.90,5.9333,true,1,320403
7290110116064,false,פאנטה ZERO פירות ירוק 1.5 ליטר פיקדון,החברה המרכזית לייצור משק,IL,פאנטה אננס מנגו זירו,קילוגרמים,1.50,ליטר,false,,8.20,5.4667,true,1,323650
7290110116125,false,"סירופ בטעם פטל פריגת 750 מ""ל",סירופ - גבעת חיים,IL,סירופ בטעם פטל במתיק,מיליליטרים,750.00,"100 מ""ל",false,,19.90,2.6533,true,1,323721
7290110116132,false,"סירופ בטעם לימון פריגת 750 מ""ל",סירופ - גבעת חיים,IL,סירופ בטעם לימון פרי,מיליליטרים,750.00,"100 מ""ל",false,,19.90,2.6533,true,1,323718
7290110116149,false,"סירופ בטעם ענבים פריגת 750 מ""ל",סירופ - גבעת חיים,IL,סירופ בטעם ענבים במת,מיליליטרים,750.00,"100 מ""ל",false,,19.90,2.6533,true,1,323719
7290110116170,false,נביעות+רכיבי פרי אננס-קוקוס 1.5 ליטר-,"נביעות טבע הגליל בע""\מ",IL,נביעות רכיבי פרי מים,קילוגרמים,1.50,ליטר,false,,8.40,5.6000,true,1,323754
7290110116217,false,נביעות+ סדרת 0 קלוריות אשכוליות 1.5 ליטר,"נביעות טבע הגליל בע""\מ",IL,נביעות 0 קלוריות מים,קילוגרמים,1.50,ליטר,false,,8.40,5.6000,true,1,323755
7290110116385,false,"פחיות סטפאני מרשמלו אבטיח תות זירו 330 מ""ל",החברה המרכזית לייצור משק,IL,קולה זירו מרשמלו 330,מיליליטרים,330.00,"100 מ""ל",false,,4.90,1.4848,true,1,323537
7290110116392,false,"סירופ בטעם תפוזים פריגת 750 מ""ל",סירופ - גבעת חיים,IL,סירופ בטעם תפוזים פר,מיליליטרים,750.00,"100 מ""ל",false,,19.90,2.6533,true,1,323720
7290110116552,false,ספרייט לימון היט 1.5 ליטר-,החברה המרכזית לייצור משק,IL,ספרייט למון היט 1.5,קילוגרמים,1.50,ליטר,false,,8.90,5.9333,true,1,324570
7290110116569,false,"ספרייט זירו ZERO בק LEMON HIT, 1.5 ליטר",החברה המרכזית לייצור משק,IL,ספרייט זירו לימון הי,קילוגרמים,1.50,ליטר,false,,8.90,5.9333,true,1,324568
7290110320867,false,פתיתים גבינה חצי קשה מגורדת 28% שומן,תנובה מרכז שיתופי לש,IL,גבינה מגורדת עמק 500,גרמים,500.00,100 גרם,false,,34.90,6.9800,true,1,299000
7290110320935,false,גבינת מוצרלה תנובה 150ג' פרוסות,תנובה מרכז שיתופי לש,IL,גבינת מוצרלה פרוסות,גרמים,150.00,100 גרם,false,,15.90,10.6000,true,1,299002
7290110321277,false,קוטג' בקטנה 5% תנובה 100 גרם מהדרין,פארייפאבה אגרואינדוס,IL,קוטג בקטנה 5% תנובה,גרמים,100.00,100 גרם,false,,2.50,2.5000,true,1,315872
7290110321284,false,קוטג' בקטנה 9% תנובה 100 גרם מהדרין,פארייפאבה אגרואינדוס,IL,קוטג בקטנה 9% תנובה,גרמים,100.00,100 גרם,false,,2.50,2.5000,true,1,315873
7290110322014,false,"תנובה טופו טבעי 300 גר' בד""צ",שוורצקוף& הנקל דיסלד,IL,טופו בטעם טבעי אלטרנ,גרמים,300.00,100 גרם,false,,12.90,4.3000,true,1,314030
7290110322021,false,"תנובה טופו בזיליקום 300 גר' בד""צ",שוורצקוף& הנקל דיסלד,IL,טופו בטעם בזיליקום א,גרמים,300.00,100 גרם,false,,12.90,4.3000,true,1,314031
7290110322038,false,"תנובה טופו פיקנטי 300 גר' בד""צ",שוורצקוף& הנקל דיסלד,IL,טופו פיקנטי אלטרנטיב,גרמים,300.00,100 גרם,false,,3.90,1.3000,true,1,314032
7290110323097,false,מעדן גבינה עם תות 5% שומן 80 ג' תנובה,תנובה בעמ,IL,תאומים מעדן גבינה עם,גרמים,80.00,100 גרם,false,,1.80,2.2500,true,1,325057
7290110323714,false,משקה קוקוס שקדים תנובה 1 ליטר,מיוצר עי קונדיטוריית,IL,משקה קוקוס שקדים אלט,קילוגרמים,1.00,ליטר,false,,12.20,12.2000,true,1,304642
7290110323998,false,מאגדת שמינייה מיני קרלו קצפת 8*77 ג',תנובה מרכז שיתופי לש,IL,מארז קרלו מיני עם קצ,גרמים,616.00,100 גרם,false,,11.90,1.9318,true,1,317543
7290110324070,false,גבינת חלומי מחלב בקר תנובה 200 גרם,"תנובה בע""\מ",IL,גבינת חלומי 30% פירא,גרמים,200.00,100 גרם,false,,18.90,9.4500,true,1,316616
7290110324551,false,יופלה טיוב יוגורט במרקם חלק תות כשרות מהדרין,"תנובה בע""\מ",IL,מארז יופלה טיוב תות,גרמים,348.00,100 גרם,false,,12.50,3.5920,true,1,305822
7290110324711,false,ממרח סויה 9% שומן בטעם טבעי תנובה 250 גרם,מיוצר עי קונדיטוריית,IL,ממרח סויה בטעם טבעי,גרמים,250.00,100 גרם,false,,9.50,3.8000,true,1,308570
7290110324841,false,מעדן שקדים עם שוקולד מריר תנובה 125 גרם,מיוצר עי קונדיטוריית,IL,מעדן שקדים שוקולד מר,גרמים,125.00,100 גרם,false,,4.10,3.2800,true,1,309077
7290110324858,false,מעדן שקדים בטעם אגוזי לוז תנובה 125 גרם,תנובה Alternative,IL,מעדן שקדים אגוזי לוז,גרמים,125.00,100 גרם,false,,4.10,3.2800,true,1,309078
7290110324926,false,משקה סויה ללא תוספת סוכר 1 ליטר,תנובה מרכז שיתופי לש,IL,משקה סויה ללא תוספת,קילוגרמים,1.00,ליטר,false,,10.50,10.5000,true,1,308701
7290110325169,false,פרוסות גאודה תנובה 170 גרם,תנובה חלב,IL,פרוסות גאודה תנובה 1,גרמים,170.00,100 גרם,false,,17.90,10.5294,true,1,310954
7290110325510,false,יופלה טיוב יוגורט במרקם חלק בטעם וניל-יוניקור,"תנובה בע""\מ",IL,מארז יופלה טיוב וניל,גרמים,348.00,100 גרם,false,,12.50,3.5920,true,1,309219
7290110325619,false,אלטרנטיב משקה שיבולת שועל 1 ליטר,מיוצר עי קונדיטוריית,IL,משקה שיבולת שועל אלט,קילוגרמים,1.00,ליטר,false,,12.20,12.2000,true,1,309316
7290110325893,false,משקה חלב GO מועשר בחלבון בטעם אייס קפה,מיוצר עי קונדיטוריית,IL,משקה GO אייס קפה 27,מיליליטרים,340.00,"100 מ""ל",false,,7.50,2.2059,true,1,312074
7290110326173,false,שוקולד לבן yolo coocies קרם עוגיות בתוספת עוגיות ונטיפי שוקולד,תנובה חלב,IL,יולו שוקולד לבן בטעם,גרמים,120.00,100 גרם,false,,5.10,4.2500,true,1,311463
7290110326180,false,יולו בטעם נוגט בתוס' עוגיות ונטיפים בטעם שוקולד 120גר',תנובה חלב,IL,יולו ש. חלב בטעם קרם,גרמים,120.00,100 גרם,false,,5.10,4.2500,true,1,311464
7290110326210,false,יופלה און טופ פצפוצים תנובה 157 גרם,מיוצר עי קונדיטוריית,IL,יופלה און טופ פצפוצי,גרמים,157.00,100 גרם,false,,4.90,3.1210,true,1,310958
7290110326227,false,יופלה און טופ קורנפלקס תנובה 157 גרם,מיוצר עי קונדיטוריית,IL,יופלה און טופ קורנפל,גרמים,157.00,100 גרם,false,,4.90,3.1210,true,1,310961
7290110326234,false,יופלה און טופ כוכבים תנובה 157 גרם,מיוצר עי קונדיטוריית,IL,יופלה און טופ כוכבים,גרמים,157.00,100 גרם,false,,4.90,3.1210,true,1,310959
7290110326241,false,יופלה און טופ גרנולה תנובה 157 גרם,מיוצר עי קונדיטוריית,IL,יופלה און טופ גרנולה,גרמים,157.00,100 גרם,false,,4.90,3.1210,true,1,310962
7290110326906,false,חלב נטול לקטוז 3% שומן תנובה 1 ליטר,מיוצר עי קונדיטוריית,IL,חלב נטול לקטוז 3% תנ,קילוגרמים,1.00,ליטר,false,,7.20,7.2000,true,1,314600
7290110327033,false,משקה סויה תנובה גו מועשר בחלבון במתיקות מופחתת,מיוצר עי קונדיטוריית,IL,משקה סויה מועשר בחלב,קילוגרמים,1.00,ליטר,false,,12.20,12.2000,true,1,312915
7290110327279,false,גבינת שמנת בסגנון טוסקנה נפוליאון 24% שומן 225 ג',תנובה מרכז שיתופי לש,IL,גבינת שמנת טוסקנה 24,גרמים,225.00,100 גרם,false,,12.50,5.5556,true,1,312919
7290110327514,false,alternative משקה שיבולת שועל בטעם אגוזי לוז תנובה 1 ליטר,תנובה מרכז שיתופי לש,IL,משקה שיבולת שועל בטע,קילוגרמים,1.00,ליטר,false,,12.20,12.2000,true,1,320043
7290110327545,false,יופלה און טופ בטעם תות בתוספת פצפוצים מצופים שוקולד 157 גרם,מיוצר עי קונדיטוריית,IL,יופלה און טופ תות ופ,גרמים,157.00,100 גרם,false,,4.90,3.1210,true,1,314719
7290110327637,false,יוגורט דיאט יופלה קיווי 0% שומן 150 ג' יופלה,תנובה מרכז שיתופי לש,IL,יופלה דיאט קיווי 150,גרמים,150.00,100 גרם,false,,4.70,3.1333,true,1,314720
7290110328016,false,משקה סויה מועשר בחלבון בטעם אגוזי לוז 250 גרם,תנובה מרכז שיתופי לש,IL,משקה סויה מועשר בטעם,מיליליטרים,250.00,"100 מ""ל",false,,6.20,2.4800,true,1,315997
7290110328023,false,משקה סויה מועשר בחלבון בטעם קפה 250 גרם,תנובה מרכז שיתופי לש,IL,משקה סויה מועשר עם ק,מיליליטרים,250.00,"100 מ""ל",false,,6.20,2.4800,true,1,315998
7290110328221,false,יוגורט נטול לקטוז תנובה 200 גרם,מיוצר עי קונדיטוריית,IL,יוגורט נטול לקטוז 3%,גרמים,200.00,100 גרם,false,,3.70,1.8500,true,1,315885
7290110328504,false,מיקס פתיתי 3 גבינות- מוצרלה סקנדינבית וגאודה,מיוצר עי קונדיטוריית,IL,טריו פתיתים מיקס 3 ג,גרמים,300.00,100 גרם,false,,25.90,8.6333,true,1,316492
7290110328627,false,יוגורט יופלה GO במרקם סמיך בטעם בננה קרמל 0%,מיוצר עי קונדיטוריית,IL,יוגורט גו יופלה סמיך,גרמים,200.00,100 גרם,false,,4.70,2.3500,true,1,317620
7290110328641,false,טופו טבעי 500 גרם 2 ALTERNATIVE יחידות *250 גרם,תנובה חלב,IL,טופו טבעי אלטרנטיב 2,גרמים,500.00,100 גרם,false,,17.90,3.5800,true,1,323248
7290110328764,false,יוגורט יופלה GO במרקם סמיך עם תות 0%,מיוצר עי קונדיטוריית,IL,יוגורט גו יופלה סמיך,גרמים,200.00,100 גרם,false,,4.70,2.3500,true,1,317623
7290110328771,false,יוגורט יופלה GO במרקם סמיך עם פירות יער 0%,מיוצר עי קונדיטוריית,IL,יוגורט גו יופלה סמיך,גרמים,200.00,100 גרם,false,,4.70,2.3500,true,1,317621
7290110328788,false,יוגורט יופלה GO במרקם סמיך בטעם אפרסק 0%,תנובה מרכז שיתופי לש,IL,יוגורט גו יופלה סמיך,גרמים,200.00,100 גרם,false,,4.70,2.3500,true,1,317622
7290110328887,false,"חלב תנובה בקבוק 3%, כשרות מהדרין, 1 ליטר",תנובה מרכז שיתופי לש,IL,חלב בבקבוק 3% תנובה,קילוגרמים,1.00,ליטר,false,,6.20,6.2000,true,1,321118
7290110329136,false,מעדן חלב מעושר בחלבון בטעם שוקולד 120 ג' GO,תנובה מרכז שיתופי לש,IL,מעדן חלב גו 12 מועשר,גרמים,120.00,100 גרם,false,,4.90,4.0833,true,1,320045
7290110329143,false,מעדן חלב מעושר בחלבון בטעם וניל גביע 120 ג' GO,תנובה מרכז שיתופי לש,IL,מעדן חלב גו 12 מועשר,גרמים,120.00,100 גרם,false,,4.90,4.0833,true,1,320046
7290110329211,false,מאגדת דיאט יופלה שכבת תות אפרסק 1200 גרם,תנובה מרכז שיתופי לש,IL,מארז יופלה מחית תות/,קילוגרמים,1.20,ליטר,false,,26.30,21.9167,true,1,320416
7290110329303,false,פרוסות בטעם צהובה קלאסית אלטרנטיב 200 גר,תנובה Alternative,IL,פרוסות צהובה קלאסית,גרמים,200.00,100 גרם,false,,20.90,10.4500,true,1,323246
7290110329600,false,שלישיית שמנת לבישול 15% השף הלבן,תנובה,IL,מארז שמנת לבישול 15%,גרמים,750.00,100 גרם,false,,19.90,2.6533,true,1,325059
7290110329686,false,"משקה חלב גו בטעם עוגיות 340 מ""ל",מיוצר עי קונדיטוריית,IL,משקה GO בטעם עוגיות,מיליליטרים,340.00,"100 מ""ל",false,,7.50,2.2059,true,1,323247
7290110329716,false,משקה חלב קר בטעם קפוצ'ינו 230 גרם תנובה,תנובה מרכז שיתופי לש,IL,משקה קפה קר בטעם קפו,מיליליטרים,230.00,"100 מ""ל",false,,6.90,3.0000,true,1,322572
7290110329723,false,משקה חלב קר בטעם לאטה 230 גרם תנובה,תנובה מרכז שיתופי לש,IL,משקה קפה קר בטעם לאט,מיליליטרים,230.00,"100 מ""ל",false,,6.90,3.0000,true,1,322573
7290110329730,false,"משקה חלב עם שוקולד וקפה בסגנון לאטה 2.7%  230 מ""ל תנובה",תנובה מרכז שיתופי לש,IL,משקה קפה קר בטעם לאט,מיליליטרים,230.00,"100 מ""ל",false,,6.90,3.0000,true,1,322574
7290110329792,false,יוגורט סויה BIO Alternative אפרסק 150 ג' תנובה,מיוצר עי קונדיטוריית,IL,מעדן סויה ביו אפרסק,גרמים,150.00,100 גרם,false,,4.70,3.1333,true,1,320419
7290110329808,false,יוגורט סויה BIO Alternative תות 150 ג' תנובה,מיוצר עי קונדיטוריית,IL,מעדן סויה ביו תות אל,גרמים,150.00,100 גרם,false,,4.70,3.1333,true,1,320420
7290110329815,false,סויה BIO מתיקות מעודנת גביע 150 גרם Alternative,מיוצר עי קונדיטוריית,IL,מעדן סויה ביו מתיקות,גרמים,150.00,100 גרם,false,,4.70,3.1333,true,1,320421
7290110329822,false,יוגורט סויה BIO Alternative פירות יער 150 ג' תנובה,מיוצר עי קונדיטוריית,IL,מעדן סויה ביו פירות,גרמים,150.00,100 גרם,false,,4.70,3.1333,true,1,320422
7290110329839,false,alternative פרוסות בטעם צהובה עם זיתים 200 גרם,מיוצר עי קונדיטוריית,IL,פרוסות צהובה בטעם זי,גרמים,200.00,100 גרם,false,,20.90,10.4500,true,1,323238
7290110329846,false,יוגורט סויה BIO Alternative בטעם טבעי 150 ג' תנובה,מיוצר עי קונדיטוריית,IL,מעדן סויה ביו טבעי א,גרמים,150.00,100 גרם,false,,4.70,3.1333,true,1,320423
7290110329914,false,"מאגדת משקה Alternative שיבולת שועל ושקדים 6*100 מ""ל תנובה",תנובה מרכז שיתופי לש,IL,משקה ביו שיבולת שועל,מיליליטרים,600.00,"100 מ""ל",false,,17.90,2.9833,true,1,323293
7290110550202,false,מטבעות שוקולד חלב לאפיה 400 גרם עלית,"פוליבה בע""\מ",IL,מטבעות שוקולד חלב לא,גרמים,400.00,100 גרם,false,,24.90,6.2250,true,1,322380
7290110550219,false,מטבעות שוקולד לבן לאפיה 400 גרם עלית,"פוליבה בע""\מ",IL,מטבעות שוקולד לבן לא,גרמים,400.00,100 גרם,false,,24.90,6.2250,true,1,322381
7290110550226,false,מטבעות שוקולד מריר לאפיה 400 גרם עלית,"פוליבה בע""\מ",IL,מטבעות שוקולד מריר ל,גרמים,400.00,100 גרם,false,,24.90,6.2250,true,1,322382
7290110550394,false,PERFECT BITE שוקולד חלב במילוי קרם ושברי אגוזי לוז 234 גרם,"שטראוס גרופ בע""\מ",IL,חטיף שוקולד פרפקט בי,גרמים,234.00,100 גרם,false,,18.90,8.0769,true,1,319719
7290110552121,false,יוגורט בתוספת סידן וויטמין ד 100 ג' דנונה,תנובה מרכז שיתופי לש,IL,דנונה היוגורט הראשון,גרמים,100.00,100 גרם,false,,2.30,2.3000,true,1,322435
7290110552220,false,יוגורט PRO בטעם תות 0% סוכר לבן 20 גרם חלבון בגביע,"שטראוס בריאות בע""\מ",IL,דנונה פרו 20 תות ללא,גרמים,200.00,100 גרם,false,,6.20,3.1000,true,1,320335
7290110552237,false,יוגורט פרו בטעם אפרסק מנגו ללא סוכר 200 ג' דנונה,"שטראוס בריאות בע""\מ",IL,דנונה פרו 20 אפרסק ו,גרמים,200.00,100 גרם,false,,6.20,3.1000,true,1,320336
7290110552251,false,יוגורט אקטיביה עם צ'יה ואוכמניות 150 גרם,"שטראוס בריאות בע""\מ",IL,יוגורט אקטיביה צ'יה,גרמים,150.00,100 גרם,false,,4.70,3.1333,true,1,320333
7290110552848,false,מסטיק מאסט מנטה בנגיעות מלפפון צנצנת מגדים 66 גרם,אסקום בעבור שטראוס,DE,מסטיק מאסט בטעם מנט,גרמים,66.00,100 גרם,false,,8.90,13.4848,true,1,325850
7290110554422,false,פומודורו רוטב עגבניות ופלפלים לשקשוקה לפסטה יד מרדכי 350 גרם,אמיליאנה קונסרב סוסייטה,IT,רוטב עגבניות ופלפלים,גרמים,350.00,100 גרם,false,,10.80,3.0857,true,1,323606
7290110554583,false,מארז חטיפי צ'יטוס פאפס בטעם גבינה - 10 יחידות,"שטראוס פריטו ליי בע""\מ )",IL,מארז צ'יטוס בטעם גבי,גרמים,200.00,100 גרם,false,,11.50,5.7500,true,1,320506
7290110554729,false,קפסולות עלית אספרסו 04 תואמות למכונות NESPRESSO,שטראוס קפה בי.וי.,IL,קפסולות עלית מס 04 ל,גרמים,50.00,100 גרם,false,,15.50,31.0000,true,1,322188
7290110554798,false,פולי אספרסו עשירים וארומטיים עוצמה 8 עלית 250 גרם,שטראוס קפה בי. וי.,IL,פולי קפה ארומטיים בק,גרמים,250.00,100 גרם,false,,19.90,7.9600,true,1,324629
7290110555009,false,זוג פסאטה מחית עגבניות חלקה יד מרדכי 700 גרם,אמיליאנה קונסרב ס.פ.,IT,מחית עגבניות פסאטה י,גרמים,700.00,100 גרם,false,,11.90,1.7000,true,1,323298
7290110555146,false,מעדן הגולן בטעם מוקה125ג,"שטראוס בריאות בע""\מ",IL,מעדן הגולן בטעם מוקה,מיליליטרים,125.00,"100 מ""ל",false,,2.90,2.3200,true,1,324300
7290110555306,false,רבע לשבע טבעוני סינמון באן עלית 125 גרם,"הגביע מוצרי וופלים בע""\מ",IL,גלילי ופל רבע לשבע ס,גרמים,125.00,100 גרם,false,,9.60,7.6800,true,1,322967
7290110556242,false,עלית - שוקולד מריר פרווה בדץ 100 גרם,"שטראוס גרופ בע""מ.",FR,שוקולד פרה מריר 100,גרמים,100.00,100 גרם,false,,5.90,5.9000,true,1,323770
7290110557027,false,חומוס עשיר 50% טחינה גולמית 400 ג' אחלה,מיוצר עי קונדיטוריית,IL,חומוס עשיר ב50% טחינ,גרמים,400.00,100 גרם,false,,12.90,3.2250,true,1,320036
7290110557102,false,מעדן חלב עם שוקולד מועשר בחלבון 150 ג' שטראוס,מיוצר עי קונדיטוריית,IL,מעדן חלב עם שוקולד פ,גרמים,150.00,100 גרם,false,,5.20,3.4667,true,1,318995
7290110557133,false,מעדן הגולן וניל 125 ג' שטראוס,מיוצר עי קונדיטוריית,IL,מעדן הגולן וניל 125,מיליליטרים,125.00,"100 מ""ל",false,,2.90,2.3200,true,1,319329
7290110557317,false,יוגורט בתוספת סידן וויטמין ד עם שיבולת שועל 100 ג' דנונה,תנובה מרכז שיתופי לש,IL,דנונה היוגורט הראשון,גרמים,100.00,100 גרם,false,,2.30,2.3000,true,1,322436
7290110557478,false,חומוס גלילי במרקם ותיבול מעודן,"שטראוס גרופ בע""\מ",IL,חומוס גלילי אחלה 600,גרמים,600.00,100 גרם,false,,12.50,2.0833,true,1,321328
7290110558154,false,דנונה לייט אנד פרי עוגת תפוחים 150ג דנונה,"שטראוס בריאות בע""\מ",IL,דנונה לייט אנד פרי ב,גרמים,150.00,100 גרם,false,,4.50,3.0000,true,1,323302
7290110558215,false,"דנונה קראנצ`פיסטוק עם פיצפוץ לבן קראנצי פיסטוק, 173 גרם","שטראוס בריאות בע""\מ",IL,דנונה בר קראנץ פיסטו,מיליליטרים,173.00,"100 מ""ל",false,,4.50,2.6012,true,1,324301
7290110558222,false,"וואו יוגורט עם שכבה בטעם בנופי פאי 5.4%, 150ג דנונה","שטראוס בריאות בע""\מ",IL,דנונה WOW עם שכבה בט,מיליליטרים,150.00,"100 מ""ל",false,,4.70,3.1333,true,1,323304
7290110558239,false,"וואו יוגורט עם שכבה בטעם קראק פאי 5.4%, 150 ג דנונה","שטראוס בריאות בע""\מ",IL,דנונה WOW עם שכבה בט,מיליליטרים,150.00,"100 מ""ל",false,,4.70,3.1333,true,1,323305
7290110558253,false,דנונה שייק נונה ריפרש בננה אננס וצ'יה,"שטראוס בריאות בע""\מ",IL,משקה דנונה ריפרש בננ,גרמים,250.00,100 גרם,false,,5.80,2.3200,true,1,322811
7290110558314,false,דנונה פרו 20 גרם חלבון ללא סוכר פיסטוק 200 גרם,"שטראוס בריאות בע""\מ",IL,דנונה פרו 20 בטעם פי,גרמים,200.00,100 גרם,false,,6.20,3.1000,true,1,323301
7290110558741,false,"גמדים פאוץ תפוח בננה, 100 ג' שטראוס","שטראוס בריאות בע""\מ",IL,גמדים לדרך תפוח בננה,גרמים,100.00,100 גרם,false,,5.40,5.4000,true,1,325104
7290110559748,false,ריל מאגדת שקדים קוקוס ושוקולד מריר שטראוס 105 גרם,"ואמואליס פודס אס.איי,",GR,מאגדת ריל אנרג'י שקד,גרמים,105.00,100 גרם,false,,15.90,15.1429,true,1,322971
7290110559755,false,ריל מאגדת בוטנים פיסטוק וחמוציות שטראוס 105 גרם,"ואמואליס פודס אס.איי,",GR,מאגדת ריל אנרג'י בוט,גרמים,105.00,100 גרם,false,,15.90,15.1429,true,1,322972
7290110559762,false,ריל מאגדת אגוזים תמרים קוקוס שטראוס 105 גרם,"ואמואליס פודס אס.איי,",GR,מאגדת ריל אנרג'י אגו,גרמים,105.00,100 גרם,false,,15.90,15.1429,true,1,322973
7290110560300,false,"הפריכיות הטעימות חומוס, עדשים שחורות, קינואה ופלפל שחור",אנרג'י Energy - שטראוס,IL,פריכיות אנרג'י משולש,Unknown,0.00,יחידה,false,,4.90,0.0000,true,1,312956
7290110560317,false,"הפריכיות הטעימות חומוס, עדשים שחורות, קינואה ומלח ים","פרח תעשיו מזון בע""מ",IL,פריכיות אנרג'י משולש,Unknown,0.00,יחידה,false,,4.90,0.0000,true,1,312957
7290110560324,false,"הפריכיות הטעימות תפו""א, אורז, אפונה ומלח ים","פרח תעשיו מזון בע""מ",IL,פריכיות אנרג'י משולש,גרמים,30.00,100 גרם,false,,4.90,16.3333,true,1,312958
7290110560836,false,"מילקי טעם פסק זמן שטראוס 133 מ""ל",מיוצר עי קונדיטוריית,IL,מילקי פסק זמן 133 גר,גרמים,133.00,100 גרם,false,,2.90,2.1805,true,1,300953
7290110561352,false,דנונה יוגורט ביו פרוביוטי 3% דל לקטוז 150ג',"שטראוס בריאות בע""\מ",IL,דנונה דל לקטוז בתוספ,גרמים,200.00,100 גרם,false,,4.20,2.1000,true,1,317877
7290110561604,false,מארז 8 יחידות מעדן גמדים בטעם תות בננה,"שטראוס בריאות בע""\מ",IL,מארז גמדים תות בננה,גרמים,800.00,100 גרם,false,,18.90,2.3625,true,1,300663
7290110563462,false,חלב 2% דל לקטוז בבקבוק יטבתה 1 ליטר.,מחלבת יטבתה,IL,חלב מועשר נטול לקטוז,קילוגרמים,1.00,ליטר,false,,8.20,8.2000,true,1,309595
7290110564339,false,חומוס אחלה הסידרה המובחר 30% טחינה 400 גר',מיוצר עי קונדיטוריית,IL,חומוס עשיר ב30% טחינ,גרמים,400.00,100 גרם,false,,12.90,3.2250,true,1,300651
7290110564360,false,חומוס אחלה הסידרה המובחר 40% טחינה 400 גר',מיוצר עי קונדיטוריית,IL,חומוס עשיר ב40% טחינ,גרמים,400.00,100 גרם,false,,12.90,3.2250,true,1,300650
7290110564414,false,חומוס אחלה הסידרה המובחר 30% טחינה 600 גר',מיוצר עי קונדיטוריית,IL,חומוס עשיר ב 30% טחי,גרמים,600.00,100 גרם,false,,14.90,2.4833,true,1,300647
7290110564919,false,דנונה מעודן ללא סוכר החזרות 150 גר,מיוצר עי קונדיטוריית,IL,דנונה מתיקות מעודנת,גרמים,150.00,100 גרם,false,,3.50,2.3333,true,1,309904
7290110565527,false,יוגורט PRO פרו 1.5% 20 גרם חלבון בגביע,"שטראוס בריאות בע""מ",IL,דנונה פרו טבעי 1.5%,גרמים,200.00,100 גרם,false,,6.20,3.1000,true,1,299563
7290110565572,false,מארז קפה טורקי עלית לדרך עם הל 168 גרם,שטראוס קפה בי.וי.,IL,קפה טורקי הל לדרך 2,גרמים,168.00,100 גרם,false,,17.90,10.6548,true,1,323773
7290110566043,false,יוגורט 4.5% שומן 3 ל' שטראוס,"מחלבות בר בכפר בע""מ",IL,משקה יוגורט 4% שטראו,פריט,3.00,"ק""ג",false,,26.90,8.9667,true,1,301696
7290110566623,false,קפסולות קולומביה עלית 08 למכונת נספרסו מארז 5X10ג',שטראוס קפה בי.וי.,IL,קפסולות עלית קולומבי,גרמים,50.00,100 גרם,false,,15.50,31.0000,true,1,302181
7290110566975,false,דנונה פרו יוגורט 0% תות עשיר בחלבון 200ג',"שטראוס בריאות בע""\מ",IL,דנונה פרו תות 0% 200,גרמים,200.00,100 גרם,false,,6.20,3.1000,true,1,301589
7290110568238,false,"קצפת צמחית 21% שומן 250 מ""ל יוטבתה",מחלבת יטבתה,IL,קצפת צמחית במתיקות מ,מיליליטרים,250.00,"100 מ""ל",false,,8.30,3.3200,true,1,315933
7290110568559,false,דוריטוס עלית מארז חמוץ חריף 10 יח' *25 ג',"שטראוס פריטו ליי בע""מ )פ",IL,מארז דוריטוס חמוץ חר,גרמים,250.00,100 גרם,false,,9.70,3.8800,true,1,302062
7290110568566,false,דוריטוס גריל עלית מארז 10 יח' *25 ג',"שטראוס פריטו ליי בע""מ )פ",IL,מארז דוריטוס גריל 10,גרמים,250.00,100 גרם,false,,9.70,3.8800,true,1,302061
7290110571382,false,מעדן חלב בטעם וניל מעושר בחלבון 150 ג' שטראוס,"שטראוס בריאות בע""\מ",IL,מעדן חלב בטעם וניל פ,גרמים,150.00,100 גרם,false,,5.20,3.4667,true,1,322655
7290110571405,false,עלית - מיני פינוקיות בגביע פסק זמן 180 גרם,"הגביע מוצרי ופלים בע""\מ",IL,עוגיות מיני פינוקיות,גרמים,180.00,100 גרם,false,,9.90,5.5000,true,1,324888
7290110571412,false,עלית - מיני פינוקיות בגביע פאדג' 180 גרם,"הגביע מוצרי ופלים בע""\מ",IL,עוגיות מיני פינוקיות,גרמים,180.00,100 גרם,false,,9.90,5.5000,true,1,324889
7290110571535,false,מארז קפה טורקי הל עלית 300 גרם,שטראוס קפה בי.וי.,IL,מארז קפה טורקי הל על,גרמים,300.00,100 גרם,false,,21.90,7.3000,true,1,322384
7290110572884,false,"קפסולות קפה מספר 20 למכונת אספרס אספרסו, 50 גרם",שטראוס קפה בי.וי.,IL,קפסולות עלית מס' 20,גרמים,50.00,100 גרם,false,,15.50,31.0000,true,1,324829
7290110574413,false,עלית - פופקורן בטעם טעמי 70 גרם,סראנו בעבור שטראוס,קפריסין,פופקורן מקורמל מצופה,גרמים,70.00,100 גרם,false,,7.90,11.2857,true,1,324653
7290110574420,false,עלית - פופקורן בטעם פסק זמן 70 גרם,סראנו בעבור שטראוס,קפריסין,פופקורן מקורמל מצופה,גרמים,70.00,100 גרם,false,,7.90,11.2857,true,1,324654
7290110574437,false,עלית - פופקורן בטעם טורטית 70 גרם,סראנו בעבור שטראוס,קפריסין,פופקורן מקורמל טורטי,גרמים,70.00,100 גרם,false,,7.90,11.2857,true,1,325846
7290110576493,false,עלית - פופקורן בטעם בלונדי 70 גרם,סראנו בעבור שטראוס,קפריסין,פופקורן מקורמל בלונד,גרמים,70.00,100 גרם,false,,7.90,11.2857,true,1,325847
7290110576752,false,טבלאות שוקולד ספלנדיד מריר 70% 100 ג' עלית,קימ'ס גריפלנן,BE,שוקולד ספלנדיד מריר,גרמים,100.00,100 גרם,false,,9.90,9.9000,true,1,324839
7290110576776,false,טבלאות שוקולד ספלנדיד מריר 85% 100 ג' עלית,קימ'ס גריפלנן,BE,שוקולד ספלנדיד מריר,גרמים,100.00,100 גרם,false,,9.90,9.9000,true,1,324840
7290110576790,false,גבינת סקי 3% בטעם מוקה 125 גרם,"שטראוס בריאות בע""\מ",IL,מעדן גבינה בטעם מיקס,גרמים,125.00,100 גרם,false,,3.90,3.1200,true,1,324297
7290110576851,false,מארז שמינייה גמדים לשתייה בטעם סלט פירות,"שטראוס בריאות בע""\מ",IL,מארז משקה גמדים סלט,גרמים,864.00,100 גרם,false,,20.90,2.4190,true,1,324298
7290110577629,false,עלית - רבע לשבע טבעוני טורטית 125 גרם,"הגביע מוצרי וופלים בע""\מ",IL,גלילי ופל רבע לשבע ט,גרמים,125.00,100 גרם,false,,9.90,7.9200,true,1,325848
7290110577636,false,עלית - רבע לשבע טבעוני חמאת בוטנים 125 גרם,"הגביע מוצרי וופלים בע""\מ",IL,גלילי ופל רבע לשבע ח,גרמים,125.00,100 גרם,false,,9.90,7.9200,true,1,325849
7290111341366,false,ניקול מפיות אירוח חד שכבתי 150 יחידות,"משווק ע""י קימברלי קלארק",SK,מפיות ניקול לבנות חד,Unknown,0.00,יחידה,false,,7.70,0.0000,true,1,317626
7290111342042,false,ניקול כריות יפניות אנטיבקטריאלי 4 יחידות,פלסטו פוליש,IL,כריות יפניות אנטיבקט,Unknown,0.00,יחידה,false,,10.90,0.0000,true,1,311948
7290111343858,false,ניקול מטליות לחות לרצפה אנטיבקרטריאלי 10 יחידות,עלבד משואות יצחק,IL,מטליות לחות אנטיבקטר,Unknown,0.00,יחידה,false,,10.90,0.0000,true,1,311950
7290111344077,false,מטליות לחות לחיטוי משטחים אריזת שלישייה,עלבד משואות יצחק,IL,מטליות לחות אנטיבקטר,Unknown,0.00,יחידה,false,,24.90,0.0000,true,1,311951
7290111344206,false,האגיס נטורל קר מגבונים לחים בבישום עדין רביעייה,חוגלה קימברלי,IL,מגבונים האגיס 4*64 י,Unknown,0.00,יחידה,false,,20.70,0.0000,true,1,319198
7290111344558,false,ניקול שקיות אשפה גדולות 100 יח,חוגלה קימברלי,IL,שקיות אשפה לפחים גדו,Unknown,0.00,יחידה,false,,29.90,0.0000,true,1,318372
7290111344831,false,קוטקס - מגיני יום אקסטרא פרוטקט נורמל ביג 60 יח',חוגלה קימברלי,CN,מגן תחתון קוטקס אקסט,Unknown,0.00,יחידה,false,,18.50,0.0000,true,1,319604
7290111344855,false,קוטקס - מגיני יום אקסטרא פרוטקט לארג' ביג 52 יח',חוגלה קימברלי,CN,מגן תחתון קוטקס אקסט,Unknown,0.00,יחידה,false,,18.50,0.0000,true,1,319605
7290111345814,false,נייר טואלט לילי נטורל קר 30 גלילים מהדורה,לילי נייר טואלט חוגלה,IL,נייר טואלט לילי נטור,מטרים,517.00,מטר,false,,34.90,0.0675,true,1,320169
7290111346088,false,נייר טואלט מולט דו שכבתי 30 גל,חוגלה קימברלי,IL,נייר טואלט מולט 30 ג,מטרים,500.00,מטר,false,,28.90,0.0578,true,1,324531
7290111351723,false,פופקורן למיקרוגל טבע,פופז,US,פופקורן למיקרוגל טבע,פריט,1.10,"ק""ג",false,,19.90,18.0909,true,1,307391
7290111351754,false,פופקורן למיקרוגל חמא,פופז,US,פופקורן למיקרוגל חמא,פריט,1.10,"ק""ג",false,,19.90,18.0909,true,1,307392
7290111352966,false,יוגטה סוכריות ממולאות בטעם פירות 250 גרם ללא ג'לטין,ליימן שליסל,TR,סוכריות גומי ממולאות,גרמים,250.00,100 גרם,false,,5.90,2.3600,true,1,312076
7290111352973,false,יוגוטה קוביות חמוצות ממולאות בטעם פירות,יוגטה yogueta,TR,סוכריות קוביות חמוצו,גרמים,220.00,100 גרם,false,,5.90,2.6818,true,1,312077
7290111353208,false,פופקורן למיקרוגל טבע,פופז,US,פופקורן למיקרוגל טבע,פריט,1.10,"ק""ג",false,,19.90,18.0909,true,1,313852
7290111354557,false,"לקקן יוגטה טעם קולה 450 גרם בד""צ",טאיס,TR,סוכריות על מקל בטעם,גרמים,450.00,100 גרם,false,,12.90,2.8667,true,1,324884
7290111354564,false,"לקקן יוגטה טעם פירות 450 גרם בד""צ",טאיס,TR,סוכריות על מקל בטעמי,גרמים,450.00,100 גרם,false,,12.90,2.8667,true,1,324885
7290111534010,false,פס גבינה שמנת פירורים קפולסקי 400 גרם,תופינים מקבוצת קפולסקי,IL,עוגת מוס גבינה פירור,גרמים,450.00,100 גרם,false,,35.90,7.9778,true,1,296072
7290111564239,false,שלגוני קראנץ' Crunch בטעם וניל - 5 יח',גלידות נסטלה )נגה גלידות,IL,שלגוני מיני קראנצ ונ,גרמים,275.00,100 גרם,false,,25.90,9.4182,true,1,300337
7290111564277,false,פריכיות דקות ונימוחות 3 דגנים פיטנס Fitness,פרח תעשיות בעמ,IL,פריכיות דקות 3 דגנים,גרמים,120.00,100 גרם,false,,9.90,8.2500,true,1,302797
7290111564291,false,פריכיות דקות ונימוחות 3 דגנים וקינואה פיטנס Fitness,פרח תעשיות בעמ,IL,פריכיות דקות עם קינו,גרמים,120.00,100 גרם,false,,9.90,8.2500,true,1,302796
7290111564727,false,עוגיות אסם קרמוגית וקרם אגוזים אסם 200ג',מיוצר עי קונדיטוריית,IL,עוגיות שוקו קרם אגוז,גרמים,200.00,100 גרם,false,,9.90,4.9500,true,1,299690
7290111564956,false,"ביסלי במבה מיקס 200 גרם ""אסם""",פרו מן יו פתרונות אריזה,IL,ביסלי במבה מיקס 200,גרמים,200.00,100 גרם,false,,8.90,4.4500,true,1,301150
7290111565038,false,"לה קרמריה וניל קוקילידה בד""צ 1.4 ל'",גלידות נסטלה )נגה גלידות,IL,גלידה לה קרמריה וניל,קילוגרמים,1.40,ליטר,false,,18.50,13.2143,true,1,301060
7290111565083,false,מארז במבה 15*25 גרם,גבעול,IL,מארז במבה 15*25 גרם,גרמים,375.00,100 גרם,false,,17.90,4.7733,true,1,298994
7290111566240,false,שניצל דק מן הצומח בטעם צ'ילי חריף 700 גרם,עיצובים 2020 (4.8),IL,שניצל דק צמחוני צילי,גרמים,564.00,100 גרם,false,,29.90,5.3014,true,1,299669
7290111566271,false,חטיפי תירס טבעול 657 גרם,עיצובים 2020 (4.8),IL,חטיפי תירס טבעול 657,גרמים,657.00,100 גרם,false,,29.90,4.5510,true,1,299667
7290111566318,false,שניצל דק מן הצומח בטעם ביתי 700 גרם,עיצובים 2020 (4.8),IL,שניצל דק צמחוני ביתי,גרמים,564.00,100 גרם,false,,29.90,5.3014,true,1,299668
7290111566332,false,"נקניקיות וינר מן הצומח 680 גרם ""טבעול""",עיצובים 2020 (4.8),IL,נקניקיות וינר צמחוני,גרמים,680.00,100 גרם,false,,29.90,4.3971,true,1,299670
7290111566417,false,טבעול טחון מן הצומח משופר 400 גרם,עיצובים 2020 (4.8),IL,טחון צמחוני טבעול 50,גרמים,500.00,100 גרם,false,,29.90,5.9800,true,1,299683
7290111566547,false,טבעול חזה בגריל צמחוני 99 קלוריות 560ג',עיצובים 2020 (4.8),IL,חזה בגריל צמחוני טבע,גרמים,560.00,100 גרם,false,,29.90,5.3393,true,1,299681
7290111566561,false,"שניצל ברוקולי 99 קלוריות 560 גר' ""טבעול""",עיצובים 2020 (4.8),IL,שניצל ברוקולי 99 קלו,גרמים,500.00,100 גרם,false,,29.90,5.9800,true,1,299677
7290111566585,false,"שניצל צמחוני 99 קלוריות 650 גר' ""טבעול""",עיצובים 2020 (4.8),IL,שניצל צמחוני טבעול 6,גרמים,650.00,100 גרם,false,,29.90,4.6000,true,1,299680
7290111566714,false,טבעול המבורגר צמחוני 99 קלוריות 600 גרם,עיצובים 2020 (4.8),IL,המבורגר צמחוני טבעול,גרמים,600.00,100 גרם,false,,29.90,4.9833,true,1,299679
7290111566752,false,טבעול שניצל תירס 99 קלוריות 693 גרם,עיצובים 2020 (4.8),IL,שניצל תירס טבעול 693,גרמים,693.00,100 גרם,false,,29.90,4.3146,true,1,299676
7290111566776,false,"נקניקיות קוקטייל מן הצומח 680 גרם ""טבעול""",עיצובים 2020 (4.8),IL,נקניקיות קוקטייל צמח,גרמים,680.00,100 גרם,false,,29.90,4.3971,true,1,299671
7290111568251,false,אטריות נודלס להקפצה אסם אסייתי 350 גר',תאי פרזידנטפוד,TH,נודלס אטריות להקפצה,גרמים,350.00,100 גרם,false,,8.90,2.5429,true,1,301268
7290111568466,false,רוטב אסייתי למוקפץ הסדרה האסייתית,אסיף תעשיות מזון בעמ,IL,רוטב אסייתי למוקפץ א,גרמים,360.00,100 גרם,false,,10.90,3.0278,true,1,301265
7290111568961,false,בייגלה טבעות מלח אסם 400 גרם,אסם,IL,בייגלה טבעות עם מלח,גרמים,400.00,100 גרם,false,,7.90,1.9750,true,1,323450
7290111930805,false,קראנצ'וס טעם ברביקיו 55 גר',קראנצ'וס,IL,קראנצוס ברבקיו 55 גר,גרמים,55.00,100 גרם,false,,1.90,3.4545,true,1,298230
7290111930850,false,קראנצ'וס טעם פיצה 55גר',קראנצ'וס,IL,קראנצוס פיצה 55 גרם,גרמים,55.00,100 גרם,false,,1.90,3.4545,true,1,298229
7290111930997,false,פירורי לחם מוזהב מאס,מנה,IL,פירורי לחם מוזהב מאס,גרמים,800.00,100 גרם,false,,11.90,1.4875,true,1,299121
7290111932380,false,"מרידול משחת שיניים מארז 75X2מ""ל כשל""פ",GABA LOER GER,PL,"משחת מרידול 2*75 מ""ל",מיליליטרים,150.00,"100 מ""ל",false,,24.90,16.6000,true,1,299997
7290111933554,false,שלישייה עגבניות קוביות מאסטר שף 400 גרם,קונסוריזיו קאסאלסקו,IT,מארז עגבניות קוביות,פריט,1.20,"ק""ג",false,,15.90,13.2500,true,1,303262
7290111933592,false,פירורי לחם פנקו מאסט,מנה,IL,פירורי לחם פנקו מאסט,גרמים,510.00,100 גרם,false,,11.90,2.3333,true,1,302705
7290111936203,false,"ליידי ספיד סטיק דרמה ספריי ויטמין אי 150 מ""ל",ליידי ספיד סטיק Lady Speed Stick,RU,דאו ספריי ליידי ספיד,מיליליטרים,150.00,"100 מ""ל",false,,13.90,9.2667,true,1,307289
7290111936296,false,"פלמוליב סבון נוזלי בניחוח סנסיישן מסאז' ,750 מ""ל",קולגייט פלמוליב,TR,ג'ל רחצה פלמוליב סנס,מיליליטרים,750.00,"100 מ""ל",false,,13.50,1.8000,true,1,305665
7290111936647,false,"מקס פרש מארז זוג 125 מ""ל",קולגייט פלמוליב,PL,משחת קולגייט מקס פרש,מיליליטרים,250.00,"100 מ""ל",false,,28.90,11.5600,true,1,304939
7290111937248,false,פרי מארז חטיפים 5 יחידות תמרים קשיו ונגיעות לוז כשלפ,"טבעית מוצרים מהטבע בע""\מ",IL,מארז חטיף פרי תמרים,גרמים,125.00,100 גרם,false,,14.90,11.9200,true,1,304867
7290111937255,false,פרי מארז חטיפים 5 יחידות תמרים בוטנים ואגוזי לוז כשלפ,"טבעית מוצרים מהטבע בע""\מ",IL,מארז חטיף פרי תמרים,גרמים,125.00,100 גרם,false,,14.90,11.9200,true,1,304981
7290111938498,false,"מנה אסייאתי רוטב סויה בהירה 700 מ""ל מ.שף",קי.אר.אס. ספייסי פוד,TH,רוטב סויה בהירה מאסט,גרמים,700.00,100 גרם,false,,12.50,1.7857,true,1,309448
7290111939822,false,משחת קולגייט אופטיק,קולגייט פלמוליב,PL,משחת קולגייט אופטיק,מיליליטרים,225.00,"100 מ""ל",false,,39.90,17.7333,true,1,308517
7290111939846,false,משחת קולגייט אופטיק,קולגייט פלמוליב,PL,משחת קולגייט אופטיק,מיליליטרים,225.00,"100 מ""ל",false,,39.90,17.7333,true,1,308518
7290112000408,false,מנקה ומחטא עוצמתי לניקוי כללי בניחוח לימון,רקיט בנקיזר,US,תרסיס דטול מנקה ומחט,מיליליטרים,750.00,"100 מ""ל",false,,14.90,1.9867,true,1,310406
7290112000798,false,"דיטול תרסיסי חיטוי וניקוי אנטי בקטריאלי 750 מ""ל",רקיט בנקיזר,GB,תרסיס דטול מנקה ומחט,מיליליטרים,750.00,"100 מ""ל",false,,14.90,1.9867,true,1,310411
7290112000903,false,פיניש למדיח הכל ב1 120טב,רקיט בנקיזר,PL,טבליות פיניש פאוורבו,פריט,1.92,"ק""ג",false,,59.90,31.1979,true,1,304318
7290112001436,false,"פיניש מנקה מדיח כלים בניחוח לימון 250 מ""ל",רקיט בנקיזר,PL,מנקה מדיח פיניש לימו,מיליליטרים,250.00,"100 מ""ל",false,,14.90,5.9600,true,1,308664
7290112001641,false,"מסיר כתמים קליה 950 מ""ל",רקיט בנקיזר,PL,תרסיס וניש קליה 950,מיליליטרים,950.00,"100 מ""ל",false,,19.90,2.0947,true,1,311103
7290112001870,false,"סיליט באנג ספריי ניקוי אמבטיה 750 מ""ל",רקיט בנקיזר,PL,תרסיס סיליט באנג לני,מיליליטרים,750.00,"100 מ""ל",false,,12.50,1.6667,true,1,309604
7290112002136,false,ג'ל כביסה מרוכז קולון 101 קלאסי,רקיט בנקיזר,IL,ג'ל קולון כחול 4 ליט,קילוגרמים,4.00,ליטר,false,,34.50,8.6250,true,1,308353
7290112002143,false,ג'ל כביסה מרוכז קולון 101 בניחוח לבנדר,רקיט בנקיזר,IL,ג'ל קולון לילך סגול,קילוגרמים,4.00,ליטר,false,,34.50,8.6250,true,1,308354
7290112002457,false,דטול - שלישיית מגבונים לניקוי וחיטוי בניחוח לימון,רקיט בנקיזר,PL,מטליות לחות דטול לני,Unknown,0.00,יחידה,false,,19.90,0.0000,true,1,313765
7290112003188,false,קולון קפסולות גל לכביסה 60 יחידות,רקיט בנקיזר,IT,קפסולות ג'ל קולון 60,Unknown,0.00,יחידה,false,,49.90,0.0000,true,1,313652
7290112003973,false,"וניש אבקה ורודה מולטי פאואר 1.350 ק""ג א. חסכון חדש להלבנה",רקיט בנקיזר,IT,אבקת וניש מסיר כתמים,פריט,1.35,"ק""ג",false,,34.90,25.8519,true,1,317819
7290112004109,false,מטליות לחות לניקוי כללי וחיטוי בריח ליים ונענע- מארז,רקיט בנקיזר,PL,מטליות לחות דטול לחי,Unknown,0.00,יחידה,false,,19.90,0.0000,true,1,313766
7290112004413,false,"ספריי וניש קליה להסרת כתמים לבגדים לבנים 750 מ""ל",רקיט בנקיזר,PL,ספריי וניש להסרת כתמ,מיליליטרים,750.00,"100 מ""ל",false,,16.90,2.2533,true,1,321967
7290112004505,false,אירוויק ספריי לבנדר,,,אירוויק ספריי לבנדר,מיליליטרים,720.00,"100 מ""ל",false,,19.90,2.7639,true,1,315538
7290112004512,false,מילוי מבשם אוטומטי א,רקיט בנקיזר,PL,מילוי מבשם אוטומטי א,מיליליטרים,750.00,"100 מ""ל",false,,32.90,4.3867,true,1,315532
7290112004529,false,מילוי מבשם אוטומטי א,רקיט בנקיזר,PL,מילוי מבשם אוטומטי א,מיליליטרים,750.00,"100 מ""ל",false,,32.90,4.3867,true,1,315533
7290112004536,false,מילוי מבשם אוטומטי א,רקיט בנקיזר,PL,מילוי מבשם אוטומטי א,מיליליטרים,750.00,"100 מ""ל",false,,32.90,4.3867,true,1,315534
7290112004611,false,"וניש קליה ג'ל מרוכז לטיפול נקודתי בכתמים 200 מ""ל",רקיט בנקיזר,PT,ג'ל וניש גולד מסיר כ,מיליליטרים,200.00,"100 מ""ל",false,,16.50,8.2500,true,1,321494
7290112005052,false,וניש תוסף כביסה רב תכליתי לבגדים לבנים,קליה וניש Kalia Vanish,IT,אבקת וניש מסיר כתמים,פריט,1.50,"ק""ג",false,,39.90,26.6000,true,1,325023
7290112005083,false,וניש תוסף כביסה רב תכליתי לכביסה צבעונית,קליה וניש Kalia Vanish,IT,אבקת וניש מסיר כתמים,פריט,1.50,"ק""ג",false,,39.90,26.6000,true,1,325024
7290112005168,false,פיניש אולטימייט קוואנטום לימון 60 טבליות למדיח,רקיט בנקיזר,PL,טבליות פיניש קוואנטו,Unknown,0.00,יחידה,false,,54.90,0.0000,true,1,323263
7290112120120,false,אטריות ביצים דקות נו,פוגיאן לונגאי,CN,אטריות ביצים דקות נו,פריט,1.00,"ק""ג",false,,12.90,12.9000,true,1,301775
7290112120137,false,אטריות ביצים עבות נו,פוגיאן לונגאי,CN,אטריות ביצים עבות נו,פריט,1.00,"ק""ג",false,,12.90,12.9000,true,1,301720
7290112120649,false,בונבוניירה צדף 125 ג,קאיפינג גינקה פודסטא,CN,בונבוניירה צדף 125 ג,גרמים,125.00,100 גרם,false,,11.90,9.5200,true,1,304214
7290112120670,false,בונבוניירה מתומן 200,קאיפינג גינקה פודסטא,CN,בונבוניירה מתומן 200,גרמים,200.00,100 גרם,false,,17.90,8.9500,true,1,304211
7290112120687,false,בונבוניירה פירמידה 3,קאיפינג גינקה פודסטא,CN,בונבוניירה פירמידה 3,גרמים,310.00,100 גרם,false,,29.90,9.6452,true,1,304209
7290112120830,false,נפוליטנים שוקולד חלב,"תופינית בע""מ",IL,נפוליטנים שוקולד חלב,גרמים,150.00,100 גרם,false,,11.90,7.9333,true,1,304954
7290112120861,false,לזניה גלי דורומי 400,Bessan Makarna,TR,לזניה גלי דורומי 400,גרמים,400.00,100 גרם,false,,6.90,1.7250,true,1,303009
7290112121066,false,חומצה אצטית סינטטי א,הלל תעשיות,IL,חומצה אצטית סינטטי א,קילוגרמים,1.00,ליטר,false,,3.90,3.9000,true,1,304512
7290112121073,false,חומץ 5% אינדירה 1 לי,הלל תעשיות,IL,חומץ 5% אינדירה 1 לי,קילוגרמים,1.00,ליטר,false,,4.20,4.2000,true,1,304513
7290112121080,false,מיץ בטעם לימון משומר,הלל תעשיות,IL,מיץ בטעם לימון משומר,קילוגרמים,1.00,ליטר,false,,4.20,4.2000,true,1,304511
7290112121097,false,רוטב לימון אינדירה 1,הלל תעשיות,IL,רוטב לימון אינדירה 1,קילוגרמים,1.00,ליטר,false,,4.20,4.2000,true,1,304514
7290112122629,false,ופל מצופה בטעם שוקול,מנעמים תעשיות מזון,IL,ופל מצופה בטעם שוקול,גרמים,800.00,100 גרם,false,,14.90,1.8625,true,1,309503
7290112123060,false,ספגטי דורומי 900 גרם,Bessan Makarna,TR,ספגטי דורומי 900 גרם,גרמים,900.00,100 גרם,false,,4.90,0.5444,true,1,313204
7290112123077,false,פסטה פנה ריגטה דורומ,Bessan Makarna,TR,פסטה פנה ריגטה דורומ,גרמים,900.00,100 גרם,false,,4.90,0.5444,true,1,312975
7290112123084,false,פסטה פוסילי דורומי 9,Bessan Makarna,TR,פסטה פוסילי דורומי 9,גרמים,900.00,100 גרם,false,,4.90,0.5444,true,1,313102
7290112123107,false,פסטה פרפלה דורומי 90,Bessan Makarna,TR,פסטה פרפלה דורומי 90,גרמים,900.00,100 גרם,false,,4.90,0.5444,true,1,312976
7290112124319,false,טורטיה דורום 36*45 ג,מוטלוקאל גידה סאן טי,TR,טורטיה דורום 36*45 ג,פריט,1.62,"ק""ג",false,,19.90,12.2840,true,1,323270
7290112124951,false,דאו ספריי אקס אנרכי,יוניליוור,GB,דאו ספריי אקס אנרכי,מיליליטרים,150.00,"100 מ""ל",false,,7.90,5.2667,true,1,319293
7290112124968,false,דאו ספריי אקס אנרכי,יוניליוור,GB,דאו ספריי אקס אנרכי,מיליליטרים,150.00,"100 מ""ל",false,,7.90,5.2667,true,1,322916
7290112124975,false,דאו ספריי אקס אפולו,יוניליוור,GB,דאו ספריי אקס אפולו,מיליליטרים,150.00,"100 מ""ל",false,,7.90,5.2667,true,1,319294
7290112124982,false,דאו ספריי אקס שחור פ,יוניליוור,GB,דאו ספריי אקס שחור פ,מיליליטרים,150.00,"100 מ""ל",false,,7.90,5.2667,true,1,319296
7290112124999,false,דאו ספריי אקס שחור פ,יוניליוור,GB,דאו ספריי אקס שחור פ,מיליליטרים,150.00,"100 מ""ל",false,,7.90,5.2667,true,1,319295
7290112190857,false,מגבונים סמארט 4*72 י,רנקסן,TR,מגבונים סמארט 4*72 י,Unknown,0.00,יחידה,false,,5.90,0.0000,true,1,319935
7290112192806,false,פרודונטקס זוג מ.שיניים אולטרא קלין 75 מל,גלקסוס סמית קליין,SK,משחת פרודונטקס אולטר,מיליליטרים,150.00,"100 מ""ל",false,,39.90,26.6000,true,1,304101
7290112192813,false,פרודונטקס זוג מ.שיניים אוריגינל 75 מל,גלקסוס סמית קליין,GB,משחת פרודונטקס אורגי,מיליליטרים,150.00,"100 מ""ל",false,,39.90,26.6000,true,1,304102
7290112193469,false,משחת סנסודיין דואלקר,גלקסוס סמית קליין,GB,משחת סנסודיין דואלקר,מיליליטרים,300.00,"100 מ""ל",false,,49.90,16.6333,true,1,308888
7290112195555,false,שמן זית כתית מעולה א,אולאריה קלמנטה,IT,שמן זית כתית מעולה א,מיליליטרים,750.00,"100 מ""ל",false,,24.90,3.3200,true,1,320515
7290112195777,false,"פול קפוא 1 ק""ג",O.K FRUIT,EG,"פול קפוא 1 ק""ג",פריט,1.00,"ק""ג",false,,13.90,13.9000,true,1,321378
7290112195784,false,תות שדה קפוא פרוסטי,גרין האוס,EG,תות שדה קפוא פרוסטי,גרמים,300.00,100 גרם,false,,5.90,1.9667,true,1,323776
7290112196712,false,משחת סנסודיין פרש מי,גלקסוס סמית קליין,GB,משחת סנסודיין פרש מי,מיליליטרים,300.00,"100 מ""ל",false,,49.90,16.6333,true,1,316777
7290112198006,false,שמן זית כתית מעולה א,אולאריה קלמנטה,IT,שמן זית כתית מעולה א,מיליליטרים,750.00,"100 מ""ל",false,,13.90,1.8533,true,1,324081
7290112330352,false,"יוגורט PRO בטעם וניל 0% , 20 גרם חלבון בגביע","שטראוס בריאות בע""\מ",IL,דנונה פרו וניל 0% 20,גרמים,200.00,100 גרם,false,,6.20,3.1000,true,1,306014
7290112330390,false,דנונה פרו פירות יער 20 גרם חלבון 0% שומן 200 גרם,"שטראוס בריאות בע""\מ",IL,דנונה פרו פירות יער,גרמים,200.00,100 גרם,false,,6.20,3.1000,true,1,306015
7290112332585,false,פריכיות משולש תפוא אורז בתיבול סלק ומלח ים אנרג'י 30 גרם,"פרח תעשיו מזון בע""מ",IL,פריכיות אנרג'י משולש,Unknown,0.00,יחידה,false,,4.90,0.0000,true,1,312959
7290112332691,false,פינוקיות עוגיות קרם פסק זמן אגוזים 200 גרם,"הגביע מוצרי וופלים בע""\מ",IL,עוגיות פינוקיות פסק,גרמים,200.00,100 גרם,false,,9.90,4.9500,true,1,307272
7290112334305,false,סלט כרובית בטחינה אחלה 330 ג',"שטראוס גרופ בע""\מ",IL,סלט כרובית בטחינה טע,גרמים,330.00,100 גרם,false,,15.90,4.8182,true,1,304643
7290112334596,false,שוקולית 935 גר עלית,שטראוס קפה בי.וי.,IL,שוקולית 850 גרם+10%,גרמים,935.00,100 גרם,false,,14.90,1.5936,true,1,308235
7290112335487,false,הפריכיות הטעימות קצח ודגנים אנרג'י 135 גרם,"פרח תעשיות מזון בע""\מ",IL,פריכיות 3 דגנים וקצח,גרמים,135.00,100 גרם,false,,7.70,5.7037,true,1,307129
7290112335494,false,הפריכיות הטעימות תפוחי אדמה בטעם פוטטוס,"פרח תעשיות מזון בע""\מ",IL,פריכיות 3 דגנים ותפו,גרמים,135.00,100 גרם,false,,7.70,5.7037,true,1,309885
7290112335500,false,"פרכיות אנרג'י חומוס,אורז,עדשים שחורות וקינואה 135 גרם","פרח תעשיות מזון בע""\מ",IL,פריכיות חומוס אורז ע,גרמים,135.00,100 גרם,false,,7.70,5.7037,true,1,307130
7290112336637,false,סוכריות מאסט Must ללא סוכר יוגורט תות ואוכניות,שטראוס גרופ,PL,סוכריות מאסט תות אוכ,גרמים,80.00,100 גרם,false,,6.90,8.6250,true,1,308485
7290112336644,false,סוכריות מאסט ללא סוכר לימון 80 ג' עלית,שטראוס גרופ,PL,סוכריות מאסט לימון 8,גרמים,80.00,100 גרם,false,,6.90,8.6250,true,1,308482
7290112336651,false,סוכריות מאסט ללא סוכר ריבת חלב 80 ג' עלית,שטראוס גרופ,PL,סוכריות מאסט ריבת חל,גרמים,80.00,100 גרם,false,,6.90,8.6250,true,1,308486
7290112336712,false,יוגורט PRO לבן 0% 21 גרם חלבון בגביע,"שטראוס בריאות בע""מ",IL,דנונה פרו עשיר בחלבו,גרמים,200.00,100 גרם,false,,6.20,3.1000,true,1,305169
7290112337474,false,סוכריות מאסט ללא סוכר פטל לימון 80 ג' עלית,שטראוס גרופ,PL,סוכריות מאסט פטל לימ,גרמים,80.00,100 גרם,false,,6.90,8.6250,true,1,308483
7290112337481,false,סוכריות מאסט ללא סוכר קפצ''ינו 80 ג' עלית,שטראוס גרופ,PL,סוכריות מאסט קפוצ'ינ,גרמים,80.00,100 גרם,false,,6.90,8.6250,true,1,308487
7290112338877,false,מעדן גבינה בטעם תות 3% 125ג' סקי,"שטראוס בריאות בע""\מ",IL,מעדן גבינה בטעם תות,גרמים,125.00,100 גרם,false,,3.90,3.1200,true,1,305836
7290112339171,false,מילקי מוס עם שוקולד וקצפת,מיוצר עי קונדיטוריית,IL,מילקי מוס שוקולד 170,מיליליטרים,170.00,"100 מ""ל",false,,3.60,2.1176,true,1,304641
7290112339362,false,דנונה לייט אנד פריי בטעם קפוצ'ינו 150 גרם,"שטראוס בריאות בע""\מ",IL,דנונה לייט אנד פרי ק,גרמים,150.00,100 גרם,false,,4.50,3.0000,true,1,309039
7290112339867,false,גמדים לדרך גבינה לבנה עם מחית תות,"שטראוס בריאות בע""\מ",IL,גמדים לדרך תות סקווי,גרמים,100.00,100 גרם,false,,5.40,5.4000,true,1,309291
7290112339874,false,גמדים לדרך גבינה לבנה עם מחיות תות ובננה,"שטראוס בריאות בע""\מ",IL,גמדים לדרך תות בננה,גרמים,100.00,100 גרם,false,,5.40,5.4000,true,1,309292
7290112340122,false,הפריכיות הטעימות 3 דגנים אנרג'י 135 גרם,"פרח תעשיות מזון בע""\מ",IL,פריכיות 3 דגנים אנרג,גרמים,135.00,100 גרם,false,,7.70,5.7037,true,1,307131
7290112340245,false,צנצנת מסטיק מאסט בטעם דובדבן 66 ג' עלית,"שטראוס גרופ בע""\מ",IL,מסטיק מאסט צנצנת דוב,גרמים,66.00,100 גרם,false,,8.90,13.4848,true,1,305820
7290112340252,false,צנצנת מסטיק מאסט בטעם אבטיח מלון 66 ג' עלית,"שטראוס גרופ בע""\מ",IL,מסטיק מאסט צנצנת אבט,גרמים,66.00,100 גרם,false,,8.90,13.4848,true,1,305819
7290112340276,false,פינוקיות עוגיות קרם קפה 200 גרם,"הגביע מוצרי וופלים בע""\מ",IL,עוגיות פינוקיות קפה,גרמים,200.00,100 גרם,false,,9.90,4.9500,true,1,307273
7290112341556,false,יוגורט אקטיביה עם צ'יה ותות 150 גרם,"שטראוס בריאות בע""\מ",IL,יוגורט אקטיביה צ'יה,גרמים,150.00,100 גרם,false,,4.70,3.1333,true,1,310943
7290112341679,false,דנונה אקטיביה 3% שומן 200 גרם,מיוצר עי קונדיטוריית,IL,יוגורט אקטיביה 3% 20,מיליליטרים,200.00,"100 מ""ל",false,,3.90,1.9500,true,1,308339
7290112341686,false,שמינייה יוגורט לבן אקטיביה 3% דנונה 150 גרם.,מיוצר עי קונדיטוריית,IL,מארז יוגורט אקטיביה,קילוגרמים,1.20,ליטר,false,,20.90,17.4167,true,1,308340
7290112342102,false,סימפוניה גבינה במרקם שמנת בצל מקורמל 5%,"שטראוס בריאות בע""\מ",IL,גבינת שמנת בצל מקורמ,גרמים,200.00,100 גרם,false,,9.70,4.8500,true,1,309892
7290112342270,false,קפה פלטינום אינטנס מחוזק ב- 10% אספרסו,שטראוס קפה בי.וי,IL,קפה פלטינום אינטנס 1,גרמים,125.00,100 גרם,false,,15.90,12.7200,true,1,308237
7290112343260,false,יטבתה רוטב שמנת עם פטריות 9% 250 גר,שטראוס גרופ,IL,רוטב שמנת קלאסי 9% י,מיליליטרים,250.00,"100 מ""ל",false,,10.30,4.1200,true,1,310805
7290112343406,false,שוקו ספלנדיד בבקבוק יטבתה 1 ליטר,שטראוס גרופ,IL,משקה שוקו מריר יטבת,קילוגרמים,1.00,ליטר,false,,9.90,9.9000,true,1,309190
7290112344724,false,מעדן בטעם שוקולד בלונדי 170 ג' מילקי,מיוצר עי קונדיטוריית,IL,מעדן חלב בטעם שוקול,מיליליטרים,170.00,"100 מ""ל",false,,3.60,2.1176,true,1,309199
7290112344755,false,מילקי עם 26% פחות סוכר 135 גרם,מיוצר עי קונדיטוריית,IL,מילקי שוקולד 26% פחו,מיליליטרים,135.00,"100 מ""ל",false,,2.90,2.1481,true,1,314453
7290112344786,false,קפה פלטינום קלאסיק עלית 200 גרם,שטראוס קפה בי.וי.,IL,קפה פלטינום קלאסיק 2,גרמים,200.00,100 גרם,false,,19.70,9.8500,true,1,311016
7290112344861,false,מעדן חלב בטעם קפה עם קצפת,"שטראוס גרופ בע""\מ",IL,מילקי קפוצ'ינו 170 מ,מיליליטרים,170.00,"100 מ""ל",false,,3.60,2.1176,true,1,317505
7290112344953,false,סימפוניה חציל קלוי גבינה במקרם שמנת 5%,"שטראוס בריאות בע""\מ",IL,גבינת שמנת חציל קלוי,גרמים,200.00,100 גרם,false,,9.70,4.8500,true,1,314848
7290112346360,false,בפלות אחת אחת ופל בטעם שוקולד מצופה שוקולד,הגביע מוצרי וופלים ב,GR,בפלות אחת אחת בציפוי,גרמים,180.00,100 גרם,false,,11.90,6.6111,true,1,309427
7290112346537,false,עוגיות פינוקיות בטעם טורטית 200 ג' עלית,"הגביע מוצרי ופלים בע""\מ",IL,עוגיות פינוקיות טורט,גרמים,200.00,100 גרם,false,,9.90,4.9500,true,1,309138
7290112346629,false,"יוגורט עם קורנפלקס מצופה שוקולד חלב ולבן 172 מ""ל דנונה","שטראוס בריאות בע""\מ",IL,דנונה בר וקורנפלקס מ,גרמים,172.00,100 גרם,false,,4.50,2.6163,true,1,311831
7290112346681,false,דנונה משקה יוגורט בטעם פירות יער 267 גר',"שטראוס בריאות בע""\מ",IL,משקה יוגורט בטעם פרי,גרמים,267.00,100 גרם,false,,4.80,1.7978,true,1,309889
7290112346773,false,יוגורט בטעם וניל 0% לייט אנד פרי 10 גרם חלבון בגביע,מיוצר עי קונדיטוריית,IL,דנונה לייט אנד פרי ו,גרמים,150.00,100 גרם,false,,4.50,3.0000,true,1,314849
7290112346797,false,יוגורט אקטיביה שיבולת שועל ושזיף 150 גרם,מיוצר עי קונדיטוריית,IL,יוגורט אקטיביה עם שי,גרמים,150.00,100 גרם,false,,4.70,3.1333,true,1,311085
7290112346827,false,שמיניית אקטימל ויטמין C פטל 108 גרם,"שטראוס בריאות בע""\מ",IL,אקטימל פטל ויטמין סי,מיליליטרים,864.00,"100 מ""ל",false,,19.50,2.2569,true,1,314456
7290112347008,false,גמדים לדרך גבינה לבנה עם מחית תות ושיבולת שועל,מיוצר עי קונדיטוריית,IL,גמדים ארוחת בוקר תות,גרמים,100.00,100 גרם,false,,5.40,5.4000,true,1,309194
7290112347473,false,מארז דנונה לייט אנד פריי תות ואפרסק 150 גרם 8 יחידות,מיוצר עי קונדיטוריית,IL,מארז יוגורט לייט אנ,פריט,1.20,"ק""ג",false,,28.50,23.7500,true,1,308794
7290112349606,false,מעדן גבינה ויוגורט תות בננה 88 ג' דניאלה,"שטראוס בריאות בע""\מ",IL,דניאלה תות בננה 88 ג,Unknown,0.00,יחידה,false,,3.90,0.0000,true,1,320329
7290112349637,false,מעדן גבינה בטעם ענבים 88 ג' דניאלה,"שטראוס בריאות בע""\מ",IL,"דניאלה ענבים 150 מ""ל",מיליליטרים,150.00,"100 מ""ל",false,,3.90,2.6000,true,1,311537
7290112349705,false,פומודורו רוטב עגבניות קלאסי לפסטה יד מרדכי 350 גרם,אמיליאנה קונסרב סוסייטה,IT,רוטב עגבניות פומודור,גרמים,350.00,100 גרם,false,,10.80,3.0857,true,1,323609
7290112349736,false,בזיליקום רוטב עגבניות לפסטה יד מרדכי 350 גרם,אמיליאנה קונסרב סוסייטה,IT,רוטב עגבניות לפסטה ב,גרמים,350.00,100 גרם,false,,10.80,3.0857,true,1,323607
7290112349750,false,פיצה רוטב עגבניות לפיצה יד מרדכי 350 גרם,אמיליאנה קונסרב סוסייטה,IT,רוטב עגבניות לפיצה י,גרמים,350.00,100 גרם,false,,10.80,3.0857,true,1,323608
7290112350275,false,קפסולות LUNGO למכונת נספרסו עלית 10 יחידות,שטראוס קפה בי.וי,IL,קפסולות עלית לונגו ל,גרמים,50.00,100 גרם,false,,15.50,31.0000,true,1,310321
7290112350312,false,קפסולות 15 קפה יותר למכונות נספרסו עלית 10יח',הנסיך- מפעל לייצור ט,IL,קפסולות עלית מס 15 ע,Unknown,0.00,יחידה,false,,15.50,0.0000,true,1,313279
7290112351104,false,שוקולד פרה ממולא פיצפוצי אורז 100 ג' עלית,"שטראוס גרופ בע""\מ",IL,שוקולד פרה פצפוצי או,גרמים,100.00,100 גרם,false,,5.90,5.9000,true,1,317050
7290112351128,false,שוקולד פרה סוכריות קופצות וועסטהייים,"שטראוס גרופ בע""\מ",IL,שוקולד פרה חלב סוכרי,גרמים,100.00,100 גרם,false,,5.90,5.9000,true,1,317828
7290112355027,false,דנונה פרו 20 גרם חלבון בטעם קרמל מלוח 200 גרם,"שטראוס בריאות בע""\מ",IL,דנונה פרו 20 קרמל מל,גרמים,200.00,100 גרם,false,,6.20,3.1000,true,1,314451
7290112355102,false,גמדים סקוויז 100 גרם פאוץ סלט פירות 100 גרם,"שטראוס בריאות בע""\מ",IL,גמדים לדרך סלט פירות,גרמים,100.00,100 גרם,false,,5.40,5.4000,true,1,314844
7290112355393,false,יטבתה רוטב שמנת עם בטטה 9% 250 גרם,שטראוס גרופ,IL,רוטב שמנת עם בטטה 9%,מיליליטרים,257.00,"100 מ""ל",false,,10.30,4.0078,true,1,324295
7290112355812,false,מעדן מילקי עם טופ קורנפלקס מצופה שוקולד,"שטראוס גרופ בע""\מ",IL,מילקי טופ קורנפלקס 1,גרמים,141.00,100 גרם,false,,4.50,3.1915,true,1,322812
7290112357175,false,קפסולות BOOST למכונת נספרסו עלית 10 יחידות,שטראוס קפה בי.וי,IL,קפסולות עלית בוסט למ,גרמים,50.00,100 גרם,false,,15.50,31.0000,true,1,310322
7290112358127,false,יוגורט PRO בטעם וניל עוגיות פלוס מגנזיום,מיוצר עי קונדיטוריית,IL,דנונה פרו 20 וניל עו,גרמים,200.00,100 גרם,false,,6.20,3.1000,true,1,314458
7290112358462,false,דבש יד מרדכי 700 גרם,שטראוס גרופ,IL,דבש יד מרדכי 700 גרם,גרמים,700.00,100 גרם,false,,26.90,3.8429,true,1,312897
7290112358554,false,מארז קפה נמס מנות אישיות לדרך 50.4 גר,שטראוס רומניה,RO,מארז קפה נמס לדרך על,גרמים,50.40,100 גרם,false,,9.90,19.6429,true,1,322383
7290112359384,false,עלית - קפה נמס אלפחורס ריבת חלב 100 גרם,שטראוס קפה בי.וי,IL,קפה נמס אלפחורס ריבת,גרמים,100.00,100 גרם,false,,14.90,14.9000,true,1,313847
7290112480002,false,קערה קטנה בלו שיין 5,פאלאס,CN,קערה קטנה בלו שיין 5,Unknown,0.00,יחידה,false,,19.90,0.0000,true,1,300316
7290112480019,false,קערה אובלית בינוני ב,פאלאס,CN,קערה אובלית בינוני ב,Unknown,0.00,יחידה,false,,19.90,0.0000,true,1,300315
7290112480033,false,מארז 3 יח מגשי אובלי,פאלאס,CN,מארז 3 יח מגשי אובלי,Unknown,0.00,יחידה,false,,19.90,0.0000,true,1,300319
7290112480057,false,מארז 3 יח מגש מחולק,פאלאס,CN,מארז 3 יח מגש מחולק,Unknown,0.00,יחידה,false,,19.90,0.0000,true,1,300321
7290112480361,false,שקיות אשפה LD 76/85 שחור לפיד 50 יחידות,פאלאס,CN,שקיות אשפה שחור 85*7,Unknown,0.00,יחידה,false,,19.90,0.0000,true,1,302607
7290112481023,false,כוסיות יין קריסטל 12,פאלאס,CN,כוסיות יין קריסטל 12,Unknown,0.00,יחידה,false,,17.90,0.0000,true,1,300987
7290112481030,false,כוס קריסטל בלו שיין,פאלאס,CN,כוס קריסטל בלו שיין,Unknown,0.00,יחידה,false,,19.90,0.0000,true,1,300990
7290112481078,false,"כפות ח""פ 188 יח",פאלאס,TR,"כפות ח""פ 188 יח",Unknown,0.00,יחידה,false,,12.90,0.0000,true,1,303720
7290112481085,false,"כפיות ח""פ 188 יח",פאלאס,TR,"כפיות ח""פ 188 יח",Unknown,0.00,יחידה,false,,12.90,0.0000,true,1,303721
7290112481092,false,"מזלגות ח""פ 188 יח",פאלאס,TR,"מזלגות ח""פ 188 יח",Unknown,0.00,יחידה,false,,12.90,0.0000,true,1,303722
7290112481108,false,"סכינים ח""פ 188 יח",פאלאס,TR,"סכינים ח""פ 188 יח",Unknown,0.00,יחידה,false,,12.90,0.0000,true,1,303723
7290112481115,false,כפות איכותיות בלו שי,פאלאס,TR,כפות איכותיות בלו שי,Unknown,0.00,יחידה,false,,26.90,0.0000,true,1,302198
7290112481122,false,כפיות איכותיות בלו ש,פאלאס,TR,כפיות איכותיות בלו ש,Unknown,0.00,יחידה,false,,26.90,0.0000,true,1,302197
7290112481139,false,מזלגות איכותיים בלו,פאלאס,TR,מזלגות איכותיים בלו,Unknown,0.00,יחידה,false,,26.90,0.0000,true,1,302199
7290112481146,false,סכינים איכותיים בלו,פאלאס,TR,סכינים איכותיים בלו,Unknown,0.00,יחידה,false,,26.90,0.0000,true,1,302196
7290112481153,false,שקיות אשפה כתום 75*9,פאלאס,CN,שקיות אשפה כתום 75*9,Unknown,0.00,יחידה,false,,19.90,0.0000,true,1,302609
7290112481276,false,גביע יין מוכסף + תחת,פאלאס,CN,גביע יין מוכסף + תחת,Unknown,0.00,יחידה,false,,16.90,0.0000,true,1,304801
7290112481313,false,צלחות סטון גדול בלו,פאלאס,CN,צלחות סטון גדול בלו,Unknown,0.00,יחידה,false,,42.90,0.0000,true,1,304797
7290112481320,false,גביע יין מוכסף סטון,פאלאס,CN,גביע יין מוכסף סטון,Unknown,0.00,יחידה,false,,24.90,0.0000,true,1,304800
7290112481337,false,מארז צלחות רנסנס גדו,פאלאס,CN,מארז צלחות רנסנס גדו,Unknown,0.00,יחידה,false,,69.90,0.0000,true,1,302527
7290112481382,false,מארז קעריות אובליות,פאלאס,CN,מארז קעריות אובליות,Unknown,0.00,יחידה,false,,26.90,0.0000,true,1,302525
7290112481832,false,מגש יהלום בלו שיין 4,פאלאס,CN,מגש יהלום בלו שיין 4,Unknown,0.00,יחידה,false,,19.90,0.0000,true,1,301677
7290112481900,false,כוסות חד פעמי מעוטרו,LARIPLAST,IL,כוסות מעוטרות לפיד 5,Unknown,0.00,יחידה,false,,12.90,0.0000,true,1,303324
7290112481948,false,מגש עגול 12 בלו שיין,פאלאס,CN,מגש עגול 12 בלו שיין,Unknown,0.00,יחידה,false,,19.90,0.0000,true,1,304252
7290112481955,false,מגש עגול 14 בלו שיין,פאלאס,CN,מגש עגול 14 בלו שיין,Unknown,0.00,יחידה,false,,19.90,0.0000,true,1,304253
7290112481962,false,מגש עגול 16 בלו שיין,פאלאס,CN,מגש עגול 16 בלו שיין,Unknown,0.00,יחידה,false,,19.90,0.0000,true,1,304254
7290112481979,false,גביע איכותי בלו שיין,פאלאס,CN,גביע איכותי בלו שיין,Unknown,0.00,יחידה,false,,19.90,0.0000,true,1,303969
7290112481986,false,גביע איכותי בלו שיין,פאלאס,CN,גביע איכותי בלו שיין,Unknown,0.00,יחידה,false,,19.90,0.0000,true,1,303968
7290112481993,false,גביע איכותי בלו שיין,פאלאס,CN,גביע איכותי בלו שיין,Unknown,0.00,יחידה,false,,19.90,0.0000,true,1,303967
7290112482075,false,שקיות אשפה עם שרוך 5,פאלאס,IL,שקיות אשפה עם שרוך 5,Unknown,0.00,יחידה,false,,19.90,0.0000,true,1,303320
7290112482082,false,שקיות אשפה עם שרוך 7,פאלאס,IL,שקיות אשפה עם שרוך 7,Unknown,0.00,יחידה,false,,19.90,0.0000,true,1,303321
7290112482228,false,שקיות אשפה 75/90 קרם,פאלאס,IL,שקיות אשפה 75/90 קרם,Unknown,0.00,יחידה,false,,19.90,0.0000,true,1,304879
7290112482303,false,מגבונים קשת 7*72 יח,פאלאס,IL,מגבונים קשת 7*72 יח,Unknown,0.00,יחידה,false,,15.90,0.0000,true,1,305992
7290112482327,false,"צלחות קטנות קשת 1 ק""",פאלאס,CN,"צלחות קטנות קשת 1 ק""",Unknown,0.00,יחידה,false,,37.90,0.0000,true,1,309561
7290112482358,false,צלחת גדולה קיסר לבן כסף,פאלאס,CN,צלחות גדולות קיסר לב,Unknown,0.00,יחידה,false,,21.90,0.0000,true,1,319847
7290112482365,false,צלחת ענק קיסר 10 יחי לבן,פאלאס,CN,צלחות ענקיות קיסר לב,Unknown,0.00,יחידה,false,,27.90,0.0000,true,1,319850
7290112482419,false,צלחת ענק קיסר שחור כסף,פאלאס,CN,צלחות ענקיות קיסר שח,Unknown,0.00,יחידה,false,,27.90,0.0000,true,1,319851
7290112482501,false,צלחות קטנות לוקה לבן,פאלאס,CN,צלחות קטנות לוקה לבן,Unknown,0.00,יחידה,false,,15.90,0.0000,true,1,319857
7290112482518,false,צלחות חד פעמי גדולות,פאלאס,CN,צלחות גדולות לוקה לב,Unknown,0.00,יחידה,false,,19.90,0.0000,true,1,319862
7290112482525,false,צלחות חד פעמי ענקיות,פאלאס,CN,צלחות ענק לוקה לבן ז,Unknown,0.00,יחידה,false,,24.90,0.0000,true,1,319863
7290112482631,false,מגש תחרה בלו שיין 4,פאלאס,CN,מגש תחרה בלו שיין 4,Unknown,0.00,יחידה,false,,19.90,0.0000,true,1,308304
7290112482860,false,מפת אלבד מוטבע גליל,פאלאס,CN,מפת אלבד מוטבע גליל,Unknown,0.00,יחידה,false,,39.90,0.0000,true,1,324454
7290112482891,false,צלחות קטנות פרח זהב,פאלאס,TR,צלחות קטנות פרח זהב,Unknown,0.00,יחידה,false,,14.90,0.0000,true,1,308452
7290112482907,false,צלחות גדולות פרח זהב,פאלאס,TR,צלחות גדולות פרח זהב,Unknown,0.00,יחידה,false,,17.90,0.0000,true,1,308453
7290112482914,false,צלחות מרק פרח זהב לפ,פאלאס,TR,צלחות מרק פרח זהב לפ,Unknown,0.00,יחידה,false,,14.90,0.0000,true,1,308460
7290112483010,false,צלחת קטנה שחור פרח 20 יח,פאלאס,TR,צלחות קטנות פרח שחור,Unknown,0.00,יחידה,false,,14.90,0.0000,true,1,308456
7290112483027,false,צלחת גדול שחור פרח 20 יח,פאלאס,TR,צלחות גדולות פרח שחו,Unknown,0.00,יחידה,false,,17.90,0.0000,true,1,308457
7290112483058,false,צלחת קטנה קרם פרח 20 יחי,פאלאס,TR,צלחות קטנות פרח קרם,Unknown,0.00,יחידה,false,,14.90,0.0000,true,1,308458
7290112483065,false,צלחת גדול קרם פרח 20 יחי,פאלאס,TR,צלחות גדולות פרח קרם,Unknown,0.00,יחידה,false,,17.90,0.0000,true,1,308459
7290112483089,false,צלחות לפתן פרח קרם ל,פאלאס,TR,צלחות לפתן פרח קרם ל,Unknown,0.00,יחידה,false,,7.90,0.0000,true,1,308451
7290112483195,false,מיכל 3 ליטר 7 יח,NINGBO,CN,מיכל 3 ליטר 7 יח,Unknown,0.00,יחידה,false,,19.90,0.0000,true,1,307635
7290112483362,false,"תבניות ח""פ עגול קשת",פאלאס,CN,"תבניות ח""פ עגול קשת",Unknown,0.00,יחידה,false,,19.90,0.0000,true,1,309140
7290112483379,false,"תבניות ח""פ מלבן קשת",פאלאס,CN,"תבניות ח""פ מלבן קשת",Unknown,0.00,יחידה,false,,19.90,0.0000,true,1,309141
7290112483386,false,"תבניות ח""פ עמוקות קש",פאלאס,CN,"תבניות ח""פ עמוקות קש",Unknown,0.00,יחידה,false,,19.90,0.0000,true,1,309142
7290112483393,false,"תבניות ח""פ בינוניות",פאלאס,CN,"תבניות ח""פ בינוניות",Unknown,0.00,יחידה,false,,19.90,0.0000,true,1,309143
7290112483409,false,"תבניות ח""פ גדולות קש",פאלאס,CN,"תבניות ח""פ גדולות קש",Unknown,0.00,יחידה,false,,19.90,0.0000,true,1,309144
7290112483416,false,"תבניות ח""פ ענק קשת 1",פאלאס,CN,"תבניות ח""פ ענק קשת 1",Unknown,0.00,יחידה,false,,19.90,0.0000,true,1,309145
7290112483423,false,"תבניות ח""פ אינגליש א",פאלאס,CN,"תבניות ח""פ אינגליש א",Unknown,0.00,יחידה,false,,19.90,0.0000,true,1,309146
7290112483478,false,"תבניות ח""פ אינגליש ק",פאלאס,CN,"תבניות ח""פ אינגליש ק",Unknown,0.00,יחידה,false,,19.90,0.0000,true,1,309147
7290112483560,false,מפיות מודפסות תלת שכ,פאלאס,CN,מפיות מודפסות תלת שכ,Unknown,0.00,יחידה,false,,9.90,0.0000,true,1,310039
7290112483584,false,מפיות מודפסות 3 שכבות לפיד 15 יחידות,hanketissue,,מפיות תלת שכבתיות מו,Unknown,0.00,יחידה,false,,4.90,0.0000,true,1,322945
7290112483669,false,צלחות גדולות רויאל 3,פאלאס,CN,צלחות גדולות רויאל 3,Unknown,0.00,יחידה,false,,49.90,0.0000,true,1,311446
7290112483676,false,צלחות ענק רויאל 30 י,פאלאס,TR,צלחות ענק רויאל 30 י,Unknown,0.00,יחידה,false,,69.90,0.0000,true,1,311447
7290112483683,false,צלחות מרק רויאל 30 י,פאלאס,CN,צלחות מרק רויאל 30 י,Unknown,0.00,יחידה,false,,46.90,0.0000,true,1,311448
7290112484345,false,קעריות אובלי שקוף לפ,פאלאס,TR,קעריות אובלי שקוף לפ,Unknown,0.00,יחידה,false,,5.90,0.0000,true,1,314370
7290112484352,false,צלחות ענק נעימות 50,פאלאס,TR,צלחות ענק נעימות 50,Unknown,0.00,יחידה,false,,39.90,0.0000,true,1,312297
7290112484369,false,צלחות לפתן נעימות 10,פאלאס,TR,צלחות לפתן נעימות 10,Unknown,0.00,יחידה,false,,22.90,0.0000,true,1,312299
7290112484376,false,קעריות אובלי נעימות,פאלאס,TR,קעריות אובלי נעימות,Unknown,0.00,יחידה,false,,22.90,0.0000,true,1,312298
7290112484406,false,"כוסות ח""פ קשת 200 מ""",פאלאס,GR,"כוסות ח""פ קשת 200 מ""",Unknown,0.00,יחידה,false,,34.90,0.0000,true,1,311924
7290112484413,false,"כוסות ח""פ קשת 250 מ""",פאלאס,GR,"כוסות ח""פ קשת 250 מ""",Unknown,0.00,יחידה,false,,29.90,0.0000,true,1,312025
7290112484420,false,כוסות נייר 168 יח 26,פאלאס,CN,כוסות נייר 168 יח 26,Unknown,0.00,יחידה,false,,29.90,0.0000,true,1,314467
7290112484444,false,כוסות נייר 116 יח 35,פאלאס,CN,כוסות נייר 116 יח 35,Unknown,0.00,יחידה,false,,29.90,0.0000,true,1,314034
7290112484505,false,קערית אובלי קיסר לבן 10,פאלאס,CN,קעריות אובלי קיסר לב,Unknown,0.00,יחידה,false,,14.90,0.0000,true,1,319842
7290112484512,false,צלחת אובלי קיסר שחור כסף,פאלאס,CN,קעריות אובלי קיסר שח,Unknown,0.00,יחידה,false,,14.90,0.0000,true,1,319843
7290112484802,false,"כוסות ח""פ 100 יח צבע",פאלאס,CN,"כוסות ח""פ 100 יח צבע",Unknown,0.00,יחידה,false,,5.90,0.0000,true,1,313706
7290112484819,false,צלחות קטנות נעימות ש,פאלאס,TR,צלחות קטנות נעימות ש,Unknown,0.00,יחידה,false,,24.90,0.0000,true,1,314383
7290112484826,false,צלחות גדולות נעימות,ב פ תעשיות,IL,צלחות גדולות נעימות,Unknown,0.00,יחידה,false,,44.90,0.0000,true,1,313140
7290112484833,false,צלחות ענק נעימות שקו,פאלאס,CN,צלחות ענק נעימות שקו,Unknown,0.00,יחידה,false,,54.90,0.0000,true,1,314392
7290112484840,false,צלחות מרק נעימות שקו,ב פ תעשיות,IL,צלחות מרק נעימות שקו,Unknown,0.00,יחידה,false,,24.90,0.0000,true,1,314384
7290112484857,false,צלחות לפתן נעימות שק,פאלאס,TR,צלחות לפתן נעימות שק,Unknown,0.00,יחידה,false,,22.90,0.0000,true,1,314385
7290112484901,false,תבניות מאפינס קשת 72,פאלאס,CN,תבניות מאפינס קשת 72,Unknown,0.00,יחידה,false,,9.90,0.0000,true,1,318826
7290112484925,false,מפת ניילון סופר עבה,פאלאס,IL,מפת ניילון סופר עבה,מטרים,35.00,מטר,false,,39.90,1.1400,true,1,315367
7290112484970,false,כפות איכותיים רנסנס,פאלאס,TR,כפות איכותיים רנסנס,Unknown,0.00,יחידה,false,,19.90,0.0000,true,1,316027
7290112484987,false,כפיות איכותיים רנסנס,פאלאס,TR,כפיות איכותיים רנסנס,Unknown,0.00,יחידה,false,,19.90,0.0000,true,1,316029
7290112484994,false,מזלגות איכותיים רנסנ,פאלאס,TR,מזלגות איכותיים רנסנ,Unknown,0.00,יחידה,false,,19.90,0.0000,true,1,316028
7290112485007,false,סכינים איכותיים רנסנ,פאלאס,TR,סכינים איכותיים רנסנ,Unknown,0.00,יחידה,false,,19.90,0.0000,true,1,316030
7290112485298,false,מארז צלחות רוז שקוף,פאלאס,TR,מארז צלחות רוז שקוף,Unknown,0.00,יחידה,false,,24.90,0.0000,true,1,319168
7290112485342,false,צלחות קטנות אמריקאיו,ב פ תעשיות,IL,צלחות קטנות אמריקאיו,Unknown,0.00,יחידה,false,,26.90,0.0000,true,1,318907
7290112485359,false,צלחות גדולות אמריקאי,ב פ תעשיות,IL,צלחות גדולות אמריקאי,Unknown,0.00,יחידה,false,,34.90,0.0000,true,1,318906
7290112485366,false,צלחות ענק אמריקאי לב,פאלאס,TR,צלחות ענק אמריקאי לב,Unknown,0.00,יחידה,false,,49.90,0.0000,true,1,318905
7290112485373,false,מרקיות אמריקאיות בלו,ב פ תעשיות,IL,מרקיות אמריקאיות בלו,Unknown,0.00,יחידה,false,,26.90,0.0000,true,1,318908
7290112485502,false,סט סכום מהודר כסוף ב,פאלאס,CN,סט סכום מהודר כסוף ב,Unknown,0.00,יחידה,false,,49.90,0.0000,true,1,321782
7290112485533,false,מגש חד פעמי עגול קיס,פאלאס,CN,מגש עגול קיסר לפיד,Unknown,0.00,יחידה,false,,12.90,0.0000,true,1,321583
7290112485557,false,מגש עגול גדול קיסר ל,פאלאס,CN,מגש עגול גדול קיסר ל,Unknown,0.00,יחידה,false,,14.90,0.0000,true,1,321585
7290112485571,false,כוסות חד פעמי קיסר ל,פאלאס,CN,כוסות קיסר לפיד 10 י,Unknown,0.00,יחידה,false,,10.90,0.0000,true,1,321588
7290112485588,false,מארז צלחות גדולות +,פאלאס,CN,מארז צלחות גדולות +,Unknown,0.00,יחידה,false,,49.90,0.0000,true,1,321654
7290112485625,false,כוסות קרטון 8b 50 יח,פאלאס,TR,כוסות נייר 50 יח 210,Unknown,0.00,יחידה,false,,7.90,0.0000,true,1,318913
7290112485892,false,מפיות חד שכבתי קשת 1,פאלאס,TR,מפיות חד שכבתי קשת 1,Unknown,0.00,יחידה,false,,5.90,0.0000,true,1,323364
7290112486011,false,צלחות לפתן פאלאס 150,פאלאס,IL,צלחות לפתן פאלאס 150,Unknown,0.00,יחידה,false,,19.90,0.0000,true,1,321997
7290112486028,false,צלחות קטנות פאלאס 12,פאלאס,IL,צלחות קטנות פאלאס 12,Unknown,0.00,יחידה,false,,19.90,0.0000,true,1,323229
7290112486035,false,צלחות גדולות פאלאס 8,פאלאס,IL,צלחות גדולות פאלאס 8,Unknown,0.00,יחידה,false,,19.90,0.0000,true,1,322286
7290112486042,false,צלחות מרק 70 יח' פאל,פאלאס,IL,צלחות מרק 70 יח' פאל,Unknown,0.00,יחידה,false,,19.90,0.0000,true,1,322219
7290112486059,false,צלחות ענק פאלאס 70 י,פאלאס,IL,צלחות ענק פאלאס 70 י,Unknown,0.00,יחידה,false,,19.90,0.0000,true,1,322220
7290112486066,false,קערות אובלית פאלאס 8,פאלאס,IL,קערות אובלית פאלאס 8,Unknown,0.00,יחידה,false,,19.90,0.0000,true,1,324287
7290112494238,false,קליק - כדורים חלב תפזורת 65 גרם,יוניליוור ישראל מזון בע\,IL,קליק שוקולד חלב 65 ג,גרמים,65.00,100 גרם,false,,4.90,7.5385,true,1,308359
7290112494276,false,קליק כריות תפזורת 65 גר,יוניליוור ישראל מזון בע\,IL,קליק כריות 65 גרם,גרמים,65.00,100 גרם,false,,4.90,7.5385,true,1,308567
7290112494283,false,קליק - מעורב חום לבן תפזורת 65 גרם,יוניליוור ישראל מזון בע\,IL,קליק חום לבן מעורב 6,גרמים,65.00,100 גרם,false,,4.90,7.5385,true,1,308360
7290112494351,false,"קורנפלקס אלופים תלמה 850 ג בד""ץ","יוניליוור שפע ישראל בע""\",IL,קורנפלקס של אלופים 8,גרמים,850.00,100 גרם,false,,16.90,1.9882,true,1,310123
7290112495006,false,כריות נוגט 686 גרם - קופסא,"יוניליוור ישראל מזון בע""",IL,"כריות נוגט בד""צ 686",גרמים,686.00,100 גרם,false,,23.90,3.4840,true,1,308370
7290112870230,false,קרנבל זיתים ב.דרום 8,בני דרום,IL,קרנבל זיתים ב.דרום 8,גרמים,820.00,100 גרם,false,,11.90,1.4512,true,1,303652
7290112870247,false,ממרח פסטו בזיליקום 190 ג' צנצנת,בני דרום,IL,ממרח פסטו בזיליקום ב,גרמים,190.00,100 גרם,false,,9.90,5.2105,true,1,302870
7290112870254,false,ממרח עגבניות מיובשות יבנה 190 ג',בני דרום,IL,ממרח עגבניות מיובשות,גרמים,190.00,100 גרם,false,,9.90,5.2105,true,1,302871
7290112870261,false,ממרח ארטישוק יבנה צנצנת 190 ג',בני דרום,IL,ממרח ארטישוק בני דרו,גרמים,190.00,100 גרם,false,,9.90,5.2105,true,1,302872
7290112870278,false,ממרח טפנד זיתים מרינד יבנה 190 ג' צנצנת,בני דרום,IL,ממרח טפנד זיתים מרינ,גרמים,190.00,100 גרם,false,,9.90,5.2105,true,1,302867
7290112870285,false,ממרח טפנד זיתים יבנה 190 ג' צנצנת,בני דרום,IL,ממרח טפנד זיתים בני,גרמים,190.00,100 גרם,false,,9.90,5.2105,true,1,302873
7290112870308,false,ממרח פלפל אדום יבנה 190 ג' צנצנת,בני דרום,IL,ממרח פלפל אדום בני ד,גרמים,190.00,100 גרם,false,,9.90,5.2105,true,1,302868
7290112870315,false,זית טבעות ירוק בני ד,בני דרום,IL,זית טבעות ירוק בני ד,פריט,3.00,"ק""ג",false,,29.90,9.9667,true,1,305617
7290112870414,false,ממרח סחוג אדום צנצנת 190ג',בני דרום,IL,ממרח סחוג אדום בני ד,גרמים,190.00,100 גרם,false,,9.90,5.2105,true,1,305817
7290112960115,false,שקדי מרק אסם 30% קמח חיטה מלאה 350 גרם,אסם,IL,שקדי מרק עם 30% קמח,גרמים,350.00,100 גרם,false,,9.60,2.7429,true,1,319753
7290112961266,false,בייגלה כפיות פיזור איטלקי אסם 300 גרם,"אסם תעשיות בע""מ",IL,בייגלה כפיות איטלקי,גרמים,300.00,100 גרם,false,,7.90,2.6333,true,1,305880
7290112961327,false,בייגלה כפיות פיזור כפרי 300 גרם,"אסם תעשיות בע""מ",IL,בייגלה כפיות כפרי 30,גרמים,300.00,100 גרם,false,,7.90,2.6333,true,1,305879
7290112961372,false,פיטנס חטיפי פריכיות דקות קינמון 60 גרם,"פרח תעשיות מזון בע""\מ",IL,חטיפי פריכיות קינמון,גרמים,60.00,100 גרם,false,,7.90,13.1667,true,1,304342
7290112961464,false,פיטנס חטיפי פריכיות דגנים וחומוס מתובלות,"פרח תעשיות מזון בע""\מ",IL,חטיפי פריכיות מתובלו,גרמים,60.00,100 גרם,false,,7.90,13.1667,true,1,304343
7290112961754,false,עוגיות שוקולד ציפס עם קרם בטעם אגוזים 220 גר',מיוצר עי קונדיטוריית,IL,עוגיות שוקולד ציפס מ,גרמים,200.00,100 גרם,false,,9.90,4.9500,true,1,304786
7290112962546,false,מאגדת לה פרוטה מלון תפוח 350 גרם 5 יחידות,שוורצקוף& הנקל דיסלד,IL,שלגוני לה פרוטה מלון,גרמים,350.00,100 גרם,false,,21.90,6.2571,true,1,305010
7290112963321,false,גריסיני בייגלה שטוח ללא גלוטן אסם 300גרם,מיוצר עי קונדיטוריית,IL,בייגלה שטוח גרפיטי ל,גרמים,300.00,100 גרם,false,,11.90,3.9667,true,1,311458
7290112963918,false,פיטנס חטיפי קרקר דק רוזמרין 140 גרם,נסטלה Nestle,IL,קרקר דק רוזמרין פיטנ,גרמים,140.00,100 גרם,false,,10.90,7.7857,true,1,307297
7290112964410,false,אסם רוטב אלף האיים חדש לסלט 290 גרם,"אסם תעשיות בע""מ",IL,רוטב לסלט אלף האיים,גרמים,290.00,100 גרם,false,,8.90,3.0690,true,1,325298
7290112964434,false,אסם רוטב קיסר חדש לסלט 295 גרם,"אסם תעשיות בע""מ",IL,רוטב לסלט קיסר אסם 2,גרמים,295.00,100 גרם,false,,8.90,3.0169,true,1,307195
7290112964458,false,רוטב ויניגרט חדש לסלט 295 גרם אסם,"אסם תעשיות בע""מ",IL,רוטב לסלט ויניגרט אס,גרמים,295.00,100 גרם,false,,8.90,3.0169,true,1,307196
7290112964472,false,אסם רוטב שום חדש לסלט 290 גרם,"אסם תעשיות בע""מ",IL,רוטב שום אסם 290 גרם,גרמים,290.00,100 גרם,false,,8.90,3.0690,true,1,307197
7290112964625,false,אסם רוטב שום לייט חדש לסלט 310 גרם,"אסם תעשיות בע""מ",IL,רוטב שום לייט אסם 31,גרמים,310.00,100 גרם,false,,8.90,2.8710,true,1,307199
7290112964724,false,המבורגר צמחוני עם המון חלבון 580 גר,מיוצר עי קונדיטוריית,IL,המבורגר צמחוני טבעול,גרמים,580.00,100 גרם,false,,29.90,5.1552,true,1,307262
7290112965165,false,מרק נמס פטריות אסם בדצ 48 גרם מארז זוגי,"אסם תעשיות בע""מ",IL,מרק נמס פטריות אסם 2,גרמים,48.00,100 גרם,false,,4.90,10.2083,true,1,309128
7290112965240,false,מרק נמס בטעם עגבניות זוג * 44 ג' אסם,"אסם תעשיות בע""מ",IL,מרק נמס עגבניות אסם,גרמים,60.00,100 גרם,false,,4.90,8.1667,true,1,309129
7290112965288,false,מרק נמס ירקות אסם בדצ 56 גרם מארז זוגי,"אסם תעשיות בע""מ",IL,מרק נמס ירקות אסם 2*,גרמים,56.00,100 גרם,false,,4.90,8.7500,true,1,313722
7290112965301,false,זוג מרק נמס בטעם עוף עם שקדי מרק רגע חם,"אסם תעשיות בע""מ",IL,מרק נמס עוף אסם 2*26,גרמים,52.00,100 גרם,false,,4.90,9.4231,true,1,309130
7290112965585,false,פרפקטו פסטה קסרצה אסם 500 גרם,אסם פרפקטו Perfecto,IT,פסטה קסרצה פרפקטו 50,גרמים,500.00,100 גרם,false,,5.90,1.1800,true,1,325171
7290112965745,false,אוסם - ביסלי פריסטייל בצל מעושן 60 גרם,"אסם השקעות בע""\מ",IL,ביסלי פריסטייל בצל מ,גרמים,60.00,100 גרם,false,,3.90,6.5000,true,1,317759
7290112965783,false,אוסם - ביסלי פריסטייל על האש 60 גרם,"אסם השקעות בע""\מ",IL,ביסלי פריסטייל על הא,גרמים,60.00,100 גרם,false,,3.90,6.5000,true,1,317711
7290112965806,false,אוסם - ביסלי פריסטייל חמוץ חריף 60 גרם,"אסם תעשיות בע""מ",IL,ביסלי פריסטייל חמוץ,גרמים,60.00,100 גרם,false,,3.90,6.5000,true,1,317712
7290112965967,false,טבעול נאגטס ירקות כתומים 6*500גרם,"טבעול תעשיות מזון בע""\מ",IL,נאגטס ירקות כתומים ט,גרמים,500.00,100 גרם,false,,29.90,5.9800,true,1,314321
7290112966094,false,עוגת הבית תפוז מופחת סוכר אסם 400 גרם,מיוצר עי קונדיטוריית,IL,עוגת תפוז מופחתת סוכ,גרמים,400.00,100 גרם,false,,10.90,2.7250,true,1,309265
7290112966247,false,לחמית כוסמין אסם 200 גרם,"אסם תעשיות בע""מ",IL,לחמית כוסמין 200 גרם,גרמים,200.00,100 גרם,false,,8.90,4.4500,true,1,313633
7290112966803,false,אסם פודינג אינסטנט שוקולד 95 גרם,"אסם השקעות בע""\מ",IL,פודינג אינסטנט שוקול,גרמים,88.00,100 גרם,false,,4.90,5.5682,true,1,311142
7290112966841,false,אינסטנט פודינג שוקולד מריר אסם 90 גרם,מיוצר עי קונדיטוריית,IL,פודינג אינסטנט שוקול,גרמים,90.00,100 גרם,false,,4.90,5.4444,true,1,311143
7290112967114,false,פיטנס חטיפי פריכיות קטניות ופלפל 60 גרם,"פרח תעשיות מזון בע""\מ",IL,חטיפי פריכיות קטניות,גרמים,60.00,100 גרם,false,,7.90,13.1667,true,1,311453
7290112967138,false,בייגלה שמיניות ללא גלוטן אסם 250 גרם,מיוצר עי קונדיטוריית,IL,בייגלה ל.גלוטן אסם 2,גרמים,250.00,100 גרם,false,,9.90,3.9600,true,1,309132
7290112967152,false,מארז במבה מתוקה 15*,אסם,IL,מארז במבה מתוקה 15*,גרמים,225.00,100 גרם,false,,17.90,7.9556,true,1,309256
7290112967329,false,מארז ביסלי ברביקיו 1,אסם,IL,מארז ביסלי ברביקיו 1,גרמים,300.00,100 גרם,false,,17.90,5.9667,true,1,311996
7290112967343,false,מארז ביסלי גריל 15*,אסם,IL,מארז ביסלי גריל 15*,גרמים,300.00,100 גרם,false,,17.90,5.9667,true,1,309536
7290112967381,false,פיטנס חטיפי פריכיות קטניות ומלח ים 60 גרם,"פרח תעשיות מזון בע""\מ",IL,חטיפי פריכיות קטניות,גרמים,60.00,100 גרם,false,,7.90,13.1667,true,1,311454
7290112967572,false,"אסם רוטב ברביקיו 290 מ""ל אסם",Unknown,IL,רוטב ברביקיו אסם 290,גרמים,290.00,100 גרם,false,,8.90,3.0690,true,1,309133
7290112967848,false,ג'לי תות שדה מופחת סוכר אסם 90 גרם,מיוצר עי קונדיטוריית,IL,גלי בטעם תות מופחת ס,גרמים,85.00,100 גרם,false,,5.90,6.9412,true,1,316793
7290112968340,false,צבר חומוס גרוס גס גס 400 גרם,שוורצקוף& הנקל דיסלד,IL,חומוס גרוס גס גס צבר,גרמים,400.00,100 גרם,false,,13.90,3.4750,true,1,309680
7290112968685,false,חומוס גרגרים רכים בטבילה צבר 400 גרם,שוורצקוף& הנקל דיסלד,IL,חומוס גרגירים בתטביל,גרמים,400.00,100 גרם,false,,13.90,3.4750,true,1,309747
7290112968708,false,"שניצל תירס עדה חרדית טבעול 1.3 ק""ג","טבעול תעשיות מזון בע""\מ",IL,שניצל תירס טבעול 1.3,פריט,1.30,"ק""ג",false,,36.90,28.3846,true,1,310780
7290112968722,false,טבעול נקניקיות מן הצומח עדה חרדית 1.2קג,"טבעול תעשיות מזון בע""\מ",IL,נקניקיות מן הצומח טב,פריט,1.20,"ק""ג",false,,39.90,33.2500,true,1,310781
7290112968807,false,פיטנס - קרקר דק סלק 140 גרם,מפעל אסם יקנעם,IL,קרקר דק סלק פיטנס 14,גרמים,140.00,100 גרם,false,,10.90,7.7857,true,1,314536
7290112968821,false,פיטנס - קרקר דק בטטה 140 גרם,מפעל אסם יקנעם,IL,קרקר דק בטטה פיטנס 1,גרמים,140.00,100 גרם,false,,10.90,7.7857,true,1,314537
7290112969248,false,אסם בישולים רוטב סילאן ובצל 335*9 גרם,"אסם תעשיות בע""מ",IL,רוטב סילאן ובצל בישו,גרמים,330.00,100 גרם,false,,14.90,4.5152,true,1,314704
7290113190269,false,אגוז מלך קלוף הבסטה,דין שיווק,IL,אגוז מלך קלוף הבסטה,גרמים,280.00,100 גרם,false,,21.90,7.8214,true,1,303581
7290113190276,false,פקאן סיני מסוכר הבסט,דין שיווק,IL,פקאן סיני מסוכר הבסט,גרמים,200.00,100 גרם,false,,23.90,11.9500,true,1,303580
7290113190283,false,שקד טבעי הבסטה 280 ג,דין שיווק,IL,שקד טבעי הבסטה 280 ג,גרמים,280.00,100 גרם,false,,21.90,7.8214,true,1,303579
7290113190306,false,חמוציות מסוכרות הבסט,דין שיווק,IL,חמוציות מסוכרות הבסט,גרמים,400.00,100 גרם,false,,14.90,3.7250,true,1,303577
7290113190313,false,משמש מיובש הבסטה 500,דין שיווק,IL,משמש מיובש הבסטה 500,גרמים,500.00,100 גרם,false,,22.90,4.5800,true,1,303576
7290113190375,false,סילאן טבעי שקדיה 900 גרם,ג.מ. טעם הארץ,TR,סילאן טבעי שקדיה 900,גרמים,900.00,100 גרם,false,,17.90,1.9889,true,1,305100
7290113190450,false,ממרח תמרים 450 גר' שקדיה,"תמר העמקים בע""מ",IL,ממרח תמרים שקדיה 450,גרמים,450.00,100 גרם,false,,6.90,1.5333,true,1,310580
7290113190863,false,סילאן טבעי לחיץ שקדיה 385 גרם,שקדיה,IL,סילאן טבעי לחיץ שקדי,גרמים,385.00,100 גרם,false,,11.90,3.0909,true,1,312893
7290113191006,false,פפריקה מתוקה יוחאי ביטון 250 גרם,נווה התבלין,IL,פפריקה מתוקה יוחאי ב,גרמים,250.00,100 גרם,false,,14.90,5.9600,true,1,306122
7290113191013,false,פפריקה חריפה יוחאי ביטון 250 גרם,נווה התבלין,IL,פפריקה חריפה יוחאי ב,גרמים,250.00,100 גרם,false,,14.90,5.9600,true,1,306123
7290113191020,false,פלפל שחור טחון יוחאי ביטון 250 גרם,נווה התבלין,IL,פלפל שחור טחון יוחאי,גרמים,250.00,100 גרם,false,,14.90,5.9600,true,1,306124
7290113191037,false,פלפל שחור גרוס יוחאי ביטון 250 גרם,נווה התבלין,IL,פלפל שחור גרוס יוחאי,גרמים,250.00,100 גרם,false,,14.90,5.9600,true,1,306125
7290113191044,false,כמון יוחאי ביטון 250 גרם,נווה התבלין,IL,כמון יוחאי ביטון 250,גרמים,250.00,100 גרם,false,,14.90,5.9600,true,1,306126
7290113191051,false,כורכום יוחאי ביטון 250 גרם,נווה התבלין,IL,כורכום יוחאי ביטון 2,גרמים,250.00,100 גרם,false,,14.90,5.9600,true,1,306127
7290113191068,false,גריל עוף יוחאי ביטון 250 גרם,נווה התבלין,IL,גריל עוף יוחאי ביטון,גרמים,250.00,100 גרם,false,,14.90,5.9600,true,1,306128
7290113191099,false,"סירופ מייפל טהור 250 מ""ל","קופרדקס איי פי אם בע""\מ",DK,סירופ מייפל טהור 250,מיליליטרים,250.00,"100 מ""ל",false,,19.90,7.9600,true,1,320678
7290113191921,false,"סירופ מלבי 750 מ""ל","פוליבה בע""ם",IL,"סירופ מלבי 750 מ""ל",מיליליטרים,750.00,"100 מ""ל",false,,16.90,2.2533,true,1,309476
7290113191938,false,"סירופ רוזטה בטעם שקדים 750 מ""ל","פוליבה בע""ם",IL,תרכיז שקדים רוזטה 75,מיליליטרים,750.00,"100 מ""ל",false,,16.90,2.2533,true,1,307815
7290113192072,false,חטיפי בוטנים מצופים בטעם צ'ילי שקדיה 120 גרם,דין שיווק,IL,חטיפי בוטנים מצופים,גרמים,120.00,100 גרם,false,,9.90,8.2500,true,1,316768
7290113192089,false,בוטנים מצופים בטעם תירס ששון הקולה 100 גרם,דין שיווק,IL,חטיפי בוטנים מצופים,גרמים,100.00,100 גרם,false,,9.90,9.9000,true,1,316769
7290113192096,false,חטיפי בוטנים מצופים טעם וואסבי 100 גר,"יונאן פוד קו, לטד",IL,חטיפי בוטנים מצופים,גרמים,120.00,100 גרם,false,,9.90,8.2500,true,1,316770
7290113192218,false,תערובת להכנת מלבי 500 גרם ששון הקולה,"שקדיה גבע תעשיות בע""",IL,אבקה להכנת מלבי שקדי,גרמים,500.00,100 גרם,false,,14.90,2.9800,true,1,309450
7290113192331,false,זיתים ירוקים מנזנילו 340 גר' בית השיטה,בית-השיטה עסיס תעשיות מז,IL,זית מנזלינו בית השיט,גרמים,560.00,100 גרם,false,,9.50,1.6964,true,1,309166
7290113192348,false,בית השיטה זיתים ירוקים גדול מאודבטעם שום,בית-השיטה עסיס תעשיות מז,IL,זית שום בית השיטה 56,גרמים,560.00,100 גרם,false,,9.50,1.6964,true,1,309167
7290113192355,false,חרוזית זיתים ירוקים ללא גלעין 275 ג' בית השיטה,בית-השיטה עסיס תעשיות מז,IL,זית חרוזית בית השיטה,גרמים,560.00,100 גרם,false,,9.50,1.6964,true,1,309168
7290113192362,false,זיתים ירוקים טבעות A2 בית השיטה 280 גרם,בית-השיטה עסיס תעשיות מז,IL,זית טבעות בית השיטה,גרמים,560.00,100 גרם,false,,9.90,1.7679,true,1,309169
7290113192379,false,בית השיטה זיתים ירוקים מבוקעים א2 340גר',"בית-השיטה תעשיות בע""\מ",IL,זית מבוקע בית השיטה,גרמים,560.00,100 גרם,false,,8.90,1.5893,true,1,309170
7290113192393,false,בית השיטה קוקטייל זיתים א2 336 גרם,בית-השיטה עסיס תעשיות מז,IL,זית קוקטייל בית השיט,גרמים,560.00,100 גרם,false,,10.90,1.9464,true,1,309171
7290113192478,false,מלפפונים במלח 10-12 בית השיטה 320 גרם,בית-השיטה עסיס תעשיות מז,IL,מלפפון במלח 10-12 בי,גרמים,560.00,100 גרם,false,,7.90,1.4107,true,1,309172
7290113192485,false,מלפפונים בחומץ 10-12 בית השיטה 290 גרם,בית-השיטה עסיס תעשיות מז,IL,מלפפון בחומץ 10-12 ב,גרמים,560.00,100 גרם,false,,7.90,1.4107,true,1,309173
7290113192492,false,מלפפונים בחומץ 13-17 בית השיטה 290 גרם,בית-השיטה עסיס תעשיות מז,IL,מלפפון בחומץ 13-17 ב,גרמים,560.00,100 גרם,false,,10.50,1.8750,true,1,309174
7290113192508,false,ב.השיטה מלפפון במלח ר.טבע א2 17-13 320 גרם,בית-השיטה עסיס תעשיות מז,IL,מלפפון במלח 13-17 בי,גרמים,560.00,100 גרם,false,,10.50,1.8750,true,1,309175
7290113192515,false,מלפפונים במלח 18-25 בית השיטה 320 גרם,בית-השיטה עסיס תעשיות מז,IL,מלפפון במלח 18-25 בי,גרמים,560.00,100 גרם,false,,11.50,2.0536,true,1,309176
7290113192522,false,מלפפונים בחומץ 18-25 בית השיטה 290 גרם,בית-השיטה עסיס תעשיות מז,IL,מלפפון בחומץ 18-25 ב,גרמים,560.00,100 גרם,false,,11.50,2.0536,true,1,309177
7290113192539,false,מלפפונים במלח 7-9 בית השיטה 320 גרם,בית-השיטה עסיס תעשיות מז,IL,מלפפון במלח 7-9 בית,גרמים,560.00,100 גרם,false,,6.30,1.1250,true,1,309178
7290113192546,false,"מלפפונים בחומץ רכיבים טבעיים 7-9 ""בית השיטה""",בית-השיטה עסיס תעשיות מז,IL,מלפפון בחומץ 7-9 בית,גרמים,560.00,100 גרם,false,,6.30,1.1250,true,1,309179
7290113192560,false,פלפל שיפקה A2 בית השיטה 230 גרם,בית-השיטה עסיס תעשיות מז,IL,פלפל שיפקה בית השיטה,גרמים,560.00,100 גרם,false,,6.50,1.1607,true,1,309180
7290113192577,false,בית השיטה כרוב כבוש א2 12*430גרם חדש,"בית-השיטה תעשיות בע""\מ",IL,כרוב כבוש בית השיטה,גרמים,560.00,100 גרם,false,,6.90,1.2321,true,1,311576
7290113192997,false,בית השיטה זית מרוקאי 340 גרם*,"בית השיטה תעשיות בע""\מ",IL,זית שחור מרוקאי בית,גרמים,340.00,100 גרם,false,,11.90,3.5000,true,1,319700
7290113193000,false,בית השיטה פלפל שיפקונית 230 גרם*,"בית השיטה תעשיות בע""\מ",IL,פלפל שיפקונית בית הש,גרמים,560.00,100 גרם,false,,9.90,1.7679,true,1,311577
7290113193017,false,בית השיטה חרוזית קוקטייל זיתים 275 גרם,"בית השיטה תעשיות בע""\מ",IL,זית חרוזית קוקטייל ב,גרמים,560.00,100 גרם,false,,11.50,2.0536,true,1,311581
7290113193031,false,חרוזית קלמטה - זיתים שחורים ללא גלעין קלמטה,"בית השיטה תעשיות בע""\מ",IL,זית חרוזית קלמטה בית,גרמים,560.00,100 גרם,false,,11.50,2.0536,true,1,311582
7290113193321,false,"שמן זית כתית מעולה בית השיטה 750 מ""ל",אצטס אבסה אס. איי. יו.,IL,שמן זית כתית מעולה ב,מיליליטרים,750.00,"100 מ""ל",false,,27.90,3.7200,true,1,313991
7290113193406,false,"קוקטייל טבעות זיתים - זיתים ירוקים, שחורים מרינד","בית השיטה תעשיות בע""\מ",IL,זית טבעות קוקטייל בי,גרמים,560.00,100 גרם,false,,11.50,2.0536,true,1,311578
7290113194601,false,מובחרים מן הטבע 500,דין שיווק,IL,מובחרים מן הטבע 500,גרמים,500.00,100 גרם,false,,9.90,1.9800,true,1,312121
7290113194618,false,קוואקר מובחרים מן הטבע 500 גרם,דין שיווק,IL,קוואקר מובחרים מן הט,גרמים,700.00,100 גרם,false,,4.90,0.7000,true,1,312123
7290113194625,false,מובחרים מן הטבע 300,דין שיווק,IL,מובחרים מן הטבע 300,גרמים,300.00,100 גרם,false,,9.90,3.3000,true,1,312122
7290113194632,false,ממרח שקדים שקדיה 500 גרם,ג'\י אנד ג'\י פקאנס בעמ,IL,ממרח שקדים שקדיה 500,גרמים,500.00,100 גרם,false,,44.90,8.9800,true,1,313338
7290113195837,false,מובחרים מן הטבע 250,דין שיווק,IL,מובחרים מן הטבע 250,גרמים,250.00,100 גרם,false,,9.90,3.9600,true,1,312909
7290113195844,false,מובחרים מן הטבע 400,דין שיווק,IL,מובחרים מן הטבע 400,גרמים,400.00,100 גרם,false,,9.90,2.4750,true,1,312910
7290113195851,false,מובחרים מן הטבע 800,דין שיווק,IL,מובחרים מן הטבע 800,גרמים,800.00,100 גרם,false,,9.90,1.2375,true,1,312911
7290113195868,false,מובחרים מן הטבע 200,דין שיווק,IL,מובחרים מן הטבע 200,גרמים,200.00,100 גרם,false,,9.90,4.9500,true,1,312912
7290113195967,false,קוואקר שיבולת שועל פחית שקדיה 500 גרם,דין שיווק,IL,שיבולת שועל שקדיה פח,גרמים,500.00,100 גרם,false,,9.90,1.9800,true,1,318376
7290113196414,false,"אורז בסמטי 1 ק""ג - שקדיה כחול מטאלי",דאבה סינג שאם סינג,IN,אורז בסמטי שקדיה 1 ק,פריט,1.00,"ק""ג",false,,9.90,9.9000,true,1,318736
7290113196490,false,פריכיות כוסמת בתוספת זרעי ציה שקדיה 150 גרם,זנבר המכללה לטבעונות,IL,פריכיות כוסמת זרעי צ,גרמים,150.00,100 גרם,false,,11.90,7.9333,true,1,318380
7290113196506,false,פריכיות כוסמת ללא מלח שקדיה 150 גרם,זנבר המכללה לטבעונות,IL,פריכיות כוסמת ללא מל,גרמים,150.00,100 גרם,false,,11.90,7.9333,true,1,318381
7290113196513,false,פריכיות כוסמת בתוספת שקדים שקדיה 150 גרם,זנבר המכללה לטבעונות,IL,פריכיות כוסמת שקדים,גרמים,150.00,100 גרם,false,,11.90,7.9333,true,1,318382
7290113196520,false,פריכיות כוסמין ללא מלח שקדיה 150 גרם,זנבר המכללה לטבעונות,IL,פריכיות כוסמין ללא מ,גרמים,150.00,100 גרם,false,,11.90,7.9333,true,1,318379
7290113196759,false,בית השיטה ירקות מעורבים צנ.פלסטיק 6*750 גרם,בית השיטה עסיס תעשיו,IL,ירקות מעורבים בטעם ב,גרמים,750.00,100 גרם,false,,27.90,3.7200,true,1,319711
7290113196896,false,"תרסיס שמן זית שקדיה 170 מ""ל",שקדיה,IL,תרסיס שמן זית שקדיה,מיליליטרים,170.00,"100 מ""ל",false,,14.90,8.7647,true,1,319171
7290113196902,false,מנה חמה אטריות אורז בטעם בקר שקדיה 70 גרם,טיאן האנג פוד ג'וינט,VN,אטריות אורז להכנה מה,גרמים,60.00,100 גרם,false,,5.90,9.8333,true,1,325784
7290113196919,false,מנה חמה אטריות אורז בטעם עוף שקדיה 70 גרם,טיאן האנג פוד ג'וינט,VN,אטריות אורז להכנה מה,גרמים,60.00,100 גרם,false,,5.90,9.8333,true,1,325785
7290113196926,false,מנה חמה אטריות אורז בטעם ירקות 70 ג' סו שף,טיאן האנג פוד ג'וינט,VN,אטריות אורז להכנה מה,גרמים,60.00,100 גרם,false,,5.90,9.8333,true,1,325786
7290113196933,false,מנה חמה אטריות אורז בטעם טום יאס שקדיה 70 גרם,טיאן האנג פוד ג'וינט,VN,אטריות אורז להכנה מה,גרמים,60.00,100 גרם,false,,5.90,9.8333,true,1,325787
7290113196940,false,חטיפי תירס [טורטיה]בטעם טבעי 300 גרם,אן וי רוגר,BE,חטיפי תירס בטעם טבעי,גרמים,300.00,100 גרם,false,,12.90,4.3000,true,1,323021
7290113196957,false,חטיפי תירס [טורטיה]בטעם ברביקיו 300 גרם,אן וי רוגר,BE,חטיפי תירס בטעם ברבי,גרמים,300.00,100 גרם,false,,12.90,4.3000,true,1,323022
7290113197152,false,לבבות דקל שלם בצנצנת 410 גרם שקדיה,שקדיה,EC,לבבות דקל שלם בצנצנת,גרמים,410.00,100 גרם,false,,11.90,2.9024,true,1,319200
7290113198616,false,ברנפלקס דגנים מחיטה מלאה וסובין 500 גר' שקדיה,שקדיה,IL,ברנפלקס שקדיה 500 גר,גרמים,500.00,100 גרם,false,,14.90,2.9800,true,1,322490
7290113199323,false,עלי טורטילוס בוריטו150גר,אלקטי קוראבייכיסיגידה טו,TR,מיני טורטיה מקמח חיט,גרמים,150.00,100 גרם,false,,4.90,3.2667,true,1,324679
7290113199767,false,ממרח שקדים 300 גרם השקדיה,פפויאנס,GR,ממרח 100% שקדים שקדי,גרמים,300.00,100 גרם,false,,26.90,8.9667,true,1,323017
7290113199774,false,ממרח בוטנים 300 גרם השקדיה,פפויאנס,GR,ממרח 100% בוטנים שקד,גרמים,300.00,100 גרם,false,,13.90,4.6333,true,1,323018
7290113199781,false,ממרח אגוזים ובוטנים 200 גרם השקדיה,פפויאנס,GR,ממרח 100% מיקס אגוזי,גרמים,200.00,100 גרם,false,,14.90,7.4500,true,1,323019
7290113199866,false,מגש אירוח אגוזים קלויים וחטיפים מלוחים מקל 450 ג',דין שיווק,IL,מיקס פיצוחים 450 גרם,גרמים,450.00,100 גרם,false,,24.90,5.5333,true,1,321244
7290113199880,false,טורטיה בתוספת קמח כוסמין ושיבול שועל שקדיה 360 גרם,אקס ולאו,TR,טורטיות בתוספת קמח כ,גרמים,360.00,100 גרם,false,,12.90,3.5833,true,1,323020
7290113469952,false,גבינה מגורדת גאודה 2,מלקוויטה,PL,גבינה מגורדת גאודה 2,גרמים,300.00,100 גרם,false,,11.90,3.9667,true,1,324659
7290114310215,false,"שמנת מתוקה 38% רמת הגולן 250 מ""ל ווסטהיים - מוצר בפיקוח",מילקו תעשיות בעמ,IL,שמנת מתוקה 38% בבקב,מיליליטרים,250.00,"100 מ""ל",false,,6.40,2.5600,true,1,311077
7290114310222,false,חלב מועשר בסידן וויטמין Dי 3% 1.5 ל' טרה,מילקו תעשיות בעמ,IL,חלב מועשר 3% טרה 1.5,קילוגרמים,1.50,ליטר,false,,11.90,7.9333,true,1,311969
7290114310239,false,חלב נטול לקטוז מועשר בוויטמין D י 2% 1.5 ל' טרה,מילקו תעשיות בעמ,IL,חלב מועשר נטול לקטוז,קילוגרמים,1.50,ליטר,false,,11.90,7.9333,true,1,311970
7290114310246,false,גרנה פדנו צ'אנק משק צוריאל 125 גרם,מחלבת משק צוריאל,IL,גבינה גרנה פדנו 29%,גרמים,125.00,100 גרם,false,,18.90,15.1200,true,1,316697
7290114310338,false,צפתית מעודנת 5% בגביע 225 גרם משק צוריאל,מחלבת משק צוריאל,IL,גבינה צפתית מעודנת 5,גרמים,225.00,100 גרם,false,,17.90,7.9556,true,1,316589
7290114310383,false,Muller Froop מולר יוגורט מוקצף בטעם וניל 90 גרם,מולר Muller,IL,מולר פרופ קציפת יוגו,גרמים,97.00,100 גרם,false,,4.80,4.9485,true,1,324429
7290114310390,false,מולר פרופ קציפת יוגורט בטעם בננה לוטי 97 גרם,מולר Muller,IL,מולר פרופ קציפת יוגו,גרמים,97.00,100 גרם,false,,4.80,4.9485,true,1,324427
7290114310406,false,מולר פרופ קציפת יוגורט בטעם תות 97 גרם,מולר Muller,IL,מולר פרופ קציפת יוגו,גרמים,97.00,100 גרם,false,,4.80,4.9485,true,1,324428
7290114310536,false,יוגורט לייט מעושר חלבון 25 גרם חלבון וניל MULLER ACTIVE,מולר Muller,IL,מולר אקטיב וניל לייט,גרמים,200.00,100 גרם,false,,5.90,2.9500,true,1,317889
7290114310550,false,גבינת פטה עיזים מעודנת 5% משק צוריאל 200 גרם,מחלבת משק צוריאל,IL,גבינת פטה עיזים מעוד,מיליליטרים,200.00,"100 מ""ל",false,,18.90,9.4500,true,1,316716
7290114310567,false,לאבנה עיזים 5% טרה 200 גרם,מחלבת משק צוריאל,IL,לאבנה עיזים 5% צוריא,גרמים,200.00,100 גרם,false,,14.90,7.4500,true,1,316715
7290114310611,false,"משקה חלב בננה בבקבוק פקק ספורט טרה 250 מ""ל",מילקו תעשיות בעמ,IL,"משקה בננה טרה 250 מ""",מיליליטרים,250.00,"100 מ""ל",false,,5.50,2.2000,true,1,322512
7290114310628,false,משקה חלב וניל ועוגיות בקבוק 1 ליטר,מילקו תעשיות בעמ,IL,משקה וניל עוגיות טרה,קילוגרמים,1.00,ליטר,false,,11.50,11.5000,true,1,317270
7290114310673,false,לאבנה מחלב בקר 9% 25,Unknown,IL,לאבנה 9% טרה 250 גרם,גרמים,250.00,100 גרם,false,,12.50,5.0000,true,1,316717
7290114310895,false,"סימפלי פרוט יוגורט עם מנגו תות, שמיניה 8 * 150 גרם",מולר Muller,IL,מארז מולר סימפלי תות,קילוגרמים,1.20,ליטר,false,,30.90,25.7500,true,1,323470
7290114311014,false,"משקה חלב אייס קפוצ'ינו פקק ספורט טרה 250 מ""ל",מילקו תעשיות בעמ,IL,משקה אייס קפוצ'ינו ט,מיליליטרים,250.00,"100 מ""ל",false,,5.50,2.2000,true,1,322513
7290114311021,false,"משקה חלב וניל עוגיות פקק ספורט טרה 250 מ""ל",מילקו תעשיות בעמ,IL,משקה וניל עוגיות טרה,מיליליטרים,250.00,"100 מ""ל",false,,5.50,2.2000,true,1,322514
7290114311069,false,מעדן יוגורט בטעם טבעי חלבון 200 ג' מולר אקטיב,מולר Muller,IL,מולר אקטיב בטעם טבעי,גרמים,200.00,100 גרם,false,,5.20,2.6000,true,1,321982
7290114311076,false,"חמאת מולר צהובה עם שום, 200 גרם",מולר Muller,IL,חמאה עם שום מולר 200,גרמים,200.00,100 גרם,false,,11.50,5.7500,true,1,322306
7290114311083,false,חמאת מולר צהובה במליחות מעודנת 200 גרם,מילקו,IL,חמאה עם מלח מולר 200,גרמים,200.00,100 גרם,false,,11.50,5.7500,true,1,322307
7290114311106,false,יוגורט נטורל בתוספת גרנולה וסירופ סילאן 177 ג' MULLER,מילקו,IL,מולר נטורל בתוספת גר,גרמים,170.00,100 גרם,false,,7.10,4.1765,true,1,321158
7290114311298,false,יוגורט מולר פרופ בטעם תות בננה מלון 150,מולר Muller,IL,מולר פרופ קציפת תות,מיליליטרים,150.00,"100 מ""ל",false,,5.10,3.4000,true,1,323062
7290114311304,false,יוגורט קציפת מנגו פסיפלורה בננה 150 ג' מולר,מולר Muller,IL,מולר פרופ קציפת מנגו,מיליליטרים,150.00,"100 מ""ל",false,,5.10,3.4000,true,1,323063
7290114311328,false,חלב מועשר דל לקטוז מעושר בויטמין Dי 2% שומן טרה 1 ליטר,ג'י.אר.אמ.גרופו אלימ,IL,חלב נטול לקטוז 2% טר,קילוגרמים,1.00,ליטר,false,,7.70,7.7000,true,1,323471
7290114311359,false,יוגורט עם קציפת מנגו 3% שומן פרופ 150 ג' מולר,מולר Muller,IL,מולר פרופ קציפת מנגו,מיליליטרים,150.00,"100 מ""ל",false,,5.10,3.4000,true,1,323064
7290114311434,false,מולר אקטיב יוגורט חלבון קרמל מלוח 200 גרם,מולר Muller,IL,מולר אקטיב בטעם קרמל,גרמים,200.00,100 גרם,false,,5.90,2.9500,true,1,324381
7290114311441,false,מולר אקטיב יוגורט חלבון עוגיות חמאה 200 גרם,מולר Muller,IL,מולר אקטיב בטעם עוגי,גרמים,200.00,100 גרם,false,,5.90,2.9500,true,1,324382
7290114311458,false,קרטון חלב 3% מועשר ויטמין די 1ליטר,Unknown,IL,חלב מועשר 3% וויטמין,קילוגרמים,1.00,ליטר,false,,7.20,7.2000,true,1,324016
7290114311502,false,משקה חלב בטעם סחלב בבקבוק 1 ליטר,מילקו תעשיות בעמ,IL,משקה חלב בטעם סחלב ט,קילוגרמים,1.00,ליטר,false,,11.90,11.9000,true,1,324430
7290114311526,false,יוגורט פרופ קציפת תפוז גי'נג'ר 3% מולר 150 גרם,מולר Muller,IL,מולר פרופ תפוז וג'ינ,מיליליטרים,150.00,"100 מ""ל",false,,5.10,3.4000,true,1,325877
7290114311533,false,יוגורט פרופ קציפת פרי בטעם סנגריה 3% מולר 150 גרם,מולר Muller,IL,מולר פרופ בטעם סנגרי,מיליליטרים,150.00,"100 מ""ל",false,,5.10,3.4000,true,1,325878
7290114311557,false,יוגורט נטורל ו גרנולה בתוספת סירופ מייפל 170 ג' מולר,מולר Muller,IL,מולר נטורל בתוספת גר,גרמים,170.00,100 גרם,false,,7.10,4.1765,true,1,325879
7290114601221,false,אג'קס עם אקונומיקה ל,cp צרפת,FR,אג'קס עם אקונומיקה ל,מיליליטרים,0.00,"100 מ""ל",false,,32.90,0.0000,true,1,308984
7290114602150,false,משחת קולגייט טוטל קל,קולגייט פלמוליב,PL,משחת קולגייט טוטל קל,מיליליטרים,300.00,"100 מ""ל",false,,43.90,14.6333,true,1,311663
7290114602174,false,משחת קולגייט טוטל הל,קולגייט פלמוליב,PL,משחת קולגייט טוטל הל,מיליליטרים,300.00,"100 מ""ל",false,,39.90,13.3000,true,1,311664
7290114602211,false,משחת קולגייט סנסטיב,קולגייט פלמוליב,PL,משחת קולגייט סנסטיב,גרמים,225.00,100 גרם,false,,44.90,19.9556,true,1,312501
7290114604932,false,רוטב ברביקיו דבש מאסטר שף 520 גרם,רמיה סי.וי. הולנד,NL,רוטב ברביקיו דבש מאס,גרמים,524.00,100 גרם,false,,12.90,2.4618,true,1,318608
7290114604949,false,מאסטר שף רוטב ברביקיו 524 גרם,רמיה סי.וי. הולנד,NL,רוטב ברביקיו מאסטר ש,גרמים,524.00,100 גרם,false,,12.90,2.4618,true,1,318609
7290114607315,false,זוג משחת שיניים מקס וויט,קולגייט- פלמוליב,PL,משחת קולגייט מקס ווי,מיליליטרים,250.00,"100 מ""ל",false,,28.90,11.5600,true,1,317041
7290114608688,false,פירורי לחם מתובלים מ,EinatFood,IL,פירורי לחם מתובלים מ,גרמים,480.00,100 גרם,false,,11.90,2.4792,true,1,318607
7290114608701,false,פוף מאגדת לבבות גריל 15 גר*8,"מנה י.א בע""\מ",IL,"חטיף תפו""א בטעם גריל",גרמים,120.00,100 גרם,false,,11.90,9.9167,true,1,320344
7290114751902,false,אולוויז קוואטרו לילה,פרוקטר & גמבל,DE,תחבושות אלוויז לילה,Unknown,0.00,יחידה,false,,32.90,0.0000,true,1,317981
7290115200188,false,אוסם - מרק נמס עגבניות פיקנטי 25 גרם * 2,"אסם תעשיות בע""מ",IL,מרק נמס עגבניות אסם,גרמים,50.00,100 גרם,false,,4.90,9.8000,true,1,313723
7290115200676,false,עוגיות קרמוגית במילוי קרם בטעם קרמל מלוח,"הגביע מוצרי וופלים בע""\מ",IL,עוגיות קרמוגית במילו,גרמים,200.00,100 גרם,false,,9.90,4.9500,true,1,313724
7290115200713,false,במבה קלאסי מארז אחיד 8 50*5 ג',"אסם השקעות בע""\מ",IL,מארז במבה 5*50 גרם,גרמים,250.00,100 גרם,false,,12.90,5.1600,true,1,312494
7290115201680,false,ביסלי בטעם ברביקיו אסם 70 גרם,"אסם השקעות בע""\מ",IL,ביסלי ברביקיו 70 גרם,גרמים,70.00,100 גרם,false,,3.90,5.5714,true,1,315118
7290115201703,false,ביסלי ברביקיו גדול אסם 200 גרם,מיוצר עי קונדיטוריית,IL,ביסלי ברביקיו 200 גר,גרמים,200.00,100 גרם,false,,6.50,3.2500,true,1,315427
7290115201727,false,ביסלי חטיף בטעם בצל אסם 200 גרם,מיוצר עי קונדיטוריית,IL,ביסלי בצל 200 גרם,גרמים,200.00,100 גרם,false,,6.50,3.2500,true,1,314687
7290115201741,false,ביסלי בטעם בצל אסם 70 גרם,"אסם השקעות בע""\מ",IL,ביסלי בצל 70 גרם,גרמים,70.00,100 גרם,false,,3.90,5.5714,true,1,314462
7290115203134,false,פופקו פופקורן במבה - פופקורן בציפוי קרמל ובוטנים,"אסם השקעות בע""\מ",IL,פופקו פופקורן קרמל,גרמים,80.00,100 גרם,false,,4.50,5.6250,true,1,317885
7290115203806,false,"רוטב בסיס לבישול אסם 290 מ""ל","אסם השקעות בע""\מ",IL,רוטב סויה לבישול אסם,גרמים,290.00,100 גרם,false,,10.90,3.7586,true,1,325174
7290115204018,false,מנה חמה איטלקי פסטה בסגנון אלפרדו 60 ג' אסם,"אסם תעשיות בע""מ",IL,מנה חמה פסטה בסגנון,גרמים,60.00,100 גרם,false,,4.90,8.1667,true,1,325096
7290115204056,false,"קטשופ מופחת סוכר אסם 690 גרם כשל""פ","אסם תעשיות בע""מ",IL,קטשופ לחיץ מופחת סוכ,גרמים,690.00,100 גרם,false,,8.70,1.2609,true,1,315815
7290115205176,false,פיטנס - קרקר דק כפרי פיטנס 140 גרם,נסטלה Nestle,IL,קרקר דק כפרי פיטנס 1,גרמים,140.00,100 גרם,false,,10.90,7.7857,true,1,321369
7290115205251,false,פריכיות קרמל מלוח פיטנס בר 84 גרם,פרח תעשיות,IL,פריכיות דגנים מצופות,גרמים,84.00,100 גרם,false,,11.90,14.1667,true,1,325152
7290115205312,false,קרקר פיטנס דק עם זיתי קלמטה ועשבי תיבול,"אסם השקעות בע""\מ",IL,קרקר דק זיתי קלמטה פ,גרמים,140.00,100 גרם,false,,10.90,7.7857,true,1,322438
7290115206333,false,אסם עוגיות מיני שוקוצ'יפס 225גרם חדש,"t\אסם השקעות בע""\מ",IL,עוגיות שוקולד ציפס מ,גרמים,225.00,100 גרם,false,,9.80,4.3556,true,1,321221
7290115206531,false,אסם קרמוגית במילוי קרם בייגלה 12*200 גרם,אסם-נסטלה,IL,עוגיות במילוי קרם בי,גרמים,200.00,100 גרם,false,,9.90,4.9500,true,1,319122
7290115207668,false,"אסם רוטב בסגנון סויה סיני 600 מ""ל",אסם,IL,רוטב סויה סיני אסם 6,גרמים,600.00,100 גרם,false,,14.90,2.4833,true,1,322826
7290115207682,false,אסם רוטב בסגנון סויה סיני 9*290מל חדש,"אסם השקעות בע""\מ",IL,רוטב בסגנון סויה סינ,מיליליטרים,290.00,"100 מ""ל",false,,9.90,3.4138,true,1,325172
7290115207880,false,סירופ ויטמינציק פטל 2 ליטר,בית השיטה עסיס תעשיו,IL,סירופ ויטמנציק פטל 2,קילוגרמים,2.00,ליטר,false,,39.90,19.9500,true,1,325299
7290115207903,false,סירופ ויטמינציק תפוח 2 ליטר,בית השיטה עסיס תעשיו,IL,סירופ ויטמנציק תפוח,קילוגרמים,2.00,ליטר,false,,39.90,19.9500,true,1,325300
7290115207941,false,סירופ אננס ויטמינצ'יק 1 ליטר,בית-השיטה עסיס תעשיות מז,IL,סירופ ויטמינצ'יק אננ,קילוגרמים,1.00,ליטר,false,,18.90,18.9000,true,1,320843
7290115207965,false,סירופ מנגו אפרסק ויטמינצ'יק 1 ליטר,בית-השיטה עסיס תעשיות מז,IL,סירופ ויטמינצ'יק מנג,קילוגרמים,1.00,ליטר,false,,18.90,18.9000,true,1,320844
7290115207989,false,סירופ לימון ויטמינצ'יק 1 ליטר,בית-השיטה עסיס תעשיות מז,IL,סירופ ויטמינצ'יק לימ,קילוגרמים,1.00,ליטר,false,,18.90,18.9000,true,1,320845
7290115208047,false,סירופ פטל ויטמינצ'יק 1 ליטר,בית-השיטה עסיס תעשיות מז,IL,סירופ ויטמינצ'יק פטל,קילוגרמים,1.00,ליטר,false,,18.90,18.9000,true,1,320846
7290115208061,false,סירופ תפוח ויטמינצ'יק 1 ליטר,בית השיטה עסיס תעשיות מז,IL,סירופ ויטמינצ'יק תפו,קילוגרמים,1.00,ליטר,false,,18.90,18.9000,true,1,320847
7290115208344,false,בייגלה כפיות שמנת בצל אסם 300 גרם,"אסם השקעות בע""\מ",IL,בייגלה כפיות בטעם שמ,גרמים,300.00,100 גרם,false,,7.90,2.6333,true,1,324068
7290115208597,false,קרמוגית מיניס קרמל מלוח אסם 200 גרם,"אסם השקעות בע""\מ",IL,עוגיות קרמוגית מיניס,גרמים,200.00,100 גרם,false,,9.90,4.9500,true,1,323677
7290115208801,false,לחמית דבש ואגוזים אסם 190 גרם,לחמית,IL,לחמית דבש ואגוזים 19,גרמים,190.00,100 גרם,false,,8.90,4.6842,true,1,323877
7290115208849,false,מנה חמה פירה ובטטה אסם 51 גרם,"אסם תעשיות בע""מ",IL,מנה חמה פירה עם בטטה,גרמים,51.00,100 גרם,false,,4.90,9.6078,true,1,325097
7290115209136,false,טבעול חטיפי עוף צמחי העדה החרדית 6*1.2קג,"טבעול תעשיות מזון בע""\מ",IL,חטיפים צמחוניים בטעם,פריט,1.20,"ק""ג",false,,39.90,33.2500,true,1,323553
7290115209198,false,במבה אוורירית אסם 80 גרם,"אסם תעשיות בע""מ",IL,במבה אוורירית 80 גרם,גרמים,80.00,100 גרם,false,,3.90,4.8750,true,1,323673
7290115209235,false,ביסקוויט פתי בר קפה אסם 500 גרם,"אסם תעשיות בע""מ",IL,פתיבר בטעם קפה אסם 5,גרמים,500.00,100 גרם,false,,8.90,1.7800,true,1,324836
7290115480009,false,"מרכך כביסה מרוכז פרש קונטרול ירוק 900 מ""ל סוד",הנקל סוד,IL,מרכך סוד פרש קונטרול,מיליליטרים,900.00,"100 מ""ל",false,,11.90,1.3222,true,1,320101
7290115671223,false,מסטיק מאסט פאן אבטיח מנגו צנצנת 58 גרם,אסקום קונפקשיין,DE,מסטיק מאסט צנצנת בטע,גרמים,58.00,100 גרם,false,,8.90,15.3448,true,1,320410
7290115671308,false,מסטיק מאסט פאן תות דובדבן צנצנת 58 גרם,אסקום קונפשטיין,DE,מסטיק מאסט צנצנת בטע,גרמים,58.00,100 גרם,false,,8.90,15.3448,true,1,320412
7290115671346,false,מיני פינוקיות טופי קרמל מלוח עלית 180 גרם,"הגביע מוצרי ופלים בע""\מ",IL,עוגיות מיני פינוקיות,גרמים,188.00,100 גרם,false,,9.90,5.2660,true,1,319129
7290115671421,false,פולי אספרסו עשירים וארומטיים עוצמה 10 250 ג' עלית,שטראוס קפה בי. וי.,IL,פולי קפה ארומטיים בק,גרמים,250.00,100 גרם,false,,19.90,7.9600,true,1,324630
7290115675733,false,קפסולות אספרסו עם הל למכונות נספרסו 50 ג,שטראוס קפה בי.וי.,IL,קפסולות עלית אספרסו,גרמים,50.00,100 גרם,false,,15.50,31.0000,true,1,318385
7290115675986,false,דנונה יוגורט בר עם אגוזים מקורמלים 173 גרם,"שטראוס בריאות בע""\מ",IL,דנונה בר עם אגוזים מ,גרמים,173.00,100 גרם,false,,4.50,2.6012,true,1,314851
7290115676037,false,דנונה ריפרש יוגורט עם תות ודומדמניות 1.6% שומן,מיוצר עי קונדיטוריית,IL,משקה דנונה ריפרש תות,גרמים,250.00,100 גרם,false,,5.80,2.3200,true,1,317586
7290115677089,false,קונפיטורת תפוח וקינמון יד מרדכי 340 גרם,"בית אל מזון בע""מ",IL,קונפיטורה תפוח וקינמ,גרמים,340.00,100 גרם,false,,9.70,2.8529,true,1,318386
7290115678222,false,מארז 8 גביעים יוגורט Greek בסגנון יווני 6.5% שומן,"שטראוס בריאות בע""\מ",IL,מארז יוגורט דנונה יו,גרמים,0.00,100 גרם,false,,25.50,0.0000,true,1,317841
7290115678376,false,מעדן הגולן שוקולד 125 גרם,מיוצר עי קונדיטוריית,IL,מעדן הגולן שוקולד 12,מיליליטרים,125.00,"100 מ""ל",false,,2.90,2.3200,true,1,318406
7290115678383,false,מעדן הגולן שוקולד מריר 125 גרם,מיוצר עי קונדיטוריית,IL,מעדן הגולן שוקולד מר,מיליליטרים,125.00,"100 מ""ל",false,,2.90,2.3200,true,1,318407
7290115679960,false,ציטוס פופקורן בטעם טבעי 60 ג 24 יח,"שטראוס פריטו ליי בע""\מ )",IL,צ'יטוס פופקורן טבעי,גרמים,60.00,100 גרם,false,,3.20,5.3333,true,1,318944
7290115720280,false,בריקס לגו סוריות בטעם פירות גרוס מארז 18 יחידות,גרוסליין,CN,סוכריות לגו בריקס 18,גרמים,216.00,100 גרם,false,,18.90,8.7500,true,1,317349
7290115720358,false,גואל פופ גרוס מארז 18 יחידות,גרוסליין,CN,סוכריות טבעת ג'ואל פ,גרמים,225.00,100 גרם,false,,18.90,8.4000,true,1,317350
7290115720464,false,סוכריות מוצץ גרוס מארז 18 יחידות,גרוסליין,BE,סוכריות מוצץ גרוסליי,גרמים,105.00,100 גרם,false,,18.90,18.0000,true,1,317871
7290115720471,false,סוכריות משרוקית גרוס מארז 18 יחידות,גרוסליין,BE,סוכריות משרוקית גרוס,גרמים,170.00,100 גרם,false,,18.90,11.1176,true,1,317872
7290115720488,false,סוכריות ליפסטיק גרוס מארז 18 יחידות,גרוסליין,BE,סוכריות ליפסטיק גרוס,גרמים,170.00,100 גרם,false,,18.90,11.1176,true,1,317873
7290115720709,false,גואל פופ מארז מארז 18 יחידות,גרוסליין,CN,סוכריות טבעת גרוסליי,גרמים,216.00,100 גרם,false,,18.90,8.7500,true,1,322946
7290115720778,false,מארז סוכריות דיפ אנד ליק מארז 15 יח' גרוסליין,גרוסליין,CN,סוכריות דיפ אנד ליק,גרמים,216.00,100 גרם,false,,18.90,8.7500,true,1,322947
7290115720891,false,סוכריות בטעמי פירות פאזל 18 יח',גרוסליין,CN,סוכריות פאזל מספרים,גרמים,216.00,100 גרם,false,,18.90,8.7500,true,1,324285
7290115720969,false,סוכריות בטעמי פירות טטריס 18 יח',גרוסליין,CN,סוכריות בלוקס בטעמי,גרמים,216.00,100 גרם,false,,18.90,8.7500,true,1,324286
7290116531021,false,"שוקולד חלב ורד הגליל 100 גרם כשל""פ",יוניליוור ישראל מזון,IL,שוקולד ורד הגליל חלב,גרמים,100.00,100 גרם,false,,4.90,4.9000,true,1,322443
7290116850382,false,ניילון לכיסוי מזון א,,,ניילון לכיסוי מזון א,Unknown,0.00,יחידה,false,,14.90,0.0000,true,1,318951
7290116850856,false,נר הבדלה נבל עם בשמי,,,נר הבדלה נבל עם בשמי,Unknown,0.00,יחידה,false,,29.90,0.0000,true,1,321829
7290116850870,false,נר הבדלה שבוע טוב,,,נר הבדלה שבוע טוב,Unknown,0.00,יחידה,false,,19.90,0.0000,true,1,321831
7290116851716,false,מארז 6 כריות קרצוף ש,,,מארז 6 כריות קרצוף ש,Unknown,0.00,יחידה,false,,14.90,0.0000,true,1,321828
7290116853505,false,כדוריות סבון אסלה בנ,TOMIL S.R.O,CZ,כדוריות סבון אסלה בנ,גרמים,105.00,100 גרם,false,,14.90,14.1905,true,1,325060
7290116853512,false,כדוריות סבון אסלה בנ,TOMIL S.R.O,CZ,כדוריות סבון אסלה בנ,גרמים,105.00,100 גרם,false,,14.90,14.1905,true,1,325061
7290116853529,false,כדוריות סבון אסלה בנ,TOMIL S.R.O,CZ,כדוריות סבון אסלה בנ,גרמים,105.00,100 גרם,false,,14.90,14.1905,true,1,325062
7290116853536,false,כדוריות סבון אסלה בנ,TOMIL S.R.O,CZ,כדוריות סבון אסלה בנ,גרמים,105.00,100 גרם,false,,14.90,14.1905,true,1,325063
7290116853635,false,מארז 6 כריות קרצוף ע,,,מארז 6 כריות קרצוף ע,Unknown,0.00,יחידה,false,,19.90,0.0000,true,1,324073
7290116853758,false,מברשת פלדה לניקוי הג,,,מברשת פלדה לניקוי הג,Unknown,0.00,יחידה,false,,13.90,0.0000,true,1,325280
7290116930435,false,יוגורט יופלה GO במרקם סמיך עם דובדבן 0%,תנובה מרכז שיתופי לש,IL,יוגורט גו יופלה סמיך,גרמים,200.00,100 גרם,false,,4.70,2.3500,true,1,322571
7290116930459,false,"יופלה שייק מנגו בננה אננס וקוקוס 230 מ""ל",קבוצת המזון אקטשלאר,IL,יופלה שייק בננה אננס,מיליליטרים,230.00,"100 מ""ל",false,,7.90,3.4348,true,1,322963
7290116930466,false,"משקה SHAKE בננה מנגן פסיפלורה והל 230 מ""ל יופלה",קבוצת המזון אקטשלאר,IL,יופלה שייק מנגו בננה,מיליליטרים,230.00,"100 מ""ל",false,,7.90,3.4348,true,1,322964
7290116930657,false,"משקה חלב גו בטעם בננה תמר בתוספת שיבולת שועל במרקם חלק 340 מ""ל",תנובה מרכז שיתופי לש,IL,משקה GO בטעם בננה ות,מיליליטרים,340.00,"100 מ""ל",false,,7.50,2.2059,true,1,325054
7290116930701,false,מעדן חלב GO מועשר בחלבון בטעם קרמל מלוח,תנובה מרכז שיתופי לש,IL,מעדן חלב גו 12 מועשר,גרמים,120.00,100 גרם,false,,4.90,4.0833,true,1,322956
7290116931012,false,יוגורט דיאט 0% שומן תפוח וקינמון 150 ג' יופלה,תנובה מרכז שיתופי לש,IL,יופלה דיאט 0% עם תפו,גרמים,150.00,100 גרם,false,,5.00,3.3333,true,1,325055
7290116931081,false,גביע מעדן סויה בטעם טופי קרמל 125 גרם,תנובה מרכז שיתופי לש,IL,מעדן סויה בטעם טופי,גרמים,125.00,100 גרם,false,,4.10,3.2800,true,1,323602
7290116931159,false,יוגורט דיאט 0% שומן תות בננה 150 ג' יופלה,תנובה מרכז שיתופי לש,IL,יופלה דיאט 0% תות בנ,גרמים,150.00,100 גרם,false,,5.00,3.3333,true,1,325056
7290116931289,false,יופלה גו במרקם סמיך אלפחורס 200מל,תנובה מרכז שיתופי לש,IL,יוגורט גו יופלה סמיך,גרמים,200.00,100 גרם,false,,4.70,2.3500,true,1,325593
7290116931562,false,יוגורט תנובה גולד ביו לבן 170 גרם,תנובה חלב,IL,יוגורט ביו לבן 3% גו,גרמים,170.00,100 גרם,false,,5.40,3.1765,true,1,325881
7290116931579,false,יוגורט תנובה גולד ביו תות 170 גרם,תנובה חלב,IL,יוגורט ביו תות 2.7%,גרמים,170.00,100 גרם,false,,5.40,3.1765,true,1,325882
7290116931586,false,יוגורט תנובה גולד ביו פירות יער 170 גרם,תנובה חלב,IL,יוגורט ביו עם פירות,גרמים,170.00,100 גרם,false,,5.40,3.1765,true,1,325883
7290117260401,false,גבינת מוצרלה מגורדת 25% שומן 500 ג' יורו,לימבו,TR,גבינת מוצרלה מגורדת,גרמים,500.00,100 גרם,false,,19.90,3.9800,true,1,319487
7290117260562,false,חמאה כפרית מסורתית בגביע,וילי פוד,TR,חמאה כפרית בגביע ויל,גרמים,225.00,100 גרם,false,,14.90,6.6222,true,1,324607
7290117260814,false,תן בו בציפוי בטעם שוקולד מריר ושבבי קוקוס 300 גרם,אלויראסמינדר,DK,תן בו בטעם וניל בציפ,גרמים,300.00,100 גרם,false,,19.90,6.6333,true,1,320249
7290117261521,false,סלמון אטלנטי בשמן קנולה 120 גרם ויליפוד,קריות זול,LV,סלמון אטלנטי בשמן קנ,גרמים,120.00,100 גרם,false,,9.90,8.2500,true,1,323777
7290117261545,false,סלמון אטלנטי ברוטב טריאקי 120 גרם ויליפוד,קריות זול,LV,סלמון אטלנטי ברוטב ט,גרמים,120.00,100 גרם,false,,9.90,8.2500,true,1,323780
7290117261569,false,סלמון אטלנטי מעושן בשמן קנולה 120 גרם ויליפוד,קריות זול,LV,סלמון אטלנטי מעושן ב,גרמים,120.00,100 גרם,false,,9.90,8.2500,true,1,323779
7290117262290,false,פרלינים אגוזים מצופים פצפוצי שוקולד 50 גרם,מודרן צוקולטה,TR,פרלינים אגוזים פצפוצ,גרמים,50.00,100 גרם,false,,4.50,9.0000,true,1,324619
7290117262306,false,"קורנפלקס מצופה שוקולד חלב ד, 50 גרם",מודרן צוקולטה,TR,קורנפלקס מצופה שוקול,גרמים,50.00,100 גרם,false,,4.50,9.0000,true,1,324620
7290117262313,false,פצפוצי דגנים פריכים מצופים שוקולד חלב 50 גרם,מודרן צוקולטה,TR,פצפוצי דגנים בשוקולד,גרמים,50.00,100 גרם,false,,4.50,9.0000,true,1,324621
7290117262320,false,ביסקוויט מצופה שוקולד חלב 50 גר JAZZY,מודרן צוקולטה,TR,ביסקוויט מצופה שוקול,גרמים,40.00,100 גרם,false,,4.50,11.2500,true,1,324622
7290117263006,false,צהובה מגורדת ויליפוד,וילי פוד,IL,צהובה מגורדת ויליפוד,פריט,1.20,"ק""ג",false,,39.90,33.2500,true,1,323996
7290117860045,false,שמפו תמציות אלוורה ותה ירוק לשיער רגיל,"טרופיקל דגיל בע""\מ",IL,שמפו הוואי מטפח לשיע,מיליליטרים,700.00,"100 מ""ל",false,,13.50,1.9286,true,1,325674
7290117860090,false,מרכך תמציות אלוורה ותה ירוק לשיער רגיל,"טרופיקל דגיל בע""\מ",IL,מרכך הוואי מטפח לשיע,מיליליטרים,700.00,"100 מ""ל",false,,13.50,1.9286,true,1,325677
7290117860144,false,הוואי שמפו פירות אקזוטיים וקלנדולה 700,"טרופיקל דגיל בע""\מ",IL,שמפו הוואי למניעת קש,מיליליטרים,700.00,"100 מ""ל",false,,13.50,1.9286,true,1,325678
7290117860243,false,"הוואי - מרכך מעניק לחות לשיער יבש 700 מ""ל","טרופיקל דגיל בע""\מ",IL,מרכך הוואי לשיער יבש,מיליליטרים,700.00,"100 מ""ל",false,,13.50,1.9286,true,1,325685
7290117860298,false,שמפו קומפלקס קרטין לשיער עדין או חלש,"טרופיקל דגיל בע""\מ",IL,שמפו הוואי קרטין 700,מיליליטרים,700.00,"100 מ""ל",false,,13.50,1.9286,true,1,325679
7290117860342,false,מרכך קומפלקס קרטין לשיער עדין או חלש,"טרופיקל דגיל בע""\מ",IL,מרכך הוואי קרטין 700,מיליליטרים,700.00,"100 מ""ל",false,,13.50,1.9286,true,1,325686
7290117860496,false,"הוואי שמפו + מרכך 2 ב-1 לגבר 700 מ""ל-חדש","טרופיקל גליל בע""מ",IL,שמפו +מרכך הוואי 2 ב,מיליליטרים,700.00,"100 מ""ל",false,,13.50,1.9286,true,1,325676
7290117860540,false,הוואי שמפו לילדים רוזמרין מנגו ומשמש 700,"טרופיקל דגיל בע""\מ",IL,שמפו הוואי עדין לילד,מיליליטרים,700.00,"100 מ""ל",false,,13.50,1.9286,true,1,325680
7290117860595,false,הוואי מרכך לילדים רוזמרין מנגו ומשמש 700,"טרופיקל דגיל בע""\מ",IL,מרכך הוואי מתיר קשרי,מיליליטרים,700.00,"100 מ""ל",false,,13.50,1.9286,true,1,325687
7290117860649,false,הוואי שמפו קרטין קיק ללא סולפטים 700 מל,"טרופיקל דגיל בע""\מ",IL,שמפו הוואי ללא סולפט,מיליליטרים,700.00,"100 מ""ל",false,,13.50,1.9286,true,1,325681
7290117860694,false,הוואי מרכך קרטין קיק ללא סולפטים 700 מל,"טרופיקל דגיל בע""\מ",IL,מרכך הוואי ללא סולפט,מיליליטרים,700.00,"100 מ""ל",false,,13.50,1.9286,true,1,325688
7290117902653,false,פקאן בציפוי שברי עוג,,IL,פקאן בציפוי שברי עוג,גרמים,130.00,100 גרם,false,,16.90,13.0000,true,1,324673
7290117902677,false,קשיו בציפוי שברי עוג,,IL,קשיו בציפוי שברי עוג,גרמים,130.00,100 גרם,false,,16.90,13.0000,true,1,324675
7290117902691,false,קשיו בציפוי קוקוס 13,,IL,קשיו בציפוי קוקוס 13,גרמים,130.00,100 גרם,false,,16.90,13.0000,true,1,324677
7290117902707,false,קשיו בציפוי חלבה 130,,IL,קשיו בציפוי חלבה 130,גרמים,130.00,100 גרם,false,,16.90,13.0000,true,1,324678
7290118420477,false,אסם בייגלה שטוחים בטעם ביסלי בצל 300 גרם,"אסם תעשיות בע""מ",IL,בייגלה שטוחים בטעם ב,גרמים,300.00,100 גרם,false,,7.90,2.6333,true,1,324944
7290118420514,false,אינסטנט פודינג בטעם נוגט אסם 75 גרם,"אסם תעשיות בע""מ",IL,פודינג אינסטנט בטעם,גרמים,75.00,100 גרם,false,,4.90,6.5333,true,1,324946
7290119030026,false,פחזניות במילוי קרם ב,קפולסקי אדל בעמ,IL,פחזניות במילוי קרם ב,גרמים,280.00,100 גרם,false,,18.90,6.7500,true,1,325633
7290119030033,false,פחזניות במילוי קרם ב,קפולסקי אדל בעמ,IL,פחזניות במילוי קרם ב,גרמים,280.00,100 גרם,false,,18.90,6.7500,true,1,325631
7290119030040,false,פחזניות במילוי קרם ב,קפולסקי אדל בעמ,IL,פחזניות במילוי קרם ב,גרמים,280.00,100 גרם,false,,18.90,6.7500,true,1,325632
7290900010282,false,אורז בסמטי אינדירה 1,Emsons Exim PVT LTD,IN,אורז בסמטי אינדירה 1,פריט,1.40,"ק""ג",false,,11.90,8.5000,true,1,294649
7290900010367,false,טורטייה שמינייה משקל נקי 360 ג' Avel,Turka Invest,PL,טורטיות דורומי 36*45,פריט,1.62,"ק""ג",false,,19.90,12.2840,true,1,291332
7290900010435,false,תערובת לכדורי שוקולד,א.ל. ייצור ושיווק תב,IL,תערובת לכדורי שוקולד,גרמים,400.00,100 גרם,false,,11.90,2.9750,true,1,291490
7290900010442,false,תערובת לעוגת בראוניז,א.ל. ייצור ושיווק תב,IL,תערובת לעוגת בראוניז,גרמים,500.00,100 גרם,false,,11.90,2.3800,true,1,291491
7290900010459,false,תערובת לעוגת וניל בו,א.ל. ייצור ושיווק תב,IL,תערובת לעוגת וניל בו,גרמים,500.00,100 גרם,false,,11.90,2.3800,true,1,291492
7290900010466,false,תערובת לעוגת שוקולד,א.ל. ייצור ושיווק תב,IL,תערובת לעוגת שוקולד,גרמים,500.00,100 גרם,false,,11.90,2.3800,true,1,291493
7290900010480,false,תערובת לפנקייק בון ב,א.ל. ייצור ושיווק תב,IL,תערובת לפנקייק בון ב,גרמים,400.00,100 גרם,false,,11.90,2.9750,true,1,291495
7290900011210,false,פתיתים אורז דורומי 5,Bessan Makarna,TR,פתיתים אורז דורומי 5,גרמים,500.00,100 גרם,false,,4.90,0.9800,true,1,293592
7290900011838,false,זית שחור אוליבסי 1.,Yatagan Zeytincilik,TR,זית שחור אוליבסי 1.,פריט,1.74,"ק""ג",false,,19.90,11.4368,true,1,294834
7290900012316,false,פתיתים קוסקוס דורומי,Bessan Makarna,TR,פתיתים קוסקוס דורומי,גרמים,500.00,100 גרם,false,,4.90,0.9800,true,1,295913
7293556389962,false,שום לבן מובחר יחידה,אראל תוצרת חקלאית בע,IL,שום 250 גרם,גרמים,250.00,100 גרם,false,,9.90,3.9600,true,1,315285
7297395000026,false,בדי בדיקה טהרה 60 יח,חן המעין בעמ,IL,בדי בדיקה טהרה 3*20,Unknown,0.00,יחידה,false,,13.90,0.0000,true,1,248432
7297579011312,false,מגבת פנים מדאם,,,מגבת פנים מדאם,Unknown,0.00,יחידה,false,,5.90,0.0000,true,1,325083
7297579011442,false,שטיח כניסה קוקוס 60*,,,שטיח כניסה קוקוס 60*,Unknown,0.00,יחידה,false,,19.90,0.0000,true,1,325092
7501013122039,false,נקטר מנגו ג'ומקס בקרטונית 1 ליטר,חומקס קומר קומרסאליזדורה,MX,נקטר ג'ומקס בטעם מנג,קילוגרמים,1.00,ליטר,false,,9.90,9.9000,true,1,320068
7501013122053,false,נקטר אפרסק ג'ומקס בקרטונית 1 ליטר,חומקס קומר קומרסאליזדורה,MX,נקטר ג'ומקס בטעם אפר,קילוגרמים,1.00,ליטר,false,,9.90,9.9000,true,1,320071
7501013122114,false,"נקטר משקה אננס בקרטונית ג'ומקס, 1 ל'",חומקס קומר קומרסאליזדורה,MX,נקטר ג'ומקס בטעם אננ,קילוגרמים,1.00,ליטר,false,,9.90,9.9000,true,1,320072
7501013122190,false,משקה תפוחים ג'ומקס בקרטונית 1 ליטר,חומקס קומר קומרסאליזדורה,MX,נקטר ג'ומקס בטעם תפו,קילוגרמים,1.00,ליטר,false,,9.90,9.9000,true,1,320076
7501013122992,false,משקה קוקוס אננס ג'ומקס בקרטונית 1 ליטר,חומקס קומר קומרסאליזדורה,MX,נקטר ג'ומקס בטעם קוק,קילוגרמים,1.00,ליטר,false,,9.90,9.9000,true,1,320069
7501064191398,false,"שישיית בירה קורונה 355 מ""ל בקבוק",קריניציה ויטמינה אס,MX,מארז בירה קורונה 4.5,קילוגרמים,2.13,ליטר,false,,29.90,14.0376,true,1,305802
7509546057545,false,ליידי ספיד סטיק פרו 5 סטיק 45 גרם,קולגייט פלמוליב,US,דאו ליידי ספיד סטיק,גרמים,45.00,100 גרם,false,,18.90,42.0000,true,1,319441
7509546061665,false,דאודורנט סטיק ג'ל לגבר 24/7 אקסטרים אינטנס,קולגייט פלמוליב,US,דאו ספיד סטיק אקסטרי,גרמים,85.00,100 גרם,false,,18.90,22.2353,true,1,323841
7509546061672,false,דאודורנט סטיק אקסטרים אינטנס,קולגייט פלמוליב,US,דאו ספיד סטיק אקסטרי,גרמים,50.00,100 גרם,false,,18.90,37.8000,true,1,323842
7509546063515,false,ליידי ספיד סטיק -סטיק פרו 5 ספריי 150 מל,קולגייט פלמוליב,MX,דאו ספריי ליידי ספיד,מיליליטרים,150.00,"100 מ""ל",false,,13.90,9.2667,true,1,323843
7509546666846,false,"קולגייט טוטאל משחת שיניים פחם 75 מ""ל",קולגייט פלמוליב,MX,משחת קולגייט טוטל פח,Unknown,0.00,יחידה,false,,19.90,0.0000,true,1,317107
7610008040590,false,שוקולד לבן במילוי אגוזים,שוקולה קמיל בלוך,IL,שוקולד טורינו לבן שו,גרמים,100.00,100 גרם,false,,9.90,9.9000,true,1,298047
7610008056874,false,חטיף שוקולד במילוי 100 ג,שוקולה קמיל בלוך,CH,שוקולד רגוסה חלב פרל,גרמים,100.00,100 גרם,false,,13.90,13.9000,true,1,312990
7610008056959,false,חטיף שוקולד במילוי 100 ג,שוקולה קמיל בלוך,CH,שוקולד רגוסה פרווה פ,גרמים,100.00,100 גרם,false,,13.90,13.9000,true,1,312991
7610100034084,false,מיונז טומי בשפורפרת 265 גרם,נסטלה שוויץ ס.א,CH,מיונז בשפורפרת טומי,גרמים,265.00,100 גרם,false,,9.90,3.7358,true,1,294843
7610113011652,false,בריזר - משקה כוהלי מוגז בטעם תפוח,בקרדי בריזר Bacardi Breezer,BE,בקרדי בריזר תפוח 275,מיליליטרים,275.00,"100 מ""ל",false,,12.90,4.6909,true,1,312941
7613030979647,false,דגני בוקר טריקס פירות עולם היורה 480 ג',ג'נרל מילס סאן אדריא,CL,דגני בוקר טריקס 480,גרמים,480.00,100 גרם,false,,19.90,4.1458,true,1,301231
7613035548374,false,דגני בוקר גולדן מיניס מחיטה מלאה ותירס,נסטלה פולין דגני בוק,FR,דגני בוקר גולדן מיני,גרמים,570.00,100 גרם,false,,4.90,0.8596,true,1,309266
7613036880534,false,גרבר מחית ירקות מעורבים מטרנה 190 גר',נסטלה פולסקה אס.איי,PL,מחית מרק ירקות מעורב,גרמים,190.00,100 גרם,false,,5.50,2.8947,true,1,308987
7613037204797,false,סטארבקס פולי קפה בלונד אספרסו 450 גרם,נסטלה נספרסו,PT,פולי קפה סטארבקס בלו,גרמים,450.00,100 גרם,false,,39.90,8.8667,true,1,317055
7613037686906,false,פיטנס שקדים ודבש 355 גרם מופחת סוכר,נסטלה צרפת איטנקורט,FR,דגני בוקר פיטנס שקדי,גרמים,355.00,100 גרם,false,,19.90,5.6056,true,1,308931
7613038268262,false,דגני בוקר צ'יריוס דבש ושקדים במתיקות מעודנת,נסטלה פולין דגני בוק,FR,דגני בוקר האני נאט צ,גרמים,410.00,100 גרם,false,,19.90,4.8537,true,1,309262
7613038451954,false,דגני בוקר שוקולד מופחת סוכר 410 ג' קראנץ',נסטלה צרפת איטנקורט,FR,דגני בוקר קראנצ שוקו,גרמים,410.00,100 גרם,false,,19.90,4.8537,true,1,309263
7613039879382,false,גרבר - מחית תפוחי עץ 190 גרם,נסטלה פולסקה אס.איי,PL,"מחית תפו""ע גרבר 190",גרמים,190.00,100 גרם,false,,5.50,2.8947,true,1,315886
7613039880807,false,גרבר מחית תפוח וגזר 190 גרם,נסטלה פולסקה אס.איי,PL,מחית גזר תפוח גרבר 1,גרמים,190.00,100 גרם,false,,5.50,2.8947,true,1,315882
7613039881521,false,גרבר מחית מרק מנגו 190 גרם,נסטלה פולסקה אס.איי,PL,מחית מנגו גרבר 190 ג,גרמים,190.00,100 גרם,false,,5.50,2.8947,true,1,315883
7613039881965,false,גרבר מחית גזר תפוח ומנגו 190 גרם,נסטלה פולסקה אס.איי,PL,מחית גזר תפוח מנגו ג,גרמים,190.00,100 גרם,false,,5.50,2.8947,true,1,315884
7613287181411,false,ויטמינציק מחית סלט פירות 110 גרם,"טרופיקל דגיל בע""מ אז",ES,מחית סלט פירות עם פק,גרמים,110.00,100 גרם,false,,4.90,4.4545,true,1,325720
7613287182326,false,ויטמינציק מחית בננה תפוח 110 גרם,"נסטלה ספרד ס.א, מפעל",ES,מחית בננה תפוח עם פק,גרמים,110.00,100 גרם,false,,4.90,4.4545,true,1,325718
7613287182357,false,מחית אגס תפוח ופירות יער ויטמינצ'יק 110 ג',נסטלה,ES,מחית אגס תפוח ופירות,גרמים,110.00,100 גרם,false,,4.90,4.4545,true,1,325721
7613287182456,false,ויטמינציק מחית אגס בננה תפוח 110 גרם,"נסטלה ספרד ס.א, מפעל",ES,מחית אגס תפוח ובננה,גרמים,110.00,100 גרם,false,,4.90,4.4545,true,1,325722
7613287302373,false,סטארבקס קפסולות איטליאן סטייל רוסט 56 גרם,נסטלה שוויץ - קפה,PT,קפסולות סטארבקס איטל,גרמים,56.00,100 גרם,false,,21.50,38.3929,true,1,315932
7613287325822,false,אוסם - דיפ אנד ספרד מטבל מיקס 295 גרם,נסטלה,PL,רוטב מיקס בטעם קטשופ,גרמים,295.00,100 גרם,false,,14.90,5.0508,true,1,325302
7613287394323,false,דגני בוקר מולטי צ'יריוס 600 גרם,נסטלה פולין דגני בוק,GB,דגני בוקר מולטי צירי,גרמים,600.00,100 גרם,false,,19.90,3.3167,true,1,317888
7613287476678,false,דגני בוקר סינימיניס צ'ורוס נסטלה 360 ג',נסטלה אוונקה,PT,דגני בוקר סינימיניס,גרמים,360.00,100 גרם,false,,19.90,5.5278,true,1,320454
7613287855640,false,סטארבקס קפסולות קפה גוואטמלה 10 יחידות,נסטלה שוויץ - קפה,CH,קפסולות סטארבקס גווא,גרמים,52.00,100 גרם,false,,21.50,41.3462,true,1,324067
7622201139278,false,גבינת שמנת 27% שומן 150 ג' פילדלפיה,מיודלז אספניה פרודוק,ES,גבינת שמנת 27% פילדל,גרמים,150.00,100 גרם,false,,13.90,9.2667,true,1,310108
7622201521493,false,גבינת פילדלפיה שום ועשבי תיבול 150 גרם,מיודלז אספניה פרודוק,ES,גבינת שמנת 12% פילדל,גרמים,150.00,100 גרם,false,,13.90,9.2667,true,1,322992
7622201808631,false,אוראו מיני עוגיות ממולאות קרם וניל 67גרם,פי.טי. מונדלז אינדונ,ID,עוגיות מיני אוראו ונ,גרמים,67.00,100 גרם,false,,6.90,10.2985,true,1,317983
7622300761363,false,אוראו מיני עוגיות ממולאות קרם שוקו 67 גר,פי.טי. מונדלז אינדונ,ID,עוגיות מיני אוראו שו,גרמים,67.00,100 גרם,false,,6.90,10.2985,true,1,308516
7630477891592,false,סטארבקס קפסולות קפה האוס בלנד 10 יחידות,נסטלה שוויץ - קפה,CH,קפסולות סטארבקס האוס,גרמים,57.00,100 גרם,false,,21.50,37.7193,true,1,313052
7630477891615,false,סטארבקס קפסולות קפה סומטרה 10 יחידות,נסטלה שוויץ - קפה,CH,קפסולות סטארבקס סומט,גרמים,55.00,100 גרם,false,,21.50,39.0909,true,1,313053
7630477891639,false,סטארבקס קפסולות קפה ורונה 10 יחידות,נסטלה שוויץ - קפה,CH,קפסולות סטארבקס ורונ,Unknown,0.00,יחידה,false,,21.50,0.0000,true,1,313054
7630477891653,false,סטארבקס קפסולות קפה אספרסו נטול 10 יחידו,נסטלה שוויץ - קפה,CH,קפסולות סטארבקס נטול,גרמים,57.00,100 גרם,false,,21.50,37.7193,true,1,313055
7630477891677,false,סטארבקס קפסולות קפה פייק פלייס 10 יחידות,נסטלה שוויץ - קפה,CH,קפסולות סטארבקס פייק,גרמים,53.00,100 גרם,false,,21.50,40.5660,true,1,313056
7630477891691,false,סטארבקס קפסולות קפה קולמביה 10 יחידות,נסטלה שוויץ - קפה,CH,קפסולות סטארבקס קולו,גרמים,57.00,100 גרם,false,,21.50,37.7193,true,1,313057
7630477891714,false,סטארבקס קפסולות קפה אספרסו 10 יחידות,נסטלה שוויץ - קפה,CH,קפסולות סטארבקס רוסט,Unknown,0.00,יחידה,false,,21.50,0.0000,true,1,313058
7630477891738,false,סטארבקס קפסולות קפה אספרסו בלונד 10 יחיד,נסטלה שוויץ - קפה,CH,קפסולות סטארבקס בלונ,Unknown,0.00,יחידה,false,,21.50,0.0000,true,1,313059
7638900431797,false,סוללות אנרג'ייזר 12יחAA,אנרגייזר,CN,מארז 12 סוללות אנרג',Unknown,0.00,יחידה,false,,19.90,0.0000,true,1,323587
7638900431803,false,סוללות אנרג'ייזר 12יחAAA,אנרגייזר,CN,מארז 12 סוללות אנרג',Unknown,0.00,יחידה,false,,19.90,0.0000,true,1,323588
7702018271788,false,"דאודורנט קליר ג'ילט בניחוח ספורט 70 מ""ל",פרוקטר אנד גמבל,PL,דאו גל גילט ספורט 70,גרמים,70.00,100 גרם,false,,17.90,25.5714,true,1,290879
7702018321582,false,דאודורנט סטיק לגבר Pro G Cool Wave,פרוקטר אנד גמבל,US,דאו סטיק גילט קול וו,גרמים,45.00,100 גרם,false,,17.90,39.7778,true,1,262195
7702018978106,false,"ג'ילט - דאודורנט ג'ל לגבר ארטיק אייס 70 מ""ל",פרוקטר אנד גמבל,PL,דאו גל גילט ארקטיק א,גרמים,150.00,100 גרם,false,,17.90,11.9333,true,1,252655
7702018978120,false,"ג'ילט - דאודורנט ג'ל לגבר קול וייב 70 מ""ל",פרוקטר אנד גמבל,PL,דאו גל גילט קליר ווי,גרמים,150.00,100 גרם,false,,17.90,11.9333,true,1,252656
7798304600042,false,אוכמניות טריות 125 ג,אראל תוצרת חקלאית בע,AR,אוכמניות יח,Unknown,0.00,יחידה,false,,12.90,0.0000,true,1,312888
7798304600059,false,מארז אוכמניות,אראל תוצרת חקלאית בע,IL,מארז אוכמניות,Unknown,0.00,יחידה,false,,9.90,0.0000,true,1,308227
7798304600059,false,מארז אוכמניות,אראל תוצרת חקלאית בע,IL,מארז אוכמניות,Unknown,0.00,יחידה,false,,9.90,0.0000,true,1,308227
7804667480006,false,אוכמניות בקופסא 125,אראל תוצרת חקלאית בע,IL,מארז אוכמניות,Unknown,0.00,יחידה,false,,12.90,0.0000,true,1,314559
8000380192243,false,וופלים לואקר מקסי בטעם אגוז 200 גר',לואקר Loacker,AT,ופל אגוז לואקר 200 ג,גרמים,200.00,100 גרם,false,,9.90,4.9500,true,1,304219
8000380192250,false,וופלים לואקר מקסי בטעם שוקולד 200 גר',לואקר Loacker,AT,ופל שוקולד לואקר 200,גרמים,200.00,100 גרם,false,,9.90,4.9500,true,1,304218
8000380198221,false,"וופל לואקר מקסי דאבל שוקולד 200 גרם בד""צ",לואקר Loacker,AT,ופל דאבל שוקולד לואק,גרמים,200.00,100 גרם,false,,9.90,4.9500,true,1,311060
8000500353738,false,רביעיה סוכריות בטעם מנטה חזק 4 * 16 ג' טחק טק,פררו,ZA,סוכריות טיק טק מנטה,גרמים,64.00,100 גרם,false,,9.90,15.4688,true,1,314425
8001003100218,false,סוכריות יוגטה ג'לי פירות 800 גר',תות ממתקי איכות,IT,סוכריות גלי יוגוטה 8,גרמים,800.00,100 גרם,false,,15.90,1.9875,true,1,269360
8001090156839,false,פמפרס בייבי דריי מידה 4 86 יח,פרוקטר & גמבל,TR,חיתולי פמפרס בייבי ד,Unknown,0.00,יחידה,false,,64.90,0.0000,true,1,321313
8001090268679,false,פמפרס בייבי דריי מידה 3 100 יח,פרוקטר & גמבל,TR,חיתולי פמפרס בייבי ד,Unknown,0.00,יחידה,false,,64.90,0.0000,true,1,321314
8001090364159,false,"משחת שיניים אורל בי G&E רעננות מוגברת 75 מ""ל",פרוקטר אנד גמבל,DE,משחת אורל בי רעננות,מיליליטרים,75.00,"100 מ""ל",false,,13.90,18.5333,true,1,320236
8001090364319,false,קפסולות ג'ל לכביסה טייד אפקט פיירי 37 יח',פרוקטר & גמבל,FR,קפסולות ג'ל טייד אפק,Unknown,0.00,יחידה,false,,49.90,0.0000,true,1,325783
8001090368553,false,פמפרס בייבי דריי מידה 6 68 יח,פרוקטר & גמבל,TR,חיתולי פמפרס בייבי ד,Unknown,0.00,יחידה,false,,64.90,0.0000,true,1,321319
8001090802385,false,קפסולות גל לכביסה טייד בניחוח לנור 26 יח,פרוקטר אנד גמבל,FR,קפסולות ג'ל טייד 26,גרמים,592.00,100 גרם,false,,23.90,4.0372,true,1,306410
8001090832450,false,"שמפו פנטן הנוסחה הקלאסית 660 מ""ל",פרוקטר אנד גמבל,RO,שמפו פנטן קלאסי 660,מיליליטרים,660.00,"100 מ""ל",false,,18.90,2.8636,true,1,311191
8001090832535,false,"שמפו פנטן שמן מרוקאי משקם 660 מ""ל",פרוקטר אנד גמבל,RO,שמפו פנטן שמן מרוקאי,מיליליטרים,660.00,"100 מ""ל",false,,18.90,2.8636,true,1,311192
8001090992338,false,פיירי טבליות למדיח פלטינום פלוס 50 יחידו,פרוקטר אנד גמבל,BE,טבליות פיירי למדיח פ,גרמים,922.00,100 גרם,false,,44.90,4.8698,true,1,308980
8001841006710,false,לנור כדוריות הריח בניחוח רענן 210 גרם,פרוקטר אנד גמבל,US,כדוריות לנור לכביסה,גרמים,210.00,100 גרם,false,,24.90,11.8571,true,1,315669
8001841062624,false,פמפרס מגבונים לחים ללא בישום רביעייה,פרוקטר אנד גמבל.,DE,מגבונים פמפרס ללא בי,Unknown,0.00,יחידה,false,,15.90,0.0000,true,1,317629
8001841077949,false,מארז מגבוני פמפרס בניחוח מרענן - רביעייה,פרוקטר אנד גמבל,DE,מגבונים פמפרס בניחוח,Unknown,0.00,יחידה,false,,15.90,0.0000,true,1,317628
8001841105093,false,פמפרס פרימיום קר חיתולים שלב 6 26 יח VP,פרוקטר אנד גמבל,PL,חיתולים פרימיום קר 1,Unknown,0.00,יחידה,false,,29.90,0.0000,true,1,319087
8001841216584,false,תחבושות אולוויז אולטרה לילה בטוח,פרוקטר אנד גמבל,UA,תחבושות אלוויז קוואט,Unknown,0.00,יחידה,false,,32.90,0.0000,true,1,308941
8001841427126,false,מגן תחתון אולוויז מגה פק פרו פרש נורמל 64 יחי,פרוקטר אנד גמבל,DE,מגן תחתון אולוויז מג,Unknown,0.00,יחידה,false,,16.90,0.0000,true,1,320049
8001841566771,false,לנור כדוריות בושם בניחוח יסמין 210 גרם,פרוקטר אנד גמבל,US,כדוריות לנור לכביסה,גרמים,210.00,100 גרם,false,,24.90,11.8571,true,1,315670
8001841617893,false,שמפו פנטן לחות מוגבר,פרוקטר & גמבל,RO,שמפו פנטן לחות מוגבר,קילוגרמים,1.00,ליטר,false,,21.90,21.9000,true,1,317337
8001841619026,false,מרכך פנטן לחות מוגבר,פרוקטר & גמבל,RO,מרכך פנטן לחות מוגבר,קילוגרמים,1.00,ליטר,false,,21.90,21.9000,true,1,317338
8001841669465,false,קפסולות לכביסה אריאל בניחוח לנור 24 יחידות,פרוקטר אנד גמבל,FR,קפסולות גל אריאל בני,Unknown,0.00,יחידה,false,,29.90,0.0000,true,1,322478
8001841669519,false,קפסולות לכביסה ALL IN ONE אריאל 55 יחידות,פרוקטר אנד גמבל,FR,קפסולות גל אריאל 55,פריט,1.39,"ק""ג",false,,54.90,39.4964,true,1,311614
8001841780818,false,פיירי - לימון 1.50 ליטר,פרוקטר & גמבל,TR,נוזל כלים פיירי לימו,קילוגרמים,1.50,ליטר,false,,9.90,6.6000,true,1,323058
8001841948119,false,"פיירי ארומטיקס תפוח 1050 מ""ל",פרוקטר & גמבל,IL,נוזל כלים פיירי תפוח,קילוגרמים,1.05,ליטר,false,,10.90,10.3810,true,1,316650
8002110383709,false,נוטרוגינה ס.נורבגית ק.ידיים לא מבושם 50מל,ניוטרוג'ינה Neutrogena,FR,קרם ידיים מרוכז ניוט,מיליליטרים,50.00,"100 מ""ל",false,,19.90,39.8000,true,1,324594
8003440996577,false,מסטיק מנטוס פיור בטע,פרפטי ואן מלה ברדה,TR,מסטיק מנטוס פיור בטע,גרמים,336.00,100 גרם,false,,24.90,7.4107,true,1,322532
8003440997222,false,מנטוס מסטיק בקופסא בטעם תות 12 יחידות,פרפטי ואן מלה ברדה,TR,מסטיק מנטוס פיור בטע,גרמים,336.00,100 גרם,false,,24.90,7.4107,true,1,322533
8003440997833,false,מסטיק פיור פרש 100 יח בשקית בטעם פירות מנטה,פרפטי ואן מלה ברדה,TR,מסטיק מנטוס פיור פרש,גרמים,200.00,100 גרם,false,,19.90,9.9500,true,1,317835
8003440997857,false,מסטיק פיורפרש מנטה אריזת חיסכון 200 גר,פרפטי ואן מלה ברדה,TR,מסטיק מנטוס פיור פרש,גרמים,200.00,100 גרם,false,,19.90,9.9500,true,1,317836
8003440997871,false,מסטיק פיורפרש תות אריזת חיסכון 200 ג,פרפטי ואן מלה ברדה,TR,מסטיק מנטוס פיור פרש,גרמים,200.00,100 גרם,false,,19.90,9.9500,true,1,317837
8005200256587,false,נסטי - תה קר בטעם אפרסק 1.5 ליטר,מפעל סאנפלגרינו S.P.A,IT,נסטי בטעם אפרסק 1.5,קילוגרמים,1.50,ליטר,false,,7.90,5.2667,true,1,319600
8005200286584,false,נסטי- תה קר - בטעם מנגו אננס 1.5 ליטר,מפעל סאנפלגרינו S.P.A,IT,נסטי בטעם מנגו אננס,קילוגרמים,1.50,ליטר,false,,7.90,5.2667,true,1,319601
8006540091937,false,לנור כדוריות הבושם בניחוח אריאל 210 גרם,פטר קרמר עבור פרוקטור אנ,US,כדוריות לנור לכביסה,גרמים,210.00,100 גרם,false,,24.90,11.8571,true,1,318740
8006540112793,false,"מרכך כביסה מרוכז בניחוח יסמין לנור 900 מ""ל",פרוקטר אנד גמבל,US,מרכך מרוכז לנור יסמי,מיליליטרים,900.00,"100 מ""ל",false,,14.90,1.6556,true,1,317984
8006540112823,false,"לנור מרכך כביסה מרוכז בניחוח האוקיינוס 900 מ""ל",פרוקטר אנד גמבל,FR,מרכך מרוכז לנור אוקי,מיליליטרים,900.00,"100 מ""ל",false,,14.90,1.6556,true,1,317112
8006540112854,false,"מרכך כביסה מרוכז בניחוח סחלב לנור 900 מ""ל",פרוקטר אנד גמבל,FR,מרכך מרוכז לנור סחלב,מיליליטרים,900.00,"100 מ""ל",false,,14.90,1.6556,true,1,316839
8006540252529,false,אולוויז פלטינום לילה 32 יח,פרוקטר & גמבל,HU,תחבושות אלוויז פלטינ,Unknown,0.00,יחידה,false,,32.90,0.0000,true,1,322486
8006540352960,false,טמפונים טמפקס פרל רגולר 20 יחידות,פרוקטר אנד גמבל,HU,טמפונים טמפקס פרל רג,Unknown,0.00,יחידה,false,,19.90,0.0000,true,1,319610
8006540353004,false,טמפקס פרל סופר 18 יחידות חדש,פרוקטר אנד גמבל,HU,טמפונים טמפקס פרל סו,Unknown,0.00,יחידה,false,,19.90,0.0000,true,1,319611
8006540358498,false,טמפקס פרל סופר-פלוס 18 יחידות חדש,פרוקטר אנד גמבל,HU,טמפונים טמפקס פרל סו,Unknown,0.00,יחידה,false,,19.90,0.0000,true,1,319612
8006540383087,false,טבליות למדיח פיירי פלטינום פלוס דיפ קלין 42 יחידות,פרוקטר & גמבל,BE,טבליות פיירי פלטינום,גרמים,922.00,100 גרם,false,,44.90,4.8698,true,1,322476
8006540463550,false,פיירי טבליות למדיח פלטינום 63 יחידות,פרוקטר אנד גמבל,BE,טבליות פיירי פלטינום,גרמים,939.00,100 גרם,false,,44.90,4.7817,true,1,323095
8006540495186,false,לנור מרכך כביסה מרוכז רגיש בייבי 900 מל,פרוקטר אנד גמבל,FR,מרכך מרוכז לנור בייב,מיליליטרים,900.00,"100 מ""ל",false,,14.90,1.6556,true,1,322869
8006540495216,false,"מרכך כביסה לנור בניחוח אמאטיסט 900 מ""ל",פרוקטר אנד גמבל,FR,מרכך מרוכז לנור זר פ,מיליליטרים,900.00,"100 מ""ל",false,,14.90,1.6556,true,1,322922
8006540495247,false,"לנור מרכך כביסה מרוכז בניחוח פרחי בר 900 מ""ל",פרוקטר אנד גמבל,FR,מרכך מרוכז לנור בניח,מיליליטרים,900.00,"100 מ""ל",false,,14.90,1.6556,true,1,323907
8006540620403,false,"טייד אבקת כביסה אפקט פיירי 7 ק""ג",פרוקטר אנד גמבל,TR,אבקת כביסה טייד אפקט,פריט,7.00,"ק""ג",false,,49.90,7.1286,true,1,325782
8007178120310,false,חומץ בלסמי ד'מודנה Giacobazzi,פטורייה ג'יאקובאזי ס,IT,חומץ בלסמי גקובזי 50,מיליליטרים,500.00,"100 מ""ל",false,,18.90,3.7800,true,1,254468
8008343880039,false,ספגטי ללא גלוטן רומו,רומו,IT,ספגטי ללא גלוטן רומו,גרמים,400.00,100 גרם,false,,12.90,3.2250,true,1,316602
8008343880480,false,פסטה פוזילי ללא גלוט,רומו,IT,פסטה פוזילי ללא גלוט,גרמים,400.00,100 גרם,false,,12.90,3.2250,true,1,316603
8008660210038,false,מעדן ריבה מנץ אנד גאססר תות שדה 300 גר,קריניציה ויטמינה אס,IT,מעדן פרי תות מנז אנד,גרמים,320.00,100 גרם,false,,14.90,4.6563,true,1,322121
8008660210069,false,מעדן פרי פסיפלורה מנז אנד גאסר ויסוצקי 320 גרם,מנז אנד גאסר,IT,מעדן פרי אפרסק פסיפל,גרמים,320.00,100 גרם,false,,14.90,4.6563,true,1,322124
8018068031395,false,נסקוטש 6 יח,YIWU HANGYUE I&E,CN,נסקוטש 6 יח,Unknown,0.00,יחידה,false,,19.90,0.0000,true,1,309766
8034108740454,false,תפוח עץ סטורי בי & ב,אראל תוצרת חקלאית בע,IL,תפוח עץ סטורי בי & ב,פריט,1.00,"ק""ג",false,,9.90,9.9000,true,1,322362
8034108740461,false,תפוח עץ חרמון בי & ב,אראל תוצרת חקלאית בע,IL,תפוח עץ חרמון בי & ב,פריט,1.00,"ק""ג",false,,9.90,9.9000,true,1,322386
8034108740478,false,תפוח עץ מוזהב גולדן,אראל תוצרת חקלאית בע,IL,תפוח עץ מוזהב גולדן,פריט,1.00,"ק""ג",false,,9.90,9.9000,true,1,322355
8034108740485,false,תפוח עץ סמיט בי & בי,אראל תוצרת חקלאית בע,IL,תפוח עץ סמיט בי & בי,פריט,1.00,"ק""ג",false,,9.90,9.9000,true,1,322425
8034108740515,false,תפוח עץ גאלה בי & בי,אראל תוצרת חקלאית בע,IL,תפוח עץ גאלה בי & בי,פריט,1.00,"ק""ג",false,,9.90,9.9000,true,1,324264
8034108740539,false,תפוח עץ גולד רוז,אראל תוצרת חקלאית בע,IL,תפוח עץ גולד רוז,פריט,1.00,"ק""ג",false,,9.90,9.9000,true,1,324567
8076800195057,false,ברילה - צ.א ספגטי מס5 חדש 500 גרם,ברילה גי.אי.אר פרטלי ס.פ,IT,ספגטי ברילה מס 5 500,גרמים,500.00,100 גרם,false,,6.90,1.3800,true,1,259257
8076802085738,false,ברילה צ.ק פנה רגטה מס' 73 500 גרם,ברילה גי.אי.אר פרטלי ס.פ,IT,פסטה ברילה פנה רגטה,גרמים,500.00,100 גרם,false,,6.90,1.3800,true,1,259253
8076802085981,false,ברילה - צ.ק פוזילי חדש 500 גרם,ברילה גי.אי.אר פרטלי ס.פ,IT,פסטה ברילה פוזילי 50,גרמים,500.00,100 גרם,false,,6.90,1.3800,true,1,259263
8076808060654,false,פסטה פרפלה מספר 65 ברילה 500 גרם,ברילה גי.אי.אר פרטלי ס.פ,IT,פרפלה ברילה מס 65 50,גרמים,500.00,100 גרם,false,,6.90,1.3800,true,1,259262
8076809513388,false,רוטב לפסטה ארביאטה ברילה 400 גרם,ברילה גי.אי.אר פרטלי ס.פ,IT,רוטב עגבניות ארביאטה,גרמים,400.00,100 גרם,false,,11.90,2.9750,true,1,261043
8076809513395,false,ברילה פומודורו רוטב עגבניות קלאסי 400 גר,ברילה גי.אי.אר פרטלי ס.פ,IT,רוטב עגבניות פומודור,גרמים,400.00,100 גרם,false,,11.90,2.9750,true,1,261042
8076809513654,false,בסיס רוטב עגבניות לבולונז ברילה 400 גרם,ברילה גי.אי.אר פרטלי ס.פ,IT,רוטב בסיס לבולונז בר,גרמים,400.00,100 גרם,false,,11.90,2.9750,true,1,261041
8076809513692,false,רוטב עגבניות נפולטנה בתוספת ירקות,ברילה גי.אי.אר פרטלי ס.פ,IT,רוטב עגבניות נפולטנה,גרמים,400.00,100 גרם,false,,11.90,2.9750,true,1,261044
8076809523561,false,רוטב עגבניות עם עשבי תיבול 400 ג' ברילה,ברילה גי.אי.אר פרטלי ס.פ,IT,רוטב עגבניות טוסקנה,גרמים,400.00,100 גרם,false,,11.90,2.9750,true,1,261040
8076809545440,false,ברילה איטריות ללא גלוטן 400 גר,ברילה ג'.אי.אר פרטלי,IT,ספגטי ל.גלוטן ברילה,גרמים,500.00,100 גרם,false,,10.80,2.1600,true,1,288873
8076809545457,false,ברילה אטריות ללא גלוטן 400 ג' צינורות 400 ג',ברילה ג'.אי.אר פרטלי,IT,פסטה פנה ל.גלוטן ברי,גרמים,400.00,100 גרם,false,,10.80,2.7000,true,1,288874
8410076600790,false,נייצ'ר ואלי - חטיף שיבולת שועל עם דבש 210 גרם 1/5,ג'נרל מילס,ES,מארז נייטשר ואלי שיב,גרמים,210.00,100 גרם,false,,9.90,4.7143,true,1,294270
8410076600806,false,נייצ'ר וואלי - חטיף שיבולת שועל סירוף מייפל 210 גרם 1/5,גנרל מילס,ES,מארז נייטשר ואלי סיר,גרמים,210.00,100 גרם,false,,9.90,4.7143,true,1,295138
8410076601254,false,נייטשר וואלי וראייטי מיקס 210 גרם,גנרל מילס,ES,מארז נייטשר ואלי שיב,גרמים,210.00,100 גרם,false,,9.90,4.7143,true,1,294271
8410104039134,false,"מנקה ומחדש מדיח כלים פיניש 250 מ""ל",הדקלאים אגודת שיתופי,PL,מנקה מדיח פיניש 250,מיליליטרים,250.00,"100 מ""ל",false,,14.90,5.9600,true,1,248623
8410104044916,false,פיניש אבקה למדיח 2.7 לימון,רקיט בנקיזר,PL,אבקה למדיח פיניש 2.7,פריט,2.70,"ק""ג",false,,39.90,14.7778,true,1,248624
8410104045111,false,"פיניש מלח למדיח כלים 2ק""ג",רקיט בנקיזר,IL,"מלח למדיח פיניש 2 ק""",פריט,2.00,"ק""ג",false,,13.90,6.9500,true,1,273848
8410104425906,false,שעווה חמה בניחוח יסמין,רקיט בנקיזר צרפת,FR,"שעווה חמה ויט 250 מ""",מיליליטרים,250.00,"100 מ""ל",false,,19.90,7.9600,true,1,317865
8410104437268,false,מפיג ריח רגיל למדיח פיניש 1 יחידה,רקיט בנקיזר,HU,מפיג ריח פיניש רענן,Unknown,0.00,יחידה,false,,14.90,0.0000,true,1,256033
8435188458053,false,רפידת ספוג לנעליים,,,רפידת ספוג לנעליים,Unknown,0.00,יחידה,false,,12.90,0.0000,true,1,256840
8435495805229,false,"אבקת ביומט 8 ק""ג",בלו סאן,,"אבקת ביומט 8 ק""ג",פריט,8.00,"ק""ג",false,,37.90,4.7375,true,1,301578
8445290046284,false,רד מאג נס קפה קלאסיק 220 גרם,נסטלה ספרד קפה,ES,קפה נמס מגורען רד מא,גרמים,220.00,100 גרם,false,,18.90,8.5909,true,1,323878
8681873024519,false,כוסות פלסטיק חד פעמי 100 יח',פאלאס,CN,"כוסות ח""פ 100 יח",Unknown,0.00,יחידה,false,,5.90,0.0000,true,1,324658
8683323040100,false,מקלות יוגטה חיספוסים תותי פרוטי 35 גר,סאהדת,TR,יוגוטה מקלות תותי פר,גרמים,35.00,100 גרם,false,,1.50,4.2857,true,1,291895
8683323041107,false,מקלות יוגטה חיספוסים תות שדה 35 גר,מוטקה החולב,TR,יוגוטה מקלות תות שדה,גרמים,35.00,100 גרם,false,,1.50,4.2857,true,1,291857
8683323063024,false,יוגטה שטיחים בטעם תותי פרוטי 220 גרם,ליימן מותגים,TR,סוכריות גומי שטיחים,גרמים,220.00,100 גרם,false,,5.90,2.6818,true,1,294708
8690120160177,false,מארז וופל נאמבר וואן 24 יחידות,קומרה,TR,ופל מצופה קרם אגוזים,גרמים,840.00,100 גרם,false,,24.90,2.9643,true,1,320020
8690120160405,false,וופל נאמבר וואן ירוק 24 יחידות,קומרה,TR,ופל מצופה שוקולד חלב,גרמים,840.00,100 גרם,false,,24.90,2.9643,true,1,321423
8690120566139,false,וופל מצופה שוקולד מריר 35ג'*24 יח' NO1,קומרה,TR,ופל מצופה שוקולד מרי,גרמים,840.00,100 גרם,false,,24.90,2.9643,true,1,325250
8690531032377,false,פלפלים קטנים חריפים במי מלח 340 גרם,גנגיר גידה,TR,פלפל שיפקונית גורמט,גרמים,340.00,100 גרם,false,,6.80,2.0000,true,1,285785
8692952052491,false,סט 3 כוסות יין דגם ל,,,סט 3 כוסות יין דגם ל,Unknown,0.00,יחידה,false,,4.90,0.0000,true,1,325094
8692952202506,false,סט 3 כוסות יין דגם ט,,,סט 3 כוסות יין דגם ט,Unknown,0.00,יחידה,false,,4.90,0.0000,true,1,325095
8693495041461,false,קולגייט זוג מברשות שיניים סלים סופט פחם,הנסיך- מפעל לייצור ט,CN,מברשת קולגייט שחור ס,Unknown,0.00,יחידה,false,,24.90,0.0000,true,1,288333
8693495052177,false,פלמוליב נטורלס תחליב רחצה זיתים 750 מל,קולגייט פלמוליב,TR,תחליב פלמוליב זיתים,מיליליטרים,750.00,"100 מ""ל",false,,13.50,1.8000,true,1,300462
8697420697914,false,זיתים שחורים יבשים במלח 700 ג',אונטד גידה,TR,זית שחור יבש קרן 700,גרמים,700.00,100 גרם,false,,19.90,2.8429,true,1,302738
8697480065821,false,פסטה דורומי 900 גרם,Bessan Makarna,TR,פסטה דורומי 900 גרם,גרמים,900.00,100 גרם,false,,4.90,0.5444,true,1,269219
8697826469092,false,טורטיה קטנה שקדיה 540 גרם 12 יחידות,דין שיווק,TR,טורטיות 12*45 גרם,גרמים,540.00,100 גרם,false,,9.90,1.8333,true,1,258461
8697893501763,false,אטריות נודלס בנטי 35,אקרסן,TR,אטריות נודלס בנטי 35,גרמים,350.00,100 גרם,false,,4.90,1.4000,true,1,325621
8698829381152,false,טורטיה דורום 18*90 ג,מוטלוקאל גידה סאן טי,TR,טורטיה דורום 18*90 ג,פריט,1.62,"ק""ג",false,,19.90,12.2840,true,1,322778
8698996006636,false,מפיות גדולות איכותיו,פאלאס,TR,מפיות גדולות איכותיו,Unknown,0.00,יחידה,false,,6.90,0.0000,true,1,325608
8699905720025,false,סוכריות בטעם פירות 500 גרם,סארבאן קונפקטינרי,TR,סוכריות קשות בטעמי פ,גרמים,500.00,100 גרם,false,,17.90,3.5800,true,1,324610
8699905720032,false,סוכריות בטעם ליקריץ' 500 גרם,סארבאן קונפקטינרי,TR,סוכריות קשות בטעם לי,גרמים,500.00,100 גרם,false,,17.90,3.5800,true,1,324611
8699905720049,false,סוכריות קשות בטעם מנטה ר,סארבאן קונפקטינרי,TR,סוכריות קשות בטעם מנ,גרמים,500.00,100 גרם,false,,17.90,3.5800,true,1,324612
8699905720575,false,מעיין פרוט טאפי חמוץ,קונרק טינטי,TR,פרוט טאפי חמוץ מיקס,גרמים,240.00,100 גרם,false,,9.90,4.1250,true,1,317391
8710428005755,false,תרכובת מזון לתינוקות על בסיס חלבון סויה איזומיל שלב 1,"אבוט מעבדות רפואיות בע""מ",NL,סימילאק איזומיל טף ש,גרמים,400.00,100 גרם,false,,39.80,9.9500,true,1,261228
8710428005762,false,תרכובת מזון לתינוקות על בסיס חלבון סויה איזומיל טף שלב 2,"אבוט מעבדות רפואיות בע""מ",NL,סימילאק איזומיל טף ש,גרמים,400.00,100 גרם,false,,39.80,9.9500,true,1,261229
8710502194825,false,מרבה - עוגיות שוקוצ'יפס כשר למהדרין 150 גרם,מרבה הולנד,NL,עוגיות שוקולד ציפס מ,גרמים,150.00,100 גרם,false,,4.90,3.2667,true,1,267163
8710800961310,false,סוכריות בטעם תות מנטוס 4*375 גרם,פרפטי ואן מלה ברדה,NL,מנטוס תות 4 יח,גרמים,150.00,100 גרם,false,,10.90,7.2667,true,1,248677
8711000362570,false,קפסולות קפה תואמות נספרסו פורזה 9 ל'אור 10 יחידות,מאיר בייגל,FR,קפסולות לור פורזה למ,גרמים,52.00,100 גרם,false,,19.90,38.2692,true,1,304473
8711000362631,false,קפסולות קפה תואמות נספרסו אוניקס 12 ל'אור 10 יחידות,גיקובס דאו אגברטס צרפת,FR,קפסולות לור אוניקס ל,גרמים,52.00,100 גרם,false,,19.90,38.2692,true,1,304475
8711000362679,false,קפסולות קפה תואמות נספרסו קולומביה 8 ל'אור 10 יחידות,ג'\ייקובס דאו אגרבטס צרפ,FR,קפסולות לור קולומביה,גרמים,52.00,100 גרם,false,,19.90,38.2692,true,1,308209
8711000362747,false,קפסולות קפה תואמות נספרסו ריסטרטו 11 ל'אור 10 יחידות,גיקובס דאו אגברטס צרפת,FR,קפסולות לור ריסטרטו,גרמים,52.00,100 גרם,false,,19.90,38.2692,true,1,304471
8711000515297,false,קפה נמס גייקובס ולוו,,,קפה נמס גייקובס ולוו,גרמים,200.00,100 גרם,false,,12.90,6.4500,true,1,324394
8712924078776,false,בצלצלי שאלוט 350 גרם,,NL,בצלצלי שאלוט 350 גרם,גרמים,350.00,100 גרם,false,,7.90,2.2571,true,1,325603
8714599410530,false,גייקובס קרונינג שקית רפיל 200 גרם,ג'יי.די.אי.,UA,קפה גיקובס קרוננג בש,גרמים,200.00,100 גרם,false,,19.90,9.9500,true,1,298983
8714599513781,false,"קפה נמס מיובש בהקפאה זהב צנצנת ג'ייקובס 200 גרם לל""ס",אל.אל. סי ג''יקובס דאו א,RU,קפה גיקובס קרנט זהב,גרמים,200.00,100 גרם,false,,19.90,9.9500,true,1,289702
8714599513866,false,"קפה נמס מיובש בהקפאה קרונג צנצנת ג'ייקובס 200 גרם לל""ס",אל.אל.סי גייקובס דאו,RU,קפה גיקובס קרוננג 20,גרמים,200.00,100 גרם,false,,19.90,9.9500,true,1,289701
8714789177229,false,רבעיית מברשות שיניים קולגייט אקסטרה קלין 1 יחידה,הנסיך- מפעל לייצור ט,CN,מברשת קולגייט מדיום,Unknown,0.00,יחידה,false,,9.90,0.0000,true,1,255460
8714789402918,false,נוזל לניקוי כללי ורצפות בניחוח פרחי בר אג'קס 1.5 ליטר,הנסיך- מפעל לייצור ט,GR,אגקס חגיגת הפרחים אד,קילוגרמים,1.50,ליטר,false,,18.90,12.6000,true,1,268058
8714789402932,false,נוזל לניקוי כללי ורצפות בניחוח ורדי בוקר אג'קס 1.5 ליטר,הנסיך- מפעל לייצור ט,GR,אגקס חגיגת הפרחים ור,קילוגרמים,1.50,ליטר,false,,18.90,12.6000,true,1,268059
8714789402970,false,נוזל לניקוי כללי ורצפות בניחוח פרחי אביב אגק'ס 1.5 ליטר,הנסיך- מפעל לייצור ט,GR,אגקס חגיגת הפרחים פר,קילוגרמים,1.50,ליטר,false,,18.90,12.6000,true,1,268060
8714789529561,false,"משחת שיניים סנסטיב פרו ריליף להלבנה קולגייט 75 מ""ל",קולגייט-פלמוליב,BR,משחת קולגייט סנסטיב,מיליליטרים,75.00,"100 מ""ל",false,,17.90,23.8667,true,1,310210
8714789966403,false,ליידי ספיד סטיק פרו ג'ל 65 גרם,קולגייט פלמוליב,US,דאו גל ליידי ספיד סט,גרמים,65.00,100 גרם,false,,18.90,29.0769,true,1,319438
8718114724485,false,מיונז לחיץ הלמנס 705,יוניליוור,GB,מיונז לחיץ הלמנס 705,גרמים,705.00,100 גרם,false,,15.90,2.2553,true,1,323882
8718951093331,false,מרידול זוג מברשות שיניים אקסטרה סופט,קולגייט פלמוליב,CH,מברשת מרידול אקסטרה,Unknown,0.00,יחידה,false,,33.90,0.0000,true,1,304541
8718951159808,false,מברשות שיניים 360 מדיום- מארז שלישייה,קולגייט-פלמוליב,CN,מברשת קולגייט 360 מד,Unknown,0.00,יחידה,false,,24.90,0.0000,true,1,301289
8718951259409,false,"פלמוליב תחליב רחצה נטורלס לעור עדין 750 מ""ל",קולגייט פלמוליב,IT,תחליב פלמוליב נטורלס,מיליליטרים,750.00,"100 מ""ל",false,,13.50,1.8000,true,1,324040
8718951264618,false,"קולגייט אופטיק וייט פחם צ'רקול משחת שיניים, 75 מ""ל",קולגייט-פלמוליב,PL,משחת קולגייט אופטיק,Unknown,0.00,יחידה,false,,23.90,0.0000,true,1,314035
8718951265103,false,קולגייט זוג מברשת שיניים אולטרה סופט,קולגייט פלמוליב,CN,מברשת קולגייט אולטרה,Unknown,0.00,יחידה,false,,29.90,0.0000,true,1,307770
8718951289833,false,רביעיית סבון מוצק פלמוליב לומינוס 90 גרם,קולגייט פלמוליב,TR,סבון מוצק פלמוליב לו,גרמים,360.00,100 גרם,false,,14.90,4.1389,true,1,308981
8718951315303,false,"קולגייט אדומה משחת שיניים להגנה מפני עששת 2*100 מ""ל",קולגייט-פלמוליב,PL,משחת קולגייט מקסימום,גרמים,200.00,100 גרם,false,,15.90,7.9500,true,1,315284
8718951361485,false,קולגייט הלבנה+פחם 75*2מל,קולגייט פלמוליב,PL,משחת קולגייט הלבנה פ,מיליליטרים,150.00,"100 מ""ל",false,,37.90,25.2667,true,1,320631
8718951370135,false,פלמוליב ס.נוזלי ארומה סנסיישן גלואו 750,קולגייט פלמוליב,TR,תחליב פלמוליב ארומה,מיליליטרים,750.00,"100 מ""ל",false,,13.50,1.8000,true,1,312118
8718951385290,false,נוזל לניקוי כללי ורצפות אג'קס 2 ליטר,קולגייט פלמוליב,GR,נוזל אג'קס מרענן 2 ל,קילוגרמים,2.00,ליטר,false,,19.90,9.9500,true,1,315120
8718951409798,false,זוג מברשות שיניים מקס וויט פחם קולגייט,הנסיך- מפעל לייצור ט,PL,מברשת קולגייט מקס וו,Unknown,0.00,יחידה,false,,24.90,0.0000,true,1,319721
8718951431614,false,"סבון רחצה סו פירם מינרלים 750 מ""ל פלמוליב",קולגייט פלמוליב,TR,ג'ל רחצה פלמוליב פיר,מיליליטרים,750.00,"100 מ""ל",false,,13.50,1.8000,true,1,319437
8718951433120,false,קולגייט טוטאל משחת שיניים לילדים לגילאי,קולגייט פלמוליב,PL,משחת קולגייט טוטאל ג,מיליליטרים,50.00,"100 מ""ל",false,,14.90,29.8000,true,1,323689
8718951470538,false,קולגייט משחת שיניים מקס פרש ביטיוב 125*2 כשלפ,קולגייט פלמוליב,PL,משחת קולגייט מקס פרש,מיליליטרים,250.00,"100 מ""ל",false,,32.90,13.1600,true,1,321510
8718951509627,false,"קולגייט אופטיק וייט לאוהבי קפה ותה משחת שיניים 75 מ""ל",קולגייט פלמוליב,PL,משחת קולגייט אופטיק,גרמים,75.00,100 גרם,false,,23.90,31.8667,true,1,322391
8719200998001,false,מרגרינה לאפיה ובישול בלי מלח 200 ג' בלו בנד,יוניליוור ישראל מזון בע\,IL,מרגרינה ללא מלח בלוב,גרמים,200.00,100 גרם,false,,4.30,2.1500,true,1,309725
8719200998018,false,מחמאה מרגרינה בטעם חמאה בלובנד 200 גרם,"מיוצר ע""\י יוניליוור ישר",IL,מחמאה בלובנד 200 גרם,גרמים,200.00,100 גרם,false,,4.30,2.1500,true,1,309300
8719200998032,false,"מרגרינה מזולה גלורי טעם חמאה 250גר 8 יחידות - כשל""פ","מיוצר ע""\י יוניליוור ישר",IL,מרגרינה 3/4 שומן טעם,גרמים,250.00,100 גרם,false,,9.30,3.7200,true,1,309229
8719200998049,false,"מרגרינה מזולה גלורי רגיל 250גר 8 יחידות -כשל""פ","מיוצר ע""\י יוניליוור ישר",IL,מרגרינה מזולה 250 גר,גרמים,250.00,100 גרם,false,,9.30,3.7200,true,1,309408
8720181114526,false,"אקס - דאודורנט ספריי לגבר גולד 150 מ""ל",יוניליוור,GB,דאו ספריי אקס גולד 1,מיליליטרים,150.00,"100 מ""ל",false,,9.90,6.6000,true,1,325828
8723400756552,false,מארז סוכריות מנטוס Mentos ריינבואו,פרפטי ואן מלה ברדה,NL,מנטוס צבעי הקשת 4 יח,גרמים,150.00,100 גרם,false,,10.90,7.2667,true,1,257101
8801055707966,false,קפה טייסטר צו'יס נס קפה בריסטה 180ג',נסטלה קוריאה - קפה,KR,קפה נמס טסטרס צויס ב,גרמים,180.00,100 גרם,false,,29.90,16.6111,true,1,291560
8809168840471,false,חטיף אצות מיובשות 9*4.5 גרם,ג'י וואן גלובול נאט,KR,חטיף אצות מיובשות מז,גרמים,40.50,100 גרם,false,,22.90,56.5432,true,1,317116
8850006932964,false,מארז מברשות שיניים טוויסטר קולגייט חמישייה,קולגייט פלמוליב,VN,מברשת קולגייט טוויסט,Unknown,0.00,יחידה,false,,9.90,0.0000,true,1,314519
8850180040028,false,קמח טמפורה להכנת בלי,קרנחם אוטאי פחרה,TH,טמפורה מזרח ומערב 50,גרמים,500.00,100 גרם,false,,10.90,2.1800,true,1,309788
8850206250592,false,רוטב צ'ילי סריראצ'ה 540 גרם,יאן וואל יון קו.לטד,TH,רוטב צ'ילי סרירצ'ה מ,גרמים,540.00,100 גרם,false,,19.50,3.6111,true,1,309798
8850367992164,false,קרם קוקוס 250 מל 20-22% ללא חומר משמר,טאפאדונגפורן קוקנט,TH,קרם קוקוס ל.גלוטן 20,מיליליטרים,250.00,"100 מ""ל",false,,7.90,3.1600,true,1,309778
8850367992171,false,קרם קוקוס 1 ליטר 20-22% ללא חומר משמר,טאפאדונגפורן קוקינט,TH,קרם קוקוס מזרח ומערב,קילוגרמים,1.00,ליטר,false,,18.90,18.9000,true,1,309799
8850367994021,false,"רוטב צ'ילי מתוק ללא סוכר מזרח ומערב ללא גלוטן 280 מ""ל",c coconut Theppadungporn,TH,רוטב צ'ילי מתוק ללא,מיליליטרים,280.00,"100 מ""ל",false,,9.90,3.5357,true,1,324771
8850389105825,false,משקה אלוורה בטעם ענבים סאפה 1 ליטר,סאפה פובליק קומפני לימיט,TH,משקה אלוורה סאפה ענב,קילוגרמים,1.00,ליטר,false,,11.90,11.9000,true,1,289389
8850389105832,false,סאפה משקה אלוורה בטעם תפוח עם קוביות אלוורה 1 ליטר,סאפה פובליק קומפני לימיט,TH,משקה אלוורה סאפה תפו,קילוגרמים,1.00,ליטר,false,,11.90,11.9000,true,1,289386
8850389105849,false,סאפה משקה אלוורה מופחת קלוריות בטעם אפרסק 1 ליטר,סאפה פובליק קומפני לימיט,TH,משקה אלוורה סאפה אפר,קילוגרמים,1.00,ליטר,false,,11.90,11.9000,true,1,289385
8858271002870,false,רוטב פאד תאי 250 מ'ל - מקסצ'אפ,"ייאן וואל יון בע""מ",TH,רוטב פאד תאי מזרח ומ,מיליליטרים,250.00,"100 מ""ל",false,,9.90,3.9600,true,1,309789
8858271002887,false,רוטב טריאקי 250 מ'ל - מקסצ'אפ,דאנינג יוה פודס קו,TH,רוטב טריאקי מזרח ומע,מיליליטרים,250.00,"100 מ""ל",false,,9.90,3.9600,true,1,309790
8858271003020,false,רוטב סויה פורמולה 1 - 700 מ'ל מקסצ'אפ,יאן ונזל יון,TH,רוטב סויה מזרח ומערב,מיליליטרים,700.00,"100 מ""ל",false,,14.90,2.1286,true,1,309800
8858271003921,false,רוטב קארי אדום 250 מ'ל - מקסצ'אפ,יאן וואל יאן,TH,רוטב קארי אדום מקסצ',מיליליטרים,250.00,"100 מ""ל",false,,9.90,3.9600,true,1,317117
8858271003938,false,רוטב קארי ירוק 250 מ'ל - מקסצ'אפ,"ייאן וואל יון בע""מ",TH,רוטב קארי ירוק מקסצ',מיליליטרים,250.00,"100 מ""ל",false,,9.90,3.9600,true,1,317118
8858271004034,false,רוטב צ'ילי חריף 700 מ'ל מקסצ'אפ,דאנינג יוה פודס קו,TH,רוטב צ'ילי חריף מקסצ,מיליליטרים,700.00,"100 מ""ל",false,,14.90,2.1286,true,1,324773
8858271004126,false,רוטב חמוץ מתוק 700 מ'ל - מקסצ'אפ,יאן ונזל יון,TH,רוטב חמוץ מתוק מזרח,מיליליטרים,700.00,"100 מ""ל",false,,14.90,2.1286,true,1,309950
8858271004300,false,רוטב טריאקי 700 מ'ל מקסצ'אפ,דאנינג יוה פודס קו,TH,רוטב טריאקי מקסצא'פ,מיליליטרים,700.00,"100 מ""ל",false,,18.90,2.7000,true,1,324774
8858271004799,false,"רוטב צילי מתוק אל פורפסיס 700 מ""ל",יאן ונזל יון,TH,רוטב צ'ילי מתוק מזרח,מיליליטרים,700.00,"100 מ""ל",false,,12.50,1.7857,true,1,309791
8858271005772,false,"רוטב סויה ללא גלוטן (תמרי)300 מ""ל (כ)",יאן ונזל יון,TH,רוטב סויה מקסצ'פ ללא,מיליליטרים,300.00,"100 מ""ל",false,,15.90,5.3000,true,1,312504
8901537024014,false,DAAWAT אורז בסמטי מובחר ויליפוד 1 קג,הנסיך- מפעל לייצור ט,IN,אורז בסמטי דאווט 1 ק,פריט,1.00,"ק""ג",false,,11.90,11.9000,true,1,286343
8901537076679,false,"אורז בסמטי חום מהדרין ויליפוד 1 ק""ג",האי נאם סי או אל.טי.,IN,אורז בסמטי חום מלא ד,פריט,1.00,"ק""ג",false,,11.90,11.9000,true,1,307449
8906006432383,false,"משחת נעליים נוזלית kiwi שחור 75 מ""ל",,IL,נוזל קיווי שחור משופ,מיליליטרים,75.00,"100 מ""ל",false,,13.90,18.5333,true,1,261651
8906038740814,false,תירס וואקום זוג 450 גרם,אראל תוצרת חקלאית בע,IL,קלחי תירס בוואקום לי,גרמים,500.00,100 גרם,false,,11.90,2.3800,true,1,325861
8906038740821,false,תירס וואקום שש 500 גרם,אראל תוצרת חקלאית בע,IL,קלחי תירס בוואקום לי,גרמים,500.00,100 גרם,false,,11.90,2.3800,true,1,325862
8908003972220,false,צנימים דורומי 300 גר,טי.אר.די.פי הפי וורל,IN,צנימים דורומי 300 גר,גרמים,300.00,100 גרם,false,,7.90,2.6333,true,1,325052
8934878081811,false,"דפי אורז 22 ס""מ 400 גר'(Trav) ללא גלוטן",דאנינג יוה פודס קו,VN,דפי אורז ללא גלוטן 2,גרמים,400.00,100 גרם,false,,11.90,2.9750,true,1,309792
8938535541366,false,דפי אורז צבעוניים ללא גלוטן 400 גרם,Ltd Company Khang .Chanh,VN,דפי אורז צבעוניים לל,גרמים,400.00,100 גרם,false,,14.90,3.7250,true,1,317115
9000101536560,false,פרסיל פאוור קפסולות 70 יח,הנקל סוד,RS,קפסולות ג'ל פרסיל 70,Unknown,0.00,יחידה,false,,49.90,0.0000,true,1,323617
9000101548211,false,קולור קאצ'ר לוכד צבעים40,הנקל סוד,IE,קולור קאצר 40 דפים ל,Unknown,0.00,יחידה,false,,29.90,0.0000,true,1,324094
9000101548419,false,קולור קאצ`ר דפים למכונת לכביסה מחדש צבע לבן 18 יח',"הנקל סוד בע""\מ",IE,קולור קאצר 18 דפים מ,Unknown,0.00,יחידה,false,,14.90,0.0000,true,1,324095
9044400849105,false,סוכריות פז בשקית 10+1 85 גר,פז פרודוקשיין,HU,סוכריות דחוסות בטעם,גרמים,93.50,100 גרם,false,,14.90,15.9358,true,1,323670
9044400851672,false,סוכריות פז סוגים שונים + 3 מילויים,פז פרודקשיין יורו,HU,סוכריות דחוסות בטעם,גרמים,25.50,100 גרם,false,,10.90,42.7451,true,1,323612
9720188060108,false,ממרח על בסיס סויה בסגון שמנת טופוטי 340 גרם,טופוטי ברנדס אינק.ג',IL,ממרח סויה בסגנון שמנ,גרמים,340.00,100 גרם,false,,18.90,5.5588,true,1,256275
