code,internal_code,name,manufacturer_name,manufacture_country,manufacturer_item_description,unit_qty,quantity,unit_of_measure,weighted,qty_in_package,price,unit_of_measure_price,allow_discount,status,item_id
72940761,false,"מילקי מעדן שוקולד עם קצפת שטראוס 133 מ""ל",מיוצר עי קונדיטוריית,IL,מילקי טעם שוקולד,מיליליטרים,170.00,"100 מ""ל",false,0,2.90,1.71,true,1,
9800800056,false,חטיף שוקולד עם מקלות לחם אנד גו,פררו - אלבה,DE,ממרח נוטלה טו גו,גרמים,52.00,100 גרם,false,1,4.90,9.42,true,1,
38000138416,false,פרינגלס אורגינל 149 גרם,פרינגלס מנופקצ'ורינג קונ,US,פרינגלס אורגינל,גרמים,149.00,100 גרם,false,1,8.90,5.97,true,1,
46214731552,false,עוגיות שוקולד צ'יפס 37% גודיס 225 גרם,קריניציה ויטמינה אס,NL,עוגיות ש.צ'יפס,גרמים,225.00,100 גרם,false,0,9.90,4.40,true,1,
721158291347,false,בקבוק רחב אינפ,,,בקבוק רחב אינפ,יחידה,1.00,יחידה,false,0,16.00,16.00,true,1,
856591000123,false,עוגיות מזרחיות עבאדי700ג,עבאדי,IL,עוגיות מזרחיות,גרמים,700.00,100 גרם,false,0,22.00,3.14,true,1,
884912129741,false,פוסט פרוטי פבלס 425 גרם,פוסט,US,פרוטי פבלס,גרמים,425.00,100 גרם,false,0,22.60,5.32,true,1,
3387390525960,false,קראנץ' דגני בוקר עם שוקולד חלב נסטלה 500 גרם,הנסיך- מפעל לייצור ט,FR,קראנץ דגני בוקר,גרמים,500.00,100 גרם,false,0,22.90,4.58,true,1,
3600542050968,false,בוטניקל מי פנים דבש 200,קוסמפול,PL,מי פנים דבש,מיליליטרים,200.00,"100 מ""ל",false,1,25.00,12.50,true,1,
4011100002227,false,מארז חטיפי מיני באונטי Bounty,לינדט ושפרונגלי קילשברג,NL,מיני באונטי,גרמים,403.00,100 גרם,false,0,22.90,5.68,true,1,
4015600768966,false,הד&שולדרס עם לחות 600מ,פרוקטר אנד גמבל,IL,שמפו הד&שולדרס,מיליליטרים,600.00,"100 מ""ל",false,0,23.90,3.98,true,1,
4017100364112,false,בלזן היט בסקוויט סנדביץ עם מלית קרם בטעם שוקולד קקאו (41%) 220 גרם,הדקלאים אגודת שיתופי,PL,עוגיות סנדוויץ,גרמים,220.00,100 גרם,false,1,8.90,4.05,true,1,
4046234794885,false,קפה צ'יבו בלאק נוויט200ג,צ'יבו,PL,קפה צ'יבו,גרמים,200.00,100 גרם,false,1,24.90,12.45,true,1,
4101730040024,false,שוקולד פיסטוק מוצרט100ג,רייבר,DE,שוקולד מוצרט,גרמים,100.00,100 גרם,false,1,15.90,15.90,true,1,
4101730040048,false,שוקולד נוגט מוצרט 100גרם,רבר,DE,שוקולד מוצרט,גרמים,100.00,100 גרם,false,1,15.90,15.90,true,1,
5200133120476,false,גלילות וופלים ממולאים קרם אגוזים וקקאו 400 ג',יוניליוור גרמניה Gm,GR,גליליות וופל,גרמים,400.00,100 גרם,false,1,17.90,4.48,true,1,
5410091648176,false,"פה - דאודורנט רול און לאישה פינק פרדייס 50 מ""ל",שוורצקופף והנקל,DE,דאודורנט FA,מיליליטרים,50.00,"100 מ""ל",false,0,10.90,21.80,true,1,
5904941751302,false,"משקה אנרגיה בלו 250 מ""ל- בודד",אקו - ביט,PL,משקה אנרגיה,מיליליטרים,250.00,"100 מ""ל",false,0,3.70,1.48,true,1,
5906485301012,false,"משקה אנרגיה XL פחית 250 מ""ל","טמפו משקאות בע""מ",IL,משקה אנרגיה XL,מיליליטרים,250.00,"100 מ""ל",false,0,4.00,1.60,true,1,
7290000000022,true,עגבניות חממה,קטיף.,IL,עגבניה,קילוגרמים,0.00,"ק""ג",true,0,6.90,6.90,true,1,
7290000000046,true,מלפפונים,קטיף.,IL,מלפפונים,קילוגרמים,0.00,"ק""ג",true,0,6.90,6.90,true,1,
7290000000053,true,קישואים,קטיף.,IL,קישואים,קילוגרמים,0.00,"ק""ג",true,0,9.90,9.90,true,1,
7290000000091,true,פלפל אדום,קטיף.,IL,פלפל אדום,קילוגרמים,0.00,"ק""ג",true,0,10.90,10.90,true,1,
7290000000114,true,חצילים,קטיף.,IL,חצילים,קילוגרמים,0.00,"ק""ג",true,0,9.90,9.90,true,1,
7290000000176,true,כרובית,קטיף.,IL,כרובית,קילוגרמים,0.00,"ק""ג",true,0,10.90,10.90,true,1,
7290000000404,true,דלעת ארוזה,קטיף.,IL,דלעת ארוזה,קילוגרמים,0.00,"ק""ג",true,0,16.90,16.90,true,1,
7290000000480,true,בצל יבש,קטיף.,IL,בצל יבש,קילוגרמים,0.00,"ק""ג",true,0,5.90,5.90,true,1,
7290000000510,true,פטרוזיליה יחידה,קטיף.,IL,פטרוזיליה,יחידה,1.00,יחידה,false,0,3.90,3.90,true,1,
7290000000558,true,כוסברה יחידה,קטיף.,IL,כוסברה,יחידה,1.00,יחידה,false,0,3.90,3.90,true,1,
7290000000619,true,פלפל חריף,שותפות מזרחי,IL,פלפל חריף,קילוגרמים,0.00,"ק""ג",true,0,12.90,12.90,true,1,
7290000001616,true,כוסברה כשר יחידה,קטיף.,IL,כוסברה כשר-יח',יחידה,1.00,יחידה,false,0,7.90,7.90,true,1,
7290000001715,true,תפוח אדמה לבן ארוז,קטיף.,IL,תפוח אדמה לבן,קילוגרמים,0.00,"ק""ג",true,0,4.90,4.90,true,1,
7290000042442,false,"חלב תנובה טרי 3% ""תנובה"" - מוצר בפיקוח",תנובה חלב,IL,חלב תנובה 3%,ליטרים,1.00,ליטר,false,0,5.75,5.75,true,1,
7290000042855,false,"שוקו בשקית 250 מ""ל ""יטבתה""",שטראוס גרופ,IL,שוקו בשקית,מיליליטרים,225.00,"100 מ""ל",false,0,2.50,1.11,true,1,
7290000043890,false,תנובה רויון לבן מחלב מפסוטר 1.5%,תנובה מרכז שיתופי לש,IL,רויון בקרטון1.5%,ליטרים,1.00,ליטר,false,0,11.30,11.30,true,1,
7290000044248,false,רויון בקרטון 1.5% 500 מל,תנובה,IL,רויון בקרטון,מיליליטרים,500.00,"100 מ""ל",false,0,6.50,1.30,true,1,
7290000046020,false,גלבוע גבינה שמנה במש,תנובה מרכז שיתופי לש,IL,גבינת גלבוע 22%,קילוגרמים,0.00,"ק""ג",true,0,39.25,39.25,true,1,
7290000048185,false,גבינה לבנה 5% תנובה 250 גרם מהדרין,מיוצר עי קונדיטוריית,IL,גבינה לבנה 5%,גרמים,250.00,100 גרם,false,0,4.60,1.84,true,1,
7290000061764,false,קפה נמס מגורען רד מאג 200 גרם,נסטלה ספרד קפה,ES,נסקפה רד מאג,גרמים,200.00,100 גרם,false,0,21.90,10.95,true,1,
7290000066196,false,ביסלי חטיף בטעם גריל אסם 200 גרם,מיוצר עי קונדיטוריית,IL,ביסלי גריל,גרמים,200.00,100 גרם,false,0,7.50,3.75,true,1,
7290000066295,false,במבה מתוקה מחומרים טבעיים 30 גרם,מיוצר עי קונדיטוריית,IL,במבה מתוקה,גרמים,30.00,100 גרם,false,0,2.90,9.67,true,1,
7290000066318,false,במבה חטיף בוטנים אסם 80 גרם,"אסם השקעות בע""\מ",IL,במבה,גרמים,80.00,100 גרם,false,0,4.30,5.38,true,1,
7290000066950,false,"ויטמינצ'יק סירופ תפו""ע1ל",בית-השיטה עסיס תעשיות מז,IL,"ויטמינצ'יק תפו""ע",ליטרים,1.00,ליטר,false,0,12.90,12.90,true,1,
7290000072623,false,קטשופ אסם בקבוק לחיץ 750 גרם,"אסם תעשיות בע""מ",IL,קטשופ בקבוק לחיץ,גרמים,750.00,100 גרם,false,0,11.50,1.53,true,1,
7290000096919,true,טורקי גבינה במשקל,גידרון,IL,טורקי גבינה,קילוגרמים,0.00,"ק""ג",true,0,39.00,39.00,true,1,
7290000104720,false,שעועית ירוקה חתוכה סנפרוסט 800 גרם,"סנפרוסט בע""\מ",IL,שעועית ירוקה,גרמים,800.00,100 גרם,false,0,18.70,2.34,true,1,
7290000110851,false,חטיף כיפלי בטעם בצל 70גר,יוניליוור מזון,IL,כיפלי בטעם בצל,גרמים,70.00,100 גרם,false,0,5.90,8.43,true,1,
7290000111384,false,חרדל אמיתי בצנצנת 550 ג' תלמה,יוניליוור ישראל מזו,IL,חרדל אמיתי תלמה,גרמים,550.00,100 גרם,false,0,8.40,1.53,true,1,
7290000112497,false,מרק עשיר עוף אטריות קנור 75 גרם - שקיות,יוניליוור ישראל מזון בע\,IL,מרק עוף איטריות,גרמים,68.00,100 גרם,false,0,9.40,13.82,true,1,
7290000113180,false,"כיפלי צ'יפס בד""צ תלמה 50 ג'",יוניליור ישראל מזון,IL,כיפלי צ'יפסים,גרמים,50.00,100 גרם,false,0,5.60,11.20,true,1,
7290000159034,false,שניצל אמיתי קריספי 700גר,"מוצרי עוף טוב (2001) בע""",IL,שניצל עוף ביתי,גרמים,700.00,100 גרם,false,0,48.10,6.87,true,1,
7290000160771,false,"כריות וניל בד""צ 750 גרם",יוניליוור ישראל מזון בע\,IL,כריות וניל,גרמים,750.00,100 גרם,false,0,24.90,3.32,true,1,
7290000162386,false,רוטב שום לסלט הלמנס,"יוניליוור ישראל מזון בע""",IL,רוטב שום לסלט,גרמים,300.00,100 גרם,false,0,10.90,3.63,true,1,
7290000176062,false,קפה טורקי בצלופן 100 גרם,שטראוס קפה בי.ויn\.,IL,קפה טורקי בצלופן,גרמים,100.00,100 גרם,false,0,8.90,8.90,true,1,
7290000195537,false,מגבונים לחים לעור רגיש ללא בישום האגיס 4*64 יחידות,חוגלה קימברלי,IL,מגבוני האגיס 4יח,יחידה,1.00,יחידה,false,0,21.50,21.50,true,1,
7290000197425,false,חיתולים פרידום דריי שלב 3 האגיס 52 יחידות,קימברלי קלארק ישראל,IL,חיתולי האגיס,יחידה,1.00,יחידה,false,0,43.90,43.90,true,1,
7290000208121,false,סירופ דיאט תות בננה 1ל,זנלכל,IL,סירופ תות בננה,ליטרים,1.00,ליטר,false,0,8.00,8.00,true,1,
7290000209951,false,רוטב עגבניות לפיצה 260 גרם יכין,"זנלכל בע""\מ",IL,רוטב עגבניות,גרמים,260.00,100 גרם,false,0,4.90,1.88,true,1,
7290000292915,false,"תרסיס לניקוי כללי רסס ונגב סנו 750 מ""ל","סנו מפעלי ברונוס בע""\מ",IL,סנו רסס נגב מרסס,מיליליטרים,750.00,"100 מ""ל",false,0,14.90,1.99,true,1,
7290000295367,false,"מקסימה אבקת כביסה אפקט ז'אוול סנו 2.5 ק""ג",סנו מקסימה,IL,אבקת כביסה,קילוגרמים,2.50,"ק""ג",false,0,25.90,10.36,true,1,
7290000363189,false,סרוולד טירת צבי מעדנ,הנסיך- מפעל לייצור ט,IL,סלמי סרוולד,קילוגרמים,0.00,"ק""ג",true,0,148.00,148.00,true,1,
7290000365046,false,פסטרמה כתף בקר מעושן,טירת- צבי,IL,כתף בקר מעושן,קילוגרמים,0.00,"ק""ג",true,0,98.00,98.00,true,1,
7290000461793,false,בייגלה ארוך ארוך סידרה ירוקה בייגל בייגל 150 גרם,בייגל את בייגל מזון 198),IL,בייגל ארוך ארוך,גרמים,150.00,100 גרם,false,0,6.30,4.20,true,1,
7290000474502,false,גבינה לבנה טרה 5% מרכיבים טבעיים,הפריט בפיקוח,IL,גבינה לבנה 5%,גרמים,250.00,100 גרם,false,0,4.60,1.84,true,1,
7290000612867,false,שווארמה נקבה טרי ארוז,עוף עוז שיווק,IL,שווארמה הודו טרי,קילוגרמים,0.00,"ק""ג",true,0,54.90,54.90,true,1,
7290000612904,false,חזה הודו נקבה טרי,עוף עוז שיווק,IL,חזה הודו טרי,קילוגרמים,0.00,"ק""ג",true,0,29.90,29.90,true,1,
7290000688732,false,שישיית מי עדן 1.5 ליטר משפחתי,"מופק ממקור בזלתי עדן ,1",IL,מי עדן 6 יח,ליטרים,9.00,ליטר,false,0,11.90,1.32,true,1,
7290000928456,true,אסאדו בלי עצם טרי )עצמי(,שונות,IL,אסדו בלי עצם טרי,קילוגרמים,0.00,"ק""ג",true,0,79.20,79.20,true,1,
7290000928685,true,עצמות מח טרי )עצמי( מחיר,שונות,IL,עצמות מח טרי,קילוגרמים,0.00,"ק""ג",true,0,26.70,26.70,true,1,
7290000962474,true,חציל בלדי,קטיף.,IL,חציל בלדי,קילוגרמים,0.00,"ק""ג",true,0,9.90,9.90,true,1,
7290000963136,true,תפוח עץ מוזהב 65,קטיף.,XX,תפוח עץ מוזהב,קילוגרמים,0.00,"ק""ג",true,0,10.90,10.90,true,1,
7290000963297,true,תפוח עץ סטרקינג 65,קטיף.,XX,תפוח סטרקינג,קילוגרמים,0.00,"ק""ג",true,0,9.90,9.90,true,1,
7290000963969,true,נקטרינה 55,קטיף.,IL,נקטרינה,קילוגרמים,0.00,"ק""ג",true,0,19.90,19.90,true,1,
7290000964348,true,תפוז ברשת למיץ,קטיף.,IL,תפוז ברשת למיץ,קילוגרמים,0.00,"ק""ג",true,0,4.90,4.90,true,1,
7290000964492,true,לימון תפזורת,קטיף.,IL,לימון,קילוגרמים,0.00,"ק""ג",true,0,7.90,7.90,true,1,
7290000964775,true,בננות,קטיף.,IL,בננה,קילוגרמים,0.00,"ק""ג",true,0,10.90,10.90,true,1,
7290000964829,true,אגס ספדונה 55,קטיף.,IL,אגס ספדונה,קילוגרמים,0.00,"ק""ג",true,0,12.90,12.90,true,1,
7290000964980,true,אבוקדו,קטיף.,IL,אבוקדו,קילוגרמים,0.00,"ק""ג",true,0,13.90,13.90,true,1,
7290000965024,true,אבטיח בקרטון,קטיף.,IL,אבטיח,קילוגרמים,0.00,"ק""ג",true,0,8.90,8.90,true,1,
7290000965055,true,מלון מובחר,קטיף.,IL,מלון מובחר,קילוגרמים,0.00,"ק""ג",true,0,8.90,8.90,true,1,
7290000966694,true,דובדבן אדום ארוז שקיל,קטיף.,IL,דובדבן אדום ארוז,גרמים,0.00,"ק""ג",true,0,59.00,59.00,true,1,
7290000993195,true,ענב לבן - יחידה,קטיף.,XX,ענב ירוק,יחידה,1.00,יחידה,false,0,23.90,23.90,true,1,
7290001006344,false,חזה הודו ברביקיו שופרסל,עוף טוב,IL,חזה הודו ברביקיו,קילוגרמים,0.00,"ק""ג",true,1,69.00,69.00,true,1,
7290001127995,false,פילה סלמון שלם טרי נורוו,נטו,NO,פילה סלמון טרי,קילוגרמים,0.00,"ק""ג",true,0,99.90,99.90,true,1,
7290001902325,false,חלה קלועה שופרסל,"גידרון תעשיות בע""מ",IL,"חלת ""גדרון""",יחידה,1.00,יחידה,false,0,11.90,11.90,true,1,
7290002037309,false,שמיניית לחמניות המבורגר,מאפית י את א ברמן בע,IL,8לחמניות המבורגר,גרמים,400.00,100 גרם,false,0,11.90,2.98,true,1,
7290002057628,false,טבעות זיתים מושחר קבוצת יבנה 275 גרם,קבוצת יבנה,IL,טבעות זיתים,גרמים,540.00,100 גרם,false,0,9.50,1.76,true,1,
7290002065616,false,לחם שיפון גרעינים פרוס אחדות 750 גרם,מאפיית שלמה א. אנג'\ל בע,IL,לחם שיפון,גרמים,750.00,100 גרם,false,0,11.90,1.59,true,1,
7290002336631,false,מכסה הצלע חלק טרי צרפת ל,.,FR,מכסה הצלע טרי,קילוגרמים,0.00,"ק""ג",true,1,44.00,44.00,true,1,
7290002507109,false,צלי כתף טרי אמריקאי קג,.,IL,צלי כתף טרי,קילוגרמים,0.00,"ק""ג",true,1,94.90,94.90,true,1,
7290002507116,false,פילה מדומה טרי אמריקאי ק,.,IL,פילה מדומה טרי,קילוגרמים,0.00,"ק""ג",true,1,84.90,84.90,true,1,
7290002543237,false,דגני בוקר קלוגס קורנפלקס 750 גרם,קלוגס קומפני אוף גרייט ב,GB,קורנפלקס קלוגס,גרמים,750.00,100 גרם,false,0,15.90,2.12,true,1,
7290002684114,false,כנפיים עוף טרי שופרסל,קורניש,IL,כנפיים עוף טרי,קילוגרמים,0.00,"ק""ג",true,1,11.90,11.90,true,1,
7290002814412,false,סנט מוריץ נוזל כלים 1.6 ליטר לימון ליים 18%,קומפלקס כימיקלים בעמ,IL,שמפו לכלים,ליטרים,1.50,ליטר,false,0,13.90,9.27,true,1,
7290003009183,false,"סירופ דיאט תפוחים פריגת 750 מ""ל",סירופ - גבעת חיים,IL,סירופ תפוחים,מיליליטרים,750.00,"100 מ""ל",false,0,17.90,2.39,true,1,
7290003029815,false,כד חלב 3% יטבתה 2 ליטר מהדרין,שטראוס גרופ,IL,חלב מועשר יטבתה,ליטרים,2.00,ליטר,false,0,15.00,7.50,true,1,
7290003119110,false,שישיית קוקה קולה 1.5 ליטר,החברה המרכזית לייצור משקאות,IL,קוקה קולה 1.5*6ל,ליטרים,9.00,ליטר,false,0,36.90,4.10,true,1,
7290003143276,false,יוגטה מרשמלו מגולגל( 18בקר'),תות ממתקי איכות,IL,מרשמלו רול,גרמים,180.00,100 גרם,false,0,7.90,4.39,true,1,
7290003411276,false,עמבה הודית מובחרת הנמל 600ג',טרופיקל דגיל תעשיות,IL,עמבה,גרמים,500.00,100 גרם,false,0,8.90,1.78,true,1,
7290003643325,false,קוסקוס בינוני סוגת 350 גרם,"אסיף תעשיות מזון בע""\מ",IL,קוסקוס בינוני,גרמים,350.00,100 גרם,false,0,4.90,1.40,true,1,
7290003805709,false,"כריות נוגט בד""צ 750 גרם",יוניליוור ישראל מזון בע\,IL,כריות נוגט,גרמים,750.00,100 גרם,false,0,24.90,3.32,true,1,
7290004030834,false,מיץ רימונים סחוט 100% רכיבים טבעיים פרי ניב 1 ליטר,פריניב בעמ,IL,מיץ רימונים,ליטרים,1.00,ליטר,false,0,22.90,22.90,true,1,
7290004125509,false,"שמנת חמוצה 15% מועשרת תנובה 100 מ""ל",תנובה מרכז שיתופי לש,IL,שמנת חמוצה 15%,מיליליטרים,100.00,"100 מ""ל",false,0,1.70,1.70,true,1,
7290004127329,false,קוטג תנובה גביע 250 גרם %5 ו.מהדרין,מיוצר עי קונדיטוריית,IL,קוטג' תנובה 5%,גרמים,250.00,100 גרם,false,0,5.50,2.20,true,1,
7290004131814,false,גבינה צפתית 5% מעודנת 200 ג' פיראוס,פארייפאבה אגרואינדוס,IL,פיראוס צפתית5%,גרמים,200.00,100 גרם,false,0,15.30,7.65,true,1,
7290004485764,false,חזה טבעוף טרי ארוז קג,טבעוף,IL,חזה טבעוף טרי,קילוגרמים,0.00,"ק""ג",true,1,44.90,44.90,true,1,
7290004485856,false,כבד טבעוף טרי ארוז קג,טבעוף,IL,כבד טבעוף טרי,קילוגרמים,0.00,"ק""ג",true,1,29.90,29.90,true,1,
7290004923099,false,שישיית מים עין גדי 2 ליטר,עין גדי מיים מינרלים,IL,מים עין גדי 6 יח,ליטרים,12.00,ליטר,false,0,11.50,0.96,true,1,
7290005326585,false,ממרח אוליביה פסטו בזיליקום 180 ג',"אוליביה גורמה בע""מ",IL,פסטו בזיליקום,גרמים,180.00,100 גרם,false,1,12.90,7.17,true,1,
7290005839078,false,שמיניית יוגורט לבן 3% ביו דנונה 150 גרם,מיוצר עי קונדיטוריית,IL,דנונה ביו 8 יח,קילוגרמים,1.20,"ק""ג",false,0,16.90,14.08,true,1,
7290006511010,false,פרמז'נו שקיל וילי פו,ויליפוד,IT,גבינה פרמז'נו,קילוגרמים,0.00,"ק""ג",true,0,131.00,131.00,true,1,
7290006708212,false,שניצל עוף טרי ארוז דיל,עוף טוב,IL,שניצל עוף טרי,קילוגרמים,0.00,"ק""ג",true,1,34.90,34.90,true,1,
7290008493574,false,בייגלה שטוחלה פינוקים300,מאיר את ביגל,IL,בייגלה שטוחלה,גרמים,300.00,100 גרם,false,0,9.90,3.30,true,1,
7290008645935,false,חומוס לניגוב אחלה 750 ג',"שטראוס גרופ בע""\מ",IL,חומוס אחלה,גרמים,750.00,100 גרם,false,0,11.90,1.59,true,1,
7290008926799,false,שוק הודו מפורק טרי ארוז,מילועוף,IL,שוק הודו מפורק,קילוגרמים,0.00,"ק""ג",true,0,44.90,44.90,true,1,
7290009011531,true,כנפיים פרמיום שופרסל לקג,תנובה,IL,כנפיים פרמיום,קילוגרמים,0.00,"ק""ג",true,1,14.90,14.90,true,1,
7290009011791,true,אנטריקוט טרי מוכשר אנגוס,פניסקו,AR,אנטריקוט טרי,קילוגרמים,0.00,"ק""ג",true,1,139.90,139.90,true,1,
7290009090512,true,בשר טחון טרי חלק קג,,IL,בשר טחון טרי,קילוגרמים,0.00,"ק""ג",true,1,39.00,39.00,true,1,
7290009127492,true,אנטריקוט טרי מוכשר אנגוס,פניסקו,AR,אנטריקוט טרי מוכ,קילוגרמים,0.00,"ק""ג",true,0,139.90,139.90,true,1,
7290009802191,true,עוף שלם טרי א.דיל ארוז,.,IL,עוף שלם טרי,קילוגרמים,0.00,"ק""ג",true,1,18.90,18.90,true,1,
7290009802221,true,כרעי עוף טרי א.דיל עצמי,.,IL,כרעי עוף טרי,קילוגרמים,0.00,"ק""ג",true,1,27.90,27.90,true,1,
7290009804591,true,כנפי עוף טרי א.דיל עצמי,.,IL,כנפי עוף טרי,קילוגרמים,0.00,"ק""ג",true,1,11.90,11.90,true,1,
7290009806571,true,חזה עוף טרי א.דיל עצמי,.,IL,חזה עוף טרי,קילוגרמים,0.00,"ק""ג",true,1,31.90,31.90,true,1,
7290009807592,true,כבד עוף טרי א.דיל עצמי,.,IL,כבד עוף טרי,קילוגרמים,0.00,"ק""ג",true,1,19.90,19.90,true,1,
7290009810967,true,שוקי עוף טרי א.דיל עצמי,.,IL,שוקי עוף טרי,קילוגרמים,0.00,"ק""ג",true,1,32.90,32.90,true,1,
7290009811490,true,שניצל עוף טרי א.דיל עצמי,.,IL,שניצל עוף טרי,קילוגרמים,0.00,"ק""ג",true,1,34.90,34.90,true,1,
7290009811896,true,פרגיות עוף טרי אדיל עצמי,.,IL,פרגיות עוף טרי,קילוגרמים,0.00,"ק""ג",true,1,54.90,54.90,true,1,
7290009954364,true,גב.גלבוע מגורדת במשקל,תנובה,IL,גב.גלבוע מגורדת,קילוגרמים,0.00,"ק""ג",true,0,39.25,39.25,true,1,
7290009956887,true,גבינה צהובה 28% במשקל,MLEKOVITA,PL,גביהנ צהובה,קילוגרמים,0.00,"ק""ג",true,1,29.00,29.00,true,1,
7290009956894,true,גבינה צהובה28%מגורד משקל,MLEKOVITA,PL,גב.צהובה מגורדת,קילוגרמים,0.00,"ק""ג",true,1,29.00,29.00,true,1,
7290010049028,false,מרמולייט תרכיז פטל דיאט 1 ליטר,מרמולייט,IL,תרכיז דיט פטל,ליטרים,1.00,ליטר,false,0,10.80,10.80,true,1,
7290010237562,false,משקה פפסי מרינדה קוו,"טמפו משקאות בע""מ",IL,מירינדה,מיליליטרים,500.00,"100 מ""ל",false,0,4.00,0.80,true,1,
7290011051341,false,שוופס סודה לימון 1.5*4 ל,יפאורה שותפות מובגלת לשיווק,IL,סודה לימון 4 יח,ליטרים,6.00,ליטר,false,0,10.90,1.82,true,1,
7290011194246,false,קוטג' 5% עם סידן 250 ג' שטראוס,מיוצר עי קונדיטוריית,IL,קוטג' 5% שומן,גרמים,250.00,100 גרם,false,0,5.80,2.32,true,1,
7290011447281,false,מטרנה פרימיום חלבי שלב 2 700 גרם חיסכון,מטרנה תעשיות ש.מ,IL,מטרנה חלבי שלב 2,גרמים,700.00,100 גרם,false,0,49.90,7.13,true,1,
7290011778392,false,ביצים אומגה 3,,IL,ביצים אומגה 3,יחידה,1.00,יחידה,false,0,35.90,35.90,true,1,
7290012352034,false,"נטורל - קרם לחות עם שמן אגוז מקדמיה לשיער מתולתל 400 מ""ל",נטורל פורמולה Natural Formula,IL,קרם לחות נטורל,מיליליטרים,400.00,"100 מ""ל",false,0,21.70,5.43,true,1,
7290013038234,false,מים אקווה נובה 2*6 ליטר,"טמפו משקאות בע""\מ",IL,אקווה נובה 6 בקב,ליטרים,12.00,ליטר,false,0,9.90,0.83,true,1,
7290013083685,false,תחליף חלב מטרנה אקסטרה קר שלב 3 חסכון 700 גרם,מטרנה תעשיות ש.מ,IL,מטרנה אקסטרה קר,גרמים,700.00,100 גרם,false,0,59.90,8.56,true,1,
7290013531728,false,מיצמיץ סירופ תפוח 1 ליטר,זנלכל,IL,מיצמיץ תפוח,ליטרים,1.00,ליטר,false,1,12.90,12.90,true,1,
7290013531735,false,מיצמיץ סירופ אננס 1 ליטר,זנלכל,IL,מיצמיץ אננס,ליטרים,1.00,ליטר,false,1,12.90,12.90,true,1,
7290013585233,false,"ספרייט ZERO פחית סליק 330 מ""ל",החברה המרכזית לייצור משקאות,IL,ספרייט זירו,מיליליטרים,330.00,"100 מ""ל",false,1,5.00,1.52,true,1,
7290013585554,false,שישיית קינלי סודה 1.,החברה המרכזית לייצור משקאות,IL,קינלי סודה 6 יח,ליטרים,9.00,ליטר,false,1,16.90,1.88,true,1,
7290013608635,false,משקה לימונים עם נענע פרימור 1 ליטר,סטאר סנקס,IL,נקטר לימון,ליטרים,1.00,ליטר,false,1,7.90,7.90,true,1,
7290013848789,false,אל סבון מוצק דבש - מארז רביעיה,יבואן ומשווק: ש. שסט,IL,רביעיית סבון כיף,גרמים,400.00,100 גרם,false,0,10.80,2.70,true,1,
7290013848802,false,כייף רביעייה אל סבון מוצק לבנדר,קוסמופארם,IL,רביעיית סבון כיף,גרמים,400.00,100 גרם,false,0,10.80,2.70,true,1,
7290014758681,false,קוטג תנובה 1% גביע 250 גרם,מיוצר עי קונדיטוריית,IL,קוטג 1% שומן,גרמים,250.00,100 גרם,false,0,5.50,2.20,true,1,
7290015014182,false,לבבות קיסר בנספק רמי לוי,קטיף.,IL,לבבות חסה 300גרם,גרמים,300.00,100 גרם,false,0,8.90,2.97,true,1,
7290015644297,false,שישיית לחמניות פשוט מלא אנג'ל 450 גרם,מאפיית שלמה א. אנג'\ל בע,IL,לחמניות 6 יח',גרמים,450.00,100 גרם,false,1,10.90,2.42,true,1,
7290015766012,false,עגבניה שרי נחומי יחידה,עידו נחום,IL,שרי נחומי,יחידה,1.00,יחידה,false,1,9.90,9.90,true,1,
7290016077759,false,רוטב ברביקיו קלאסי היינץ 480 גרם,היינץ Heinz,NL,רוטב ברביקיו,גרמים,480.00,100 גרם,false,1,17.90,3.73,true,1,
7290016329278,false,קמיל בלו מגבונים מילוי 64 יח רביעייה,פישר מעבדות פרמצבטיות בע,IL,מגבונים קמיל בלו,יחידה,1.00,יחידה,false,1,19.90,19.90,true,1,
7290016509991,false,פרסיל ג'ל 2.5ל +תוספת60%,,IL,פרסיל ג'ל כביסה,ליטרים,4.00,ליטר,false,1,32.90,8.23,true,1,
7290100412749,false,"תרחיץ פנים לעור יבש וילד פלאור דר עור 150 מ""ל",אמיליה קוסמטיקס בעמ,IL,ג'ל ניקוי פנים,מיליליטרים,150.00,"100 מ""ל",false,0,24.90,16.60,true,1,
7290100412794,false,דר עור פילינג עדין לפנים קלאסי מאסק 150,"אמיליה קוסמטיקס בע""מ",IL,פילינג פנים,מיליליטרים,150.00,"100 מ""ל",false,0,24.90,16.60,true,1,
7290100681510,false,סירופ דיאט בטעם אשכולית אדומה עסיס 1 ליטר,בית-השיטה עסיס תעשיות מז,IL,סירופ דיאט,ליטרים,1.00,ליטר,false,0,10.90,10.90,true,1,
7290100683613,false,ויטמינצ'יק מנגו אפרסק 1ל,בית-השיטה עסיס תעשיות מז,IL,סירופ ויטמינצ'יק,ליטרים,1.00,ליטר,false,0,12.90,12.90,true,1,
7290100852606,false,קפה טורקי 100*4 גרם,שטראוס קפה בי.ויn\.,IL,קפה טורקי 4 יח,גרמים,400.00,100 גרם,false,0,30.90,7.73,true,1,
7290101551645,false,חטיף צ'יטוס איקס עיגול בטעם פיצה - מארז 10 יח',"שטראוס פריטו ליי בע""מ )פ",IL,צ'יטוס 10 יח',גרמים,200.00,100 גרם,false,1,12.90,6.45,true,1,
7290102397600,false,מיקס יוגורט בתוספת שקדים ובוטנים מקורמלים 170 ג' מולר,מילקו תעשייה בעמ,IL,מולר מיקס,גרמים,168.00,100 גרם,false,1,5.90,3.51,true,1,
7290102398065,false,חלב טרה בקרטון 2 ליטר מהדרין 3% - מוצר בפיקוח,הפריט בפיקוח,IL,חלב 3% בקרטון,ליטרים,2.00,ליטר,false,1,11.40,5.70,true,1,
7290104960239,false,"תחליב רחצה נקה 7 ארומה לבן 750 מ""ל",טרופיקל דגיל תעשיות קוסמ,IL,תחליב רחצה נקה 7,מיליליטרים,750.00,"100 מ""ל",false,0,9.90,1.32,true,1,
7290106571563,false,אפרופו משפחתי 200 גר',"אסם השקעות בע""\מ",IL,אפרופו,גרמים,200.00,100 גרם,false,0,11.00,5.50,true,1,
7290106573024,false,סירופ דיאט אננס 1 ליטר עסיס,בית השיטה עסיס תעשיו,IL,סירופ אננס דיאט,ליטרים,1.00,ליטר,false,0,10.90,10.90,true,1,
7290106654921,false,תפוציפס אקסטרה טבעי 50 גרם,"שטראוס פריטו ליי בע""\מ )",IL,תפוצ'יפס אקסטרא,גרמים,50.00,100 גרם,false,0,3.90,7.80,true,1,
7290106720626,false,צ'יטוס קראנצ' בטעם גבינה - חלבי,"שטראוס פריטו ליי בע""\מ )",IL,ציטוס גבינה,גרמים,80.00,100 גרם,false,1,4.50,5.63,true,1,
7290107643306,false,כריות בטעם קפוצ'ינו 750ג,יוניליוור ישראל מזון בעמ,IL,כריות קפוצ'ינו,גרמים,750.00,100 גרם,false,1,24.90,3.32,true,1,
7290107647809,false,דליפקאן 400 גרם,יוניליוור ישראל מזון בעמ,IL,דליפקאן,גרמים,400.00,100 גרם,false,1,20.90,5.23,true,1,
7290107647854,false,"שוגי מופחת סוכר תלמה 500 ג' בד""צ",יוניליוור ישראל מזון בעמ,IL,שוגי,גרמים,500.00,100 גרם,false,1,21.90,4.38,true,1,
7290107871419,false,סירופ תפוח דיאט 1 ליטר,בית השיטה,IL,סירופ תפוח דיאט,ליטרים,1.00,ליטר,false,1,10.90,10.90,true,1,
7290107932080,false,חלב מועשר יוטבתה בבקבוק 3% 1 ליטר,מחלבת יטבתה,IL,חלב מועשר 3%,ליטרים,1.00,ליטר,false,1,7.70,7.70,true,1,
7290107951548,false,שוקולד פרה בלונדי שקדים,"שטראוס גרופ בע""\מ",IL,שוקולד בלונדי,גרמים,100.00,100 גרם,false,1,7.60,7.60,true,1,
7290107958035,false,יוגורט במתיקות מעודנת 2% ללא תוספת סוכר- מארז 8 יח,"שטראוס בריאות בע""\מ",IL,דנונה מעודן 8 יח,קילוגרמים,1.20,"ק""ג",false,1,18.50,15.42,true,1,
7290108352801,false,"שקיות אשפה לפחים קטנים 45 * 56 ס""מ סנו סושי 100 יחידות","סנו מפעלי ברונוס בע""מ",IL,שקיות אשפה 100יח,יחידה,1.00,יחידה,false,1,18.90,18.90,true,1,
7290110110758,false,פיוז טי גרין לימ.נענ1.5ל,מבשלות בירה בינלאומיות ב,IL,פיוז טי לימון,ליטרים,1.50,ליטר,false,1,7.40,4.93,true,1,
7290110321031,false,מעדן חלב GO יוגורט מועשר בחלבון טבעי 200 ג' יופלה,"תנובה, מחלבת אלון תב",IL,יופלה GO יוגורט,גרמים,200.00,100 גרם,false,1,5.60,2.80,true,1,
7290110323783,false,יולו שוקולד חלב+קצפת120,"תנובה בע""\מ",IL,יולו מעדן + קצפת,גרמים,120.00,100 גרם,false,1,3.70,3.08,true,1,
7290112340269,false,קפה נמס יום העצמאות 200ג,שטראוס קפה בי.וי.,IL,קפה נמס עלית,גרמים,200.00,100 גרם,false,1,19.90,9.95,true,1,
7296073033752,false,שמן קנולה שופרסל 1 ליטר,NV AOR,BE,שמן קנולה 1 ל',ליטרים,1.00,ליטר,false,0,7.50,7.50,true,1,
7296073036500,false,שמן קנולה שופרסל 3 ל',NV AOR,BE,שמן קנולה 3 ל',ליטרים,3.00,ליטר,false,0,21.90,7.30,true,1,
7296073078975,false,פריכיות אורז מלא שופר100,שופרסל,IL,פריכיות אורז,גרמים,100.00,100 גרם,false,0,5.90,5.90,true,1,
7296073103844,false,תפוח אדמה למיקרו,קטיף.,IL,"תפו""א למיקרו",יחידה,1.00,יחידה,false,0,6.90,6.90,true,1,
7296073108269,false,חסה ערבית שטופה לאכילה,פרסקו,IL,עלי חסה ערבית,גרמים,250.00,100 גרם,false,0,9.90,3.96,true,1,
7296073219347,false,לחם אחיד פרוס750ג שופרסל,מאפית ברמן,IL,לחם אחיד פרוס,גרמים,750.00,100 גרם,false,0,6.10,0.81,true,1,
7296073219941,false,חטיף דגנים שוקו+שוק23*6ג,back and Snack,AT,חטיף דגנים,גרמים,138.00,100 גרם,false,0,9.90,7.17,true,1,
7296073220176,false,מרשמלו ורוד לבן,,IL,מרשמלו ורוד לבן,גרמים,180.00,100 גרם,false,0,6.30,3.50,true,1,
7296073220480,false,מרשמלו מסולסל,,IL,מרשמלו מסולסל,גרמים,180.00,100 גרם,false,0,6.30,3.50,true,1,
7296073223009,false,שמן זית,,IT,שמן זית,מיליליטרים,750.00,"100 מ""ל",false,0,29.90,3.99,true,1,
7296073224204,false,שמן זית,,IT,שמן זית,ליטרים,1.00,ליטר,false,0,39.90,39.90,true,1,
7296073225072,false,לחמניות שופרסל 6יח75*גר,מאפיית שלמה א. אנג'\ל בע,IL,לחמניות 6 יחידות,גרמים,450.00,100 גרם,false,0,8.90,1.98,true,1,
7296073226307,false,חיתולים שופרסל,,IL,חיתולים שופרסל,יחידה,1.00,יחידה,false,0,29.90,29.90,true,1,
7296073228424,false,תפוז למיץ תפזורת,קטיף.,IL,תפוז למיץ,גרמים,0.00,"ק""ג",true,0,4.90,4.90,true,1,
7296073230038,false,מנקה רצפות ורוד 2 ליטר,קליר כימיקלים,IL,מנקה רצפות,ליטרים,2.00,ליטר,false,0,13.90,6.95,true,1,
7296073230410,false,"כוסות קפה ח""פ",,CN,כוס שתיה חמה,יחידה,1.00,יחידה,false,0,7.90,7.90,true,1,
7296073230663,false,מגבות נייר שופרסל 8 גל.,"שניב תעשיות נייר בע""\מ",IL,מגבות נייר,מטרים,84.00,מטר,false,0,12.90,0.15,true,1,
7296073231295,false,מרכ.כביסה כחול שופרסל 4ל,גליל כימיקלים,IL,מרכך כביסה,ליטרים,4.00,ליטר,false,1,15.90,3.98,true,1,
7296073231554,false,חלב 3% בקרטון שופרסל 1ל,מחלבות רמת הגולן,IL,חלב 3% קרטון 1ל',ליטרים,1.00,ליטר,false,1,5.30,5.30,true,1,
7296073232391,false,"סוכר לבן שופרסל 1 ק""ג","אגרנה צוקר בע""מ",PL,סוכר לבן,קילוגרמים,1.00,"ק""ג",false,1,4.50,4.50,true,1,
7296073238447,false,כדורי רחצה 3 יח,שופרסל,CN,כדורי רחצה 3 יח,יחידה,1.00,יחידה,false,1,9.90,9.90,true,1,
7296073243397,false,ביצים M שופרסל 12 יחידות,.,IL,ביצים 12יחידות M,יחידה,1.00,יחידה,false,1,10.40,10.40,true,1,
7296073243403,false,ביצים L שופרסל 12 יחידות,.,IL,ביצים 12יחידות L,יחידה,1.00,יחידה,false,1,11.30,11.30,true,1,
7296073262152,false,גרעיני תירס מתוק 340גרם,סזאטמרי קונזרוגיאר,HU,גרעיני תירס מתוק,גרמים,340.00,100 גרם,false,1,5.00,1.47,true,1,
7296073272496,false,נייר טואלט דו שכבתי32גל,שניב תעשיות נייר,IL,נייר טואלט 32גל,מטרים,573.00,100 מטר,false,1,29.90,5.22,true,1,
7296073277255,false,מארז מגבונים לחים 6 יח,דינמיק,IL,מגבונים לחים 6יח,יחידה,1.00,יחידה,false,1,23.90,23.90,true,1,
7296073280255,false,פחית קולה דיאט שופרסל250,אולקר,TR,פחית קולה שופרסל,מיליליטרים,250.00,"100 מ""ל",false,1,2.90,1.16,true,1,
7296073291244,false,חומץ טבעי 5% שופרסל 1ל,מיטב,IL,חומץ טבעי 5%,ליטרים,1.00,ליטר,false,1,5.90,5.90,true,1,
7296073291251,false,מיץ לימון משומר שופרסל1ל,,IL,מיץ לימון,ליטרים,1.00,ליטר,false,1,7.90,7.90,true,1,
7296073292012,false,אננס ראש שישיות שקיל,קטיף.,IL,אננס ראש,קילוגרמים,0.00,"ק""ג",true,1,29.90,29.90,true,1,
7296073320517,false,יוגורט יווני מסורת2% 150,S.A MEVGAL,GR,יוגורט יווני,גרמים,150.00,100 גרם,false,1,5.90,3.93,true,1,
7296073324713,false,עלי גפן אורגניים 320 גרם,אדא אורגניק,TR,עלי גפן,גרמים,320.00,100 גרם,false,1,11.90,3.72,true,1,
7296073328094,false,משקה קוקוס בטעם אננס460מ,,TW,משקה קוקוס אננס,מיליליטרים,500.00,"100 מ""ל",false,1,4.90,0.98,true,1,
7296073328674,false,"צלחת גדולה ""9 שקופה 50יח",,CN,צלחת גדולה,יחידה,1.00,יחידה,false,1,12.90,12.90,true,1,
7296073328681,false,"צלחת קטנה ""7 שקופה 75יח",,IL,צלחת קטנה,יחידה,1.00,יחידה,false,1,12.90,12.90,true,1,
7296073344650,false,תח.רחצה750מ summer sweet,,TR,תחליב רחצה,מיליליטרים,750.00,"100 מ""ל",false,1,11.90,1.59,true,1,
7296073345503,false,ופלים מפרץ הרפתקאות400גר,FRITAG HANS,DE,ופלים מהדורת,גרמים,400.00,100 גרם,false,1,11.90,2.98,true,1,
7296073362012,false,קרקר תפוא/אורז/תירס כשלפ,,PL,"קרקר פריך כשל""פ",גרמים,200.00,100 גרם,false,1,12.90,6.45,true,1,
7296073362630,false,אקונומיקה סופר מבושמת 4ל,קומפלקס כימיקלים,IL,אקונומיקה מבושמת,ליטרים,4.00,ליטר,false,1,12.90,3.23,true,1,
7296073362654,false,אקונומיקה שופרסל 4 ליטר,קומפלקס כימיקלים,IL,אקונומיקה שופרסל,ליטרים,4.00,ליטר,false,1,8.90,2.23,true,1,
7296073365747,false,מאגדת מצופים שוקולד 8 יח,גלידות פלדמן,IL,מאגדת מצופים שוק,גרמים,560.00,100 גרם,false,1,18.90,3.38,true,1,
8001090184412,false,"פיירי נוזל לניקוי כלים לימון שקוף, 900 מ""ל",פרוקטר אנד גמבל,GB,פיירי לכלים,מיליליטרים,900.00,"100 מ""ל",false,1,12.50,1.39,true,1,
8001090459107,false,90 פמפרס אקטיב שלב4-,פרוקטר & גמבל,TR,פמפרס אקטיב בייב,גרמים,90.00,100 גרם,false,1,79.90,88.78,true,1,
8001090727862,false,אריאל אבקת כביסה7קג,פרוקטר אנד גמבל )ראה קוד,CZ,אריאל אבקת כביסה,קילוגרמים,7.00,"ק""ג",false,1,64.90,9.27,true,1,
8001090832856,false,"פנטן 660 מ""ל קונדישינר מרוקאי משקם",פרוקטר אנד גמבל,RO,מרכך פנטן,מיליליטרים,660.00,"100 מ""ל",false,1,19.90,3.02,true,1,
8710447285381,false,ספריי אקס קלין פרש 150מל,יוניליוור אנגליה,GB,אקס ספריי גוף,מיליליטרים,150.00,"100 מ""ל",false,1,14.90,9.93,true,1,
8710908249150,false,דאו.רקסונה טלק ספריי 150,יוניליוור אנגליה,GB,דאודורנט רקסונה,מיליליטרים,150.00,"100 מ""ל",false,1,17.70,11.80,true,1,
8712561319423,false,דאו.רקסונה אינביזיבל 150,יוניליוור אנגליה,TR,דאו.רקסונה,מיליליטרים,150.00,"100 מ""ל",false,1,17.70,11.80,true,1,
8715700419732,false,מתבל עגבניות היינץ 700 גרם,ה.י. היינץ,NL,מתבל עגבניות,גרמים,700.00,100 גרם,false,0,11.90,1.70,true,1,
8801055709199,false,טסטרס צ'וייס+בריסטה200ג,נסטלה,KR,קפה טסטרס צ'וייס,גרמים,200.00,100 גרם,false,1,29.90,14.95,true,1,
