code,internal_code,name,manufacturer_name,manufacture_country,manufacturer_item_description,unit_qty,quantity,unit_of_measure,weighted,qty_in_package,price,unit_of_measure_price,allow_discount,status,item_id
30079847,false,מסקרה ווליום עמיד יח',,IL,מסקרה ווליום,יחידה,1.00,יחידה,false,1,39.90,39.90,true,1,
30118867,false,ליינר מאסטר אינק יח,סופרוג'ם,DE,ליינר מאסטר אינק,יחידה,1.00,יחידה,false,0,29.90,29.90,true,1,
30148109,false,שפתון אינק וויניל 45 יח,סופרוג'ם,FR,שפתון אינק וויני,יחידה,1.00,יחידה,false,1,45.00,45.00,true,1,
30148208,false,קרם יום אבסולו 15,לנקום,FR,קרם יום אבסולו,מיליליטרים,15.00,"100 מ""ל",false,1,29.90,199.33,true,1,
30152830,false,סקיי היי מסקרה קוסמיק יח,סייפו,IT,סקיי היי מסקרה ק,יחידה,1.00,יחידה,false,1,45.00,45.00,true,1,
30153219,false,שפתון אינק וויניל 35 יח,סופרוג'ם,FR,שפתון אינק וויני,יחידה,1.00,יחידה,false,1,45.00,45.00,true,1,
30153332,false,אבסולו ריצ' קרם עשיר 15,,FR,אבסולו ריצ' קרם,מיליליטרים,15.00,"100 מ""ל",false,1,49.90,332.67,true,1,
30155831,false,קונסילר פיט מי 05 6.8 מל,,IL,קונסילר פיט מי 0,מיליליטרים,6.00,"100 מ""ל",false,1,45.00,750.00,true,1,
30164185,false,מסקרה במבי אוברסייז יח',,IT,מסקרה במבי אוברס,יחידה,1.00,יחידה,false,1,75.00,75.00,true,1,
30171336,false,קונסילר פיט מי 08,,IL,קונסילר פיט מי 0,מיליליטרים,6.00,"100 מ""ל",false,1,45.00,750.00,true,1,
30171381,false,קונסילר פיט מי 16,,IL,קונסילר פיט מי 0,מיליליטרים,6.00,"100 מ""ל",false,1,45.00,750.00,true,1,
30172999,false,קולור קווין 01 יח',,IT,קולור קווין 01,יחידה,1.00,יחידה,false,1,35.00,35.00,true,1,
30173422,false,קונסילר אינפליבל 332,לוריאל,IL,קונסילר אינפליבל,יחידה,1.00,יחידה,false,1,67.90,67.90,true,1,
30173583,false,קונסילר אינפלבל 323 יח',,IL,קונסילר אינפלבל,יחידה,1.00,יחידה,false,1,67.90,67.90,true,1,
30174115,false,שפתון עפרון אינק 50יח',,FR,שפתון עפרון אינק,יחידה,1.00,יחידה,false,1,29.90,29.90,true,1,
30174146,false,שפתון עפרון אינק 65יח',,FR,שפתון עפרון אינק,יחידה,1.00,יחידה,false,1,29.90,29.90,true,1,
30174191,false,שפתון עפרון אינק 20יח',,FR,שפתון עפרון אינק,יחידה,1.00,יחידה,false,1,29.90,29.90,true,1,
30179134,false,עפרון שפתון אינק 80 יח',,IL,עפרון שפתון אינק,יחידה,1.00,יחידה,false,1,29.90,29.90,true,1,
30179493,false,מסקרה מגה ווליום יח',,IT,מסקרה מגה ווליום,יחידה,1.00,יחידה,false,1,50.00,50.00,true,1,
40111216,false,חטיף באונטי 57 גרם,מרס הולנד בי.וי.,NL,חטיף באונטי,גרמים,57.00,100 גרם,false,0,3.90,6.84,true,1,
42207443,false,"קרם ניוואה סופט 50 מ""ל",ביירסדורץ,IL,קרם ניוואה סופט,מיליליטרים,50.00,"100 מ""ל",false,0,8.90,17.80,true,1,
59079798,false,דאו רול און שאוור פרש50מ,"יוניליוור אנגליה, דרך קו",GB,דאו.רקסונה,מיליליטרים,50.00,"100 מ""ל",false,1,17.90,35.80,true,1,
72994061,false,פסק זמן 2 גוד 36 גרם,שולן צ'\יקולטה גידה סאן.,TR,פסק זמן 2 גוד,גרמים,36.00,100 גרם,false,0,5.00,13.89,true,1,
80001287,false,חטיף גרדנה אגוז 38 גרם,,AT,חטיף גרדנה,גרמים,38.00,100 גרם,false,0,4.90,12.89,true,1,
80001461,false,חטיף גרנדה שוקולד 38 גרם,לואקר,AT,חטיף גרנדה שוקול,גרמים,38.00,100 גרם,false,0,4.90,12.89,true,1,
80177173,false,ממרח נוטלה 350 גרם,פררו,IT,ממרח נוטלה,גרמים,350.00,100 גרם,false,0,15.90,4.54,true,1,
80177609,false,אצבעות שוקולד קינדר50גרם,פררו,IT,אצבעות קינדר,גרמים,50.00,100 גרם,false,0,5.00,10.00,true,1,
80761761,false,קינדר בואנו לבן 19.5*2גר,פררו,PL,קינדר בואנו לבן,גרמים,39.00,100 גרם,false,0,5.00,12.82,true,1,
80773429,false,מסטיק מנטוס בקבוק תות60ג,"פרפטי ואן מלה ג'\ידה,סאן",TR,מנטוס בקבוק,גרמים,60.00,100 גרם,false,1,8.90,14.83,true,1,
80831402,false,"סוכ.מנטה עדינה לל""ס21ג",פרפטי ואן מלה,NL,סוכריות מנטה,גרמים,21.00,100 גרם,false,1,6.90,32.86,true,1,
80843184,false,מסטיק פיורפרש ענבים60גר,,TR,מסטיק מנטוס,גרמים,60.00,100 גרם,false,1,8.90,14.83,true,1,
80854753,false,"סוכ.מנטוס מנטה לל""ס21גרם",פרפטי ואן מלה,NL,סוכריות מנטוס,גרמים,21.00,100 גרם,false,1,6.90,32.86,true,1,
80864295,false,מנטוס פיורוויט מנטה עדין,"פרפטי ואן מלה ג'ידה,סאן",TR,מנטוס פיור וויט,גרמים,60.00,100 גרם,false,1,8.90,14.84,true,1,
80874652,false,קינדר קארדס 25.6 גרם,,IT,קינדר קארדס,גרמים,26.00,100 גרם,false,1,4.30,16.54,true,1,
80896081,false,מסטיק מנטוס אבטיח60גרם,"פרפטי ואן מלה ג'\ידה,סאן",TR,מנטוס בקבוק,גרמים,60.00,100 גרם,false,1,8.90,14.83,true,1,
80945468,false,מנטוס פיורוויט מנטה מתוק,"פרפטי ואן מלה ג'ידה,סאן",TR,מנטוס פיור וויט,גרמים,60.00,100 גרם,false,1,8.90,14.84,true,1,
80979128,false,מסטיק פיורפרש דובדבן60ג,,TR,מסטיק מנטוס,גרמים,60.00,100 גרם,false,1,8.90,14.83,true,1,
80982470,false,מסטיק מנטוס מנטה חזקה60ג,,TR,מסטיק מנטוס,גרמים,60.00,100 גרם,false,1,8.90,14.83,true,1,
80986348,false,מנטוס פיור וויט מנטה60ג,"פרפטי ואן מלה ג'ידה,סאן",TR,מנטוס פיור וויט,גרמים,60.00,100 גרם,false,1,8.90,14.84,true,1,
87108538,false,מנטוס תות גליל 37.5 גר,פרפטי ואן מלה ברדה,NL,מנטוס תות,גרמים,37.00,100 גרם,false,0,3.90,10.54,true,1,
87108651,false,מנטוס מנטה 4יח37.5X'גרם,פרפטי ואן מלה ברדה,NL,מנטוס מנטה 4 יח',גרמים,150.00,100 גרם,false,0,11.90,7.93,true,1,
87311396,false,מנטוס ריינבאו גליל 37.50,פרפטי ואן מלה,NL,מנטוס ריינבאו,גרמים,37.00,100 גרם,false,0,3.90,10.54,true,1,
87342802,false,דאו.אקס רול און גולד 50מ,"יוניליוור אנגליה, דרך קו",GB,דאודורנט אקס,מיליליטרים,50.00,"100 מ""ל",false,1,21.90,43.80,true,1,
96033531,true,דאודורנט רול-און רימונים,"יוניליוור אנגליה, דרך קו",GB,דאו רולאון רימון,מיליליטרים,50.00,"100 מ""ל",false,1,12.90,25.80,true,1,
96137130,true,דאב רולאון ניחוח אגס50מל,"יוניליוור אנגליה, דרך קו",GB,דאב רולאון,מיליליטרים,50.00,"100 מ""ל",false,1,12.90,25.80,true,1,
9800800056,false,ממרח נוטלה טו גו 52 גרם,פררו,IT,ממרח נוטלה טו גו,גרמים,52.00,100 גרם,false,1,5.50,10.58,true,1,
20714192334,false,IMPACT HIGH מסקרה 01,קליניק,CA,IMPACT HIGH 01,יחידה,1.00,יחידה,false,0,125.00,125.00,true,1,
20714215552,false,"מסיר איפור באלם 125 מ""ל",קליניק,JP,מסיר איפור באלם,מיליליטרים,125.00,"100 מ""ל",false,0,165.00,132.00,true,1,
20714287047,false,קרם עיניים עשיר 15 מל,קליניק,GB,קרם עיניים עשיר,מיליליטרים,15.00,"100 מ""ל",false,0,209.00,1393.33,true,1,
20714324674,false,קל.מ.א.אבן בתר08,קליניק,BE,מייק אפ אבן בתר,מיליליטרים,30.00,"100 מ""ל",false,0,180.00,600.00,true,1,
20714462727,false,מי הסרה עור יבש עד מעורב,קליניק,GB,מי הסרה מס 2,מיליליטרים,400.00,"100 מ""ל",false,0,195.00,48.75,true,1,
20714968939,false,קונסילר טיפולי VanillA,,CA,קונסילר טיפולי,יחידה,1.00,יחידה,false,1,145.00,145.00,true,1,
22548008751,false,ארמיס דאו. ספריי 200 מל,ארמיס בישום,IL,ארמיס דאורדורנט,מיליליטרים,200.00,"100 מ""ל",false,0,99.00,49.50,true,1,
27131187035,false,WEAR DOUBLE מייק אפ 2c3,אסתי לאודר,BE,WEAR DOUBLE מייק,מיליליטרים,30.00,"100 מ""ל",false,0,159.00,530.00,true,1,
27131187073,false,WEAR DOUBLE מייק אפ 4N1,אסתי לאודר,BE,WEAR DOUBLE מייק,מיליליטרים,30.00,"100 מ""ל",false,0,159.00,530.00,true,1,
27131228400,false,WEAR DOUBLE מייק אפ 2N1,אסתי לאודר,BE,מייק אפ 2N1,מיליליטרים,30.00,"100 מ""ל",false,0,159.00,530.00,true,1,
27131392385,false,WEAR DOUBLE מייק אפ 3W1,אסתי לאודר,BE,מייק אפ 3W1,מיליליטרים,30.00,"100 מ""ל",false,0,159.00,530.00,true,1,
27131392392,false,WEAR DOUBLE מייק אפ 3N2,אסתי לאודר,BE,מייק אפ 3N2,מיליליטרים,30.00,"100 מ""ל",false,0,159.00,530.00,true,1,
27131934943,false,WEAR DOUBLE מייק אפ 1N1,אסתי לאודר,BE,מייק אפ 1N1,מיליליטרים,30.00,"100 מ""ל",false,0,159.00,530.00,true,1,
27131969853,false,WEAR DOUBLE מייק אפ 2W2,אסתי לאודר,BE,מייק אפ 2W2,מיליליטרים,30.00,"100 מ""ל",false,0,159.00,530.00,true,1,
27131977520,false,WEAR DOUBLE מייק אפ 3W2,אסתי לאודר,BE,מייק אפ 3W2,מיליליטרים,30.00,"100 מ""ל",false,0,159.00,530.00,true,1,
27131987840,false,PERFECTLY מסכת ניקוי,אסתי לאודר,BE,מסכת ניקוי,מיליליטרים,150.00,"100 מ""ל",false,0,155.00,103.33,true,1,
27131988083,false,PERFECTLY קרם ניקוי 150,אסתי לאודר,BE,PERFECTLY קרם ני,מיליליטרים,150.00,"100 מ""ל",false,0,140.00,93.33,true,1,
36000516890,false,קלינקס לושן 3 שכבות120יח,חוגלה קימברלי,US,קלינקס לושן,יחידה,1.00,יחידה,false,1,19.90,19.90,true,1,
37977050059,false,זוג מוצצים,,HU,זוג מוצצים,יחידה,1.00,יחידה,false,0,34.90,34.90,true,1,
38000232183,false,פרינגלס אורגינל 149 גרם,פרינגלס מנופקצ'ורינג קונ,US,פרינגלס אורגינל,גרמים,149.00,100 גרם,false,1,8.90,5.97,true,1,
40000513568,false,עדשים מ&מ'ס שוקולד 156 ג,מרס,US,עדשים מ&מ'ס,גרמים,156.00,100 גרם,false,1,12.50,8.01,true,1,
78300081098,false,18פלייטקס ספורט רגולר,פלייטקס מניפאקטורינג בעמ,US,טמפוני פלייטקס,יחידה,1.00,יחידה,false,1,27.90,27.90,true,1,
78300098379,false,20 טמפונים פלייטקס רגולר,פלייטקס מניפאקטורינג בעמ,US,טמפונים עם מוליך,יחידה,1.00,יחידה,false,1,27.90,27.90,true,1,
79625014624,false,מארז שתי ספוגיות מייק אפ,,IL,מארז שתי ספוגיות,יחידה,1.00,יחידה,false,1,65.00,65.00,true,1,
79625017045,false,מברשת מיני רב שימוש לאפו,,IL,מברשת מיני רב שי,יחידה,1.00,יחידה,false,1,35.00,35.00,true,1,
79625017861,false,מארז סט מברשות,,IL,מארז סט מברשות,יחידה,1.00,יחידה,false,1,99.00,99.00,true,1,
79625018950,false,ערכת 5מברשות רב שימושיות,,IL,ערכת מברשות רב ש,יחידה,1.00,יחידה,false,1,99.00,99.00,true,1,
79625018998,false,מברשת להנחת מייק אפ,,IL,nברשת להנחת מיי,יחידה,1.00,יחידה,false,1,65.00,65.00,true,1,
79625915426,false,מברשת להנחת קונסילר יח',,IL,מברשת להנחת קונס,יחידה,1.00,יחידה,false,1,40.00,40.00,true,1,
85715165688,false,מארז אינסטינקט אדפ לאישה,,US,אינסטינקט אדפ סט,יחידה,1.00,יחידה,false,1,299.00,299.00,true,1,
85715167019,false,פירסט אינסטינקט בלו100מל,רבלון בישום,IL,INSTINCT FIRST א,מיליליטרים,100.00,"100 מ""ל",false,1,298.00,298.00,true,1,
85715327208,false,GUESS אפקט א.ד.ט גבר100מ,,US,GUESS אפקט א.ד.ט,מיליליטרים,100.00,"100 מ""ל",false,1,149.00,149.00,true,1,
85805390600,false,פיפט אווניו אדפ לאשה125מ,אלפא בישום,US,פיפט אווניו אדפ,מיליליטרים,125.00,"100 מ""ל",false,0,119.00,95.20,true,1,
85805557331,false,וויט טי א.אדט100,אלפא בישום,US,וויט טי א.אדט100,מיליליטרים,100.00,"100 מ""ל",false,0,199.00,199.00,true,1,
85805574024,false,וויט טי מנדרין בלוסו100מ,,IL,וויט טי מנדרין ב,מיליליטרים,100.00,"100 מ""ל",false,1,239.00,239.00,true,1,
85805574109,false,ארדן וויט תה גינגגר100מל,,FR,אליזבת ארדן וויט,מיליליטרים,100.00,"100 מ""ל",false,1,199.00,199.00,true,1,
88300193530,false,euphoria intense א.ד.ט,קלווין קליין,IL,Intense Euphoria,מיליליטרים,100.00,"100 מ""ל",false,0,169.00,169.00,true,1,
192333042809,false,מויסטר סרג 72שעות 50מל,,GB,מויסטר סרג אינטנ,מיליליטרים,50.00,"100 מ""ל",false,1,155.00,310.00,true,1,
192333066928,false,מויסטר סרג' 100 שעות 30מ,,US,מויסטר סרג' 100,מיליליטרים,30.00,"100 מ""ל",false,1,95.00,316.67,true,1,
192333066935,false,מויסטר סרג' 100 שעות 50מ,,US,מויסטר סרג' 100,מיליליטרים,50.00,"100 מ""ל",false,1,155.00,310.00,true,1,
192333077856,false,איבן בטר קליניקל 28 מייק,,FR,איבן בטר קליניקל,מיליליטרים,30.00,"100 מ""ל",false,1,220.00,733.33,true,1,
192333077870,false,איבן בטר קליניקל 52 מייק,,FR,איבן בטר קליניקל,מיליליטרים,30.00,"100 מ""ל",false,1,220.00,733.33,true,1,
192333101681,false,סרום טיפולי לקמטים50מל,,FR,סרום טיפולי לתיק,מיליליטרים,50.00,"100 מ""ל",false,1,505.00,1010.00,true,1,
305210043596,false,וזלין תחל.לחות לוונדר600,"יוניליוור, ג'\פרסון סיטי",US,וזלין תחליב לחות,מיליליטרים,600.00,"100 מ""ל",false,1,25.90,4.32,true,1,
305210256712,false,וזלין לשפתיים אורגינל,יוניליוור,US,וזלין לשפתיים או,יחידה,1.00,יחידה,false,1,14.90,14.90,true,1,
305210464728,false,וזלין לשפתיים קרם ברולה,,US,וזלין לשפתיים קר,יחידה,1.00,יחידה,false,1,14.90,14.90,true,1,
305213079004,false,קרם גוף וזלין להזנה 600,"יוניליוור, ג'פרסון סיטי,",US,קרם גוף ואלין,מיליליטרים,600.00,"100 מ""ל",false,1,25.90,4.32,true,1,
309977563014,false,מסקרה סופיירס שחורה יח',,US,מסקרה סופיירס שח,יחידה,1.00,יחידה,false,1,69.90,69.90,true,1,
350007641646,false,מ.שיניים ומי פה 130 גרם,,MX,מ.שיניים ומי פה,גרמים,130.00,100 גרם,false,1,21.90,16.85,true,1,
607710000940,false,פריימר מעושר בלחות 75מל,סמאש בוקס,CA,פריימר מעושר בלח,מיליליטרים,75.00,"100 מ""ל",false,1,129.00,172.00,true,1,
607710019706,false,מייק אפ עמיד עד ל24- שעו,סמאש בוקס,BE,מייק אפ עמיד עד,מיליליטרים,30.00,"100 מ""ל",false,0,193.00,643.33,true,1,
607710090361,false,שפתון קרמי פריימר יח',,CA,שפתון קרמי פריימ,יחידה,1.00,יחידה,false,1,110.00,110.00,true,1,
607710099708,false,פריימר קלאסי 10 מ''ל,,US,פריימר קלאסי,מיליליטרים,10.00,"100 מ""ל",false,0,75.00,750.00,true,1,
608940535387,false,פנסי אדפ אשה 100מל,,US,פנסי אדפ,מיליליטרים,100.00,"100 מ""ל",false,0,109.00,109.00,true,1,
608940543313,false,Fleur Reb'l אדפ לאשה100מ,אלפא בישום,US,Fleur Reb'l לאשה,מיליליטרים,100.00,"100 מ""ל",false,0,99.00,99.00,true,1,
608940577752,false,רוז ראש פרגרנס מיסט236מל,,US,רוז ראש,מיליליטרים,236.00,"100 מ""ל",false,0,44.90,19.02,true,1,
608940583845,false,בילי אייליש אדפ100מל,,US,Eilish Billieאדפ,מיליליטרים,100.00,"100 מ""ל",false,1,219.00,219.00,true,1,
651080161510,false,35 קיסם עם חוט ג'ורדן,קלרו,CN,קיסם עם חוט,יחידה,1.00,יחידה,false,1,13.50,13.50,true,1,
651080647519,false,36קיסם +חוט מנטה ג'ורדן,קלרו,US,קיסם עם חוט,יחידה,1.00,יחידה,false,1,13.50,13.50,true,1,
667548099219,false,אמבר רומנס פרגרנס 250מל,ויקטוריה סיקרט,IL,אמבר רומנס,מיליליטרים,250.00,"100 מ""ל",false,1,49.00,19.60,true,1,
693102160620,false,פלטת צללית בגודל GLITCH,,IL,פלטת צללית בגודל,יחידה,1.00,יחידה,false,1,185.00,185.00,true,1,
693102160705,false,פאלטת צלליות והיילייטרים,,IL,פאלטת צלליות והי,יחידה,1.00,יחידה,false,1,280.00,280.00,true,1,
693102200098,false,קונסילר 3 גוונים יח',,IL,קונסילר 3 גוונים,יחידה,1.00,יחידה,false,1,132.00,132.00,true,1,
693102300019,false,קונסילר נוזליים Dawn יח',,IL,קונסילר נוזליים,יחידה,1.00,יחידה,false,1,96.00,96.00,true,1,
693102440074,false,עפרון בז,,IL,עפרון בז,יחידה,1.00,יחידה,false,1,68.00,68.00,true,1,
693102440081,false,עפרון לבן לעיניים יח',,IL,עפרון לבן לעיניי,יחידה,1.00,יחידה,false,1,68.00,68.00,true,1,
693102441156,false,תוחם שפתיים יח',,IL,תוחם שפתיים,יחידה,1.00,יחידה,false,1,58.00,58.00,true,1,
693102500334,false,שפתון נוזלי-אנג'לס,OFRA,US,שפתון-אנג'לס,יחידה,1.00,יחידה,false,0,89.00,89.00,true,1,
693102500372,false,שפתון נוזלי-לגונה ביץ',OFRA,US,שפתון-לגונה ביץ',יחידה,1.00,יחידה,false,0,89.00,89.00,true,1,
693102500495,false,שפתון נוזלי-מוקה יח',OFRA,US,שפתון-מוקה,יחידה,1.00,יחידה,false,0,89.00,89.00,true,1,
693102500532,false,שפתון נוזלי-לאס ווגס יח',OFRA,US,שפתון-לאס ווגס,יחידה,1.00,יחידה,false,0,89.00,89.00,true,1,
693102500563,false,שפתון נוזלי-סאו פאולו,OFRA,US,שפתון-סאו פאולו,יחידה,1.00,יחידה,false,0,89.00,89.00,true,1,
693102500624,false,שפתון נוזלי-אולטימט רד,OFRA,US,שפתון-אולטימט רד,יחידה,1.00,יחידה,false,0,89.00,89.00,true,1,
693102500747,false,שפתון נוזלי-דובאי יח',OFRA,US,שפתון-דובאי,יחידה,1.00,יחידה,false,0,89.00,89.00,true,1,
693102500952,false,שפתון נוזלי-ניוד פושן,OFRA,US,שפתון-ניוד פושן,יחידה,1.00,יחידה,false,0,89.00,89.00,true,1,
693102660021,false,פלקסי ליפ גלוס יח',,IL,פלקסי ליפ גלוס,יחידה,1.00,יחידה,false,1,80.00,80.00,true,1,
693102711488,false,פודרה שקופה דחוסה,,IL,פודרה שקופה דחוס,יחידה,1.00,יחידה,false,1,178.00,178.00,true,1,
693102800113,false,Palette Soul פלטה יח',,IL,Palette Soul פלט,יחידה,1.00,יחידה,false,1,280.00,280.00,true,1,
693102800199,false,פאלטת 5 צלליות לוקס יח',,IL,פאלטת 5 צלליות ל,יחידה,1.00,יחידה,false,1,135.00,135.00,true,1,
693102800229,false,פלטה צלליות והיילטרים יח,,IL,פלטה צלליות והיי,יחידה,1.00,יחידה,false,1,135.00,135.00,true,1,
693102800403,false,פלטה מידי סמקים יח',,IL,פלטה מידי סמקים,יחידה,1.00,יחידה,false,1,185.00,185.00,true,1,
719346094665,false,מידנייט פנטזי אדפ 100 מל,אלפא בישום,US,מידנייט פנטזי,מיליליטרים,100.00,"100 מ""ל",false,0,99.00,99.00,true,1,
719565389207,false,נסיכות י12 לקים,,CN,סט 12 לקים,יחידה,1.00,יחידה,false,0,63.90,63.90,true,1,
730852147669,false,מסקרה אינק 01 יח',,FR,מסקרה אינק 01,יחידה,1.00,יחידה,false,1,160.00,160.00,true,1,
737052189857,false,"גוצי ביי גוצי אדט 90 מ""ל",קוטי,FR,גוצי ביי גוצי אד,מיליליטרים,90.00,"100 מ""ל",false,1,399.00,443.33,true,1,
810905036819,false,מחליק MACH 2 מקצועי,,US,מחליק MACH מק,יחידה,1.00,יחידה,false,1,699.00,699.00,true,1,
812256023104,false,מונלייט פרגרנס מיסט236מל,,AE,מונלייט פרגרנס מ,מיליליטרים,236.00,"100 מ""ל",false,1,49.90,21.14,true,1,
815151024849,false,"סרום מגן חום 100 מ""ל",,IL,סרום מגן חום,מיליליטרים,100.00,"100 מ""ל",false,1,179.00,179.00,true,1,
815151025488,false,"דריי שמפו 232 מ""ל",,IL,דריי שמפו 232 מ,מיליליטרים,232.00,"100 מ""ל",false,1,99.00,42.67,true,1,
815151025945,false,color-lock VAULT שמפו 30,,IL,color-lock VAULT,מיליליטרים,300.00,"100 מ""ל",false,1,99.00,33.00,true,1,
815151026041,false,"שמפו אנטי פריז 300מ""ל",,IL,שמפו אנטי פריז,מיליליטרים,300.00,"100 מ""ל",false,1,99.00,33.00,true,1,
815151026072,false,"מרכך אנטי פריז 300מ""ל",,IL,מרכך אנטי פריז,מיליליטרים,300.00,"100 מ""ל",false,1,79.00,26.33,true,1,
815151027000,false,מחליק אינפרא רד יח',,IL,מחליק אינפרא רד,יחידה,1.00,יחידה,false,1,649.00,649.00,true,1,
815151028106,false,סט דוגמיות color-l VAULT,,IL,סט דוגמיות VAULT,יחידה,1.00,יחידה,false,1,5.00,5.00,true,1,
815151028519,false,"קרם אנטי פריז 200 מ""ל",,IL,קרם אנטי פריז,מיליליטרים,200.00,"100 מ""ל",false,1,109.00,54.50,true,1,
839762002379,false,איילנד מנגו,,EG,איילנד מנגו,מיליליטרים,350.00,"100 מ""ל",false,0,6.90,1.97,true,1,
840117801875,false,Perfect Strand מחליק קרמ,,IL,Perfect Strand מ,יחידה,1.00,יחידה,false,1,349.00,349.00,true,1,
840117803695,false,BRASS YOUR BUST - מסכה 2,,IL,BRASS YOUR BUST,מיליליטרים,250.00,"100 מ""ל",false,1,159.00,63.60,true,1,
840117804111,false,"מסלסל שיער 19 מ""מ - ורוד",,IL,"מסלסל שיער 19 מ""",יחידה,1.00,יחידה,false,1,349.00,349.00,true,1,
840117804135,false,מיני מחליק טיטניום ורוד,,IL,מיני מחליק טיטני,יחידה,1.00,יחידה,false,1,180.00,180.00,true,1,
840117804197,false,מסכה לשיקום אינטנסיבי 58,,IL,מסכה לשיקום אינט,גרמים,580.00,100 גרם,false,1,179.00,30.86,true,1,
840117804609,false,"פריימר הקוסם 118 מ""ל",,,פריימר הקוסם,מיליליטרים,118.00,"100 מ""ל",false,1,129.00,109.32,true,1,
840117804647,false,"סולפוד מסכת הזנה 500 מ""ל",,IL,סולפוד מסכת הזנה,מיליליטרים,500.00,"100 מ""ל",false,1,149.00,29.80,true,1,
840117804654,false,"סרום מגן חום OB 50 מ""ל",,IL,סרום מגן חום OB,מיליליטרים,50.00,"100 מ""ל",false,1,109.00,218.00,true,1,
840117805583,false,מחליק קרמי ורוד מסטיק,,IL,מחליק קרמי ורוד,יחידה,1.00,יחידה,false,1,349.00,349.00,true,1,
840117805736,false,שמפו לשיקום השיער 275 מל,HMS,US,שמפו לשיקום השיע,מיליליטרים,275.00,"100 מ""ל",false,1,109.00,39.64,true,1,
840117805743,false,מרכך לשיקום השיער 275 מל,HMS,US,מרכך לשיקום השיע,מיליליטרים,275.00,"100 מ""ל",false,1,99.00,36.00,true,1,
840117806085,false,מחליק טיטניום גולמי ורוד,,IL,מחליק טיטניום גו,יחידה,1.00,יחידה,false,1,479.00,479.00,true,1,
841058006633,false,ג'ל גילוח אדג'רעננות200מ,אנרג'ייזר,US,ג'ל גילוח,מיליליטרים,200.00,"100 מ""ל",false,1,18.90,9.45,true,1,
861940000006,false,ג'סיקה מקלינטוק אדפ100מל,,US,ג'סיקה מקלינטוק,מיליליטרים,100.00,"100 מ""ל",false,1,109.00,109.00,true,1,
887167147751,false,איילינר ליטל בלאר ליינר,אסתי לאודר,JP,איילינר ליטל בלא,יחידה,1.00,יחידה,false,0,155.00,155.00,true,1,
887167327665,false,WEAR DAY קרם עיניים 15מל,אסתי לאודר,GB,WEAR DAY קרם עינ,מיליליטרים,15.00,"100 מ""ל",false,1,160.00,1066.67,true,1,
887167368668,false,רזילאנס ליפט ק.עיניים12מ,קליניק,GB,רזילאנס ליפט קרם,מיליליטרים,12.00,"100 מ""ל",false,1,320.00,2666.67,true,1,
887167415942,false,רויטליזינג סופרים ניט50מ,,US,רויטליזינג סופרי,מיליליטרים,50.00,"100 מ""ל",false,1,500.00,1000.00,true,1,
887167455436,false,אדוונס נייט ריפר מטריקס,,IL,אדוונס נייט ריפר,יחידה,1.00,יחידה,false,1,300.00,300.00,true,1,
887167461031,false,קונסילר Radiant בגוון 3C,קליניק,IT,קונסילר Radiant,מיליליטרים,10.00,"100 מ""ל",false,1,140.00,1400.00,true,1,
887167592582,false,תיק בגודל מיוחד,אסתי לאודר,CA,תיק בגודל מיוחד,יחידה,1.00,יחידה,false,1,49.90,49.90,true,1,
889809002602,false,מסכה למיצוק והידוק העור,גלאם גלואו,US,מסכה למיצוק והיד,גרמים,50.00,100 גרם,false,1,209.00,418.00,true,1,
3014260100636,false,מברשת שיניים לילדים 0-2,פרוקטר אנד גמבל,IE,מברשת שיניים,יחידה,1.00,יחידה,false,1,15.90,15.90,true,1,
3014260262709,false,סכיני גילוח ונוס 4 יח,,DE,סכיני גילוח ונ,יחידה,1.00,יחידה,false,0,49.90,49.90,true,1,
3014260289287,false,5 סכיני גילוח בלו2 לאשה,פרוקטר אנד גמבל,RU,סכיני גילוח,יחידה,1.00,יחידה,false,0,15.90,15.90,true,1,
3014260293253,false,ג'ילט סכין בלו 2 פלוס 10,ג'\ילט,US,ג'ילט סכין בלו 2,יחידה,1.00,יחידה,false,1,29.90,29.90,true,1,
3059944021197,false,ויט קרם להסרת שיער 400מל,רקיט בנקיזר,FR,מסיר שיער ויט,מיליליטרים,400.00,"100 מ""ל",false,0,58.90,14.73,true,1,
3059944022415,false,ויט ארומטיק רצועות 10יח,רקיט בנקיזר,FR,ויט רצועות,יחידה,1.00,יחידה,false,0,38.90,38.90,true,1,
3145891071801,false,בלו דה שאנל פרפיום 100מל,שאנל בישום,FR,בלו דה שאנל פרפי,מיליליטרים,100.00,"100 מ""ל",false,1,679.00,679.00,true,1,
3145891073706,false,"בלו דה שאנל ג.אדפ 150מ""ל",שאנל בישום,IL,בלו דה שאנל ג.אד,מיליליטרים,150.00,"100 מ""ל",false,0,679.00,452.67,true,1,
3145891074604,false,CHANEL DE BLEU אדט 100,שאנל בישום,FR,CHANEL DE BLEU,מיליליטרים,100.00,"100 מ""ל",false,1,509.00,509.00,true,1,
3145891074802,false,בלו דה שאנל ספרי גבר אדט,שאנל,FR,בלו שה שאנל לגבר,מיליליטרים,150.00,"100 מ""ל",false,1,589.00,392.67,true,1,
3145891168303,false,קוקו מדמואזל קרם גוף 150,שאנל בישום,IL,קוקו מדמואזל קרם,גרמים,150.00,100 גרם,false,0,385.00,256.67,true,1,
3145891235609,false,אלור ספורט ג.אדט100,שאנל בישום,IL,אלור ספורט ג.אדט,מיליליטרים,100.00,"100 מ""ל",false,0,565.00,565.00,true,1,
3145891236309,false,אלור ספורט אדט ספריי,שאנל בישום,FR,אלור ספורט אדט ס,מיליליטרים,100.00,"100 מ""ל",false,0,509.00,509.00,true,1,
3147758029390,false,"מיריקל לאשה אדפ 50 מ""ל",לנקום בישום,IL,מיריקל לאשה אדפ,מיליליטרים,50.00,"100 מ""ל",false,0,288.00,576.00,true,1,
3147758051216,false,BOCAGE דאודורנט ספריי,לנקום,IL,BOCAGE דאודורנט,מיליליטרים,125.00,"100 מ""ל",false,0,99.00,79.20,true,1,
3274872395503,false,"Pi א.ד.ט לגבר 100 מ""ל",,FR,Pi א.ד.ט לגבר,מיליליטרים,100.00,"100 מ""ל",false,1,219.00,219.00,true,1,
3346132302801,false,"אבסולו אדפ לאישה 90 מ""ל",,IL,אבסולו אדפ לאישה,מיליליטרים,90.00,"100 מ""ל",false,1,436.00,484.44,true,1,
3348901321129,false,"סובאזי אדט לגבר 200 מ""ל",,IL,סובאזי אדט לגבר,מיליליטרים,200.00,"100 מ""ל",false,1,649.00,324.50,true,1,
3348901428545,false,"סובאזי אדפ 200 מ""ל",,IL,סובאזי אדפ 200 מ,מיליליטרים,200.00,"100 מ""ל",false,1,699.00,349.50,true,1,
3348901486385,false,SAUVAGE פרפיום לגבר100מל,כריסטיאן דיור,FR,SAUVAGE פרפיום,מיליליטרים,100.00,"100 מ""ל",false,0,609.90,609.90,true,1,
3349666007921,false,MILLION 1 א.ד.ט לגבר,לילית בישום,IL,MILLION 1 א.ד.ט,מיליליטרים,100.00,"100 מ""ל",false,0,249.00,249.00,true,1,
3349668566372,false,"ONE מיליון 200 מ""ל",לילית בישום,FR,ONE מיליון,מיליליטרים,200.00,"100 מ""ל",false,1,359.00,179.50,true,1,
3349668589678,false,"INVICTUS אדט 200 מ""ל",,FR,INVICTUS אדט,מיליליטרים,200.00,"100 מ""ל",false,1,349.00,174.50,true,1,
3349668599110,false,אינויקטוס פלטינו.אדפ100מ,,FR,אינויקטוס פלטינו,מיליליטרים,100.00,"100 מ""ל",false,1,289.00,289.00,true,1,
3355991004597,false,סילבר סנט דיפ אדט100מל,אלפא בישום,FR,scent silver,מיליליטרים,100.00,"100 מ""ל",false,1,99.00,99.00,true,1,
3355991004924,false,pure scent silver אדט100,אלפא בישום,FR,scent silver,מיליליטרים,100.00,"100 מ""ל",false,1,99.00,99.00,true,1,
3360372078500,false,Gio Di Acqua אדט גבר200מ,לנקום בישום,FR,Gio Di Acqua אדט,מיליליטרים,200.00,"100 מ""ל",false,1,499.00,249.50,true,1,
3386460032681,false,"LEGEND א.ד.ט לגבר100 מ""ל",מונבלאן,FR,LEGEND אדט לגבר,מיליליטרים,100.00,"100 מ""ל",false,1,259.00,259.00,true,1,
3386460074797,false,Legend א.ד.ט לגבר200מל,רבלון בישום,IL,Legend א.ד.ט גבר,מיליליטרים,200.00,"100 מ""ל",false,0,339.00,169.50,true,1,
3386460125482,false,מארז רושס לגבר 100+50מל,אינטר פרמיום,FR,מארז רושס לגבר,יחידה,1.00,יחידה,false,1,199.00,199.00,true,1,
3386460128605,false,מארז רושס לגבר,אינטר פרמיום,FR,מארז רושס לגבר,יחידה,1.00,יחידה,false,1,199.00,199.00,true,1,
3386460130530,false,אקספלורר אדפ סט לגבר,אינטר פרמיום,FR,מונבלאן סט לגבר,יחידה,1.00,יחידה,false,1,299.00,299.00,true,1,
3390150570681,false,מסיר איפור עיניים 400 מל,פאיו,FR,מסיר איפור,מיליליטרים,400.00,"100 מ""ל",false,1,69.00,17.25,true,1,
3412242508027,false,נאוטיקה בלו אדט גבר100מל,סופטאץ בישום,IL,נאוטיקה בלו אדט,מיליליטרים,100.00,"100 מ""ל",false,0,79.00,79.00,true,1,
3412242610089,false,אדט אדידס אייס דייב100מ,דנשר,IL,א.ד.ט אדידס,מיליליטרים,100.00,"100 מ""ל",false,0,48.90,48.90,true,1,
3423222015565,false,לימפטריס מס' 3 אדט 100 מ,,FR,לימפטריס מס' 3 א,מיליליטרים,100.00,"100 מ""ל",false,1,139.00,139.00,true,1,
3423473020516,false,לייט בלו ג.אדט125מל,דולצ'ה&גב.שסטוב,IL,לייט בלו ג.אדט,מיליליטרים,125.00,"100 מ""ל",false,0,279.00,223.20,true,1,
3423473032878,false,לייט בלו אינטנס אדפ100מל,דולצ'ה&גב.שסטוב,FR,לייט בלו אינטנס,מיליליטרים,100.00,"100 מ""ל",false,1,379.00,379.00,true,1,
3423473049357,false,K אפטר שייב באלם 100מל,,FR,K אפטר שייב באלם,מיליליטרים,100.00,"100 מ""ל",false,1,209.00,209.00,true,1,
3423474846054,false,איסימיאקי פיור נקטר 50מל,איסימיאקי.,IL,איסימיאקי פיור,מיליליטרים,50.00,"100 מ""ל",false,1,299.00,598.00,true,1,
3423478515857,false,איסמיאקי לאו דיסי רוז 50,ש.שסטוביץ,FR,איסמיאקי לאו דיס,מיליליטרים,50.00,"100 מ""ל",false,1,299.00,598.00,true,1,
3494800240037,false,מרינה גולדן דיסטני100מל,רבלון בישום,FR,מרינה גולדן דיסט,מיליליטרים,100.00,"100 מ""ל",false,0,129.00,129.00,true,1,
3574660239829,false,קרם ידיים ניוטרוג'ינה 75,ג'ונסון,FR,קרם ידיים קליל,מיליליטרים,75.00,"100 מ""ל",false,0,24.90,33.20,true,1,
3574660269635,false,ג'ל לפנים clean deep,ג'ונסון,FR,ג'ל לפנים c deep,מיליליטרים,150.00,"100 מ""ל",false,1,59.90,39.93,true,1,
3574660514643,false,"קרם רב""ש ניוטרוג'ינה 300",ג'ונסונס בייבי,FR,"קרם רב""ש",מיליליטרים,300.00,"100 מ""ל",false,0,29.90,9.97,true,1,
3574661003917,false,מי פה ליסטרין טוטל קר250,ג'\ונסון אנד ג'\ונסון,IT,מי פה ליסטרין,מיליליטרים,250.00,"100 מ""ל",false,0,10.00,4.00,true,1,
3574661039725,false,ויזבלי פור&שיין+משאבה200,ג'ונסון,GR,ויזבלי פור&שיין,מיליליטרים,200.00,"100 מ""ל",false,1,57.90,28.95,true,1,
3574661098937,false,תח. גוף נטרוג'ינה יבש400,ג'ונסון,FR,תחליב גוף,מיליליטרים,400.00,"100 מ""ל",false,1,29.90,7.48,true,1,
3574661114620,false,"ליסטרין זירו 250 מ""ל",ג'\ונסון אנד ג'\ונסון,IT,מי פה ליסטרין,מיליליטרים,250.00,"100 מ""ל",false,0,10.00,4.00,true,1,
3574661114637,false,"ליסטרין זירו 500 מ""ל",ג'\ונסון אנד ג'\ונסון,IT,מי פה ליסטרין,מיליליטרים,500.00,"100 מ""ל",false,1,19.90,3.98,true,1,
3574661288345,false,BOOST HYDROג'ל ניקוי200מ,ג'ונסון,PL,ג'ל ניקוי לפנים,מיליליטרים,200.00,"100 מ""ל",false,1,58.90,29.45,true,1,
3574661317021,false,מגבונ.פנים הידרובוסט25יח,ג'ונסון,PL,מגבונים לפנים,יחידה,1.00,יחידה,false,1,31.90,31.90,true,1,
3574661363998,false,"ליסטרין גרין תה 500 מ""ל",ג'\ונסון אנד ג'\ונסון,IT,מי פה ליסטרין,מיליליטרים,500.00,"100 מ""ל",false,1,38.90,7.78,true,1,
3574661419435,false,תחבושות וניה מקסי 12 יח,,BE,תחבושות וניה,יחידה,1.00,יחידה,false,1,25.90,25.90,true,1,
3574661425696,false,ג'ונסון בייבי תחליב 500מ,ג'ונסון,IT,ג'ונסון תחליב,מיליליטרים,500.00,"100 מ""ל",false,1,31.90,6.38,true,1,
3574661458748,false,טלק לתינוקות,ג'ונסון,IT,טלק לתינוקות,גרמים,200.00,100 גרם,false,1,19.90,9.95,true,1,
3574661487328,false,מגן תחתון קרפרי 56 יח',ג'\ונסון אנד ג'\ונסון,GR,מגני תחתון קרפרי,יחידה,1.00,יחידה,false,1,12.90,12.90,true,1,
3574661498430,false,אשכולית ורודה ת.פנים150מ,ג'ונסון,FR,אשכולית ורודה תר,מיליליטרים,150.00,"100 מ""ל",false,1,57.90,38.60,true,1,
3574661500355,false,מגן קרפרי לונג רגיל 40יח,ג'ונסון,GR,מגני תחתון קרפרי,יחידה,1.00,יחידה,false,1,12.90,12.90,true,1,
3574661501901,false,שטיפה אינטימית קרפרימ200,קולגייט פלמוליב,IT,שטיפה אינטימית,מיליליטרים,200.00,"100 מ""ל",false,1,19.90,9.95,true,1,
3574661552804,false,56קרפרי מגן תחתון אלוורה,ג'\ונסון אנד ג'\ונסון,GR,מגני תחתון קרפרי,יחידה,1.00,יחידה,false,1,12.90,12.90,true,1,
3574661554877,false,קרפרי כותון מבושם 56 יחי,"ש. שסטוביץ בע""\מ",GR,מגני תחתון קרפרי,יחידה,1.00,יחידה,false,1,12.90,12.90,true,1,
3574661554884,false,56קרפרי רגיל טנגה ריחני,ג'\ונסון אנד ג'\ונסון,GR,מגני תחתון קרפרי,יחידה,1.00,יחידה,false,1,12.90,12.90,true,1,
3574661560489,false,CLEAN DEEP מגבונים יח',,FR,CLEAN DEEP מגבונ,יחידה,1.00,יחידה,false,1,28.90,28.90,true,1,
3574661610344,false,"ניוטרוג'נה קרם רב""ש 300מ",גונסון אנד גונסון סנטה ב,FR,ניוטרוג'ינה קרם,מיליליטרים,300.00,"100 מ""ל",false,1,29.90,9.97,true,1,
3574661643359,false,מי פה ליסטרין נטורל 500מ,ג'\ונסון אנד ג'\ונסון,IT,מי פה ליסטרין,מיליליטרים,500.00,"100 מ""ל",false,1,38.90,7.78,true,1,
3574661650029,false,מי פה ליסטרין נטורל 500מ,ג'\ונסון אנד ג'\ונסון,IT,מי פה ליסטרין,מיליליטרים,500.00,"100 מ""ל",false,1,38.90,7.78,true,1,
3574669907682,false,ג'ונסון בייבי טלק 500 גר,INTERNATIONAL GMBH CILAG,IT,טלק ג'ונסון,גרמים,500.00,100 גרם,false,1,37.90,7.58,true,1,
3574669907972,false,ג'ונסון שמפו ברק 750מל,ג'ונסון,IT,ג'ונסון שמפו,מיליליטרים,750.00,"100 מ""ל",false,1,28.90,3.85,true,1,
3574669908665,false,ג'ונסון אלסבון ל.שינה750,ג'ונסון,IT,ג'ונסון אל סבון,מיליליטרים,750.00,"100 מ""ל",false,1,24.90,3.32,true,1,
3574669909495,false,ג'ונסון שמפו לקשרים 500מ,ג'ונסון,IT,ג'ונסון שמפו,מיליליטרים,500.00,"100 מ""ל",false,1,25.90,5.18,true,1,
3595471075055,false,מרצדס-בנץ מארז 3* יח',INCC,FR,מרצדס-בנץ מארז *,יחידה,1.00,יחידה,false,1,59.90,59.90,true,1,
3600520881799,false,TELESCOPIC מסקרה שחורה,לוריאל,IT,TELESCOPIC מסקרה,יחידה,1.00,יחידה,false,0,63.90,63.90,true,1,
3600521018095,false,מסקרה ווליומיסים יח',,IL,מסקרה ווליומיסים,יחידה,1.00,יחידה,false,1,45.00,45.00,true,1,
3600521094365,false,קסטינג קרם גלוס מס300',לוריאל פריז,BE,צבע לשיער קסטינג,יחידה,1.00,יחידה,false,0,35.90,35.90,true,1,
3600521094457,false,קסטינג קרם גלוס מס550',לוריאל פריז,BE,צבע שיער קסטינג,יחידה,1.00,יחידה,false,0,35.90,35.90,true,1,
3600521094471,false,קסטינג קרס גלוס מס600',לוריאל פריז,BE,צבע לשיער קסטינג,יחידה,1.00,יחידה,false,0,35.90,35.90,true,1,
3600521366639,false,קסטינג קרם גלוס מס 323,לוריאל פריז,BE,קסטינג קרם גלוס,יחידה,1.00,יחידה,false,1,35.90,35.90,true,1,
3600521627419,false,סומק 150 טרו מאץ,לוריאל,IT,סומק טרו מאץ,יחידה,1.00,יחידה,false,0,56.90,56.90,true,1,
3600521992111,false,PERFECT AGE קרם לילה,"קרלסרו, גרמניה",DE,PERFECT AGE קרם,מיליליטרים,50.00,"100 מ""ל",false,0,125.00,250.00,true,1,
3600522029946,false,אייג' פרפקט קרם יום50מל,לוריאל פרודקשן דויטשלנד,DE,אייג' פרפקט קרם,מיליליטרים,50.00,"100 מ""ל",false,1,125.00,250.00,true,1,
3600522251750,false,REVITALIFT קרם עיניים,אולניי,FR,קרם עיניים,מיליליטרים,15.00,"100 מ""ל",false,0,79.90,532.67,true,1,
3600522825463,false,אקסלנס אינטנס מס6.66',ליברמו,BE,צבע לשיער אקסלנס,יחידה,1.00,יחידה,false,1,35.90,35.90,true,1,
3600522862390,false,MATCH TRUE מייק אפ N2,לוריאל,FR,N2 MATCH TRUE,מיליליטרים,30.00,"100 מ""ל",false,1,92.90,309.67,true,1,
3600522862413,false,MATCH TRUE מייק אפ N4,לוריאל,FR,N4 MATCH TRUE,מיליליטרים,30.00,"100 מ""ל",false,1,92.90,309.67,true,1,
3600522862499,false,MATCH TRUE מייק אפ C3,לוריאל,FR,C3 MATCH TRUE,מיליליטרים,30.00,"100 מ""ל",false,1,92.90,309.67,true,1,
3600522862543,false,MATCH TRUE מייק אפ W3,לוריאל,FR,W3 MATCH TRUE,מיליליטרים,30.00,"100 מ""ל",false,1,92.90,309.67,true,1,
3600523193158,false,מג'יק ריטאצ' 2 חום,לוריאל ליברמו,BE,ספריי לצביעה שיע,מיליליטרים,75.00,"100 מ""ל",false,1,31.90,42.53,true,1,
3600523201310,false,REVITALIFT קרם עיניים,אולניי,FR,קרם עיניים,מיליליטרים,15.00,"100 מ""ל",false,1,109.00,726.67,true,1,
3600523305957,false,CLAY PURE מסכת חימר,"קרלסרו, גרמניה",DE,מסכה לפנים,מיליליטרים,50.00,"100 מ""ל",false,1,59.90,119.80,true,1,
3600523363193,false,HG ג'ל לחות לעור יבש 70מ,"לוריאל פרודקשן דויטשלנד,",DE,HG ג'ל לחות,מיליליטרים,70.00,"100 מ""ל",false,1,60.00,85.71,true,1,
3600523409273,false,עפרון שחור סופר ליינר יח,,CN,עפרון שחור סופר,יחידה,1.00,יחידה,false,1,25.00,25.00,true,1,
3600523428663,false,REVITALIFT קרם יום50מל,"קרלסרו, גרמניה",DE,REVITALIFT קרם,מיליליטרים,50.00,"100 מ""ל",false,1,79.90,159.80,true,1,
3600523448760,false,חלב פנים עור רגיש פרח400,"קרלסרו, גרמניה",DE,חלב פנים,מיליליטרים,400.00,"100 מ""ל",false,1,41.90,10.48,true,1,
3600523450435,false,ג'ל רחצה עור רגיש פרח150,קרלסרו,FR,ג'ל רחצה לפנים,מיליליטרים,150.00,"100 מ""ל",false,1,35.90,23.93,true,1,
3600523476619,false,"ג'ל ניקוי כחול 150 מ""ל",סופרוריאל אולניי,FR,ג'ל ניקוי כחול,מיליליטרים,150.00,"100 מ""ל",false,1,35.90,23.93,true,1,
3600523500154,false,קוניסלר טרו מאץ 1N יח',לוריאל,IL,קוניסלר טרו מאץ,יחידה,1.00,יחידה,false,1,64.90,64.90,true,1,
3600523500284,false,קונסילר טרו מאץ 1C,לוריאל,IL,קונסילר טרו מאץ,יחידה,1.00,יחידה,false,1,64.90,64.90,true,1,
3600523526062,false,שמן לעור ולזקן ארוך 30מל,KARLSRUHE,DE,שמן לעור ולזקן,מיליליטרים,30.00,"100 מ""ל",false,1,54.90,183.00,true,1,
3600523526208,false,מן אקספרט ברבר ג'ל לחות,,DE,מן אקספרט ברבר ג,מיליליטרים,50.00,"100 מ""ל",false,1,54.90,109.80,true,1,
3600523614448,false,מייקאפ פרש וור 015 30 מל,,FR,מייקאפ פרש וור 0,מיליליטרים,30.00,"100 מ""ל",false,1,99.90,333.00,true,1,
3600523652259,false,מרכך אלביב קולור פרוטקט,קוסמטיקס,TR,אלביב מרכך,מיליליטרים,550.00,"100 מ""ל",false,1,15.90,2.89,true,1,
3600523652280,false,שמפו אלביב 6 שמנים,קוסמטיקס,TR,אלביב שמפו,מיליליטרים,550.00,"100 מ""ל",false,1,15.90,2.89,true,1,
3600523716524,false,רויטליפט קרם יוםאדום50מל,"קרלסרו, גרמניה",DE,קרם יום אדום,מיליליטרים,50.00,"100 מ""ל",false,1,94.90,189.80,true,1,
3600523747214,false,שפתון קולוריש נודס 09 יח,,IL,שפתון קולוריש נו,יחידה,1.00,יחידה,false,1,55.00,55.00,true,1,
3600523782567,false,שמפו אלביב דרים לונג500מ,קוסמטיקס,FR,אלביב שמפו,מיליליטרים,500.00,"100 מ""ל",false,1,15.90,3.18,true,1,
3600523782581,false,מרכך אלביב דרים לונג,קוסמטיקס,FR,אלביב מרכך,מיליליטרים,500.00,"100 מ""ל",false,1,15.90,3.18,true,1,
3600523783809,false,מייק אפ מאט קאבר 11 30 מ,,IL,מייק אפ מאט קאבר,מיליליטרים,30.00,"100 מ""ל",false,1,69.90,233.00,true,1,
3600523784462,false,מייק אפ מאט קאבר 290 30,,IL,מייק אפ מאט קאבר,מיליליטרים,30.00,"100 מ""ל",false,1,69.90,233.00,true,1,
3600523796830,false,גבות סקיני 103 יח',,IL,גבות סקיני 103,יחידה,1.00,יחידה,false,1,50.00,50.00,true,1,
3600523796878,false,גבות סקיני 109יח',,IL,גבות סקיני 109,יחידה,1.00,יחידה,false,1,50.00,50.00,true,1,
3600523816699,false,ACTIVE TRIPLE ג'ל קרם50מ,"קרלסרו, גרמניה",DE,קרם לחות,מיליליטרים,50.00,"100 מ""ל",false,1,49.90,99.80,true,1,
3600523873920,false,"רויטליפט פילר סרום 30מ""ל",,DE,רויטליפט פילר סר,מיליליטרים,30.00,"100 מ""ל",false,1,109.00,363.33,true,1,
3600523936700,false,"דרמו.פעולה משולשת 50 מ""ל","קרלסרו, גרמניה",DE,דרמו פעולה משולש,מיליליטרים,50.00,"100 מ""ל",false,1,49.90,99.80,true,1,
3600523951291,false,פודרה עמידה אינפליבל 20,,IT,פודרה עמידה אינפ,יחידה,1.00,יחידה,false,1,65.00,65.00,true,1,
3600523951444,false,פודרה עמידה אינפליבל 120,,IT,פודרה עמידה אינפ,יחידה,1.00,יחידה,false,1,65.00,65.00,true,1,
3600523951543,false,פודרה עמידה אינפליבל 130,,IT,פודרה עמידה אינפ,יחידה,1.00,יחידה,false,1,65.00,65.00,true,1,
3600523951598,false,פודרה עמידה אינפליבל 140,,IT,פודרה עמידה אינפ,יחידה,1.00,יחידה,false,1,65.00,65.00,true,1,
3600523953677,false,"דרמו רויטליפט לחות50 מ""ל","קרלסרו, גרמניה",DE,דרמו רויטליפט לח,מיליליטרים,50.00,"100 מ""ל",false,1,94.90,189.80,true,1,
3600523965663,false,רויטליפט פילר טונר 200 מ,,PL,רויטליפט פילר טו,מיליליטרים,200.00,"100 מ""ל",false,1,41.90,20.95,true,1,
3600523967131,false,רויטליפט פילר מים מיסלרי,,PL,רויטליפט פילר מי,מיליליטרים,200.00,"100 מ""ל",false,1,41.90,20.95,true,1,
3600523970698,false,"אלביב וונדר ווטר 200 מ""ל",LIBRAMONT,BE,אלביב וונדר ווטר,מיליליטרים,200.00,"100 מ""ל",false,1,34.90,17.45,true,1,
3600523971954,false,דרמו רויטליפט לייזר סרום,,DE,דרמו רויטליפט לי,מיליליטרים,30.00,"100 מ""ל",false,1,79.90,266.33,true,1,
3600523985326,false,קרם אנטי אייגינג 50מל,לוריאל פריס,DE,קרם אנטי אייגינג,מיליליטרים,50.00,"100 מ""ל",false,1,79.90,159.80,true,1,
3600524012601,false,סרום לילה דרמו רנסנס30מל,KARLSRUHE,DE,סרום לילה דרמו ר,מיליליטרים,30.00,"100 מ""ל",false,1,129.90,433.00,true,1,
3600524013370,false,"דרמו רנסנס קרם יום 50מ""ל",KARLSRUHE,DE,דרמו רנסנס קרם,מיליליטרים,50.00,"100 מ""ל",false,1,124.00,248.00,true,1,
3600524013448,false,אייג פרפקט קרם עיניים 15,KARLSRUHE,DE,קרם עיניים,מיליליטרים,15.00,"100 מ""ל",false,1,124.00,826.67,true,1,
3600524051211,false,רויטפילט פילר קרם יום50מ,,DE,רויטפילט פילר קר,מיליליטרים,50.00,"100 מ""ל",false,1,109.00,218.00,true,1,
3600524051334,false,אלביב מרכך היאלורונית400,RAMOUILLET,FR,אלביב מרכך,מיליליטרים,400.00,"100 מ""ל",false,1,14.90,3.73,true,1,
3600524051570,false,אלביב מסכה היאלורונית300,DEUT PRODUKTION L\'OREAL,DE,אלביב מסכה,מיליליטרים,300.00,"100 מ""ל",false,1,28.90,9.63,true,1,
3600524055400,false,אלביב שמפו היאלורונית500,RAMOUILLET,FR,אלביב שמפו,מיליליטרים,500.00,"100 מ""ל",false,1,15.90,3.18,true,1,
3600530695737,false,STAY SUPER שפתון 150 יח',סופרוג'ם,FR,STAY150 SUPER,יחידה,1.00,יחידה,false,1,43.90,43.90,true,1,
3600530695850,false,STAY SUPER שפתון 340 יח',סופרוג'ם,FR,STAY340 SUPER,יחידה,1.00,יחידה,false,1,43.90,43.90,true,1,
3600530695973,false,STAY SUPER שפתון 640 יח',סופרוג'ם,FR,STAY640 SUPER,יחידה,1.00,יחידה,false,1,43.90,43.90,true,1,
3600530733859,false,קונסילר אנטי איג'ינג02י,,IL,קונסילר אנטי איג,יחידה,1.00,יחידה,false,1,45.90,45.90,true,1,
3600530733866,false,קונסילר אנטי איג'ינג03 י,,IL,קונסילר אנטי איג,יחידה,1.00,יחידה,false,1,45.90,45.90,true,1,
3600530910960,false,מסקרה לגבות חום כהה,סייפו,IT,מסקרה לגבות,יחידה,1.00,יחידה,false,0,29.90,29.90,true,1,
3600531047795,false,ליינר מאסטר פרסייס זהב,שואן קוסמטיקס,DE,ליינר זהב,יחידה,1.00,יחידה,false,1,34.90,34.90,true,1,
3600531143459,false,SENSATIONAL LASH מסקרה,סייפו,IT,מסקרה,יחידה,1.00,יחידה,false,1,39.90,39.90,true,1,
3600531293178,false,פלטה צלליות בלאש ניודס,סייפו,IT,פלטה צלליות,יחידה,1.00,יחידה,false,0,44.90,44.90,true,1,
3600531324513,false,מייק אפ פיט מי מאט 115,סופרוג'ם,FR,מייק אפ,יחידה,1.00,יחידה,false,0,51.90,51.90,true,1,
3600531324544,false,מייק אפ פיט מי מאט 130,סופרוג'ם,FR,מייק אפ,יחידה,1.00,יחידה,false,0,51.90,51.90,true,1,
3600531365837,false,STAY SUPER שפתון 553 יח',סופרוג'ם,FR,STAY SUPER 553,יחידה,1.00,יחידה,false,1,43.90,43.90,true,1,
3600531369026,false,מייק אפ פיט מי מאט 128,מייבלין,IL,מייק אפ פיט מי מ,מיליליטרים,30.00,"100 מ""ל",false,0,51.90,173.00,true,1,
3600531384173,false,פודרה פיט מי יח',לוריאל,IL,פודרה פיט מי,יחידה,1.00,יחידה,false,1,36.90,36.90,true,1,
3600531384210,false,פיט פודרה 130 יחידה,מייבלין,IL,פיט פודרה 130,יחידה,1.00,יחידה,false,1,36.90,36.90,true,1,
3600531396855,false,קונסילר אנטי איג'ינג06 י,,IL,קונסילר אנטי איג,יחידה,1.00,יחידה,false,1,45.90,45.90,true,1,
3600531411107,false,שפתון סופר סטיי מאט15,,IL,שפתון סופר סטיי,יחידה,1.00,יחידה,false,1,43.90,43.90,true,1,
3600531465247,false,קונסילר 07 יח',,IL,קונסילר 07,יחידה,1.00,יחידה,false,1,45.90,45.90,true,1,
3600531469412,false,שפתון מאט אינק 70יח',מייבלין,IL,שפתון מאט אינק 7,יחידה,1.00,יחידה,false,1,43.90,43.90,true,1,
3600531469436,false,שפתון מאט אינק 75יח',מייבלין,IL,שפתון מאט אינק 7,יחידה,1.00,יחידה,false,1,43.90,43.90,true,1,
3600531469481,false,שפתון מאט אינק 80 יח',מייבלין,IL,שפתון מאט אינק 8,יחידה,1.00,יחידה,false,1,43.90,43.90,true,1,
3600531469498,false,שפתון מאט אינק 65 יח',מייבלין,IL,שפתון מאט אינק 6,יחידה,1.00,יחידה,false,1,43.90,43.90,true,1,
3600531584696,false,מסקרה פולסיס לאש ליפט יח,,IL,מסקרה פולסיס לאש,יחידה,1.00,יחידה,false,1,40.00,40.00,true,1,
3600531605674,false,שפתון מאט אינק 175 יח',מייבלין,IL,שפתון מאט אינק,יחידה,1.00,יחידה,false,1,43.90,43.90,true,1,
3600531609757,false,שפתון ליפטר גלוס 07 יח',,FR,שפתון ליפטר גלוס,יחידה,1.00,יחידה,false,1,40.00,40.00,true,1,
3600531629106,false,מסקרה לאש ליפט אקסט,,IT,מסקרה לאש ל,יחידה,1.00,יחידה,false,1,40.00,40.00,true,1,
3600531631383,false,"פריימר פיט מי מאט 5 מ""ל",,FR,פריימר פיט מי מא,יחידה,1.00,יחידה,false,1,40.00,40.00,true,1,
3600531632540,false,מייק אפ סופרסטיי 40 30 מ,מייבלין,FR,מייק אפ סופרסטיי,מיליליטרים,30.00,"100 מ""ל",false,1,55.00,183.33,true,1,
3600540308672,false,צבע קולור נטורלס בלונד 9,לוריאל ישראל קוסמטיקס בע,PL,צבע לשיער גרנייה,יחידה,1.00,יחידה,false,0,22.90,22.90,true,1,
3600541029323,false,ESSENTIALS מסיר איפור,סופרויאל,FR,ESSENTIALS מסיר,מיליליטרים,200.00,"100 מ""ל",false,0,24.90,12.45,true,1,
3600541253667,false,דאודורנט אינביזיבל150מ,סופרוקוס,FR,דאו.גרנייה,מיליליטרים,150.00,"100 מ""ל",false,0,16.90,11.27,true,1,
3600541402270,false,"דאודורנט ספריי פרש 150מ""",סופרוקוס,FR,דאו.גרנייה,מיליליטרים,150.00,"100 מ""ל",false,0,16.90,11.27,true,1,
3600541448476,false,"דאו.רול קונטרול 50 מ""ל",,FR,דאודורנט גרנייה,מיליליטרים,50.00,"100 מ""ל",false,1,17.90,35.80,true,1,
3600541928169,false,ניקוי נגזרת פחם פיור,"קרלסרו, גרמניה",DE,ג'יל ניקוי פיור,יחידה,1.00,יחידה,false,1,35.00,35.00,true,1,
3600541928275,false,מים מיסלריים דו-פאזי400מ,"קוסמופול, פולין",PL,מים מיסלריים דו,מיליליטרים,400.00,"100 מ""ל",false,1,35.00,8.75,true,1,
3600541940574,false,"מים מיסלריים 700 מ""ל",קוסמופול,PL,מים מיסלריים,מיליליטרים,700.00,"100 מ""ל",false,0,45.00,6.43,true,1,
3600541952720,false,PURE פחם ג'ל גרגירים,סופרויאל,FR,PURE פחם ג'ל,מיליליטרים,150.00,"100 מ""ל",false,1,35.00,23.33,true,1,
3600542245371,false,צבע לשיער אוליה 110 סופר,גרנייה,PL,צבעי שיער אוליה,יחידה,1.00,יחידה,false,1,25.90,25.90,true,1,
3600542245395,false,צבע לשיער אוליה גוון 3 1,גרנייה,PL,צבע לשיער אוליה,יחידה,1.00,יחידה,false,1,25.90,25.90,true,1,
3600542245418,false,צבע לשיער אוליה 4 חום כה,גרנייה,PL,אוליה מיני 4 חום,יחידה,1.00,יחידה,false,1,25.90,25.90,true,1,
3600542245487,false,צבע לשיער אוליה6חום בהיר,גרנייה,PL,צבע לשיער אוליה6,יחידה,1.00,יחידה,false,1,25.90,25.90,true,1,
3600542245609,false,אוליה מיני8.13 זהוב,גרנייה,PL,צבעי שיער אוליה,יחידה,1.00,יחידה,false,1,25.90,25.90,true,1,
3600542267953,false,"פיור מי מיסלר 400 מ""ל",גרנייה-קוסמטיקה,IL,פיור מי מיסלר,מיליליטרים,400.00,"100 מ""ל",false,1,35.00,8.75,true,1,
3600542309974,false,גרנייה דאו רול מגנזיום50,סופרוקוס,PL,דאו גרנייה,מיליליטרים,50.00,"100 מ""ל",false,1,17.90,35.80,true,1,
3600542365758,false,בוטניקל מי פנים ענבי200מ,"קוסמופול, פולין",PL,מי פנים ענבים,מיליליטרים,200.00,"100 מ""ל",false,1,24.90,12.45,true,1,
3600542365796,false,בוטניקל ג'ל ניקוי 200 מל,לוריאל,PL,בוטניקל ג'ל ניקו,מיליליטרים,200.00,"100 מ""ל",false,1,24.90,12.45,true,1,
3600542367936,false,מי פנים אלוורה,"קוסמופול, פולין",PL,מי פנים אלוורה,יחידה,1.00,יחידה,false,0,25.00,25.00,true,1,
3600542375801,false,פיור אקטיב 3 ב1 פחם150מל,גרנייה,FR,פיור אקטיב 3 ב 1,מיליליטרים,150.00,"100 מ""ל",false,1,35.00,23.33,true,1,
3600542385091,false,דאו רול אקשן 72 שעות 50,קוסמופול,PL,רול און גרנייה,מיליליטרים,50.00,"100 מ""ל",false,1,17.90,35.80,true,1,
3600542385220,false,דאו רול פרו. 6 סגול 50מל,סופרוקוס,FR,רול און גרנייה,מיליליטרים,50.00,"100 מ""ל",false,1,17.90,35.80,true,1,
3600542385329,false,טישו מסק תה ירוק יח',סין,CN,טישו מסק תה ירוק,יחידה,1.00,יחידה,false,1,14.90,14.90,true,1,
3600542398206,false,תרחיץ אלוורה,"קוסמופול, פולין",PL,תרחיץ אלוורה,יחידה,1.00,יחידה,false,0,25.00,25.00,true,1,
3600542412773,false,גרנייה פיור אקטיב פיל50מ,סופרוריאל אולניי,FR,גרנייה פיור פיל,מיליליטרים,50.00,"100 מ""ל",false,1,35.00,70.00,true,1,
3600542413626,false,מסכת טישו דובדבן שפתיים.,,CN,מסכת טישו דובדבן,יחידה,1.00,יחידה,false,1,12.90,12.90,true,1,
3600542415071,false,BB קרם לחות ללא שמן,לוריאל,FR,BB קרם לחות ללא,מיליליטרים,50.00,"100 מ""ל",false,1,60.00,120.00,true,1,
3600542416405,false,BBקרם לחות קלאסי 50מל,לוריאל,FR,BB מדיוםקרם לחות,מיליליטרים,50.00,"100 מ""ל",false,1,60.00,120.00,true,1,
3600542421638,false,פרוקטיס היירפוד שמפו350מ,"אינטרביוטי קוסמטיק בע""\מ",IL,פרוקטיס היירפוד,מיליליטרים,350.00,"100 מ""ל",false,1,13.50,3.86,true,1,
3600542421669,false,פרוקטיס היירפוד מרכך פפא,"אינטרביוטי קוסמטיק בע""\מ",IL,פרוקטיס היירפוד,מיליליטרים,350.00,"100 מ""ל",false,1,13.50,3.86,true,1,
3600542421683,false,פרוקטיס היירפוד שמפו בננ,"אינטרביוטי קוסמטיק בע""\מ",IL,פרוקטיס היירפוד,מיליליטרים,350.00,"100 מ""ל",false,1,13.50,3.86,true,1,
3600542421706,false,פרוקטיס היירפוד שמפו פפא,"אינטרביוטי קוסמטיק בע""\מ",IL,פרוקטיס היירפוד,מיליליטרים,350.00,"100 מ""ל",false,1,13.50,3.86,true,1,
3600542421737,false,פרוקטיס היירפוד מסכה מקד,"אינטרביוטי קוסמטיק בע""\מ",IL,פרוקטיס היירפוד,מיליליטרים,390.00,"100 מ""ל",false,1,39.90,10.23,true,1,
3600542431828,false,קולור נטורלס 1 שחור,לוריאל ישראל קוסמטיקס בע,PL,קולור נטורלס 1,יחידה,1.00,יחידה,false,1,22.90,22.90,true,1,
3600542431866,false,קולור נטורלס 6,קוסמפול,PL,קולור נטורלס 6,יחידה,1.00,יחידה,false,1,22.90,22.90,true,1,
3600542431873,false,צבע שיער קולור נטורלס 7,לוריאל ישראל קוסמטיקס בע,PL,קולור נטורלס 7,יחידה,1.00,יחידה,false,1,22.90,22.90,true,1,
3600542431880,false,קולור נטורלס 8,לוריאל ישראל קוסמטיקס בע,PL,קולור נטורלס 8,יחידה,1.00,יחידה,false,1,22.90,22.90,true,1,
3600542431897,false,קולור נטורלס 9,לוריאל ישראל קוסמטיקס בע,PL,קולור נטורלס 9,יחידה,1.00,יחידה,false,1,22.90,22.90,true,1,
3600542432023,false,קולור נטורלס 2,גרנייה,PL,קולור נטורלס 2,יחידה,1.00,יחידה,false,1,22.90,22.90,true,1,
3600542432054,false,קולור נטורלס 9.1,גרנייה,PL,קולור נטורלס9.1,יחידה,1.00,יחידה,false,1,22.90,22.90,true,1,
3600542432061,false,קולור נטורלס 7.1,גרנייה,PL,קולור נטורלס 7.1,יחידה,1.00,יחידה,false,1,22.90,22.90,true,1,
3600542432962,false,גרנייה סרום אלוורה 30 מל,KARLSRUHE,DE,גרנייה סרום אלוו,מיליליטרים,30.00,"100 מ""ל",false,1,59.90,199.67,true,1,
3600542450683,false,אומברה סולייר ברונזר200מ,,IL,אומברה סולייר בר,מיליליטרים,200.00,"100 מ""ל",false,1,49.00,24.50,true,1,
3600542456579,false,"מיסלר ויטמין סי 400 מ""ל",KARLSRUHE,DE,מיסלר ויטמין סי,מיליליטרים,400.00,"100 מ""ל",false,1,35.00,8.75,true,1,
3605522040588,false,E.D.T You With Stronger,אינטרביוטי-בישו,FR,u With Stronger,מיליליטרים,100.00,"100 מ""ל",false,0,298.00,298.00,true,1,
3605530931663,false,BOCAGE דאודורנט רול און,לנקום,IL,BOCAGE דאודורנט,מיליליטרים,50.00,"100 מ""ל",false,0,100.00,200.00,true,1,
3605532612768,false,belle est vie La אדפ50מל,לנקום בישום,FR,belle est vie La,מיליליטרים,50.00,"100 מ""ל",false,1,259.00,518.00,true,1,
3605532612836,false,belle est vie La אדפ 75מ,לנקום בישום,FR,belle est vie La,מיליליטרים,75.00,"100 מ""ל",false,1,309.00,412.00,true,1,
3605532670270,false,LIFT MULTI RENERGIE,לנקום,IL,RENERGIE ללילה,מיליליטרים,50.00,"100 מ""ל",false,0,549.00,1098.00,true,1,
3605532972152,false,BX ABSOLUE קרם עיניים,לנקום,IL,BX ABSOLUE קרם,מיליליטרים,15.00,"100 מ""ל",false,0,489.00,3260.00,true,1,
3607345264356,false,ספריי גוף דינמיק פולס150,COLEPCCL,PL,ספריי גוף אדידס,מיליליטרים,150.00,"100 מ""ל",false,0,22.90,15.27,true,1,
3607345264912,false,ספריי גוף אייס דייב 150מ,COLEPCCL,ES,ספריי גוף אדידס,מיליליטרים,150.00,"100 מ""ל",false,0,22.90,15.27,true,1,
3607349687458,false,דאו.אדידס קול דריי 150,קוטי,PT,דאו.אדידס,מיליליטרים,150.00,"100 מ""ל",false,1,16.90,11.27,true,1,
3614226754295,false,וולה ספריי לנפח 250מ,"אינטרספריי, צרפת",FR,וולה ספריי לשיער,מיליליטרים,250.00,"100 מ""ל",false,1,34.90,13.96,true,1,
3614226754301,false,וולה דלוקס מוס לנפח200מ,וולה,FR,וולה מוס לנפח,מיליליטרים,200.00,"100 מ""ל",false,1,39.90,19.95,true,1,
3614228830393,false,הוגו בוס אלייב אדפ 80 מל,קוטי HFC,DE,הוגו בוס אלייב א,מיליליטרים,80.00,"100 מ""ל",false,1,289.00,361.25,true,1,
3614229717082,false,וולה מוס למגע משי 200מ,אינטרספריי,FR,וולה מוס מגע משי,מיליליטרים,200.00,"100 מ""ל",false,1,39.90,19.95,true,1,
3614229823875,false,הוגו מן ג'סט דיפרנט 125מ,,FR,הוגו מן ג'סט דיפ,מיליליטרים,125.00,"100 מ""ל",false,1,199.00,159.20,true,1,
3614271081704,false,לנ.מתנה מברשת מייק אפ,לנקום,IL,לנ.מתנה מברשת מי,יחידה,1.00,יחידה,false,0,29.00,29.00,true,1,
3614271768735,false,קרם יום אבסולו סופט 60 מ,לנקום,FR,קרם יום אבסולו ס,מיליליטרים,60.00,"100 מ""ל",false,1,929.00,1548.33,true,1,
3614271955920,false,ג'ל ניקוי להארת מראה עור,,IL,ג'ל ניקוי להארת,מיליליטרים,125.00,"100 מ""ל",false,1,359.00,287.20,true,1,
3614272048553,false,ABSOLUE סרום לפנים30מל,לנקום,FR,סרום OLEO,מיליליטרים,30.00,"100 מ""ל",false,1,1059.00,3530.00,true,1,
3614272050358,false,"Y א.ד.פ לגבר 100 מ""ל",איב סן לורן,FR,Y א.ד.פ לגבר,מיליליטרים,100.00,"100 מ""ל",false,1,429.00,429.00,true,1,
3614272284593,false,"סרום אבסולו עיניים 15 מ""",לנקום,FR,סרום אבסולו עיני,מיליליטרים,15.00,"100 מ""ל",false,1,633.00,4220.00,true,1,
3614272325265,false,"אבסולו סופט 30 מ""ל",,FR,אבסולו סופט,מיליליטרים,30.00,"100 מ""ל",false,1,469.00,1563.33,true,1,
3614272664616,false,"Renergie קרם יום 50 מ""ל",,IL,RENERGIE קרם יום,מיליליטרים,50.00,"100 מ""ל",false,1,499.00,998.00,true,1,
3614272860377,false,"רנרג'י טריפל סרום 50 מ""ל",,FR,רנרג'י טריפל סרו,מיליליטרים,50.00,"100 מ""ל",false,1,539.00,1078.00,true,1,
3614272992054,false,"לה ויל בל אינטנס 100 מ""ל",,IL,לה ויל בל אינטנס,מיליליטרים,100.00,"100 מ""ל",false,1,399.00,399.00,true,1,
3614273128971,false,"MAD Y א.ד.פ לגבר 200 מ""ל",,FR,MAD Y א.ד.פ,מיליליטרים,200.00,"100 מ""ל",false,1,599.00,299.50,true,1,
3614273203470,false,"איידול אינטנס 50 מ""ל",,IL,איידול אינטנס,מיליליטרים,50.00,"100 מ""ל",false,1,269.00,538.00,true,1,
3614273307888,false,שפתון אבסולו רוג' קרם144,לנקום,FR,אבסולו רוג' קרם,יחידה,1.00,יחידה,false,0,159.00,159.00,true,1,
3614273346719,false,"BLEU NUIT LA אדט 100 מ""ל",,FR,BLEU NUIT LA אדט,מיליליטרים,100.00,"100 מ""ל",false,1,339.00,339.00,true,1,
3614273347846,false,מיי וואיי אינטנס אדפ50מל,,FR,מיי וואיי אינטנס,מיליליטרים,50.00,"100 מ""ל",false,1,289.00,578.00,true,1,
3614273370417,false,סרום פנים אבסולו מוקטן 5,לנקום,FR,סרום פנים אבסולו,מיליליטרים,5.00,"100 מ""ל",false,1,49.00,980.00,true,1,
3614273431194,false,היפנוז פלטת צלליות 16 יח,,FR,היפנוז פלטת צללי,יחידה,1.00,יחידה,false,1,279.00,279.00,true,1,
3614273478755,false,ROSSA LUNA א.ד.ט לגבר 10,,FR,ROSSA LUNA א.ד.ט,מיליליטרים,100.00,"100 מ""ל",false,1,327.00,327.00,true,1,
3614273556620,false,Ocean LunaRossa אדט 100,,FR,Ocean LunaRossa,מיליליטרים,100.00,"100 מ""ל",false,1,349.00,349.00,true,1,
3614273610292,false,מארז ליברה א.ד.פ לאישה י,,FR,מארז ליברה א.ד.פ,יחידה,1.00,יחידה,false,1,299.00,299.00,true,1,
3614273694797,false,"לה ויה בל א.ד.פ150מ""ל",לנקום,FR,לה ויה בל א.ד.פ.,מיליליטרים,150.00,"100 מ""ל",false,1,479.00,319.33,true,1,
3614273760164,false,"פרדוקס א.ד.פ אישה 90מ""ל",לנקום בישום,FR,פרדוקס א.ד.פ איש,מיליליטרים,90.00,"100 מ""ל",false,1,499.00,554.44,true,1,
3616302015580,false,"Ckfree א.ד.ט לגבר 100מ""ל",,GR,Ckfree אדט לגבר,מיליליטרים,100.00,"100 מ""ל",false,1,99.00,99.00,true,1,
3616302076796,false,סופט קולור 1/0אספרסו180ג,וולה,DE,סופט קולור 1/0,גרמים,180.00,100 גרם,false,1,24.90,13.83,true,1,
3616303455170,false,מארז אופוריה אדט לגבר,קוטי HFC,ES,מארז אופוריה אדט,יחידה,1.00,יחידה,false,1,225.00,225.00,true,1,
3661163904016,false,נאוטיקה קלאס.גבר אדט100מ,סופטאץ בישום,IL,נאוטיקה קלאסיק,מיליליטרים,100.00,"100 מ""ל",false,0,79.00,79.00,true,1,
3661163991580,false,דאו.אדידס קול אנד קר150מ,COLEPCCL,PT,דאודורנט אדידס,מיליליטרים,150.00,"100 מ""ל",false,0,14.90,9.93,true,1,
3760260450003,false,"רוזס מאסק אדפ 100 מ""ל",,FR,רוזס מאסק אדפ,מיליליטרים,100.00,"100 מ""ל",false,1,369.00,369.00,true,1,
3838824127224,false,צבע סמי קיט 4-0חום בינונ,הנקל סוד,SI,צבעי שיער פלטה,יחידה,1.00,יחידה,false,0,29.90,29.90,true,1,
3838824127309,false,צבע סמי קיט פלטה מס8-0',הנקל סוד,SI,צבע לשיער פלטה,יחידה,1.00,יחידה,false,0,29.90,29.90,true,1,
3838824193915,false,צבע סמי קיט פלטה מס1-0',הנקל סוד,SI,צבע סמי קיט פלטה,יחידה,1.00,יחידה,false,0,29.90,29.90,true,1,
3838824380902,false,צבע סמי קיט פלטה מס0-10,הנקל סוד,SI,צבע לשיער פלטה,יחידה,1.00,יחידה,false,1,29.90,29.90,true,1,
4005808185542,false,רצועות ניקוי הסרת שחורים,ניוואה,DE,רצועות לניקוי,יחידה,1.00,יחידה,false,1,29.90,29.90,true,1,
4005808222698,false,קצף גילוח ניוואה רגיש200,ביירסדורץ,DE,קצף גילוח ניוואה,מיליליטרים,200.00,"100 מ""ל",false,0,23.90,11.95,true,1,
4005808366392,false,לבלו שפתון לחות כחול,ביירסדורץ,IL,שפתון לבלו כחול,יחידה,1.00,יחידה,false,1,10.00,10.00,true,1,
4005808571246,false,מסיר איפור עיניים דו פאז,HELLAS BEIERSDORF,DE,מסיר איפור,מיליליטרים,125.00,"100 מ""ל",false,1,38.90,31.12,true,1,
4005808650002,false,שפתון לבלו כחול,ביירסדורץ,IL,שפתון לבלו,יחידה,1.00,יחידה,false,0,10.00,10.00,true,1,
4005808650729,false,לבלו תות שדה,,,לבלו תות שדה,יחידה,1.00,יחידה,false,0,10.00,10.00,true,1,
4005808650903,false,לבלו אפרסק,ביירסדורף,DE,לבלו אפרסק,יחידה,1.00,יחידה,false,0,10.00,10.00,true,1,
4005808670314,false,אסנשיאל קרם יום רגיל 50מ,ביירסדורף,PL,קרם לחות,מיליליטרים,50.00,"100 מ""ל",false,0,69.00,138.00,true,1,
4005808692569,false,מוס ניקוי פנים עדין 150מ,HELLAS BEIERSDORF,DE,מוס ניקוי לפנים,מיליליטרים,150.00,"100 מ""ל",false,1,38.90,25.93,true,1,
4005808702107,false,תחליב גוף עור יבש מו500,ביירסדורף,ES,ניוואה תחליב גוף,מיליליטרים,500.00,"100 מ""ל",false,1,29.90,5.98,true,1,
4005808801046,false,"קרם רב שימושי 150 מ""ל",HELLAS BEIERSDORF,DE,קרם רב שימושי,מיליליטרים,150.00,"100 מ""ל",false,1,14.90,9.93,true,1,
4005808811700,false,ג'ל ניקוי לעור מעורב/שמן,HELLAS BEIERSDORF,DE,ג'ל ניקוי מ/ש,מיליליטרים,150.00,"100 מ""ל",false,0,38.90,25.93,true,1,
4005808817405,false,ג'ל גילוח ניוואה.רגיש200,ביירסדורץ,PL,ג'ל גילוח ניוואה,מיליליטרים,200.00,"100 מ""ל",false,0,16.90,8.45,true,1,
4005808817603,false,ג'ל גילוח ניוואה עדין200,ביירסדורץ,DE,ג'ל גילוח ניוואה,מיליליטרים,200.00,"100 מ""ל",false,0,16.90,8.45,true,1,
4005808847020,false,SENSATION AQUA ק.לחות50מ,ביירסדורץ,PL,AQUA קרם לחות,מיליליטרים,50.00,"100 מ""ל",false,0,87.00,174.00,true,1,
4005808850723,false,שפתון תות שדה בליסטר,HELLAS BEIERSDORF,DE,שפתון לבלו,יחידה,1.00,יחידה,false,0,10.00,10.00,true,1,
4005808851515,false,לבלו גבר בליסטר,,DE,לבלו גבר בליסטר,יחידה,1.00,יחידה,false,0,10.00,10.00,true,1,
4005808890576,false,קרם ידיים ניוואה סופט75מ,ביירסדורץ,ES,קרם ידיים ניוואה,מיליליטרים,75.00,"100 מ""ל",false,0,11.90,15.86,true,1,
4005900036506,false,דאו.ניוואה בלק&וויט רול,HELLAS BEIERSDORF,DE,דאודורנט ניוואה,מיליליטרים,50.00,"100 מ""ל",false,0,14.90,29.80,true,1,
4005900431776,false,לבלו וניל בליסט,ביירסדורף,DE,לבלו ונ,יחידה,1.00,יחידה,false,0,10.00,10.00,true,1,
4005900447890,false,מסכת אורבן לטיהור יח',ניוואה,IL,מסכת אורבן לטיהו,יחידה,1.00,יחידה,false,1,38.90,38.90,true,1,
4005900488459,false,דאו.רול דרי פרש לאישה50מ,ביירסדורץ,DE,דאו.רול ניוואה,מיליליטרים,50.00,"100 מ""ל",false,1,14.90,29.80,true,1,
4005900545688,false,"Q10 קרם יום 50 מ""ל",,PL,קרם יום,מיליליטרים,50.00,"100 מ""ל",false,1,69.90,139.80,true,1,
4005900583093,false,לבלו קיס שפתון קורל יחיד,ביירסדורץ,DE,לבלו קיס שפתון,יחידה,1.00,יחידה,false,1,24.90,24.90,true,1,
4005900583116,false,לבלו קיס אדום פרג יחידה,ביירסדורץ,DE,לבלו קיס אדום,יחידה,1.00,יחידה,false,1,24.90,24.90,true,1,
4005900683878,false,לבלו סקראב אלוורה,ביירסדורף,DE,לבלו סקראב אלורה,יחידה,1.00,יחידה,false,1,10.00,10.00,true,1,
4005900683908,false,לבלו סקראב רוז,ביירסדורף,DE,לבלו סקראב סופר,יחידה,1.00,יחידה,false,1,10.00,10.00,true,1,
4005900823489,false,היידרה סקין אפקט לילה 50,,PL,היידרה סקין אפקט,מיליליטרים,50.00,"100 מ""ל",false,1,49.90,99.80,true,1,
4005900828088,false,ניוואה רולאון פרש לגבר50,HELLAS BEIERSDORF,DE,דאודורנט ניוואה,מיליליטרים,50.00,"100 מ""ל",false,0,14.90,29.80,true,1,
4005900841148,false,ג'ל גילוח ניוואה.רגיש200,ביירסדורף,DE,ג'ק גילוח ניוואה,מיליליטרים,200.00,"100 מ""ל",false,1,16.90,8.45,true,1,
4005900978950,false,לבלו דובדבן אריאל יחידה,HELLAS BEIERSDORF,DE,לבלו אריאל,יחידה,1.00,יחידה,false,1,10.00,10.00,true,1,
4005900978967,false,לבלו וניל אלזה יחידה,HELLAS BEIERSDORF,DE,לבלו אלזה,יחידה,1.00,יחידה,false,1,10.00,10.00,true,1,
4005900978974,false,לבלו סופט רוז יסמין יחיד,HELLAS BEIERSDORF,DE,לבלו סופט יסמין,יחידה,1.00,יחידה,false,1,10.00,10.00,true,1,
4006000002576,false,סט טיפוח גבר fresh cool,ביירסדורץ,DE,טיפוח לגבר cool,יחידה,1.00,יחידה,false,1,79.90,79.90,true,1,
4008600314509,false,מוצצי דיסני מיקי בנות 2*,נוק,IL,מוצצי דיסני מיקי,יחידה,1.00,יחידה,false,1,39.90,39.90,true,1,
4008600362074,false,אקשן קאפ כחול .,,DE,אקשן קאפ כחול,יחידה,1.00,יחידה,false,1,49.90,49.90,true,1,
4009900402965,false,אורביט וייט פירות 64גרם,ריגלי פולין,PL,אורביט בקבוקון,גרמים,64.00,100 גרם,false,0,8.90,13.90,true,1,
4009900403023,false,מסטיק אורביט ויט מנטה64ג,ריגלי פולין,PL,אורביט בקבוקון,גרמים,64.00,100 גרם,false,0,8.90,13.90,true,1,
4009900479998,false,אורביט אוכמניות בקבוק64ג,ריגלי פולין,PL,אורביט בקבוקון,גרמים,64.00,100 גרם,false,0,8.90,13.90,true,1,
4009900484091,false,מסטיק בקבוק M ספירמינ84,ריגלי פולין,PL,אורביט בקבוק,גרמים,84.00,100 גרם,false,0,12.90,15.36,true,1,
4009900484305,false,מסטיק בקבוקMסוויטמינט84ג,ריגלי,GB,אורביט בקבוק,גרמים,84.00,100 גרם,false,0,12.90,15.36,true,1,
4009900491044,false,איירוויבז Mאוכמניות 84גר,,PL,מסטיק איירוויבז,גרמים,84.00,100 גרם,false,1,14.90,17.74,true,1,
4009900531122,false,מסטיק אורביט ספירמינט64ג,,PL,אורביט ספירמינט,גרמים,64.00,100 גרם,false,1,8.90,13.90,true,1,
4009900534581,false,איירוויבז מנטה ודובדבן64,,IL,מסטיק איירוויבז,גרמים,64.00,100 גרם,false,1,8.90,13.90,true,1,
4009900534611,false,איירויבז מנטה+מלון64גרם,,IL,מסטיק אייוויבז,גרמים,64.00,100 גרם,false,1,8.90,13.90,true,1,
4009900534918,false,סוכריות סקיטלס,,CZ,סוכריות סקיטלס,יחידה,1.00,יחידה,false,0,8.90,8.90,true,1,
4009900539685,false,מסטיק פייב באונס מנטה61ג,ריגלי בעמ רוסיה,PL,מסטיק פייב,גרמים,61.00,100 גרם,false,1,8.90,14.59,true,1,
4009900539746,false,פייב באונס ט.אבטיח61.8,ריגלי בעמ רוסיה,PL,מסטיק פייב,גרמים,61.00,100 גרם,false,1,8.90,14.59,true,1,
4011700425501,false,"טבק אדק 300 מ""ל",טאבק,IL,טבק אדט,מיליליטרים,300.00,"100 מ""ל",false,0,79.00,26.33,true,1,
4011700431502,false,אפטר שייב טבק לגבר 300מל,לילית בישום,,אפטר שייב טבק,מיליליטרים,300.00,"100 מ""ל",false,0,89.00,29.67,true,1,
4014400907902,false,סוכ.וורטר ל.סוכר בוקס42ג,שטורק,DE,סוכריות וורטר,גרמים,42.00,100 גרם,false,0,7.90,18.81,true,1,
4014400914924,false,סוכ.וורטר ללא סוכר קפה80,אוגוסט שטורק,DE,סוכריות וורטר,גרמים,80.00,100 גרם,false,0,11.90,14.88,true,1,
4014400923711,false,טופיפי 125 גרם,אוגוסט שטורק,DE,טופיפי,גרמים,125.00,100 גרם,false,1,15.90,12.72,true,1,
4015000280211,false,דאו.רול און FA לימון 50מ,הנקל סוד,DE,דאודורנט FA,מיליליטרים,50.00,"100 מ""ל",false,0,9.90,19.80,true,1,
4015000615921,false,דאו.ספרי FA ספורט גבר200,הנקל סוד,TR,דאודורנט FA,מיליליטרים,200.00,"100 מ""ל",false,0,9.90,4.95,true,1,
4015000995122,false,דאו. פה כח המשיכה 200 מל,הנקל סוד,DE,דאודורנט פה,מיליליטרים,200.00,"100 מ""ל",false,0,9.90,4.95,true,1,
4015100190793,false,גליס מסכה שיקום אולטי300,הנקל סוד,SK,מסכת גליס,מיליליטרים,300.00,"100 מ""ל",false,1,39.90,13.30,true,1,
4015400690313,false,18טמפקס קומפאק פרל רגולר,פרוקטר אנד גמבל,HU,טמפקס,יחידה,1.00,יחידה,false,1,23.90,23.90,true,1,
4015400690405,false,18טמפקס קומפאק פרל סופר,פרוקטר אנד גמבל,HU,טמפקס,יחידה,1.00,יחידה,false,1,23.90,23.90,true,1,
4015400824725,false,טמפקס פלאש סופר 30 יח',פרוקטר אנד גמבל,HU,טמפקס פלאש סופר,יחידה,1.00,יחידה,false,0,29.90,29.90,true,1,
4015600763251,false,שמפו הד&שולדרס קלאסי600מ,פרוקטר אנד גמבל,RO,שמפו הד&שולדרס,מיליליטרים,600.00,"100 מ""ל",false,0,25.90,4.32,true,1,
4015600763299,false,"הד&שולדרס 2ב1- 600 מ""ל",פרוקטר אנד גמבל,RO,שמפו הד&שולדרס,מיליליטרים,600.00,"100 מ""ל",false,0,25.90,4.32,true,1,
4015600763411,false,שמפו הד&שולדרס מנטול 600,פרוקטר אנד גמבל,RO,שמפו הד&שולדרס,מיליליטרים,600.00,"100 מ""ל",false,0,25.90,4.32,true,1,
4015600763534,false,הד&שולדרס מגע משי 600מ,פרוקטר אנד גמבל,RO,שמפו הד&שולדרס,מיליליטרים,600.00,"100 מ""ל",false,0,25.90,4.32,true,1,
4015600766658,false,שמפו הד&שולדרס 2ב1- 600,פרוקטר אנד גמבל,RO,שמפו הד&שולדרס,מיליליטרים,600.00,"100 מ""ל",false,0,25.90,4.32,true,1,
4015600802769,false,חוט דנטלי מנטה 35 מטר,פרוקטר & גמבל,IE,חוט דנטלי מנטה,מטרים,35.00,מטר,false,1,24.90,0.71,true,1,
4015600807573,false,"דאו.ג'ל PA-PB 75 מ""ל",,US,דאודורנט ג'ל,מיליליטרים,75.00,"100 מ""ל",false,0,21.90,29.20,true,1,
4045787068221,false,פרוטאין קולור 1-0שחור 60,הנקל סוד,DE,פרוטאין קולור,יחידה,1.00,יחידה,false,0,14.90,14.90,true,1,
4045787068252,false,פרוטאין קולור מס1000.1',הנקל סוד,DE,פרוטאין קולור,יחידה,1.00,יחידה,false,0,14.90,14.90,true,1,
4045787068283,false,פרוטאין קולור מס1.1',הנקל סוד,DE,פרוטאין קולור,יחידה,1.00,יחידה,false,0,14.90,14.90,true,1,
4045787068290,false,פרוטאין קולור 3 חום שחור,הנקל סוד,DE,פרוטאין קולור,יחידה,1.00,יחידה,false,0,14.90,14.90,true,1,
4045787068306,false,פרוטאין קולור מס4',הנקל סוד,DE,פרוטאין קולור,יחידה,1.00,יחידה,false,0,14.90,14.90,true,1,
4045787068504,false,פרוטאין קולור מס7.35',הנקל סוד,DE,פרוטאין קולור,יחידה,1.00,יחידה,false,0,14.90,14.90,true,1,
4056800100354,false,שוקוויבס מוס לשיער 200 מ,THEORAT INTERSPRAY,DE,שוקוויבס מוס,מיליליטרים,200.00,"100 מ""ל",false,1,24.90,12.45,true,1,
4056800762934,false,קולסטון מיני קיט 2/0שחור,HFC פרסטיג',DE,קולסטון מיני קיט,יחידה,1.00,יחידה,false,1,25.90,25.90,true,1,
4056800762965,false,קולסטון מיני קיט 2/8 שחו,HFC פרסטיג',DE,קולסטון מיני קיט,יחידה,1.00,יחידה,false,1,25.90,25.90,true,1,
4056800943739,false,"קרם חמצן וולה 6% 60 מ""ל",אונדל,FR,חמצן וולה,מיליליטרים,60.00,"100 מ""ל",false,0,5.90,9.83,true,1,
4056800943791,false,"חמצן וולה 9% 60 מ""ל",אונדל,FR,חמצן וולה9%,מיליליטרים,60.00,"100 מ""ל",false,0,5.90,9.83,true,1,
4059729028693,false,סומק 40 יח',CATRICE,DE,סומק 40,יחידה,1.00,יחידה,false,0,16.00,16.00,true,1,
4059729028709,false,סומק 50 יח',CATRICE,DE,סומק 50,יחידה,1.00,יחידה,false,0,15.00,15.00,true,1,
4059729030191,false,לק במרקם ג'ל 60 יח',CATRICE,DE,לק במרקם ג'ל 60,יחידה,1.00,יחידה,false,0,10.00,10.00,true,1,
4059729030542,false,עיפרון גבות 25,CATRICE,DE,עיפרון גבות 25,יחידה,1.00,יחידה,false,0,11.00,11.00,true,1,
4059729030559,false,עיפרון גבות 35,CATRICE,DE,עיפרון גבות 35,יחידה,1.00,יחידה,false,0,11.00,11.00,true,1,
4059729032546,false,"סרום לשפתיים 2.5 מ""ל",,PL,סרום לשפתיים,יחידה,1.00,יחידה,false,0,20.00,20.00,true,1,
4059729034410,false,"מייק אפ HD 036 30 מ""ל",,IL,מייק אפ HD 036,מיליליטרים,30.00,"100 מ""ל",false,1,29.00,96.67,true,1,
4059729036742,false,עיפרון גבות סלים 40,CATRICE,DE,עיפרון גבות סלים,יחידה,1.00,יחידה,false,0,14.00,14.00,true,1,
4059729049537,false,קטריס שפתון ג'ל 020 3.3,,DE,קטריס שפתון ג'ל,יחידה,1.00,יחידה,false,1,17.00,17.00,true,1,
4059729049544,false,קטריס שפתון ג'ל 030 3.3,,DE,קטריס שפתון ג'ל,יחידה,1.00,יחידה,false,1,17.00,17.00,true,1,
4059729191748,false,עפרון קז'אל 270 יח',,DE,עפרון קז'אל 270,יחידה,1.00,יחידה,false,1,9.00,9.00,true,1,
4059729191762,false,עפרון גבות סלים 50,,IL,עפרון גבות סלים,יחידה,1.00,יחידה,false,1,14.00,14.00,true,1,
4059729203250,false,קונסילר נוזלי 036 יח',,IL,קונסילר נוזלי 0,יחידה,1.00,יחידה,false,1,15.00,15.00,true,1,
4059729203274,false,קונסילר נוזלי 048 יח',,FR,קונסילר נוזלי,יחידה,1.00,יחידה,false,1,15.00,15.00,true,1,
4059729220141,false,פריימר לשפתיים יח',,IL,פריימר לשפתיים,יחידה,1.00,יחידה,false,1,21.00,21.00,true,1,
4059729222916,false,פלטת סומק 010 יח',,IL,פלטת סומק 010,יחידה,1.00,יחידה,false,1,17.00,17.00,true,1,
4059729222978,false,"פריימר 10 ב 1 30 מ""ל",,IL,פריימר 10 ב 1,מיליליטרים,30.00,"100 מ""ל",false,1,25.00,83.33,true,1,
4059729237972,false,לק במרקם ג'ל 90 יח',,IL,לק במרקם ג'ל 90,יחידה,1.00,יחידה,false,1,10.00,10.00,true,1,
4059729244499,false,"סרום הידרולפנים 30 מ""ל",,IL,סרום הידרולפנים,מיליליטרים,30.00,"100 מ""ל",false,1,25.00,83.33,true,1,
4059729244536,false,קונסילר אינסטנט אוויק 02,,IL,קונסילר אינסטנט,יחידה,1.00,יחידה,false,1,21.00,21.00,true,1,
4059729244543,false,קונסילר אינסטנט אוויק 03,,IL,קונסילר אינסטנט,יחידה,1.00,יחידה,false,1,21.00,21.00,true,1,
4059729246271,false,מסקרה ריסים עבים,,IL,מסקרה ריסים עבים,יחידה,1.00,יחידה,false,1,17.00,17.00,true,1,
4059729248343,false,שפתון מט פרו נוזלי010,,FR,שפתון מט פרו נוז,יחידה,1.00,יחידה,false,1,21.00,21.00,true,1,
4059729248411,false,שפתון מט פרו נוזלי 080 י,,FR,שפתון מט פרו נוז,יחידה,1.00,יחידה,false,1,21.00,21.00,true,1,
4059729275189,false,עט לגבות עמיד 040 יח',,IL,עט לגבות עמיד 40,יחידה,1.00,יחידה,false,1,15.00,15.00,true,1,
4059729276681,false,עיפרון תוחם שפתיים 030,,FR,עיפרון תוחם שפת,יחידה,1.00,יחידה,false,1,11.00,11.00,true,1,
4059729276742,false,עיפרון תוחם שפתיים 090,,FR,עיפרון תוחם שפת,יחידה,1.00,יחידה,false,1,11.00,11.00,true,1,
4059729276810,false,שפתון ג'ל 140 יח',,FR,שפתון ג'ל 140,יחידה,1.00,יחידה,false,1,17.00,17.00,true,1,
4059729277114,false,קונסילר ל18- שעות,,IT,קונסילר ל18-שעות,יחידה,1.00,יחידה,false,0,17.00,17.00,true,1,
4059729277206,false,מייקאפ טרו סקין 010 30,,FR,מייקאפ טרו סקין,מיליליטרים,30.00,"100 מ""ל",false,1,29.00,96.67,true,1,
4059729277374,false,פודרה דחוסה לטשטוש נקבו,,FR,פודרה דחוסה לטש,יחידה,1.00,יחידה,false,1,21.00,21.00,true,1,
4059729277404,false,לק ניוד 10 יח',,FR,לק ניוד 10 יח',יחידה,1.00,יחידה,false,1,10.00,10.00,true,1,
4059729277411,false,לק ניוד 11 יח',,FR,לק ניוד 11 יח',יחידה,1.00,יחידה,false,1,10.00,10.00,true,1,
4059729281005,false,גו ביג גו בולד מסקרה יח',,FR,גו ביג גו בולד מ,יחידה,1.00,יחידה,false,1,20.00,20.00,true,1,
4059729282040,false,מייקאפ טרו סקין 046 30,,FR,מייקאפ טרו סקין,מיליליטרים,30.00,"100 מ""ל",false,1,29.00,96.67,true,1,
4059729298485,false,"סרום לפנים 30מ""ל",,IT,סרום לפנים,מיליליטרים,30.00,"100 מ""ל",false,0,25.00,83.33,true,1,
4059729298508,false,באלם מזין לשפתיים יבשות,S.R COSMETICS .ANCOROTTI,IT,באלם מזין לשפתיי,יחידה,1.00,יחידה,false,1,21.00,21.00,true,1,
4059729311351,false,מסקרה עם אפקט הרמה,,IT,מסקרה עם אפקט,יחידה,1.00,יחידה,false,0,21.00,21.00,true,1,
4059729312242,false,ג'ל לגבות,,CA,ג'ל לגבות,יחידה,1.00,יחידה,false,0,21.00,21.00,true,1,
4059729312259,false,סבון לגבות,,CN,סבון לגבות,יחידה,1.00,יחידה,false,0,17.00,17.00,true,1,
4059729312266,false,סומק,,IT,סומק בצבע אפרסקי,יחידה,1.00,יחידה,false,0,21.00,21.00,true,1,
4059729312525,false,"שמן לפנים 50 מ""ל",,AT,שמן לפנים,מיליליטרים,50.00,"100 מ""ל",false,0,21.00,42.00,true,1,
4059729312532,false,"פריימר 30 מ""ל",,IT,פריימר,מיליליטרים,30.00,"100 מ""ל",false,0,25.00,83.33,true,1,
4059729312563,false,מחזק ציפורניים,,PL,מחזק ציפורניים,יחידה,1.00,יחידה,false,0,10.00,10.00,true,1,
4059729312624,false,שפתון +חומצה היאלרונית,,IT,שפתון עם חומצה,יחידה,1.00,יחידה,false,0,15.00,15.00,true,1,
4059729312648,false,שפתון +חומצה היאלרונית,,IT,שפתון עם חומצה,יחידה,1.00,יחידה,false,0,15.00,15.00,true,1,
4059729312655,false,שפתון +חומצה היאלרונית,,IT,שפתון עם חומצה,יחידה,1.00,יחידה,false,0,15.00,15.00,true,1,
4059729312693,false,"סרום לחות לפנים 28 מ""ל",S.R COSMETICS .ANCOROTTI,IT,סרום לחות לפנים,מיליליטרים,28.00,"100 מ""ל",false,0,25.00,89.29,true,1,
4059729313300,false,ליפגלוס לשפתיים,,PL,ליפגלוס לשפתיים,יחידה,1.00,יחידה,false,0,17.00,17.00,true,1,
4059729313393,false,צללית עמידה לאורך זמן,,IT,צללית לעיניים,יחידה,1.00,יחידה,false,0,13.00,13.00,true,1,
4059729329387,false,עיפרון לעיניים,,DE,עיפרון לעיניים,יחידה,1.00,יחידה,false,0,10.00,10.00,true,1,
4059729329424,false,עיפרון לעיניים,,DE,עיפרון לעיניים,יחידה,1.00,יחידה,false,0,10.00,10.00,true,1,
4059729329783,false,מסקרה לעיניים רגישות,,LU,מסקרה לעיניים,יחידה,1.00,יחידה,false,0,17.00,17.00,true,1,
4059729330697,false,סומק,,PL,סומק,יחידה,1.00,יחידה,false,0,17.00,17.00,true,1,
4059729333629,false,אודם למראה מאט,,IT,אודם למראה מאט,יחידה,1.00,יחידה,false,0,17.00,17.00,true,1,
4059729333667,false,אודם למראה מאט,,IT,אודם למראה מאט,יחידה,1.00,יחידה,false,0,17.00,17.00,true,1,
4059729333865,false,אודם למראה מאט,,IT,אודם למראה מאט,יחידה,1.00,יחידה,false,0,17.00,17.00,true,1,
4059729335456,false,לק זוהר לציפורניים,,FR,לק זוהר,יחידה,1.00,יחידה,false,0,10.00,10.00,true,1,
4084500065536,false,פנטן קרם לחות מוגברת 300,פרוקטר אנד גמבל,FR,קרם לשיער פנטן,מיליליטרים,300.00,"100 מ""ל",false,0,23.90,7.97,true,1,
4103330017369,false,חוט דנטלי לניקוי גשרים,פרוקטר & גמבל,IE,חוט דנטלי לניקוי,יחידה,1.00,יחידה,false,1,28.90,28.90,true,1,
4210201078128,false,מברשת חשמלית PRO 800,B ORAL,DE,אורל בי נטענת,יחידה,1.00,יחידה,false,0,169.00,169.00,true,1,
4210201385233,false,ראש חשמלי פרוזן 4 יח,בראון,DE,ראש חשמלי 4 יח,יחידה,1.00,יחידה,false,1,89.90,89.90,true,1,
4250035228290,false,מסקרה אולרואנד עמידה,CATRICE,DE,מסקרה עמידה במי,יחידה,1.00,יחידה,false,0,15.00,15.00,true,1,
4250035261877,false,פלטת קונסילרים יח',CATRICE,DE,פלטת קונסילרים,יחידה,1.00,יחידה,false,0,16.00,16.00,true,1,
4250035288157,false,עפרון קז'אל 10,CATRICE,DE,עפרון קז'אל 10,יחידה,1.00,יחידה,false,0,9.00,9.00,true,1,
4250338446513,false,מחדד,CATRICE,DE,מחדד,יחידה,1.00,יחידה,false,0,9.00,9.00,true,1,
4250338474400,false,איילנר נוזלי עמיד במים,CATRICE,DE,איילנר נוזלי עמי,יחידה,1.00,יחידה,false,0,16.00,16.00,true,1,
4250338487769,false,עיפרון גבות 30,CATRICE,DE,עיפרון גבות 30,יחידה,1.00,יחידה,false,0,11.00,11.00,true,1,
4250587723588,false,מסקרה לנפח ריסים,CATRICE,DE,מסקרה לנפח ריסים,יחידה,1.00,יחידה,false,0,17.00,17.00,true,1,
4250587723779,false,ג'ל לעיצוב הגבות,CATRICE,DE,ג'ל לעיצוב הגבות,יחידה,1.00,יחידה,false,0,14.00,14.00,true,1,
4250587754230,false,פודרה דחוסה מט 10,CATRICE,DE,פודרה מט 10,יחידה,1.00,יחידה,false,0,15.00,15.00,true,1,
4250587754278,false,פודרה דחוסה מט 30,CATRICE,DE,פודרה מט 30,יחידה,1.00,יחידה,false,0,15.00,15.00,true,1,
4250587793338,false,פודרה דחוסה מט 25,CATRICE,DE,פודרה מט 25,יחידה,1.00,יחידה,false,0,15.00,15.00,true,1,
4250947544662,false,קונסילר נוזלי 10,CATRICE,DE,קונסילר נוזלי 1,יחידה,1.00,יחידה,false,0,15.00,15.00,true,1,
4250947544686,false,קונסילר נוזלי 20,CATRICE,DE,קונסילר נוזלי 2,יחידה,1.00,יחידה,false,0,15.00,15.00,true,1,
4250947562277,false,מסקרה גלאם&דול מלאכותיים,CATRICE,DE,מסקרה גלאם&דול,יחידה,1.00,יחידה,false,0,17.00,17.00,true,1,
4250947598283,false,מייק אפ 10-HD,CATRICE,DE,מייק אפ 10-HD,מיליליטרים,30.00,"100 מ""ל",false,0,29.00,96.67,true,1,
4250947598306,false,מייק אפ 30-HD,CATRICE,DE,מייק אפ 30-HD,מיליליטרים,30.00,"100 מ""ל",false,0,29.00,96.67,true,1,
4250947598313,false,מייק אפ 40-HD,CATRICE,DE,מייק אפ 40-HD,מיליליטרים,30.00,"100 מ""ל",false,0,29.00,96.67,true,1,
4250947598368,false,ספריי מקבע רב שימושי,CATRICE,DE,ספריי מקבע רב שי,מיליליטרים,50.00,"100 מ""ל",false,0,20.00,40.00,true,1,
4251232217605,false,עפרון לתיחום,CATRICE,DE,עפרון לתיחום,יחידה,1.00,יחידה,false,0,13.00,13.00,true,1,
4251232283600,false,שפתון מאט 040 יח',,IL,שפתון מאט 040,יחידה,1.00,יחידה,false,1,21.00,21.00,true,1,
4251232283631,false,שפתון מאט 070 יח',,IL,שפתון מאט 070,יחידה,1.00,יחידה,false,1,21.00,21.00,true,1,
4251232284324,false,קונסילר נוזלי 15,CATRICE,DE,קונסילר נוזלי 15,יחידה,1.00,יחידה,false,0,15.00,15.00,true,1,
4710068001739,false,מאסטר קפה,,TW,מאסטר קפה,מיליליטרים,240.00,"100 מ""ל",false,0,7.90,3.29,true,1,
4800888209382,false,דאו.רקסונה אינביזיבל50מ,יוניליוור,PH,דאודורנט רקסונה,מיליליטרים,50.00,"100 מ""ל",false,1,16.90,33.80,true,1,
4800888219510,false,"דאו סטיק מלפפונים50 מ""ל",יוניליוור,PH,דאודורנט דאב,גרמים,50.00,100 גרם,false,1,17.90,35.80,true,1,
4800888219527,false,דאו.דאב סטיק אינביזיבל50,יוניליוור,PH,דאודורנט דאב,גרמים,50.00,100 גרם,false,1,17.90,35.80,true,1,
4800888219534,false,דאודורנט סטיק אורגינל 50,יוניליוור,PH,דאו.דאב,מיליליטרים,50.00,"100 מ""ל",false,1,17.90,35.80,true,1,
4800888219541,false,דאו.סטיק רקסונה פאודר50ג,יוניליוור,PH,דאודורנט רקסונה,מיליליטרים,50.00,"100 מ""ל",false,1,16.90,33.80,true,1,
4891228308032,false,אינטואישן ידית5+ סכינים,ארץ ייצור סכינים: ארהבn\,US,שיק אינטואישן5+ס,יחידה,1.00,יחידה,false,1,64.90,64.90,true,1,
4891228430061,false,10 סכיני גילוח עם אלוורה,"ש. שסטוביץ בע""\מ",CN,סכיני גילוח 10יח,יחידה,1.00,יחידה,false,0,24.90,24.90,true,1,
4891228430085,false,4 סכיני גילוח אקסטרים3-,שיק,CN,סכיני גילוח,יחידה,1.00,יחידה,false,0,19.90,19.90,true,1,
4891228430092,false,4סכינ.גילוח אקסטרים3 אשה,שיק,CN,סכיני גילוח,יחידה,1.00,יחידה,false,0,19.90,19.90,true,1,
4987176090850,false,מכשיר ג'ילט פיוז'ן+סכין,ג'\ילט פרוקטר אנד גמבל,PL,מכשיר ג'ילט פיוז,יחידה,1.00,יחידה,false,1,39.90,39.90,true,1,
5000159407236,false,חטיף מרס 51 גרם,מרס הולנד בי.וי.,NL,חטיף מרס,גרמים,51.00,100 גרם,false,0,3.90,7.65,true,1,
5000159409179,false,מיני סניקרס בשקית 403 גר,מרס הולנד בי.וי.,NL,מיני סניקרס,גרמים,403.00,100 גרם,false,0,22.90,5.68,true,1,
5000159442572,false,מיני טוויקס בשקית 403גרם,מרס,DE,מיני טוויקס,גרמים,403.00,100 גרם,false,0,22.90,5.68,true,1,
5000159461122,false,חטיף סניקרס 50 גרם,מרס הולנד בי.וי.,NL,חטיף סניקרס,גרמים,50.00,100 גרם,false,0,3.90,7.80,true,1,
5000159500692,false,בונ.סלבריישן בקבוק 312גר,,NL,בונבונ. סלבריישן,גרמים,312.00,100 גרם,false,1,39.90,12.79,true,1,
5000204181296,false,גלייד אוטומט מוקטן לבנדר,יצרן אירוסול: קוסטר אירו,TR,גלייד אוט. מוקטן,יחידה,1.00,יחידה,false,1,42.90,42.90,true,1,
5000394018549,false,8 סוללות דורסל AAA,פרוקטר & גמבל,IL,8 סוללות דורסל,יחידה,1.00,יחידה,false,1,31.90,31.90,true,1,
5000394140899,false,דורסל שמיניות AA פלוס,,BE,דורסל שמיניות AA,יחידה,1.00,יחידה,false,1,19.90,19.90,true,1,
5000394141179,false,דורסל שמיניות AAA פלוס,,BE,דורסל שמיניות AA,יחידה,1.00,יחידה,false,1,19.90,19.90,true,1,
5000394203921,false,דורסל סוללות ליתיום 2 יח,דורסל,CN,דורסל זוג סוללות,יחידה,1.00,יחידה,false,1,19.90,19.90,true,1,
5010123703431,false,ליסטרין פרש בורסט 250 מל,ג'ונסון,IL,ליסטרין פרש בורס,מיליליטרים,250.00,"100 מ""ל",false,1,10.00,4.00,true,1,
5010123703509,false,ליסטרין קולמינט 250,ג'ונסון,IL,ליסטרין קולמינט,מיליליטרים,250.00,"100 מ""ל",false,1,10.00,4.00,true,1,
5010415211224,false,זוג פטמות שלב2 טומי טיפי,הכי טבעי-הנסיך,IL,טומי טיפי זוג פט,יחידה,1.00,יחידה,false,0,44.90,44.90,true,1,
5010415323088,false,מברשת לבקבוקים טומי טיפי,טומי טיפי,IL,טומי טיפי מברשת,יחידה,1.00,יחידה,false,0,37.90,37.90,true,1,
5010415330086,false,מוצצים לשימוש יומי0-6זוג,הכי טבעי-הנסיך,IL,זוג מוצצים,יחידה,1.00,יחידה,false,0,44.90,44.90,true,1,
5010415330987,false,מסרק+מברשת רכה,,IL,מסרק+מברשת רכה,יחידה,1.00,יחידה,false,0,31.90,31.90,true,1,
5010415332363,false,מוצצים לטקס בלון 0+ זוג,טומי טיפי,IL,טומי טיפי מוצצי,יחידה,1.00,יחידה,false,0,33.90,33.90,true,1,
5010622005012,false,חוט אורל בי ללא שעווה50מ,פרוקטר אנד גמבל,IE,חוט דנטלי,מטרים,50.00,מטר,false,0,9.90,0.20,true,1,
5010724527375,false,בטיסט שמפו פריחהאביב200מ,צ'\רצ'\ אנד דיוויט,GB,בטיסט שמפו,מיליליטרים,200.00,"100 מ""ל",false,1,29.90,14.95,true,1,
5010724527481,false,"בטיסט שמפו קלאסי200 מ""ל",צ'\רצ'\ אנד דיוויט,GB,בטיסט שמפו,מיליליטרים,200.00,"100 מ""ל",false,1,29.90,14.95,true,1,
5010724527511,false,"בטיסט שמפו טרופי 200מ""ל",צ'\רצ'\ אנד דיוויט,GB,בטיסט שמפו,מיליליטרים,200.00,"100 מ""ל",false,1,29.90,14.95,true,1,
5011408017526,false,אלנט ספריי חזק מאוד200מ,SOPROCOS,FR,אלנט ספריי חזק,מיליליטרים,200.00,"100 מ""ל",false,0,39.90,19.95,true,1,
5011408027990,false,"אלנט ספריי לשיער ח""מ400",kozmetik canan,FR,אלנט ספריי לשיער,מיליליטרים,400.00,"100 מ""ל",false,0,54.90,13.73,true,1,
5011408040791,false,REVITALIFT קרם לילה,"קרלסרו, גרמניה",DE,REVITALIFT קרם,מיליליטרים,50.00,"100 מ""ל",false,0,94.90,189.80,true,1,
5012251012249,false,תרחיץ פילינג לפנים פחם י,,GB,תרחיץ פילינג לפנ,מיליליטרים,150.00,"100 מ""ל",false,1,14.90,9.93,true,1,
5012251012256,false,"תרחיץ דטוקס לפנים 150 מ""",,GB,תרחיץ דטוקס לפני,מיליליטרים,150.00,"100 מ""ל",false,1,14.90,9.93,true,1,
5012251012645,false,מדבקות להוצאת שחורים אף,,GB,מדבקות להוצאת שח,יחידה,1.00,יחידה,false,1,15.90,15.90,true,1,
5012251012898,false,"מסכת ג'ל פנים 100 מ""ל",,IL,מסכת ג'ל פנים,מיליליטרים,100.00,"100 מ""ל",false,1,29.90,29.90,true,1,
5012251013000,false,רצועות זהב לניקוי והסרה,,IL,רצועות זהב לניקו,יחידה,1.00,יחידה,false,1,19.90,19.90,true,1,
5013965948428,false,אורל בי פרואקספרט מנטה75,פרוקטר אנד גמבל,DE,משחת אורל בי,מיליליטרים,75.00,"100 מ""ל",false,1,14.90,19.87,true,1,
5028763004368,false,קופסא לשיניים תותבות,איתן ספקים E,GB,קופסא לתותבות,יחידה,1.00,יחידה,false,0,21.90,21.90,true,1,
5029053032658,false,ממחטות קלינקס 9*8 יחידות,חוגלה קימברלי,IT,קלינקס שמיניה,יחידה,1.00,יחידה,false,1,7.90,7.90,true,1,
5029053039725,false,קלינקס נטורל פרש72 דף,,FR,קלינקס נטורל פרש,יחידה,1.00,יחידה,false,1,13.90,13.90,true,1,
5029053510811,false,קוטקס תחבושות נורמל 30יח,חוגלה קימברלי,CZ,תחבושות קוטקס,יחידה,1.00,יחידה,false,0,17.90,17.90,true,1,
5029053510828,false,קוטקס תחבושות סופר 22 יח,חוגלה קימברלי,CZ,תחבושות קוטקס,יחידה,1.00,יחידה,false,0,17.90,17.90,true,1,
5029053523446,false,קוטקס תחבושות נייט 20 יח,חוגלה קימברלי,CZ,תחבושות נייט קוט,יחידה,1.00,יחידה,false,0,17.90,17.90,true,1,
5029053534589,false,32 טמפוני קוטקס מיני,קימברלי קלארק,CZ,טמפוני קוטקס,יחידה,1.00,יחידה,false,0,27.90,27.90,true,1,
5029053534602,false,32 טמפוני קוטקס סופר,קימברלי קלארק,CZ,טמפוני קוטקס,יחידה,1.00,יחידה,false,0,27.90,27.90,true,1,
5029053535210,false,16טמפונ.קוטקס מוליך מיני,קימברלי קלארק,CZ,טמפוני קוטקס,יחידה,1.00,יחידה,false,0,18.90,18.90,true,1,
5029053535227,false,16טמפו.קוטקס מוליך נורמ.,קימברלי קלארק,CZ,טמפוני קוטקס,יחידה,1.00,יחידה,false,0,18.90,18.90,true,1,
5029053578309,false,קלינקס אולטרה סופט 48 דף,,GB,קלינקס אולטרה,יחידה,1.00,יחידה,false,1,8.90,8.90,true,1,
5029054220085,false,מגבונים לרך נולד 56*4 יח,חוגלה קימברלי,GB,מגבונים לרך נולד,יחידה,1.00,יחידה,false,1,31.90,31.90,true,1,
5060022302273,false,מוס פיוריטי מימי לשיזוף,ST.TROPEZ,GB,מוס פיוריטי מימי,מיליליטרים,200.00,"100 מ""ל",false,1,160.00,80.00,true,1,
5060062992557,false,לניסו רפידות הנקה,ISRAEL INDIVIOR,,רפידות הנקה,יחידה,1.00,יחידה,false,0,54.90,54.90,true,1,
5060062999754,false,זוג פטמות זרימה מהירה גי,ISRAEL INDIVIOR,IL,זוג פטמות זרימה,יחידה,1.00,יחידה,false,1,39.90,39.90,true,1,
5060103310029,false,"molecule 01 לאשה 100 מ""ל",טרי מוגלר בישום,GB,molecule 01 לאשה,מיליליטרים,100.00,"100 מ""ל",false,1,359.00,359.00,true,1,
5060103310685,false,"פצ'ולי מולקולה100 מ""ל",,FR,פצ'ולי אדט יוני,מיליליטרים,100.00,"100 מ""ל",false,0,399.00,399.00,true,1,
5060103310692,false,"מנדרין מולקולה100 מ""ל",,FR,מנדרין אדט יוני,מיליליטרים,100.00,"100 מ""ל",false,0,399.00,399.00,true,1,
5060412110235,false,אפרה לה מור אדפ 100 מל,,FR,אפרה לה מור אדפ,מיליליטרים,100.00,"100 מ""ל",false,1,599.00,599.00,true,1,
5060420230239,false,בקבוק האכלה לתינוק 160 מ,ISRAEL INDIVIOR,IL,בקבוק האכלה לתינ,יחידה,1.00,יחידה,false,1,44.90,44.90,true,1,
5060420231120,false,אספן חלב אם כוס טפטופים,ISRAEL INDIVIOR,IL,אספן חלב אם כוס,יחידה,1.00,יחידה,false,1,89.90,89.90,true,1,
5060420338256,false,כפפות מריחה מקטיפה יח',ST.TROPEZ,GB,כפפות מריחה מקטי,יחידה,1.00,יחידה,false,1,22.00,22.00,true,1,
5060524511142,false,"רונאלדו אוריגינס 100 מ""ל",,IT,רונלדו אוריג'נס,מיליליטרים,100.00,"100 מ""ל",false,0,199.00,199.00,true,1,
5201100872596,false,אקסלנס בלונד בהיר מס9',ליברמו,BE,צבע לשיער אקסלנס,יחידה,1.00,יחידה,false,0,35.90,35.90,true,1,
5201100872640,false,אקסלנס בלונד אפור מס03',ליברמו,BE,צבע לשיער אקסלנס,יחידה,1.00,יחידה,false,0,35.90,35.90,true,1,
5201263006340,false,DAY EVERYתחבושות נורמל18,,GR,תחבושות נורמל,יחידה,1.00,יחידה,false,1,12.90,12.90,true,1,
5201263006357,false,DAY EVERYתחבושות סופר18י,,GR,תחבושות סופר,יחידה,1.00,יחידה,false,1,12.90,12.90,true,1,
5201263006364,false,DAY EVERYתחבושות מקסי18י,,GR,תחבושות מקסי,יחידה,1.00,יחידה,false,1,12.90,12.90,true,1,
5201263011801,false,DAY EVERYמגן תח.נורמל20י,,GR,מגני תחתון נורמל,יחידה,1.00,יחידה,false,1,12.90,12.90,true,1,
5202300043014,false,קולסטון 6/7 חום שוקולד,HFC פרסטיג',DE,קולסטון שפופרת,יחידה,1.00,יחידה,false,0,25.90,25.90,true,1,
5202300043144,false,קולסטון 9/0 בלונד בהיר מ,HFC פרסטיג',DE,קולסטון שפופרת,יחידה,1.00,יחידה,false,0,25.90,25.90,true,1,
5202300043267,false,קולסטון 9/1 בלונד אפרפר,HFC פרסטיג',DE,קולסטון שפופרת,יחידה,1.00,יחידה,false,0,25.90,25.90,true,1,
5202300043281,false,קולסטון 7/1 בלונד אפרפר,HFC פרסטיג',DE,קולסטון שפורפרת,יחידה,1.00,יחידה,false,0,25.90,25.90,true,1,
5391523057929,false,סימילאק גולד שלב 1 700 ג,ABBOT,IE,סימילאק גולד,גרמים,700.00,100 גרם,false,1,69.90,9.99,true,1,
5391523057936,false,סימילאק גולד שלב 2 700 ג,ABBOT,IE,סימילאק גולד,גרמים,700.00,100 גרם,false,1,69.90,9.99,true,1,
5391523057943,false,סימילאק גולד שלב 3 700 ג,ABBOT,IE,סימילאק גולד,גרמים,700.00,100 גרם,false,1,69.90,9.99,true,1,
5410091677992,false,ספריי סאיוס מקס הולד400,הנקל סוד,DE,ספרי עיצוב סאיוס,מיליליטרים,400.00,"100 מ""ל",false,0,46.90,11.73,true,1,
5601036205541,false,צבע לשיער 3 חום כהה מאוד,ליברמו,BE,צבע לשיער אקסלנס,יחידה,1.00,יחידה,false,0,35.90,35.90,true,1,
5601036205558,false,צבע לשיער גוון 4 חום כהה,ליברמו,BE,צבע שיער אקסלנס,יחידה,1.00,יחידה,false,0,35.90,35.90,true,1,
5601036205589,false,צבע שיער אקסלנס 5 חום,ליברמו,BE,צבע לשיער אקסלנס,יחידה,1.00,יחידה,false,0,35.90,35.90,true,1,
5601036205596,false,צבע לשיער 5.3 חום זהוב,לוריאל ישראל קוסמטיקס בע,BE,צבע לשיער אקסלנס,יחידה,1.00,יחידה,false,0,35.90,35.90,true,1,
5601036205602,false,צבע לשיער 5.5 חום מהגוני,לוריאל ישראל קוסמטיקס בע,BE,צבע לשיער אקסלנס,יחידה,1.00,יחידה,false,0,35.90,35.90,true,1,
5601036205664,false,צבע שיער אקסלנס 7.1,ליברמו,BE,צבעי שיער אקסלנס,יחידה,1.00,יחידה,false,0,35.90,35.90,true,1,
5900020018908,false,פיטנס חט.דגנים ק.עוגיות6,סי. פי. פולין,PL,חטיפי פיטנס 6 יח,גרמים,141.00,100 גרם,false,0,14.90,10.57,true,1,
5900627027020,false,ויט ק.מקלחת עור רגיל150מ,רקיט בנקיזר,IL,קרם להסרת שיער,מיליליטרים,150.00,"100 מ""ל",false,0,51.90,34.60,true,1,
5901887001737,false,"קרם פנים ליום 50 מ""ל",,PL,קרם פנים ליום,מיליליטרים,50.00,"100 מ""ל",false,1,19.90,39.80,true,1,
5901887001744,false,"קרם עיניים 50 מ""ל",,PL,קרם עיניים,מיליליטרים,15.00,"100 מ""ל",false,1,14.90,99.33,true,1,
5901887001751,false,"טונר ניקוי לפנים 200 מ""ל",,PL,טונר ניקוי לפנים,מיליליטרים,200.00,"100 מ""ל",false,1,17.90,8.95,true,1,
5901887010326,false,"קרם פנים לילה 50 מ""ל",,PL,קרם פנים לילה,מיליליטרים,50.00,"100 מ""ל",false,1,19.90,39.80,true,1,
5901887010593,false,קרם ידיים וציפורניים 80,,PL,קרם ידיים וציפור,מיליליטרים,80.00,"100 מ""ל",false,1,11.90,14.88,true,1,
5901887018223,false,קרם גוף חלב עיזים 400 מל,,PL,קרם גוף חלב עיזי,מיליליטרים,400.00,"100 מ""ל",false,1,21.90,5.48,true,1,
5901887018230,false,חמאת גוף חלב עיזים 200 מ,,PL,חמאת גוף חלב עיז,מיליליטרים,200.00,"100 מ""ל",false,1,24.90,12.45,true,1,
5901887026792,false,יסמין סרום לגיל +50 30 מ,,PL,יסמין סרום לגיל,מיליליטרים,30.00,"100 מ""ל",false,1,24.90,83.00,true,1,
5901887026808,false,יסמין ק.עיניים15מ גיל+50,,PL,יסמין ק.עיניים,מיליליטרים,15.00,"100 מ""ל",false,1,21.90,146.00,true,1,
5901887026815,false,יסמין מים מיסלריים +50 2,,PL,יסמין מים מיסלרי,מיליליטרים,200.00,"100 מ""ל",false,1,18.90,9.45,true,1,
5901887029649,false,מנוקה מי פנים מטהרים 200,,PL,מנוקה מי פנים,מיליליטרים,200.00,"100 מ""ל",false,1,15.90,7.95,true,1,
5901887029656,false,מנוקה ג'ל לניקוי פנים 20,,PL,מנוקה ג'ל לניקוי,מיליליטרים,200.00,"100 מ""ל",false,1,18.90,9.45,true,1,
5901887029670,false,"מנוקה קרם לילה 50 מ""ל",,PL,מנוקה קרם לילה,יחידה,1.00,יחידה,false,1,19.90,19.90,true,1,
5901887029687,false,מנוקה משחת פילינג לניקוי,,PL,מנוקה משחת פילינ,מיליליטרים,75.00,"100 מ""ל",false,1,19.90,26.53,true,1,
5901887043751,false,"סרום ממריץ ומחליק 50 מ""ל",,PL,סרום ממריץ ומחלי,מיליליטרים,50.00,"100 מ""ל",false,1,24.90,49.80,true,1,
5901887043768,false,"תרחיץ ג'ל לפנים 200 מ""ל",,PL,תרחיץ ג'ל לפנים,מיליליטרים,200.00,"100 מ""ל",false,1,14.90,7.45,true,1,
5901887043782,false,"מיקרו פילינג לפנים 75 מ""",,PL,מיקרו פילינג לפנ,מיליליטרים,75.00,"100 מ""ל",false,1,14.90,19.87,true,1,
5902198160403,false,משקה אנרגיה TEN XL,"טמפו משקאות בע""\מ",IL,משקה אנרגיה,מיליליטרים,250.00,"100 מ""ל",false,1,5.90,2.36,true,1,
5902503814656,false,תיק רנרג'י ינואר יח',,FR,תיק רנרג'י ינואר,יחידה,1.00,יחידה,false,1,49.90,49.90,true,1,
5902503896058,false,תיק מתנה אבסולו יח',,FR,תיק מתנה אבסולו,יחידה,1.00,יחידה,false,1,49.90,49.90,true,1,
5905076013242,false,סט מוצרים גודל מיוחד9/22,לנקום בישום,CN,סט מוצרים בגודל,יחידה,1.00,יחידה,false,1,49.90,49.90,true,1,
5906485301012,false,משקה אנרגיה XL,,IL,משקה אנרגיה XL,מיליליטרים,250.00,"100 מ""ל",false,0,5.90,2.36,true,1,
5906750815923,false,ערכת צביעה לגבות שחור,,CN,ערכת צביעה לגבות,יחידה,1.00,יחידה,false,1,29.90,29.90,true,1,
5907245715414,false,תיק מתנה יולי-אוקטובר 22,לנקום,FR,תיק מתנה יולי-או,יחידה,1.00,יחידה,false,1,59.00,59.00,true,1,
5907245715438,false,תיק מתנה לנקום אבסולו יו,,FR,תיק מתנה לנקום א,יחידה,1.00,יחידה,false,1,49.90,49.90,true,1,
6001051002320,false,לבלו בטעם וניל,ביירסדורף,DE,לבלו וניל,יחידה,1.00,יחידה,false,0,10.00,10.00,true,1,
6085010044712,false,קלאב דה נואי אדט גבר105מ,פרפיום קוסמטיקס,FR,NUIT DE CLUB,מיליליטרים,105.00,"100 מ""ל",false,1,129.00,122.86,true,1,
6085010094151,false,nuit de club אדפ אשה105מ,,FR,nuit de club א.ד,מיליליטרים,105.00,"100 מ""ל",false,1,99.00,94.28,true,1,
6291100132171,false,"טאבקו אדישן אדפ 60 מ""ל",,IL,טאבקו אדישן אדפ,מיליליטרים,60.00,"100 מ""ל",false,1,299.00,498.33,true,1,
6291106812282,false,לאבנטור רוז אדפ100מל,,AE,לאבנטור רוז,מיליליטרים,100.00,"100 מ""ל",false,1,189.00,189.00,true,1,
6294015131024,false,קלאב דה נואי אינ.אדפ200מ,,IL,קלאב דה נואי אינ,מיליליטרים,200.00,"100 מ""ל",false,1,219.00,109.50,true,1,
6937266700785,false,שיק אינטואישן 3 סכינים,,CN,שיק 3 סכינים,יחידה,1.00,יחידה,false,1,37.90,37.90,true,1,
6937266703472,false,שיק היידרו סילק נשים רבי,ארץ ייצור סכינים: ארהבn\,US,שיק היידרו סילק,יחידה,1.00,יחידה,false,1,54.90,54.90,true,1,
7038513908400,false,קיסם ג'ורדן מבריש 20יח,ג'ורדן,,קיסם ג'ורדן,יחידה,1.00,יחידה,false,0,25.90,25.90,true,1,
7038513909117,false,קיסמי שיניים ג'ורדן רגיל,ג'ורדן,,קיסמי שיניים,יחידה,1.00,יחידה,false,0,22.90,22.90,true,1,
7038516830500,false,חוט דנטלי ג'ורדן מחליק30,קלרו,IL,חוט דנטלי,יחידה,1.00,יחידה,false,0,22.90,22.90,true,1,
7046110028001,false,מברשת שיניים גרין קלין,,MY,מברשת שיניים גרי,יחידה,1.00,יחידה,false,1,13.00,13.00,true,1,
7046110060636,false,מברשת שיניים change יח,,MY,מברשת שיניים ch,יחידה,1.00,יחידה,false,1,21.90,21.90,true,1,
7046110070192,false,3 מברשות שיניים ג'ורדן,ג'ורדן,MY,3 מברשות שיניים,יחידה,1.00,יחידה,false,0,13.90,13.90,true,1,
7046110071519,false,משחה לשיני חלב2-6 50מל,,IL,משחת שיניים,מיליליטרים,50.00,"100 מ""ל",false,1,11.90,23.80,true,1,
7046110075562,false,מש.שיניים ג'ורדן6-12 50מ,,IL,משחת שיניים,מיליליטרים,50.00,"100 מ""ל",false,1,11.90,23.80,true,1,
7280109394412,false,מארז גיפט קארד מהודר,,CN,מארז גיפטקארד,יחידה,1.00,יחידה,false,1,6.00,6.00,true,1,
7290000066141,false,ביסלי גריל 70 גרם,"אסם השקעות בע""\מ",IL,ביסלי גריל,גרמים,70.00,100 גרם,false,0,4.90,7.00,true,1,
7290000066318,false,במבה 80 גרם,"אסם השקעות בע""\מ",IL,במבה,גרמים,80.00,100 גרם,false,0,5.90,7.38,true,1,
7290000066332,false,אפרופו 50 גרם,"אסם השקעות בע""\מ",IL,חטיף אפרופו,גרמים,50.00,100 גרם,false,0,5.90,11.80,true,1,
7290000072753,false,קפה נמס טסטרס צ'ויס200ג,לוטה נסטלה קוריאה,KR,קפה טסטרס צ'ויס,גרמים,200.00,100 גרם,false,0,31.90,15.95,true,1,
7290000073750,false,מ.חמה נודלס טעם עוף70גרם,PUB FOODS PRESIDENT THAI,TH,מנה חמה נודלס,גרמים,70.00,100 גרם,false,0,7.90,11.29,true,1,
7290000076126,false,בייגלה שמיניות קטנות80גר,"אסם השקעות בע""\מ",IL,בייגלה שמיניות,גרמים,80.00,100 גרם,false,0,3.30,4.13,true,1,
7290000135045,false,"TEN XL בטעם תפוח 250 מ""ל","טמפו משקאות בע""מ",IL,TEN XL בטעם תפוח,מיליליטרים,250.00,"100 מ""ל",false,1,5.90,2.36,true,1,
7290000135113,false,TEN XL נענע ליים ללתס250,"טמפו משקאות בע""\מ",IL,TEN XL נענע ליים,מיליליטרים,250.00,"100 מ""ל",false,1,5.90,2.36,true,1,
7290000161631,false,קליק IN במילוי נוגט38גרם,יוניליוור ישראל מזון בע\,IL,קליק IN נוגט,גרמים,38.00,100 גרם,false,0,5.90,15.53,true,1,
7290000186030,false,מגבונ.לחים עם תחליב56*4י,האגיס-מגבונים,IL,מגבונים עם תחליב,יחידה,1.00,יחידה,false,0,31.90,31.90,true,1,
7290000187938,false,נייר טואלט לילי פסטל32גל,חוגלה קימברלי,IL,נייר טואלט פסטל,מטרים,588.00,100 מטר,false,0,44.90,7.64,true,1,
7290000188553,false,קוטקס מגן תחתון נורמל,חוגלה קימברלי,CN,מגן תחתון קוטקס,יחידה,1.00,יחידה,false,0,17.90,17.90,true,1,
7290000190853,false,נייר טואלט לילי פיור30גל,חוגלה קימברלי,IL,נייר טואלט לילי,מטרים,537.00,100 מטר,false,0,44.90,8.36,true,1,
7290000191225,false,האגיס אקסטרה קר מידה 2,חוגלה קימברלי,IL,האגיס ליטל בייבי,יחידה,1.00,יחידה,false,1,33.90,33.90,true,1,
7290000191539,false,מגבוני לילי צבעוני90*5יח,חוגלה קימברלי,IL,מגבוני לילי 90*5,יחידה,1.00,יחידה,false,0,16.90,16.90,true,1,
7290000191546,false,מגבוני לילי צבעוני 90*3י,חוגלה קימברלי,IL,לילי צבעוני90*3,יחידה,1.00,יחידה,false,0,10.90,10.90,true,1,
7290000191645,false,האגיס אקסטרה קר מידה NB,חוגלה קימברלי,US,חיתולי האגיס,יחידה,1.00,יחידה,false,0,33.90,33.90,true,1,
7290000191652,false,קלינקס מעוצב 90*3 יחידות,חוגלה קימברלי,IL,קלינקס מעוצב 3יח,יחידה,1.00,יחידה,false,0,12.90,12.90,true,1,
7290000193083,false,תחבושות נובה לי 28 יח',חוגלה קימברלי,CZ,תחבושות נובה לי,יחידה,1.00,יחידה,false,0,9.90,9.90,true,1,
7290000193205,false,20 תחבושות לילי ללילה,חוגלה קימברלי,BE,תחבושות לילי,יחידה,1.00,יחידה,false,0,14.90,14.90,true,1,
7290000193472,false,לילי מגן תחתון נורמל,חוגלה קימברלי,ES,פדיות לילי,יחידה,1.00,יחידה,false,0,14.90,14.90,true,1,
7290000193540,false,לילי מגן תחתון לונג,חוגלה קימברלי,ES,פדיות לילי,יחידה,1.00,יחידה,false,0,14.90,14.90,true,1,
7290000194288,false,משטח החתלה 10 יחידות,אונטקס,BE,משטח החתלה האגיס,יחידה,1.00,יחידה,false,0,19.90,19.90,true,1,
7290000195537,false,מגב.האגיס ללא בישום 64*4,חוגלה קימברלי,IL,מגבונים האגיס 4י,יחידה,1.00,יחידה,false,0,24.90,24.90,true,1,
7290000195773,false,מגבוני האגיס אלוורה 64*4,חוגלה קימברלי,IL,מגבונים האגיס 4י,יחידה,1.00,יחידה,false,0,24.90,24.90,true,1,
7290000197425,false,האגיס פרידום דריי מידה 3,חוגלה קימברלי,IL,חיתולי האגיס,יחידה,1.00,יחידה,false,0,47.90,47.90,true,1,
7290000197456,false,האגיס פרידום דריי מידה 4,חוגלה קימברלי,IL,חיתולי האגיס,יחידה,1.00,יחידה,false,0,47.90,47.90,true,1,
7290000197463,false,האגיס פרידום דריי +4,חוגלה קימברלי,IL,חיתולי האגיס,יחידה,1.00,יחידה,false,0,47.90,47.90,true,1,
7290000197548,false,האגיס פרידום דריי מידה 5,חוגלה קימברלי,IL,חיתולי האגיס,יחידה,1.00,יחידה,false,0,47.90,47.90,true,1,
7290000197678,false,האגיס פרידום דריי מידה 6,חוגלה קימברלי,IL,חיתולי האגיס,יחידה,1.00,יחידה,false,0,47.90,47.90,true,1,
7290000199313,false,תחבושות קוטקס יאנג 30 יח,חוגלה קימברלי,CZ,קוטקס תחבושות,יחידה,1.00,יחידה,false,0,17.90,17.90,true,1,
7290000201832,false,50טיטולים פרימיום שלב 3,חוגלה קימברלי,IL,טיטולים פרימיום,יחידה,1.00,יחידה,false,1,33.90,33.90,true,1,
7290000201856,false,38 טיטולים פרימיום שלב+4,חוגלה קימברלי,IL,טיטולים פרימיום,יחידה,1.00,יחידה,false,1,33.90,33.90,true,1,
7290000205762,false,האגיס אקסטרה קר מידה 3,חוגלה קימברלי,CZ,חיתולי האגיס,יחידה,1.00,יחידה,false,1,57.90,57.90,true,1,
7290000205915,false,האגיס אקסטרה קר מידה 4,חוגלה קימברלי,CZ,חיתולי האגיס,יחידה,1.00,יחידה,false,1,57.90,57.90,true,1,
7290000243566,false,"שמן קנולה מועשר 750 מ""ל",סקנולה,EE,שמן קנולה מועשר,מיליליטרים,750.00,"100 מ""ל",false,0,12.90,1.72,true,1,
7290000244143,false,קרם הוואי לאחר גילוח120ג,טרופיקל דגיל,IL,קרם לאחר גילוח,גרמים,120.00,100 גרם,false,0,19.90,16.58,true,1,
7290000262413,false,האגיס אקסטרה קר מידה 5,חוגלה קימברלי,CZ,חיתולי האגיס,יחידה,1.00,יחידה,false,1,57.90,57.90,true,1,
7290000263359,false,האגיס אקסטרה קר שלב1,חוגלה קימברלי,IL,חיתולי האגיס,יחידה,1.00,יחידה,false,0,33.90,33.90,true,1,
7290000288307,false,סנומט מכשיר + 30 טבליות,סנו,IT,מכשיר סנומט+טבל,יחידה,1.00,יחידה,false,0,30.00,30.00,true,1,
7290000288727,false,א.כביסה מקסימה מאסק1.25ק,סנו,IL,אבקת כביסה,קילוגרמים,1.25,"ק""ג",false,0,12.90,10.32,true,1,
7290000289069,false,סנו ג'אוול מרסס לימון 1ל,"סנו מפעלי ברונוס בע""מ",IL,סנו ג'אוול מרסס,ליטרים,1.00,ליטר,false,0,19.90,19.90,true,1,
7290000289595,false,אורביטול קיד תות 145 גרם,טרופיקל דגיל תעשיות קוסמ,IL,משחת שיניים,גרמים,145.00,100 גרם,false,0,10.90,7.52,true,1,
7290000292007,false,K3 ג'ל פיתיון לתיקנים10ג,סנו מפעלי ברונוס בעמ,IL,3K ג'ל פיתיון,גרמים,10.00,100 גרם,false,1,49.90,499.00,true,1,
7290000292557,false,סנומט נוזלי45לילות-מילוי,סנו,IT,נוזל מילוי סנו,מיליליטרים,35.00,"100 מ""ל",false,0,21.90,62.57,true,1,
7290000293943,false,סנו אנטי קאלק מרסס 1 ל',סנו מפעלי ברונוס בעמ,IL,סנו אנטי קאלק,ליטרים,1.00,ליטר,false,0,17.90,17.90,true,1,
7290000442044,false,"פמינה חמוציות 220 מ""ל",כצט,IL,פמינה חמוציות,מיליליטרים,220.00,"100 מ""ל",false,0,29.90,13.59,true,1,
7290000560533,false,ג'ל גילוח אדג' לעור רגיל,אנרג'ייזר,US,אדג' ג'ל לגילוח,גרמים,198.00,100 גרם,false,0,18.90,9.55,true,1,
7290000560540,false,אדג' פרו ג'ל רגיש 198 גר,אנרג'ייזר,US,אדג' ג'ל לגילוח,גרמים,198.00,100 גרם,false,0,18.90,9.55,true,1,
7290000689180,false,בליסטיק סטיק,,IL,בליסטיק סטיק,יחידה,1.00,יחידה,false,0,14.90,14.90,true,1,
7290000803067,false,"משחת אלמקס ילדים 75 מ""ל",קולגייט פלמוליב,PL,משחת שיניים,מיליליטרים,75.00,"100 מ""ל",false,0,14.90,19.87,true,1,
7290000849478,false,"מרכך לילדים 500 מ""ל",פישר מעבדות פרמצבטיות בע,IL,מרכך שיער סרקל,מיליליטרים,500.00,"100 מ""ל",false,0,16.90,3.38,true,1,
7290000849492,false,"סרקל שמפו לילדים 500 מ""ל",פישר מעבדות פרמצבטיות בע,IL,שמפו לילדים,מיליליטרים,500.00,"100 מ""ל",false,0,16.90,3.38,true,1,
7290001136973,false,תחליב רחצה נקה 7 לבן 1 ל,"קוסמופארם בע""\מ",IL,תחליב רחצה נקה 7,ליטרים,1.00,ליטר,false,0,14.90,14.90,true,1,
7290001470619,false,"סרום חוחבה 30 מ""ל",סופט טאץ',IL,סרום חוחבה,מיליליטרים,30.00,"100 מ""ל",false,0,68.90,229.67,true,1,
7290001559871,false,DRY QUICK לק ייבוש,גייד,FR,DRY QUICK לק,יחידה,1.00,יחידה,false,0,29.00,29.00,true,1,
7290001676547,false,מייבש ציפורניים,קרליין,IL,מייבש ציפורניים,יחידה,1.00,יחידה,false,0,14.90,14.90,true,1,
7290001713150,false,אקונומיקה קצף ניקוי 1 לי,קומפלקס כימיקלים בעמ,IL,קצף ניקוי,ליטרים,1.00,ליטר,false,1,9.90,9.90,true,1,
7290001713167,false,סנט מוריץ קצף ניקוי 1 לי,קומפלקס כימיקלים בעמ,IL,קצף ניקוי,ליטרים,1.00,ליטר,false,1,8.90,8.90,true,1,
7290001713662,false,מ. כביסה בניחוח ב.מלון1ל,,TR,מרכך כביסה בניחו,מיליליטרים,1000.00,"100 מ""ל",false,1,11.90,1.19,true,1,
7290001713815,false,מ. כביסה בניחוח ב.מלון1ל,,TR,מרכך כביסה בניחו,מיליליטרים,1000.00,"100 מ""ל",false,1,11.90,1.19,true,1,
7290001865439,false,סבון פמלי לבן +משאבה 1ל',אינטרקוסמא,IL,סבון נוזלי פמלי,ליטרים,1.00,ליטר,false,0,12.90,12.90,true,1,
7290001973233,false,מגבונים מילוי+דיספנסר120,פישר מעבדות פרמצבטיות,IL,מגבונים +דיספנסר,יחידה,1.00,יחידה,false,0,13.90,13.90,true,1,
7290002000143,false,"פנג'ל קרם ידיים 80 מ""ל",אינטרקוסמא,IL,קרם ידיים פנג'ל,מיליליטרים,80.00,"100 מ""ל",false,0,8.50,10.63,true,1,
7290002041009,false,קרם דאו.לגוף 10 מל,תעשיות שיק,IL,דאו.חלאבילין,מיליליטרים,10.00,"100 מ""ל",false,0,49.90,499.00,true,1,
7290002041801,false,"קרם גוף לאב ליין 275 מ""ל",תעשיות שיק,IL,קרם גוף לאב ליין,מיליליטרים,275.00,"100 מ""ל",false,0,49.90,18.15,true,1,
7290002269953,false,בלוז מסיר איפור 2 פאזות,קרליין,IL,בלוז מסיר איפור,מיליליטרים,260.00,"100 מ""ל",false,0,44.90,17.27,true,1,
7290002515333,false,אל סבון קמיל סנסיטיב500,פישר מעבדות פרמצבטיות בע,IL,אלסבון קמיל בלו,מיליליטרים,500.00,"100 מ""ל",false,0,19.90,3.98,true,1,
7290002515371,false,אל סבון קמיל קלאסיק 1ליט,פישר מעבדות פרמצבטיות בע,IL,קמיל בלו לתינוק,ליטרים,1.00,ליטר,false,0,27.90,27.90,true,1,
7290002730538,false,80פדים להסרת איפור בלונס,"ש. שסטוביץ בע""\מ",GR,פדים להסרת איפור,יחידה,1.00,יחידה,false,0,9.90,9.90,true,1,
7290002730675,false,"משחת קולגייט אדום 100מ""ל",קולגייט פלמוליב,PL,משחת שיניים,מיליליטרים,100.00,"100 מ""ל",false,0,9.90,9.90,true,1,
7290002752332,false,סוכ.מנטוס טעם פירות37.5ג,מנטוס,NL,סוכריות מנטוס,גרמים,37.00,100 גרם,false,0,3.90,10.54,true,1,
7290002768074,false,דרמפון סבון ללא סבון 1 ל,קוסמופארם בע'\'\מ,IL,דרמפון אל סבון,ליטרים,1.00,ליטר,false,0,19.90,19.90,true,1,
7290002768159,false,בת אורן סבון נוזלי 500מל,קרליין,IL,סבון אמבט בת אור,מיליליטרים,500.00,"100 מ""ל",false,0,26.90,5.38,true,1,
7290002782131,false,דאודורנט פ.רוזנבלום150מל,"ביסקול בע""מ",IL,דאודורנט פנינה,מיליליטרים,150.00,"100 מ""ל",false,0,34.90,23.27,true,1,
7290002814016,false,סנט מוריץ מסיר שומ.קר750,קומפלקס כימיקלים,IL,מסיר שומנים קר,מיליליטרים,750.00,"100 מ""ל",false,0,15.90,2.12,true,1,
7290002814054,false,אנטרטיק מרסס 1 ליטר,קומפלקס כימיקלים בעמ,IL,אנטרטיק מרסס,ליטרים,1.00,ליטר,false,1,9.90,9.90,true,1,
7290002814498,false,נוזל ניקוי כללי חומץ750מ,קומפלקס כימיקלים,TR,נוזל ניקוי כללי,מיליליטרים,750.00,"100 מ""ל",false,1,7.90,1.06,true,1,
7290002814542,false,אשפתון עבה במיוחד 25 יח,קומפלקס כימיקלים בעמ,CN,אשפתון,יחידה,1.00,יחידה,false,1,9.90,9.90,true,1,
7290002814825,false,כדוריות לאסלה יחידה50*3ג,,TR,כדוריות לאסלה3*,גרמים,150.00,100 גרם,false,1,9.90,6.60,true,1,
7290002814887,false,מטליות רצפה סנט מוריץ10י,קומפלקס כימיקלים,CN,מטליות רצפה 10יח,יחידה,1.00,יחידה,false,1,12.90,12.90,true,1,
7290003026036,false,אל סבון סנסיטיב קמיל 1 ל,פישר מעבדות פרמצבטיות בע,IL,אל סבון קמיל בלו,ליטרים,1.00,ליטר,false,0,28.90,28.90,true,1,
7290003026234,false,קרם גוף קמיל בלו 500 גרם,פישר מעבדות פרמצבטיות בע,IL,קרם גוף לתינוק,גרמים,500.00,100 גרם,false,0,32.90,6.58,true,1,
7290003047642,false,ליפטון ילו לייבל100ש1.5*,יוניליוור,RU,תה ילו לייבל,גרמים,150.00,100 גרם,false,0,11.90,7.94,true,1,
7290003145768,false,בוטן מצופה 50גרם,ששון ושות;#039& )ש.ת. תע,IL,בוטן מצופה 50גרם,גרמים,50.00,100 גרם,false,0,3.90,7.80,true,1,
7290003227990,false,"חלאבילין דאו.נשים 10מ""ל",תעשיות שיק,IL,דאו.קרם חלאבילין,מיליליטרים,10.00,"100 מ""ל",false,1,49.90,499.00,true,1,
7290003401376,false,קרם לחות אלוורה לשיער400,קרליין,IL,קרם לחות לשיער,מיליליטרים,400.00,"100 מ""ל",false,0,16.90,4.23,true,1,
7290003401635,false,קרם לחות ש.צבוע ברגע 400,קרליין,IL,קרם לחות לשיער,מיליליטרים,400.00,"100 מ""ל",false,0,25.90,6.48,true,1,
7290003401642,false,קר.לחות לתלתלים נטורל400,קרליין,IL,קרם לחות לשיער,מיליליטרים,400.00,"100 מ""ל",false,0,25.90,6.48,true,1,
7290003444009,false,חט.שוקו.חלב+חמאת בוטנ42ג,הרשי,US,חטיף שוקולד חלב,גרמים,42.00,100 גרם,false,0,3.90,9.29,true,1,
7290003521166,false,קרם רוזמרין לילדים סרקל,פישר מעבדות פרמצבטיות בע,IL,סרקל קרם רוזמרין,מיליליטרים,325.00,"100 מ""ל",false,0,25.90,7.97,true,1,
7290003917150,false,מגש 2 כדים שוואר+קרם גוף,ניקנור,IL,מגש 2 כדים,יחידה,1.00,יחידה,false,0,84.90,84.90,true,1,
7290004022297,false,LINER DIP איילנר שחור,גייד,DE,LINER DIP איילנר,יחידה,1.00,יחידה,false,0,62.90,62.90,true,1,
7290004078942,false,ליידי ס.סטיק ג'ל מרענן,קולגייט פלמוליב,US,דאודורנט,גרמים,65.00,100 גרם,false,0,17.90,27.54,true,1,
7290004731083,false,אל סבון כיף ג'ינסנג1ליטר,קוסמופארם בע'\'\מ,IL,אל סבון כיף,ליטרים,1.00,ליטר,false,0,12.90,12.90,true,1,
7290004731472,false,אלסבון כיף צבעוני 500*3מ,קוסמופארם בע'\'\מ,IL,אלסבון כיף 3 יח,ליטרים,1.50,ליטר,false,0,19.90,13.27,true,1,
7290004731984,false,משחת אורביטול מלבינה145ג,טרופיקל דגיל תעשיות קוסמ,IL,משחת אורביטול,גרמים,145.00,100 גרם,false,1,15.90,10.97,true,1,
7290005008184,false,סב.נוז.פלמוליב 2ב1- 500מ,קולגייט פלמוליב,TR,סב.נוזלי פלמול,מיליליטרים,500.00,"100 מ""ל",false,0,17.90,3.58,true,1,
7290005084355,false,משח.סנסודיין דואל קייר75,MICLEN DE,GB,משחת שיניים,מיליליטרים,75.00,"100 מ""ל",false,0,18.90,25.20,true,1,
7290005124686,false,בליסטיק סטיק,,IL,בליסטיק סטיק,יחידה,1.00,יחידה,false,0,14.90,14.90,true,1,
7290005199738,false,מאסט מנטה מרעננת 28 גרם,עלית,IL,מאסט מנטה מרעננת,גרמים,28.00,100 גרם,false,0,4.50,16.07,true,1,
7290005200786,false,תפוצ'יפס ט.שמנת ובצל50גר,"שטראוס פריטו ליי בע""\מ )",IL,תפוצ'יפס שמנת,גרמים,50.00,100 גרם,false,0,4.30,8.60,true,1,
7290005418709,false,קר.לחות נטורל קיבוע תלתל,קרליין,IL,קרם לחות לתלתלים,מיליליטרים,400.00,"100 מ""ל",false,0,25.90,6.48,true,1,
7290005423505,false,"מי פה אורביטול 500 מ""ל",קוסמופארם,IL,מי פה אורביטול,מיליליטרים,500.00,"100 מ""ל",false,0,20.90,4.18,true,1,
7290005424694,false,קרמה תח.רחצה קלאסיק 750מ,קוסמופארם בע'\'\מ,IL,קרמה תחליב רחצה,מיליליטרים,750.00,"100 מ""ל",false,0,18.90,2.52,true,1,
7290005425110,false,מחטא ומשמיד חיידקים750,"סנו מפעלי ברונוס בע""\מ",IL,מחטא משטחים סנו,מיליליטרים,750.00,"100 מ""ל",false,1,16.90,2.25,true,1,
7290005425127,false,מחטא ומנקה אבנית/שומנ750,"סנו מפעלי ברונוס בע""\מ",IL,מחטא/מנקה שומנים,מיליליטרים,750.00,"100 מ""ל",false,1,16.90,2.25,true,1,
7290005425745,false,משחה אורביטול להלבנה145ג,קוסמופארם,IL,משחת שיניים,גרמים,145.00,100 גרם,false,0,13.90,9.59,true,1,
7290005426568,false,ק.לחות קרמה שיער רגיל400,קוסמופארם בע'\'\מ,IL,קרם לחות קרמה,מיליליטרים,400.00,"100 מ""ל",false,0,24.90,6.23,true,1,
7290005426575,false,ק.לחות קרמה שיער יבש400מ,קוסמופארם בע'\'\מ,IL,קרם לחות קרמה,מיליליטרים,400.00,"100 מ""ל",false,0,24.90,6.23,true,1,
7290005427787,false,ק.לחות קרמה ש.מתולתל400מ,קוסמופארם בע'\'\מ,IL,קרם לשיער קרמה,מיליליטרים,400.00,"100 מ""ל",false,0,24.90,6.23,true,1,
7290005430602,false,אוקסיג'ן מ.כתמים,,IL,אוקסיג'ן מ.כתמים,מיליליטרים,750.00,"100 מ""ל",false,0,16.90,2.25,true,1,
7290005680052,false,טמפוני או-בה סופר + 32יח,ג'ונסון,GR,טמפוני או-בה,יחידה,1.00,יחידה,false,0,30.90,30.90,true,1,
7290005930904,false,קרם רגליים שפ וניל 100מל,חלאבין,IL,קרם רגליים שפ ונ,מיליליטרים,100.00,"100 מ""ל",false,1,14.90,14.90,true,1,
7290006401373,false,"ליגיניה אקטיב פרש 200מ""ל",פייזר )קונסיומר הלט קר(,IT,ליגיניה אקטיב,מיליליטרים,200.00,"100 מ""ל",false,0,31.90,15.95,true,1,
7290006784360,false,מרסס חלונית ס.מוריץ1ליטר,קומפלקס כימיקלים,IL,מרסס חלונית,ליטרים,1.00,ליטר,false,0,4.90,4.90,true,1,
7290006784438,false,LOVE PUREמרכך כביסה 1 לי,קומפלקס כימיקלים בעמ,TR,LOVE PUREמרכך כב,ליטרים,1.00,ליטר,false,1,11.90,11.90,true,1,
7290006784773,false,מטהר אוויר סקסי 102 250,קומפלקס כימיקלים בעמ,TR,מטהר אוויר סקסי,מיליליטרים,250.00,"100 מ""ל",false,1,14.90,5.96,true,1,
7290006788009,false,"שמפו ""10"" לשיער רגיל700מ",מיוצר עי : אמיליה קוסמטי,IL,שמפו 10 לשיער,מיליליטרים,700.00,"100 מ""ל",false,0,11.50,1.64,true,1,
7290006788313,false,חלב פנים יבש/עדין 260מל,קרליין,IL,חלב פנים,מיליליטרים,260.00,"100 מ""ל",false,0,39.90,15.35,true,1,
7290006788351,false,דאו.קרליין סטיק AQUA 50,קרליין,IL,דאודורנט קרליין,מיליליטרים,50.00,"100 מ""ל",false,0,18.90,37.80,true,1,
7290006788375,false,דאו.קרליין סטיק PURE 50,מיוצר עי : אמיליה קוסמטי,IL,דאודורנט קרליין,מיליליטרים,50.00,"100 מ""ל",false,0,18.90,37.80,true,1,
7290006788405,false,דאו.קרליין רולאון בורדו,מיוצר עי : אמיליה קוסמטי,IL,דאודורנט קרליין,מיליליטרים,75.00,"100 מ""ל",false,0,11.90,15.86,true,1,
7290006788412,false,דאו.קרליין רולאון כחול75,אמיליה קוסמטיקס בעמ,IL,דאודורנט קרליין,מיליליטרים,75.00,"100 מ""ל",false,0,11.90,15.86,true,1,
7290006788429,false,דאו.קרליין רולאון כתום75,אמיליה קוסמטיקס בעמ,IL,דאודורנט קרליין,מיליליטרים,75.00,"100 מ""ל",false,0,11.90,15.86,true,1,
7290006788467,false,דאו.קרליין ספרי אקטיב200,מיוצר עי : אמיליה קוסמטי,IL,דאודורנט קרליין,מיליליטרים,200.00,"100 מ""ל",false,0,13.90,6.95,true,1,
7290006788481,false,דאו.קרליין 200SUNRISE,מיוצר עי : אמיליה קוסמטי,IL,דאודורנט קרליין,מיליליטרים,200.00,"100 מ""ל",false,0,13.90,6.95,true,1,
7290006789631,false,"קרם ""10"" שיער רגיל400מ""ל",מיוצר עי : אמיליה קוסמטי,IL,קרם לחות לשיער,מיליליטרים,400.00,"100 מ""ל",false,0,20.90,5.23,true,1,
7290006789914,false,"FREE OIL מי פנים 260 מ""ל",קרליין,IL,FREE OIL מי פנים,מיליליטרים,260.00,"100 מ""ל",false,0,39.90,15.35,true,1,
7290006789921,false,FREE OILתחליב לחות קל50מ,קרליין,IL,תחליב לחות קל,מיליליטרים,50.00,"100 מ""ל",false,0,54.90,109.80,true,1,
7290006791467,false,סרום להגמשת תלתלים 145מל,מיוצר עי : אמיליה קוסמטי,IL,סרום לתלתלים,מיליליטרים,145.00,"100 מ""ל",false,0,49.90,34.41,true,1,
7290006791870,false,ג'ל שיער לעיצוב חזק500מל,מיוצר עי : אמיליה קוסמטי,IL,ג'ל לעיצוב שיער,מיליליטרים,500.00,"100 מ""ל",false,0,23.90,4.78,true,1,
7290006992161,false,דייסת קורנפלור 200 גרם,מטרנה תעשיות ש.מ,IL,דייסת מטרנה,גרמים,200.00,100 גרם,false,0,14.50,7.25,true,1,
7290006992390,false,דייסת וניל מטרנה 200 גרם,מטרנה תעשיות ש.מ,IL,דייסת וניל מטרנה,גרמים,200.00,100 גרם,false,0,14.50,7.25,true,1,
7290008000246,false,"פמינה + אלוורה 220 מ""ל",כצט,IL,שטיפה + אלוורה,מיליליטרים,220.00,"100 מ""ל",false,0,29.90,13.59,true,1,
7290008104050,false,תחליב רחצה קלאסיק220מל,כצט,IL,תחליב פמינה,מיליליטרים,220.00,"100 מ""ל",false,0,24.90,11.32,true,1,
7290008116534,false,ליסטרין קול מינט 250 מל,ג'\ונסון אנד ג'\ונסון,IT,מי פה ליסטרין,מיליליטרים,250.00,"100 מ""ל",false,0,10.00,4.00,true,1,
7290008116565,false,"מי פה ליסטרין פרש 500מ""ל",ג'\ונסון אנד ג'\ונסון,IT,מי פה ליסטרין,מיליליטרים,500.00,"100 מ""ל",false,0,19.90,3.98,true,1,
7290008116886,false,בלנאום בייבי פורטה500מל,נאופארם,DE,בלנאום בייבי פור,מיליליטרים,500.00,"100 מ""ל",false,0,98.90,19.78,true,1,
7290008264013,false,פינצטה מכופפת,סולינגן,IL,פינצטה מכופפת,יחידה,1.00,יחידה,false,0,39.90,39.90,true,1,
7290008264020,false,פינצטה ישרה מוזהב,סולינגן,IL,פינצטה ישרה מוזה,יחידה,1.00,יחידה,false,0,39.90,39.90,true,1,
7290008264051,false,פינצטה ישרה שחור,סולינגן,IL,פינצטה ישרה שחור,יחידה,1.00,יחידה,false,0,39.90,39.90,true,1,
7290008264068,false,פינצטה אלכסון,סולינגן,IL,פינצטה אלכסון,יחידה,1.00,יחידה,false,0,39.90,39.90,true,1,
7290008264181,false,פצירה לארנק מתקפל,סולינגן,IL,פצירה לארנק מתקפ,יחידה,1.00,יחידה,false,0,35.90,35.90,true,1,
7290008264372,false,קוצץ גדול+פלסטיק,סולינגן,IL,קוצץ גדול+פלסטיק,יחידה,1.00,יחידה,false,0,45.90,45.90,true,1,
7290008444613,false,לק גוון 341,קרליין,IL,לק גוון 341,יחידה,1.00,יחידה,false,0,14.90,14.90,true,1,
7290008444668,false,לק גוון 302,קרליין,,לק,יחידה,1.00,יחידה,false,0,14.90,14.90,true,1,
7290008444736,false,לק גוון 309,קרליין,IL,לק גוון 309,יחידה,1.00,יחידה,false,0,14.90,14.90,true,1,
7290008464505,false,סאן בנדטו רגיל 0.5 ליטר,אקווה מינרלה סאן בנדטו ב,IT,סאן בנדטו רגיל 0,מיליליטרים,500.00,"100 מ""ל",false,0,5.00,1.00,true,1,
7290008754415,false,מאסט LL עדין ספירמינט28ג,עלית,IL,מסטיק מאסט LL,גרמים,28.00,100 גרם,false,0,4.50,16.07,true,1,
7290008893343,false,עפרון עינים הייפרסיז'ן03,גייד,IT,עפרון עינים הייפ,יחידה,1.00,יחידה,false,0,39.00,39.00,true,1,
7290008893367,false,עפרון עינים פרסיז'ן04,גייד,IT,עפרון עינים פרסי,יחידה,1.00,יחידה,false,0,39.00,39.00,true,1,
7290008894050,false,מייק אפ קומפקט 02,גייד,IT,מייק אפ קומפקט02,יחידה,1.00,יחידה,false,0,103.90,103.90,true,1,
7290008975551,false,מטרנה מהדרין שלב3 700גרם,מטרנה תעשיות ש.מ,IL,מטרנה מהדרין 3,גרמים,700.00,100 גרם,false,0,55.90,7.99,true,1,
7290010065332,false,"פרינוק ג'ונ.תפו""ע+בננ190",פרינוק,CZ,פריניוק ג'וניור,גרמים,190.00,100 גרם,false,0,5.90,3.11,true,1,
7290010192816,false,תמר מג'הול ללא גלעין 45,תימורה,IL,תמר מגהול 45ג,גרמים,45.00,100 גרם,false,1,4.90,10.89,true,1,
7290010237531,false,פפסי בקבוק,,IL,פפסי בקבוק,מיליליטרים,500.00,"100 מ""ל",false,0,5.90,1.18,true,1,
7290010379941,false,לק גוון 360,קרליין,IL,לק גוון 360,יחידה,1.00,יחידה,false,0,14.90,14.90,true,1,
7290010381524,false,עפרון עיניים ללא חידוד 2,קרליין,DE,עפרון עיניים,יחידה,1.00,יחידה,false,0,29.90,29.90,true,1,
7290010381562,false,עפרון עיניים ללא חידוד 6,קרליין,DE,עפרון עיניים,יחידה,1.00,יחידה,false,0,29.90,29.90,true,1,
7290010381593,false,עפרון עיניים ללא חידוד 9,קרליין,DE,עפרון עיניים,יחידה,1.00,יחידה,false,0,29.90,29.90,true,1,
7290010382842,false,קרם לחות קליל-רגיל 400מל,מיוצר עי : אמיליה קוסמטי,IL,קרם לחות לשיער,מיליליטרים,400.00,"100 מ""ל",false,0,25.90,6.48,true,1,
7290010748518,false,"שמפו סרקל פורטה 750 מ""ל",פישר מעבדות פרמצבטיות בע,IL,שמפו סרקל פורטה,מיליליטרים,750.00,"100 מ""ל",false,0,28.90,3.85,true,1,
7290011026066,false,שמפו ומרכך לילדים סרקל1ל,פישר מעבדות פרמצבטיות בע,IL,סרקל 2 ב1-,ליטרים,1.00,ליטר,false,0,27.90,27.90,true,1,
7290011026301,false,שמפו סילבר שיער כסוף400מ,פישר מעבדות פרמצבטיות,IL,שמפו לשיער כסוף,מיליליטרים,400.00,"100 מ""ל",false,1,28.90,7.23,true,1,
7290011026523,false,שמפו לפני השינה קמיל500מ,פישר מעבדות פרמצבטיות בע,IL,אל דמע קמיל,מיליליטרים,500.00,"100 מ""ל",false,0,19.90,3.98,true,1,
7290011112066,false,לק גוון 355,קרליין,IL,לק גוון 355,יחידה,1.00,יחידה,false,0,14.90,14.90,true,1,
7290011113889,false,איליינר עמיד שחור,קרליין,IT,איליינר שחור,יחידה,1.00,יחידה,false,0,54.90,54.90,true,1,
7290011114329,false,שפתון ליפ קולור 703,קרליין,IL,שפתון דו צדדי,יחידה,1.00,יחידה,false,0,64.90,64.90,true,1,
7290011114800,false,שפתון גלוס עם ברק 911,קרליין,IL,שפתון גלוס עם בר,יחידה,1.00,יחידה,false,0,59.90,59.90,true,1,
7290011115166,false,תחליב רחצה נקה7 לבנדר1ל,"קוסמופארם בע""\מ",IL,תחליב רחצה נקה 7,ליטרים,1.00,ליטר,false,0,14.90,14.90,true,1,
7290011116446,false,אבקת פודרה נטורל 10,קרליין,IT,אבקת פודרה נטורל,יחידה,1.00,יחידה,false,0,60.90,60.90,true,1,
7290011116651,false,מ.אפ ביו ג'ניק 601,קרליין,IL,מ.אפ ביו ג'ניק,מיליליטרים,30.00,"100 מ""ל",false,0,89.90,299.67,true,1,
7290011332983,false,מגבונאף קמיל בלו,פישר מעבדות פרמצבטיות בע,IL,מגבונאף קמיל בלו,יחידה,1.00,יחידה,false,0,23.90,23.90,true,1,
7290011598211,false,סנו אנטי קאלק נ.כללי700מ,סנו מפעלי ברונוס בעמ,IL,סנו אנטי קאלק,מיליליטרים,700.00,"100 מ""ל",false,0,16.90,2.41,true,1,
7290011607180,false,א.כביסה קולון 1.25 קג,רקיט בנקיזר,IL,אבקת כביסה קולון,קילוגרמים,1.25,"ק""ג",false,0,15.90,12.72,true,1,
7290011618025,false,בייבי ביס בטעם טבעי 50 ג,want-want,CN,בייבי ביס,גרמים,50.00,100 גרם,false,0,14.90,29.80,true,1,
7290011618124,false,בייבי ביס טעם ירקות 50 ג,want-want,CN,בייבי ביס,גרמים,50.00,100 גרם,false,0,14.90,29.80,true,1,
7290011618216,false,בייבי ביס טעם בננה 50 גר,want-want,CN,בייבי ביס,גרמים,50.00,100 גרם,false,0,14.90,29.80,true,1,
7290011622305,false,כתמתמים חטיף בריאות20*4,פרינוק,IL,רביעיית כתמתמים,גרמים,80.00,100 גרם,false,0,11.90,14.88,true,1,
7290011622442,false,טבעות חטיף בריאות 45 גרם,פרינוק,IL,חטיף בריאות,גרמים,45.00,100 גרם,false,0,7.50,16.67,true,1,
7290011622664,false,כתמטמינים טחינה 45 גרם,אשבול,IL,כתמטמינים טחינה,גרמים,45.00,100 גרם,false,1,6.90,15.33,true,1,
7290011622756,false,ביסקויטמינ.פלוס שוקו150ג,מצות אביב בעמ,IL,ביסקויטמינים,גרמים,150.00,100 גרם,false,1,16.90,11.27,true,1,
7290011622763,false,ביסקויטמינ.פלוס וניל150,מצות אביב בעמ,IL,ביסקויטמינים,גרמים,150.00,100 גרם,false,1,16.90,11.27,true,1,
7290011622770,false,אצבעונים פלוס TOGO,מצות אביב בעמ,IL,אצבעונים בטעם ונ,גרמים,130.00,100 גרם,false,1,23.90,18.38,true,1,
7290011743833,false,משחה סנסודיין פרונמל75מל,MICLEN DE,GB,משחת שיניים,מיליליטרים,75.00,"100 מ""ל",false,0,21.90,29.20,true,1,
7290011745707,false,סנסודיין פרונמל ילדים50מ,גלקסוסמיתקליין,SK,משחת שיניים,מיליליטרים,50.00,"100 מ""ל",false,0,15.90,31.80,true,1,
7290011765095,false,ג'ל גילוח לעור עדין 200מ,אביאפ,TR,ג'ל גילוח קרמה,מיליליטרים,200.00,"100 מ""ל",false,0,16.90,8.45,true,1,
7290011765422,false,אלסבון כיף בוב ספוג750מל,קוסמופארם בע'\'\מ,IL,אלסבון כיף,מיליליטרים,750.00,"100 מ""ל",false,0,12.90,1.72,true,1,
7290011765446,false,משחה אורביטול ענבים 70 ג,טרופיקל דגיל תעשיות קוסמ,IL,משחת שיניים,גרמים,70.00,100 גרם,false,0,9.90,14.14,true,1,
7290011870232,false,8 סוללות פוג'יקום AAA,פוג'יקום,CN,סוללות פוג'יקום,יחידה,1.00,יחידה,false,0,16.90,16.90,true,1,
7290011870263,false,8 סוללות פוג'יקום AA,פוג'יקום,CN,סוללות פוג'יקום,יחידה,1.00,יחידה,false,0,16.90,16.90,true,1,
7290011912642,false,ליסטרין שיניים+חניכ500מל,ג'\ונסון אנד ג'\ונסון,IT,מי פה ליסטרין,מיליליטרים,500.00,"100 מ""ל",false,0,19.90,3.98,true,1,
7290012116032,false,"מרכך כיף פיות 750 מ""ל",קוסמופארם בע'\'\מ,IL,מרכך כיף,מיליליטרים,750.00,"100 מ""ל",false,0,13.90,1.85,true,1,
7290012117428,false,קרמה ג'ל רח.ושמפו גבר700,קוסמופארם בע'\'\מ,IL,קרמה ג'ל רחצה,מיליליטרים,700.00,"100 מ""ל",false,0,15.90,2.27,true,1,
7290012117435,false,קרמה ג'ל רחצה אלוורה700מ,קוסמופארם בע'\'\מ,IL,קרמה ג'ל רחצה,מיליליטרים,700.00,"100 מ""ל",false,0,15.90,2.27,true,1,
7290012117534,false,מרכ.מקסימה ס.מרוכז קול1ל,"סנו מפעלי ברונוס בע""\מ",IL,מקסימה ס.מרוכז,ליטרים,1.00,ליטר,false,0,17.90,17.90,true,1,
7290012117558,false,מרכ.מקסימה ס.מרוכז מסק1ל,"סנו מפעלי ברונוס בע""\מ",IL,מקסימה ס.מרוכז,ליטרים,1.00,ליטר,false,0,17.90,17.90,true,1,
7290012117626,false,אורביטול קיד מי פה 250מל,קוסמופארם בע'\'\מ,IL,אורביטול מי פה,מיליליטרים,250.00,"100 מ""ל",false,0,16.90,6.76,true,1,
7290012350252,false,REVIVAL קרם לילה 50 מל,קרליין,IL,רויול קרם לילה,מיליליטרים,50.00,"100 מ""ל",false,0,140.00,280.00,true,1,
7290012350672,false,עפרון שפתיים עם חידוד164,קרליין,DE,עפרון שפתיים,יחידה,1.00,יחידה,false,0,29.90,29.90,true,1,
7290012352034,false,קרם לחות+GOשמן מקדמיה400,דנאגיס,IL,קרם לחות נטורל,מיליליטרים,400.00,"100 מ""ל",false,0,25.90,6.48,true,1,
7290012367700,false,ק.גוף אפקטיב קר שיבול700,פישר מעבדות פרמצבטיות בע,IL,קרם גוף,מיליליטרים,700.00,"100 מ""ל",false,0,26.90,3.84,true,1,
7290012367908,false,שמן לתינוק סנסיטיב,פישר מעבדות פרמצבטיות בע,IL,קמיל בלו שמן,מיליליטרים,200.00,"100 מ""ל",false,1,16.90,8.45,true,1,
7290012491405,false,סבון לניקוי בקבוקים מוצץ,לה קרים,IL,סבון ניקוי בקבוק,מיליליטרים,230.00,"100 מ""ל",false,0,26.90,11.70,true,1,
7290012771095,false,חלאבלין רול און 48 שעות,חלאבין,IL,חלאבלין רול און,מיליליטרים,80.00,"100 מ""ל",false,0,22.90,28.63,true,1,
7290012823237,false,תחליב רחצה קרמה בריזה700,,IL,קרמה תחליב רחצה,מיליליטרים,700.00,"100 מ""ל",false,0,17.90,2.56,true,1,
7290012854408,false,בליסטקס בטעם מנטה,בליסטקס פריגו,IL,בליסטקס בטעם מנט,יחידה,1.00,יחידה,false,0,14.90,14.90,true,1,
7290012938580,false,מש.סנסודיין הלבנה עדינ75,גלקסוסמית'\קליין קונסיומ,GB,משחת סנסודיין,מיליליטרים,75.00,"100 מ""ל",false,0,18.90,25.20,true,1,
7290013083661,false,מטרנה אקסטרה קר שלב1 700,מטרנה תעשיות ש.מ,IL,מטרנה אקסטרה קר,גרמים,700.00,100 גרם,false,0,59.90,8.56,true,1,
7290013083678,false,מטרנה אקסטרה קר שלב2 700,מטרנה תעשיות ש.מ,IL,מטרנה אקסטרה קר,גרמים,700.00,100 גרם,false,0,59.90,8.56,true,1,
7290013268020,false,מקסימה סופר מרוכז פרש 1ל,"סנו מפעלי ברונוס בע""\מ",IL,מרכך כביסה,ליטרים,1.00,ליטר,false,0,17.90,17.90,true,1,
7290013268983,false,מרכך בישום עוצמתי ג'וי1ל,"סנו מפעלי ברונוס בע""\מ",IL,מרכך מרוכז ג'וי,ליטרים,1.00,ליטר,false,1,17.90,17.90,true,1,
7290013269003,false,מקסימה מרכך בייבי 1 ליטר,"סנו מפעלי ברונוס בע""\מ",IL,מקסימה מרכך,ליטרים,1.00,ליטר,false,0,17.90,17.90,true,1,
7290013269287,false,מקסימה ג'ל כביסה מאסק3ל,"סנו מפעלי ברונוס בע""\מ",IL,ג'ל כביסה מרוכז,ליטרים,3.00,ליטר,false,0,29.90,9.97,true,1,
7290013269553,false,תחליב רחצה קרמה מאסק500מ,קוסמופארם בעמ,IL,תחליב רחצה קרמה,מיליליטרים,500.00,"100 מ""ל",false,0,14.90,2.98,true,1,
7290013269621,false,ריצפז פרש הום בוטיק 2ל,סנו מפעלי ברונוס בעמ,IL,ריצפז פרש הום,ליטרים,2.00,ליטר,false,1,24.90,12.45,true,1,
7290013269645,false,מטליות ריצפז,,IL,מטליות ריצפז,יחידה,1.00,יחידה,false,0,13.90,13.90,true,1,
7290013269751,false,10מטליות ריצפז מל.בוטיק,"סנו, ח.צ 520032988",IL,מטליות ריצפז,יחידה,1.00,יחידה,false,1,13.90,13.90,true,1,
7290013412317,false,15חיתול סופט אול נייט XL,"DPLבע""מ",IL,חיתולי נועם,יחידה,1.00,יחידה,false,0,65.90,65.90,true,1,
7290013652157,false,מגב.מסירי איפור רגיל30*3,פישר מעבדות פרמצבטיות בע,IL,מגבונים 3 יח,יחידה,1.00,יחידה,false,0,19.90,19.90,true,1,
7290013652171,false,מגבו.מסיר איפור שמן30*3,פישר מעבדות פרמצבטיות בע,IL,שלישיית מגובונים,יחידה,1.00,יחידה,false,0,19.90,19.90,true,1,
7290013652812,false,ק.ידיים נטורל קר רגיל150,פישר מעבדות פרמצבטיות בע,IL,קרם ידיים נטורל,מיליליטרים,150.00,"100 מ""ל",false,0,13.90,9.27,true,1,
7290013652829,false,"ק.ידיים נטורל קר י""מ 150",פישר מעבדות פרמצבטיות בע,IL,קרם ידיים נטורל,מיליליטרים,150.00,"100 מ""ל",false,0,13.90,9.27,true,1,
7290013756343,false,משחה לאמהות מניקות,ISRAEL INDIVIOR,,משחת לנסינו,גרמים,40.00,100 גרם,false,0,54.90,137.25,true,1,
7290013909565,false,קאלוס נייל סטורי יח',,US,קאלוס נייל סטורי,מיליליטרים,50.00,"100 מ""ל",false,1,59.90,119.80,true,1,
7290013971555,false,סוללות פוג'יקום 4AAA+8AA,פוג'יקום,CN,סוללות פוג'יקום,יחידה,1.00,יחידה,false,0,23.90,23.90,true,1,
7290014059085,false,משחת סנסודיין לשיקום75מ,MICLEN DE,GB,משחת סנסודיין,מיליליטרים,75.00,"100 מ""ל",false,0,21.90,29.20,true,1,
7290014059436,false,משחת סנסודיין לשיקום75מ,MICLEN DE,GB,משחת סנסודיין,מיליליטרים,75.00,"100 מ""ל",false,0,21.90,29.20,true,1,
7290014204478,false,קרם גוף פנינה מס4' 340 מ,א.ל ארמן,IL,קרם גוף פנינה,מיליליטרים,340.00,"100 מ""ל",false,0,31.90,9.38,true,1,
7290014204560,false,"פנינה-סבון 500 מ""ל מארז",פ.רוזנבלום כללי,IL,פנינה-סבון 500,ליטרים,1.50,ליטר,false,0,12.90,8.60,true,1,
7290014204713,false,"ספריי לגוף פנינה 250 מ""ל",סאסא קוסמטיקס,IL,ספריי לגוף פנינה,מיליליטרים,250.00,"100 מ""ל",false,1,29.90,11.96,true,1,
7290014258716,false,מטרנה צמחית 700 גרם,מטרנה תעשיות ש.מ,IL,מטרנה צמחי,גרמים,700.00,100 גרם,false,0,47.90,6.84,true,1,
7290014258723,false,מטרנה צמחית 0-12 700ג,מטרנה תעשיות ש.מ,IL,מטרנה צמחית,גרמים,700.00,100 גרם,false,0,64.90,9.27,true,1,
7290014424098,false,שעווה ברולר ורוד 100 מל,,IT,שעווה ברולר,מיליליטרים,100.00,"100 מ""ל",false,1,14.90,14.90,true,1,
7290014424234,false,שעווה ברולר תפוח,,IT,שעווה ברולר תפוח,מיליליטרים,100.00,"100 מ""ל",false,0,14.90,14.90,true,1,
7290014525016,false,סלים פרוט יוגורט תות 5י,סלים פרוטס,ES,חטיפי דגנים מרבה,גרמים,182.00,100 גרם,false,0,15.90,8.74,true,1,
7290014547353,false,2מברשות סנסודיין דואלק,"L Co., Industrial Shummi",CN,2 מברשו סנסודיין,יחידה,1.00,יחידה,false,1,29.90,29.90,true,1,
7290014648586,false,מקלוני פלסטיק בקופסא 200,,CN,מקלוני פלסטיק,יחידה,1.00,יחידה,false,1,5.90,5.90,true,1,
7290014648944,false,קיסמי מברשות דו צדדי 300,,IL,קיסמי מברשות דו,יחידה,1.00,יחידה,false,1,10.90,10.90,true,1,
7290014855403,false,15חיתולי אקסטרה סטרונג M,DPL פרומדיקו,IL,חיתולי נועם,יחידה,1.00,יחידה,false,0,59.90,59.90,true,1,
7290014855434,false,מגבו.בייביסיטר מבושם72*4,די.פי.אל,IL,מגבונים לחים 4יח,יחידה,1.00,יחידה,false,1,18.90,18.90,true,1,
7290014855458,false,מגבונ.ללא בישום 72*4יח,די.פי.אל,IL,מגבונים לחים 4יח,יחידה,1.00,יחידה,false,1,18.90,18.90,true,1,
7290014901261,false,"מסכת קרטין סטייל 500 מ""ל",א.ל ארמן,IL,מסכת קרטין,מיליליטרים,500.00,"100 מ""ל",false,0,34.90,6.98,true,1,
7290014949744,false,"אוטן טרופי ספריי 100 מ""ל",אס.סי.ג'ונסון מידרכט,PL,אוטן ספריי,מיליליטרים,100.00,"100 מ""ל",false,0,26.90,26.90,true,1,
7290014952935,false,מאמי קר מגבוני אף ופנים,מאמי קר,IL,מאמי קר מגבונים,יחידה,1.00,יחידה,false,1,12.90,12.90,true,1,
7290015155823,false,חטיפטף פרינוק תפוח 120 ג,פרוטה פודיווין,CZ,חטיפטף פרינוק,גרמים,120.00,100 גרם,false,1,5.00,4.17,true,1,
7290015155847,false,חטיפטף פרינוק פירות120ג,פרוטה פודיווין,CZ,חטיפטף פרינוק,גרמים,120.00,100 גרם,false,1,5.00,4.17,true,1,
7290015156776,false,חטיפטף פירות טרופי 120ג,,CZ,חטיפטף פרינוק,גרמים,120.00,100 גרם,false,1,5.00,4.17,true,1,
7290015156813,false,חטיפטף פירות מעורבים120ג,,CZ,חטיפטף פרינוק,גרמים,120.00,100 גרם,false,1,5.00,4.17,true,1,
7290015176378,false,מברשת חשמלית סגול,פוג'יקום,CN,מברשת שיניים,יחידה,1.00,יחידה,false,1,29.90,29.90,true,1,
7290015366663,false,משחה אקווה פרש עדין100,MICLEN DE,SK,משחה אקווה פרש,מיליליטרים,100.00,"100 מ""ל",false,1,5.90,5.90,true,1,
7290015366670,false,משחה אקווה פרש מנטה 100,MICLEN DE,SK,משחה אקווה פרש,מיליליטרים,100.00,"100 מ""ל",false,1,5.90,5.90,true,1,
7290015733205,false,מטרנה אקסטרה שלב 1 700 ג,נסטלה,IL,מטרנה אקסטרה,גרמים,700.00,100 גרם,false,1,59.90,8.56,true,1,
7290015733229,false,מטרנה אקסטרה שלב 2 700ג,מטרנה,IL,מטרנה אקסטרה,גרמים,700.00,100 גרם,false,1,59.90,8.56,true,1,
7290015733243,false,מטרנה מהדרין אקס..שלב3,מטרנה תעשיות ש.מ.,IL,מטרנה אקסטרה,גרמים,700.00,100 גרם,false,1,59.90,8.56,true,1,
7290015733441,false,דייסת גם וגם דגנים 300 ג,מטרנה תעשיות ש.מ,IL,דייסת מטרנה,גרמים,300.00,100 גרם,false,1,19.90,6.63,true,1,
7290015848985,false,אולטרסול קרם פניםSPF50+,פישר מעבדות פרמצבטיות בע,IL,אולטרסול,מיליליטרים,75.00,"100 מ""ל",false,1,49.90,66.53,true,1,
7290016197495,false,מטליות מקרופייבר רצפה2יח,INC UFO,CN,מטלית לרצפה 2יח,יחידה,1.00,יחידה,false,1,24.90,24.90,true,1,
7290016197600,false,דיפנד תחבושות נורמל12יח,קימברלי קלארק,VN,תחבושות דיפנד,יחידה,1.00,יחידה,false,1,19.90,19.90,true,1,
7290016197617,false,דיפנד תחבושות  אקסטרה10י,קימברלי קלארק,VN,תחבושות דיפנד,יחידה,1.00,יחידה,false,1,19.90,19.90,true,1,
7290016197624,false,דיפנד תחבושות סופר8יח,קימברלי קלארק,VN,תחבושות דיפנד,יחידה,1.00,יחידה,false,1,19.90,19.90,true,1,
7290016230888,false,סוללות V3 5) יחידות( 5 י,פוג'יקום,IL,סוללות V3,יחידה,1.00,יחידה,false,1,21.90,21.90,true,1,
7290016299021,false,מרכך טיפולי חומצה 450מל,ארגניה יצור ושיווק,IL,מרכך טיפולי חומצ,מיליליטרים,450.00,"100 מ""ל",false,1,38.90,8.64,true,1,
7290016299076,false,שמפו טיפולי חומצה 450מל,ארגניה יצור ושיווק,IL,שמפו טיפולי חומצ,מיליליטרים,450.00,"100 מ""ל",false,1,38.90,8.64,true,1,
7290016299151,false,"סרום ארגן 100 מ""ל",ארגניה יצור ושיווק,IL,סרום ארגן,מיליליטרים,100.00,"100 מ""ל",false,1,44.90,44.90,true,1,
7290016299168,false,סרום קיק חיזוק שיער100מל,,IL,סרום קיק לחיזוק,מיליליטרים,100.00,"100 מ""ל",false,1,44.90,44.90,true,1,
7290016299199,false,סרום חומצה היאלרונית100מ,,IL,סרום חומצה היאלר,מיליליטרים,100.00,"100 מ""ל",false,1,44.90,44.90,true,1,
7290016299359,false,מרכך ללא SLS ארגן 450מל,ארגניה יצור ושיווק,IL,מרכך ארגן ללאSLS,מיליליטרים,450.00,"100 מ""ל",false,1,38.90,8.64,true,1,
7290016299410,false,שמפו לשיער מתולתל 450 מל,ארגניה יצור ושיווק,IL,שמפו לשיער מתולת,מיליליטרים,450.00,"100 מ""ל",false,1,38.90,8.64,true,1,
7290016299557,false,שמן 100% ארגן טהור30מל,ארגניה יצור ושיווק,IL,שמן 100% ארגן טה,מיליליטרים,30.00,"100 מ""ל",false,1,58.90,196.33,true,1,
7290016299618,false,"שמפו קיק ארגניה 450 מ""ל",ארגניה יצור ושיווק,IL,שמפו קיק,מיליליטרים,450.00,"100 מ""ל",false,1,38.90,8.64,true,1,
7290016299625,false,"מסיכת קיק ארגניה 250 מ""ל",,IL,מסיכת קיק,מיליליטרים,250.00,"100 מ""ל",false,1,46.50,18.60,true,1,
7290016299632,false,שמפו לשיער ללא מלחים450מ,ארגניה יצור ושיווק,IL,שמפו לשיער ללא S,מיליליטרים,450.00,"100 מ""ל",false,1,38.90,8.64,true,1,
7290016299663,false,"שמן קיק 100 מ""ל",,IL,שמן קיק,מיליליטרים,100.00,"100 מ""ל",false,1,20.00,20.00,true,1,
7290016299670,false,"שמן קיק 100% טהור 250 מ""",,IL,שמן קיק 100% טהו,מיליליטרים,250.00,"100 מ""ל",false,1,39.90,15.96,true,1,
7290016299687,false,מרכך לשיער מתולתל 450 מל,ארגניה יצור ושיווק,IL,מרכך לשיער מתולת,מיליליטרים,450.00,"100 מ""ל",false,1,38.90,8.64,true,1,
7290016299755,false,"מרכך קיק ארגניה 450 מ""ל",ארגניה יצור ושיווק,IL,מרכך קיק,מיליליטרים,450.00,"100 מ""ל",false,1,38.90,8.64,true,1,
7290016299878,false,מסיכה טיפולית לשיער500מ,ארגניה יצור ושיווק,IL,מסיכה טיפולית לש,מיליליטרים,500.00,"100 מ""ל",false,1,44.90,8.98,true,1,
7290016299885,false,"מסיכת קיק ארגניה 500 מ""ל",שיווק TEVACOM,IL,מסיכת קיק,מיליליטרים,500.00,"100 מ""ל",false,1,44.90,8.98,true,1,
7290016319118,false,שעווה מתקלפת לפנים 100מל,דנשר,ES,שעווה לאזור פנים,מיליליטרים,100.00,"100 מ""ל",false,1,29.90,29.90,true,1,
7290016321661,false,64*4 פרש וואנס ללא בישום,עלבד משואות יצחק,IL,פרש וואנס 4יח,יחידה,1.00,יחידה,false,1,15.90,15.90,true,1,
7290016321678,false,64*4פרש וואנס ניחוח מרענ,עלבד משואות יצחק,IL,פרש וואנס 4 יח,יחידה,1.00,יחידה,false,1,15.90,15.90,true,1,
7290016321777,false,20 רצועות שעווה לפנים,VIOKOX,ES,רצועות שעווה לפנ,יחידה,1.00,יחידה,false,1,28.90,28.90,true,1,
7290016329278,false,מגבונים לתינוק קמיל בלו,פישר מעבדות פרמצבטיות בע,IL,מגבונים קמיל בלו,יחידה,1.00,יחידה,false,1,19.90,19.90,true,1,
7290016329308,false,קרם שיער מתולתל סרקל325מ,פישר מעבדות פרמצבטיות בע,IL,סרקל מתיר קשרים,מיליליטרים,325.00,"100 מ""ל",false,1,25.90,7.97,true,1,
7290016329674,false,קרם פנים קמיל בלו,פישר מעבדות פרמצבטיות בע,IL,קרם פנים קמיל,מיליליטרים,75.00,"100 מ""ל",false,1,29.90,39.87,true,1,
7290016350012,false,דאו סטיק לגבר גולדן 80מל,א.משי תעשיות,IL,דאו סטיק לגבר,מיליליטרים,80.00,"100 מ""ל",false,1,9.90,12.38,true,1,
7290016429992,false,אלכוג'ל סיליקון עם דמו30,פישר מעבדות פרמצבטיות בע,IL,אלכוג'ל,מיליליטרים,30.00,"100 מ""ל",false,1,16.90,56.33,true,1,
7290016437430,false,14תחתון סופג לאישה XL,,CZ,תחתון דיפנד,יחידה,1.00,יחידה,false,1,64.90,64.90,true,1,
7290016437591,false,תחתונים סופגיםM קוטקס8יח,חוגלה קימברלי,KR,תחתונים סופגים,יחידה,1.00,יחידה,false,0,36.90,36.90,true,1,
7290016437607,false,תחתונים סופגים קוטקס8יח,חוגלה קימברלי,KR,תחתונים סופגים,יחידה,1.00,יחידה,false,0,36.90,36.90,true,1,
7290016437645,false,32האגיס פרידום פנטס שלב5,,CZ,חיתולי האגיס,יחידה,1.00,יחידה,false,1,45.90,45.90,true,1,
7290016509786,false,ג'ל כביסה פרסיל 2.5 ליטר,"הנקל סוד בע""\מ",IL,ג'ל כביסה פרסיל,ליטרים,2.50,ליטר,false,1,34.90,13.96,true,1,
7290016510249,false,תחליב רח.הוואי יוגורט700,טרופיקל דגיל בעמ,IL,תחליב רחצה הוואי,מיליליטרים,700.00,"100 מ""ל",false,1,8.90,1.27,true,1,
7290016510287,false,תח.רח.הוואי קרם דבש 700,טרופיקל דגיל בעמ,IL,תחליב רחצה הוואי,מיליליטרים,700.00,"100 מ""ל",false,1,8.90,1.27,true,1,
7290016510317,false,תח.רח.הוואי לגבר פול700,טרופיקל דגיל בעמ,IL,תחליב רחצה הוואי,מיליליטרים,700.00,"100 מ""ל",false,1,8.90,1.27,true,1,
7290016510324,false,תחליב רח.הוואי לגבר700מל,טרופיקל דגיל בעמ,IL,תחליב רחצה הוואי,מיליליטרים,700.00,"100 מ""ל",false,1,8.90,1.27,true,1,
7290016621013,false,ק.גוף קמיל בלו קלאסיק500,פישר מעבדות פרמצבטיות בע,IL,קרם גוף קמיל בלו,מיליליטרים,500.00,"100 מ""ל",false,1,28.90,5.78,true,1,
7290016692198,false,קלאסיק משחת החתלה קלנדול,מאמי קר,IL,קלאסיק משחת החתל,מיליליטרים,120.00,"100 מ""ל",false,1,19.90,16.59,true,1,
7290016866650,false,מש.פרודונטקס אוריגינל75מ,MICLEN DE,SK,משחה פרודונטקס,מיליליטרים,75.00,"100 מ""ל",false,1,31.90,42.53,true,1,
7290016866667,false,פרודונטקס ללא פלואוריד75,MICLEN DE,SK,משחה פרודונטקס,מיליליטרים,75.00,"100 מ""ל",false,1,31.90,42.53,true,1,
7290016866704,false,"שמפו קרטין E סטייל750מ""ל",גורי,IL,שמפו קרטין,מיליליטרים,750.00,"100 מ""ל",false,1,29.90,3.99,true,1,
7290016866711,false,"מרכך קרטין E סטייל750מ""ל",א.ל ארמן,IL,מרכך קרטין,מיליליטרים,750.00,"100 מ""ל",false,1,29.90,3.99,true,1,
7290016912623,false,מרכך סרקל בלונד 1 ליטר,פישר מעבדות פרמצבטיות בע,IL,מרכך סרקל בלונד,ליטרים,1.00,ליטר,false,1,27.90,27.90,true,1,
7290017002101,false,מכשיר חימום לרולר שעווה,,CN,מכשיר חימום לרול,יחידה,1.00,יחידה,false,1,59.90,59.90,true,1,
7290017031477,false,סנסודין רפיד רליף מלבי75,MICLEN DE,GB,משחת סנסודיין,מיליליטרים,75.00,"100 מ""ל",false,1,21.90,29.20,true,1,
7290017031811,false,מברשות פרודונטקס 2 יח,"L Co., Industrial Shummi",CN,מברשות פרודונטקס,יחידה,1.00,יחידה,false,1,28.90,28.90,true,1,
7290017031941,false,מסכה לשיער המפ סטייל500מ,א.ל.ארמן ייצור תמרוקים ב,IL,מסכה לשיער hemp,מיליליטרים,500.00,"100 מ""ל",false,1,34.90,6.98,true,1,
7290017088068,false,42חיתולי בייביסיטר מידה4,די.פי.אל תעשיות מוצרים ח,IL,חיתולי בייביסיטר,יחידה,1.00,יחידה,false,1,32.90,32.90,true,1,
7290017088082,false,36חיתול בייביסיטר מידה5,די.פי.אל תעשיות מוצרים ח,IL,חיתולי בייביסיטר,יחידה,1.00,יחידה,false,1,32.90,32.90,true,1,
7290017088099,false,30חיתולי בייביסיטר מידה6,די.פי.אל תעשיות מוצרים ח,IL,חיתולי בייביסיטר,יחידה,1.00,יחידה,false,1,31.90,31.90,true,1,
7290017088464,false,טופ פד 20סופגנית לונג,,IT,טופ פד,יחידה,1.00,יחידה,false,1,19.90,19.90,true,1,
7290017088839,false,8 תחבושות לשתן אקסטרה+,EUROFIL,IT,בריז תחבושות שתן,יחידה,1.00,יחידה,false,1,16.90,16.90,true,1,
7290017088846,false,8 תחבושות בריז לשתן מקסי,EUROFIL,IT,בריז תחבושות שתן,יחידה,1.00,יחידה,false,1,16.90,16.90,true,1,
7290017088891,false,15חיתולי סופט אול נייט M,"DPLבע""מ",IL,חיתולי נועם,יחידה,1.00,יחידה,false,1,65.90,65.90,true,1,
7290017088969,false,חיתולי בייביסיטר דק שלב1,די.פי.אל תעשיות מוצרים ח,IL,חיתול דק מידה 1,יחידה,1.00,יחידה,false,1,26.90,26.90,true,1,
7290017088983,false,חיתולי בייביסיטר דק שלב2,די.פי.אל תעשיות מוצרים ח,IL,חיתול דק מידה 2,יחידה,1.00,יחידה,false,1,26.90,26.90,true,1,
7290017407869,false,פיגמנט נוזלי טינט,,IL,פיגמנט נוזלי,יחידה,1.00,יחידה,false,1,74.90,74.90,true,1,
7290017407982,false,מסקרה KAPARA יח',,IL,מסקרה KAPARA,יחידה,1.00,יחידה,false,1,59.00,59.00,true,1,
7290017440279,false,אל סבון קידס ויטמינים750,CHEMIPAL FISHER (BIO,IL,אל סבון ויטמינים,מיליליטרים,750.00,"100 מ""ל",false,1,16.90,2.25,true,1,
7290017440309,false,שמפו קידס ויטמיניםnk 750,CHEMIPAL FISHER (BIO,IL,שמפו קידס,מיליליטרים,750.00,"100 מ""ל",false,1,16.90,2.25,true,1,
7290017445601,false,מחזק ציפורניים,,IL,מחזק ציפורניים,מיליליטרים,15.00,"100 מ""ל",false,1,49.90,332.67,true,1,
7290017457932,false,מרכך פרש כחול 900מל,,IL,סוד מרכך כחול,מיליליטרים,900.00,"100 מ""ל",false,1,9.90,1.10,true,1,
7290017629131,false,חוט דנטלי אוטודנטי+קייסמ,ELECTRICAL BFT SHENZHEN,CN,חוט דנטלי אוטוד,יחידה,1.00,יחידה,false,1,13.90,13.90,true,1,
7290017637426,false,MB שמפו נגד קשקשים 500 מ,סאסא קוסמטיקס,IL,MB שמפו קשקשים,מיליליטרים,500.00,"100 מ""ל",false,1,24.90,4.98,true,1,
7290017695044,false,"קיט החלקה ושמפו 200 מ""ל",מיסטר בונד,IL,קיט החלקה ושמפו,יחידה,1.00,יחידה,false,1,159.90,159.90,true,1,
7290017695235,false,סרום ויטמינס לאחר החלקה,מיסטר בונד,IL,סרום ויטמינס,מיליליטרים,200.00,"100 מ""ל",false,1,49.90,24.95,true,1,
7290017695242,false,שמפו ויטמינס אחר החלקה1ל,מיסטר בונד,IL,שמפו ויטמינס לאח,ליטרים,1.00,ליטר,false,1,44.90,44.90,true,1,
7290017695259,false,מסכה לשיער ויטמינס 500מל,מיסטר בונד,IL,מסכה לשיער ויטמי,מיליליטרים,500.00,"100 מ""ל",false,1,44.90,8.98,true,1,
7290017695679,false,"מסכת סילבר 500 מ""ל",מיסטר בונד,IL,מסכת סילבר 500 מ,מיליליטרים,500.00,"100 מ""ל",false,1,49.90,9.98,true,1,
7290017872001,false,פרש וואנס קרם החתלה 100מ,,IL,פרש וואנס קרם הח,מיליליטרים,100.00,"100 מ""ל",false,1,10.90,10.90,true,1,
7290017872872,false,כוכבים חטיף דגנים 35 גרם,אשבול,IL,כוכבים דגנים,גרמים,35.00,100 גרם,false,1,13.90,39.71,true,1,
7290017873350,false,קרם יד.פנג'ל אינטנסיב100,"דנלוג אינטרקוסמא בע""\מ",IL,קרם ידיים פנג'ל,מיליליטרים,100.00,"100 מ""ל",false,1,13.90,13.90,true,1,
7290017873381,false,תח.גוף פנג'ל אינטנסיב400,אינטרקוסמא,IL,תחליב גוף פנג'ל,מיליליטרים,400.00,"100 מ""ל",false,1,28.90,7.23,true,1,
7290017917450,false,אל סבון ושמפו קמיל בלו1ל,CHEMIPAL FISHER (BIO,IL,אל סבון ושמפו,ליטרים,1.00,ליטר,false,1,28.90,28.90,true,1,
7290017917467,false,א.סבון שיבולת שועל קמיל1,CHEMIPAL FISHER (BIO,IL,אל סבון ש.שועל,ליטרים,1.00,ליטר,false,1,28.90,28.90,true,1,
7290018043189,false,פראוד חטיף קשיו קרמל60גר,,NL,פראוד חטיף קשיו,גרמים,60.00,100 גרם,false,1,14.90,24.83,true,1,
7290018080276,false,רפידות הנקה 60 יח',מאמי קר,IL,רפידות הנקה,יחידה,1.00,יחידה,false,1,39.90,39.90,true,1,
7290018132388,false,מטרנה גולד שלב 2 700 גרם,מטרנה תעשיות ש.מ.,IL,מטרנה גולד שלב 2,גרמים,700.00,100 גרם,false,1,73.90,10.56,true,1,
7290018132425,false,מטרנה גולד שלב3 700ג בדץ,מטרנה תעשיות ש.מ.,IL,מטרנה גולד שלב 3,גרמים,700.00,100 גרם,false,1,73.90,10.56,true,1,
7290018156780,false,אלכו קרם היגיינת ידיים75,,IL,אלכו קרם ג'ל,מיליליטרים,75.00,"100 מ""ל",false,1,21.90,29.20,true,1,
7290018182710,false,תוספות שיער לקוקו אריאנה,פארמה דיל,CN,ת.שיער לקוקו,יחידה,1.00,יחידה,false,1,59.90,59.90,true,1,
7290018182765,false,תוספות שיער לקוקו לורן,פארמה דיל,CN,ת.שיער לקוקו,יחידה,1.00,יחידה,false,1,59.90,59.90,true,1,
7290018292556,false,קרם לחות לשיער400מל,ארגניה יצור ושיווק,IL,קרם לחות לשיער,מיליליטרים,400.00,"100 מ""ל",false,1,44.90,11.23,true,1,
7290018343340,false,שמפו משקם לאחר החלקה400,פישר מעבדות פרמצבטיות,IL,שמפו משקם,מיליליטרים,400.00,"100 מ""ל",false,1,39.90,9.98,true,1,
7290018354704,false,"ווקס לגבר 100 מ""ל",א.משי תעשיות,IL,ווקס לגבר,מיליליטרים,100.00,"100 מ""ל",false,1,9.90,9.90,true,1,
7290018493052,false,ק.ידים אפקטיב אבוקדו100מ,"ד""ר שר",IL,קרם ידיים,מיליליטרים,100.00,"100 מ""ל",false,1,15.90,15.90,true,1,
7290018493076,false,ק. דיים אפקטיב ארגןו100,"ד""ר שר",IL,קרם ידיים,מיליליטרים,100.00,"100 מ""ל",false,1,15.90,15.90,true,1,
7290018516331,false,"פרינוק פאוצ' ת""פ בננה120",פרוטה פודיווין,CZ,פרינוק,גרמים,120.00,100 גרם,false,1,5.00,4.17,true,1,
7290018516362,false,פרינוק בננה ושיבולת 190ג,פרוטה פודיווין,CZ,פרינוק ארוחה,גרמים,190.00,100 גרם,false,1,5.90,3.11,true,1,
7290018703052,false,חטיף חלבון עוג.קראנץ29גר,,NL,חטיף חלבון פראוד,גרמים,29.00,100 גרם,false,1,11.90,41.03,true,1,
7290018703083,false,חטיף חלבון דאבל שוקולד60,,NL,חטיף חלבון,גרמים,60.00,100 גרם,false,1,11.90,19.84,true,1,
7290018703182,false,חט.חלבון שוק.בוטן+קרמל29,,NL,חטיף חלבון פראוד,גרמים,29.00,100 גרם,false,1,11.90,41.03,true,1,
7290018703311,false,חטיף חלבון קרם עוגיות60ג,,NL,חטיף חלבון,גרמים,60.00,100 גרם,false,1,11.90,19.84,true,1,
7290018733134,false,מרכך לתלתלים ביוטין קרטי,מיסטר בונד,IL,מרכך לתלתלים ביו,מיליליטרים,1000.00,"100 מ""ל",false,1,49.90,4.99,true,1,
7290018733158,false,קרם גלייז לתלתלים משאבה,מיסטר בונד,IL,קרם גלייז לתלתלי,גרמים,500.00,100 גרם,false,1,49.90,9.98,true,1,
7290018733172,false,קרם מוריד נפח ביוטין 500,מיסטר בונד,IL,קרם מוריד נפח,גרמים,500.00,100 גרם,false,1,49.90,9.98,true,1,
7290018921265,false,"תחליב רחצה אלוורה 700מ""ל",פישר מעבדות פרמצבטיות בע,IL,תחליב רחצ.אלוורה,מיליליטרים,700.00,"100 מ""ל",false,1,12.90,1.84,true,1,
7290018921449,false,מגבוני קמיל תפרחת56*4יח,פישר,IL,מגבונים קמיל 4יח,יחידה,1.00,יחידה,false,1,24.90,24.90,true,1,
7290018921654,false,"תחליב רחצה לבנדר 700 מ""ל",פישר מעבדות פרמצבטיות בע,IL,תחליב רחצה לבנדר,מיליליטרים,700.00,"100 מ""ל",false,1,12.90,1.84,true,1,
7290018921807,false,קמיל בלו משחת החתלה120ג,פישר מעבדות פרמצבטיות בע,IL,קמיל בלו משחה,גרמים,120.00,100 גרם,false,1,21.90,18.25,true,1,
7290019014508,false,מרכך כביסה אוריאנטל900מ,סאסא טק,IL,מרכך כביסה,מיליליטרים,900.00,"100 מ""ל",false,1,19.90,2.21,true,1,
7290019014614,false,"מרכך כביסה בלו 900 מ""ל",סאסא טק,IL,מרכך כביסה בלו,מיליליטרים,900.00,"100 מ""ל",false,1,19.90,2.21,true,1,
7290019014621,false,"מרכך כביסה לגונה 900 מ""ל",סאסא טק,IL,מרכך כביסה לגונה,מיליליטרים,900.00,"100 מ""ל",false,1,19.90,2.21,true,1,
7290019014638,false,מרכך כביסה פרש וויט 900,סאסא טק,IL,מרכך כביסה פרש,מיליליטרים,900.00,"100 מ""ל",false,1,19.90,2.21,true,1,
7290019014645,false,"מסיר כתמים טנקס 500 מ""ל",סאסא טק,IL,מסיר כתמים TNX,מיליליטרים,500.00,"100 מ""ל",false,1,24.90,4.98,true,1,
7290019014652,false,מרכך כביסה בייבי לאב900מ,סאסא טק,IL,מרכך כביסה בייבי,מיליליטרים,900.00,"100 מ""ל",false,1,24.90,2.77,true,1,
7290019014706,false,נוזל רצפות פרש וויט1.35ל,סאסא טק,IL,נוזל רצפות פרש,ליטרים,1.35,ליטר,false,1,24.90,18.44,true,1,
7290019014737,false,"מבשם בדים ביץ קלאב500מ""ל",סאסא טק,IL,מבשם בדים קלאב,מיליליטרים,500.00,"100 מ""ל",false,1,19.90,3.98,true,1,
7290019014744,false,מרסס חלונות פרש וויט750מ,סאסא טק,IL,מרסס חלונות פרש,מיליליטרים,750.00,"100 מ""ל",false,1,13.90,1.85,true,1,
7290019014751,false,ניקוי כלים24% פלאוור750מ,סאסא טק,IL,ניקוי כלים 24%,מיליליטרים,750.00,"100 מ""ל",false,1,14.90,1.99,true,1,
7290019014775,false,מרסס קצף מסיר שומנים 750,סאסא טק,IL,מרסס מסיר שומנים,מיליליטרים,750.00,"100 מ""ל",false,1,16.90,2.25,true,1,
7290019014782,false,מרסס אקונומיקה לבנדר750מ,סאסא טק,IL,מרסס אקונומיקה,מיליליטרים,750.00,"100 מ""ל",false,1,16.90,2.25,true,1,
7290019014799,false,מסיר אבנית לאמבטיה 750 מ,סאסא טק,IL,קצף מסיר אבנית,מיליליטרים,750.00,"100 מ""ל",false,1,14.90,1.99,true,1,
7290019014805,false,"מרסס מנקה ריפודים 500מ""ל",סאסא טק,IL,מרסס מנקה ריפוד,מיליליטרים,500.00,"100 מ""ל",false,1,24.90,4.98,true,1,
7290019014812,false,"מרסס מנטרל ריחות 500 מ""ל",סאסא טק,IL,מרסס מנטרל ריחות,מיליליטרים,500.00,"100 מ""ל",false,1,19.90,3.98,true,1,
7290019014843,false,תרסיס לניקוי חלונות400מל,סאסא טק,IL,תרסיס לחלונות,מיליליטרים,400.00,"100 מ""ל",false,1,19.90,4.98,true,1,
7290019014867,false,"תרסיס מסיר דיו+דבק400מ""ל",סאסא טק,IL,תרסיס מסיר דיו,מיליליטרים,400.00,"100 מ""ל",false,1,26.90,6.73,true,1,
7290019014973,false,מבשם בדים בייבי לאב500מ,סאסא טק,IL,מבשם בדים בייבי,מיליליטרים,500.00,"100 מ""ל",false,1,19.90,3.98,true,1,
7290019074090,false,קמיל בלו סופט א.סבון500מ,פישר מעבדות פרמצבטיות בע,IL,קמיל בלו אל סבון,מיליליטרים,500.00,"100 מ""ל",false,1,24.90,4.98,true,1,
7290019074502,false,קרם גוף תינוק שפורפר240מ,פישר מעבדות פרמצבטיות בע,IL,קרם גוף לתינוק,מיליליטרים,240.00,"100 מ""ל",false,1,26.90,11.21,true,1,
7290019075899,false,קמיל בלו סופט א.סבון1ל,פישר מעבדות פרמצבטיות בע,IL,א.סבון קמיל בלו,ליטרים,1.00,ליטר,false,1,32.90,32.90,true,1,
7290019274056,false,נוזל רצפה בייבי לאב1.35ל,סאסא טק,IL,נוזל רצפה בייבי,ליטרים,1.35,ליטר,false,1,24.90,18.44,true,1,
7290019274087,false,"ארוסול קצף לאסלות 400מ""ל",סאסא טק,IL,ארוסול קצף ניקוי,מיליליטרים,400.00,"100 מ""ל",false,1,19.90,4.98,true,1,
7290019274117,false,"מרסס ניקוי נירוסטה500מ""ל",סאסא טק,IL,מנקה נירוסטה,מיליליטרים,500.00,"100 מ""ל",false,1,14.90,2.98,true,1,
7290019274254,false,תרסיס TNX ליקוי מזגן400מ,"סאסאטק אגש""\ח בע""\מ",IL,תרסיס ניקוי מזגן,מיליליטרים,400.00,"100 מ""ל",false,1,39.90,9.98,true,1,
7290019274261,false,"מבשם בדים לגון 500 מ""ל","סאסאטק אגש""\ח בע""\מ",IL,מבשם בדים לגון,מיליליטרים,500.00,"100 מ""ל",false,1,19.90,3.98,true,1,
7290019274278,false,מבשם בדים גרין פורסט500מ,"סאסאטק אגש""\ח בע""\מ",IL,מבשפ בדים פורסט,מיליליטרים,500.00,"100 מ""ל",false,1,19.90,3.98,true,1,
7290100240137,false,בדין תרסיס מייבש כחול500,"זוהר דליה, קיבוץ דליה, 1",IL,תרסיס למייבש,מיליליטרים,500.00,"100 מ""ל",false,0,16.90,3.38,true,1,
7290100271568,false,עפרון עינים הייפרסיז'ן07,גייד,IT,עפרון עינים הייפ,יחידה,1.00,יחידה,false,0,39.00,39.00,true,1,
7290100273500,false,INTENSE איילנר שחור,גייד,IT,INTENSE איילנר,יחידה,1.00,יחידה,false,0,85.00,85.00,true,1,
7290100412756,false,"קרם ידיים עור יבש 100מ""ל",אמיליה,IL,קרם ידיים,מיליליטרים,100.00,"100 מ""ל",false,1,12.90,12.90,true,1,
7290100412770,false,"תחליב רחצה מאסק 700 מ""ל",אמיליה,IL,תחליב רחצה,מיליליטרים,700.00,"100 מ""ל",false,1,19.90,2.84,true,1,
7290100412787,false,"תחליב רחצה קלאסי 700 מ""ל",אמיליה,IL,תחליב רחצה,מיליליטרים,700.00,"100 מ""ל",false,1,19.90,2.84,true,1,
7290100412800,false,תחליב רחצה עור יבש 700 מ,אמיליה,IL,תחליב רחצה,מיליליטרים,700.00,"100 מ""ל",false,1,19.90,2.84,true,1,
7290100412817,false,קרם רגליים עור יבש 100מל,אמיליה,IL,קרם רגליים,מיליליטרים,100.00,"100 מ""ל",false,1,13.90,13.90,true,1,
7290100412831,false,תחליב רח.אנטיאיג'נג700,אמיליה,IL,תחליב רחצה,מיליליטרים,700.00,"100 מ""ל",false,1,19.90,2.84,true,1,
7290100850916,false,דוריטוס חמוץ חריף 70 גרם,"שטראוס פריטו ליי בע""\מ )",IL,דוריטוס חמוץ ח,גרמים,70.00,100 גרם,false,0,3.90,5.57,true,1,
7290100924631,false,סוד מרכך מרוכז בייבי900מ,"הנקל סוד בע""\מ",IL,סוד מרכךבייבי,מיליליטרים,900.00,"100 מ""ל",false,1,9.90,1.10,true,1,
7290100925669,false,קולור קאצ'ר 10 דפים,"הנקל סוד בע""\מ",IE,דפי קולור קאצ'ר,יחידה,1.00,יחידה,false,1,13.90,13.90,true,1,
7290101279662,false,OIL MUSK ICON א.ד.פ לאשה,גייד בישום,IL,M-O ICON א.ד.פ,מיליליטרים,50.00,"100 מ""ל",false,0,159.00,318.00,true,1,
7290101488323,false,ליידי ספיד סטיק סגול 65ג,קולגייט פלמוליב,US,ליידי ספיד סטיק,גרמים,65.00,100 גרם,false,0,17.90,27.54,true,1,
7290103120658,false,ספיד סטיק ג'ל 24/7 שחור,קולגייט פלמוליב,US,דאודורנט,גרמים,85.00,100 גרם,false,0,17.90,21.06,true,1,
7290103124588,false,פלמוליב ארומתרפי סגול750,קולגייט פלמוליב,TR,סבון פלמוליב,מיליליטרים,750.00,"100 מ""ל",false,0,20.90,2.79,true,1,
7290103124601,false,פלמוליב חלב ודבש משאב750,קולגייט פלמוליב,TR,סבון פלמוליב,מיליליטרים,750.00,"100 מ""ל",false,0,20.90,2.79,true,1,
7290103126797,false,"קולגייט פרו ריליף 75 מ""ל",קולגייט פלמוליב,BR,משחת קולגייט,מיליליטרים,75.00,"100 מ""ל",false,0,24.90,33.20,true,1,
7290103129392,false,ליידי ס.ס אינפיוזן סגול,קולגייט פלמוליב,US,ליידי ספיד סטיק,גרמים,65.00,100 גרם,false,0,17.90,27.54,true,1,
7290103129637,false,בלונס פדים אובליים 40 יח,ספטונה,GR,בלונס פרים,יחידה,1.00,יחידה,false,0,9.90,9.90,true,1,
7290103330057,false,עפרון עיניים עמיד 305 יח,גייד,IT,עפרון עיניים עמי,יחידה,1.00,יחידה,false,0,49.00,49.00,true,1,
7290103330163,false,עפרון עיניים עמיד 302 יח,גייד,IT,עפרון עיניים עמי,יחידה,1.00,יחידה,false,0,49.00,49.00,true,1,
7290103331504,false,ליפגלוס קריסטל לייטס501,גייד,IL,ליפגלוס קריסטל ל,יחידה,1.00,יחידה,false,0,79.00,79.00,true,1,
7290103333294,false,SUBLIME HYDRA רימונים,גייד,IL,HYDRA סרום,מיליליטרים,30.00,"100 מ""ל",false,0,109.00,363.33,true,1,
7290103334321,false,BLACK VANILLA ICON שמן,גייד בישום,IL,VANILLA ICON שמן,מיליליטרים,30.00,"100 מ""ל",false,0,169.00,563.33,true,1,
7290103336738,false,עפרון עיניים מטאליק100,גייד,IT,עפרון עיניים מטא,יחידה,1.00,יחידה,false,0,49.00,49.00,true,1,
7290103704964,false,נייר טואלט 3 שכבות 9 גל,,IL,נייר טואלט 9 גל,מטרים,277.00,מטר,false,1,34.90,0.13,true,1,
7290104068539,false,מאסט LL מלון ואבטיח 28גר,עלית,IL,מסטיק מאסט,גרמים,28.00,100 גרם,false,0,4.50,16.07,true,1,
7290104366949,false,אוליב קרם לחות לשיער,א.פ.חורי,IL,אוליב קרם לחות ל,מיליליטרים,500.00,"100 מ""ל",false,0,19.90,3.98,true,1,
7290104367632,false,קרם עיניים,,IL,קרם עיניים,מיליליטרים,30.00,"100 מ""ל",false,0,24.90,83.00,true,1,
7290104367649,false,"קרם אנטי אייג'ינג 50 מ""ל",,IL,קרם אנטי אייג'ינ,מיליליטרים,50.00,"100 מ""ל",false,1,24.90,49.80,true,1,
7290104367663,false,"סרום ליפטינג לפנים 30 מ""",,IL,סרום ליפטינג לפנ,מיליליטרים,30.00,"100 מ""ל",false,1,29.90,99.67,true,1,
7290104367687,false,קרם לילה,,IL,קרם לילה אוליב,מיליליטרים,50.00,"100 מ""ל",false,0,24.90,49.80,true,1,
7290104960024,false,שפתון קולור קוד B12,קרליין,IL,שפתון קולור קוד,יחידה,1.00,יחידה,false,0,59.90,59.90,true,1,
7290104960031,false,שפתון קולור קוד B13,קרליין,IL,שפתון קולור קוד,יחידה,1.00,יחידה,false,0,59.90,59.90,true,1,
7290104960239,false,סבון נקה7 ארומה לבן 750מ,טרופיקל דגיל תעשיות קוסמ,IL,תחליב רחצה נקה 7,מיליליטרים,750.00,"100 מ""ל",false,0,12.90,1.72,true,1,
7290104960246,false,תחליב רח.נקה 7 ורוד 750,טרופיקל דגיל תעשיות קוסמ,IL,תחליב רחצה נקה 7,מיליליטרים,750.00,"100 מ""ל",false,0,12.90,1.72,true,1,
7290104960253,false,סבון נקה7 ארומה לבנדר750,טרופיקל דגיל תעשיות קוסמ,IL,תחליב רחצה נקה 7,מיליליטרים,750.00,"100 מ""ל",false,0,12.90,1.72,true,1,
7290104960338,false,תחליב רח.נקה 7 אלוורה750,טרופיקל דגיל תעשיות קוסמ,IL,תחליב רחצה נקה 7,מיליליטרים,750.00,"100 מ""ל",false,0,12.90,1.72,true,1,
7290104960420,false,לקה 378,קרליין,IL,לקה 378,יחידה,1.00,יחידה,false,0,14.90,14.90,true,1,
7290104960451,false,לקה 381,קרליין,IL,לקה 381,יחידה,1.00,יחידה,false,0,14.90,14.90,true,1,
7290104960475,false,לקה 383,קרליין,IL,לקה 383,יחידה,1.00,יחידה,false,0,14.90,14.90,true,1,
7290104961007,false,INKLINER אייליינר שחור,קרליין,DE,אייליינר שחור,יחידה,1.00,יחידה,false,0,54.90,54.90,true,1,
7290104961878,false,"שמפו קרטין נטורל 400 מ""ל",קוסמופארם בע'\'\מ,IL,שמפו קרטין,מיליליטרים,400.00,"100 מ""ל",false,0,29.90,7.48,true,1,
7290104961885,false,"מרכך קרטין נטורל 400 מ""ל",קוסמופארם בע'\'\מ,IL,מרכך קרטין,מיליליטרים,400.00,"100 מ""ל",false,0,29.90,7.48,true,1,
7290104961892,false,"מסכת קרטין נטורל 350 מ""ל",קוסמופארם בע'\'\מ,IL,מסכת קרטין,מיליליטרים,350.00,"100 מ""ל",false,0,39.90,11.40,true,1,
7290104961908,false,"סרום קרטין נטורל 145 מ""ל",קוסמופארם,IL,סרום קרטין,מיליליטרים,145.00,"100 מ""ל",false,0,49.90,34.41,true,1,
7290104961915,false,BOLD מסקרה שחורה,קרליין,IT,BOLD מסקרה שחורה,יחידה,1.00,יחידה,false,1,69.90,69.90,true,1,
7290104962073,false,דאו.טיטניום,,IL,דאו.טיטניום,מיליליטרים,180.00,"100 מ""ל",false,0,16.90,9.39,true,1,
7290104962134,false,דאו. קרליין רול און נושם,מיוצר עי : אמיליה קוסמטי,IL,רול און נושם,מיליליטרים,75.00,"100 מ""ל",false,0,11.90,15.86,true,1,
7290104962462,false,"טיטניום קוואנטום 100 מ""ל",קרליין,IL,טיטניום,מיליליטרים,100.00,"100 מ""ל",false,1,79.00,79.00,true,1,
7290104962660,false,דאו.נושם ללא אלומיניו200,אמיליה קוסמטיקס בעמ,IL,ספריי נושם,מיליליטרים,200.00,"100 מ""ל",false,0,13.90,6.95,true,1,
7290104962868,false,"מסכת אמפולה נטורל 350מ""ל",קוסמופארם בע'\'\מ,IL,מסכת אמפולה,מיליליטרים,350.00,"100 מ""ל",false,1,39.90,11.40,true,1,
7290104962967,false,לק ג'ל קולור ניילס יח,קרליין,IL,לק ג'ל,יחידה,1.00,יחידה,false,1,29.90,29.90,true,1,
7290104963063,false,מסקרה חום בולד יח,קרליין,IT,מסקרה חום,יחידה,1.00,יחידה,false,1,69.90,69.90,true,1,
7290104963162,false,סופטקר ק. גוף תינוקות500,קוסמופארם בע'\'\מ,IL,סופטקר קרם גוף,מיליליטרים,500.00,"100 מ""ל",false,1,23.90,4.78,true,1,
7290104963414,false,לוק.לק 402,קרל.איפור/טיפוח,IL,.לק 402,יחידה,1.00,יחידה,false,0,14.90,14.90,true,1,
7290104963476,false,עפרון גבות משולש 03,קרל.איפור/טיפוח,CN,עפרון גבות משולש,יחידה,1.00,יחידה,false,0,29.90,29.90,true,1,
7290104963667,false,סופטקר 2ב1- סגול 1 ליטר,קוסמופארם בע'\'\מ,IL,סופטקר 2ב1-,ליטרים,1.00,ליטר,false,1,18.90,18.90,true,1,
7290104963957,false,"תרחיץ פנים 300 מ""ל",,IL,תרחיץ פנים אוייל,מיליליטרים,300.00,"100 מ""ל",false,1,34.90,11.63,true,1,
7290104963995,false,אויל פרי גרגירים 150 מל,,IL,אויל פרי גרגירים,מיליליטרים,150.00,"100 מ""ל",false,1,34.90,23.27,true,1,
7290104964084,false,EFFECT MULTI קרם יום,פאר פארם בעמ,IL,EFFECT MULTI קרם,מיליליטרים,50.00,"100 מ""ל",false,1,44.90,89.80,true,1,
7290104964541,false,TINT LIP ברונזר,,IL,TINT LIP ברונזר,מיליליטרים,10.00,"100 מ""ל",false,1,39.90,399.00,true,1,
7290104964565,false,מסכה מתקלפת שחורה 150מ,פאר פארם בעמ,IL,מסכה מתקלפת שחור,מיליליטרים,150.00,"100 מ""ל",false,1,49.90,33.27,true,1,
7290104964572,false,מסכה מתקלפת זהב 150מל,פאר פארם בעמ,IL,מסכה מתקלפת זהב,מיליליטרים,150.00,"100 מ""ל",false,1,49.90,33.27,true,1,
7290104964831,false,פריימר לריסים BOLD יח',,IL,פריימר לריסים BO,יחידה,1.00,יחידה,false,1,64.90,64.90,true,1,
7290104964916,false,מגבוני דו פזי פחם 25 יחי,קוסמופארם,IL,מגבוני דו פזי פח,יחידה,1.00,יחידה,false,1,14.90,14.90,true,1,
7290104964930,false,TINT LIP שפתון צבע פיגמט,,IL,ליפ טיינט שפתון,מיליליטרים,10.00,"100 מ""ל",false,1,39.90,399.00,true,1,
7290104965135,false,סט 9 צלליות 02 קר כקרח,לג'ו שיאנג,CN,סט 9 צלליות 02 ק,יחידה,1.00,יחידה,false,1,79.90,79.90,true,1,
7290104965142,false,סט 9 צלליות 03 זוהר מארז,לג'ו שיאנג,CN,סט 9 צלליות 03 ז,יחידה,1.00,יחידה,false,1,79.90,79.90,true,1,
7290104965555,false,"מיס קו א.ד.פ לאשה 100מ""ל",קרליין,IL,מיס קו א.ד.פ לאש,מיליליטרים,100.00,"100 מ""ל",false,1,129.90,129.90,true,1,
7290104969850,false,"BOOSTER קולגן 30 מ""ל",,IL,BOOSTER קולגן,מיליליטרים,30.00,"100 מ""ל",false,1,69.90,233.00,true,1,
7290104969874,false,"BOOSTER ויטמין C 30 מ""ל",,FR,BOOSTER ויטמין C,מיליליטרים,30.00,"100 מ""ל",false,1,69.90,233.00,true,1,
7290104969881,false,BOOSTER חומצה הילרונית 3,,IL,BOOSTER חומצה הי,מיליליטרים,30.00,"100 מ""ל",false,1,69.90,233.00,true,1,
7290105360250,false,קפסולות קפה מס' 9 50 גרם,שטראוס קפה בי.וי.,IL,קפסולות קפה,גרמים,50.00,100 גרם,false,0,19.90,39.80,true,1,
7290105360335,false,קפסולות מס' 7 50 גרם,שטראוס קפה בי.וי.,IL,קפסולות מס' 7,גרמים,50.00,100 גרם,false,0,19.90,39.80,true,1,
7290105363602,false,כיף כף מקלות קלאסי 40 גר,עלית,TR,כיף כף מקלות,גרמים,40.00,100 גרם,false,0,5.90,14.75,true,1,
7290105430458,false,סבון פלמוליב שקדים 750 מ,קולגייט פלמוליב,TR,סבון פלמוליב,מיליליטרים,750.00,"100 מ""ל",false,0,20.90,2.79,true,1,
7290105434029,false,ספיד סטיק נוטרו ספריי150,קולגייט פלמוליב,RU,דאו. ספיד סטיק,מיליליטרים,150.00,"100 מ""ל",false,0,14.90,9.93,true,1,
7290106290358,false,PEARL ICON א.ד.פ לאשה,גייד בישום,IL,PEARL ICON לאשה,מיליליטרים,50.00,"100 מ""ל",false,0,109.00,218.00,true,1,
7290106290693,false,עפרון שפתיים עמיד83 יח',גייד,IT,עפרון שפתיים 83,יחידה,1.00,יחידה,false,0,49.00,49.00,true,1,
7290106290723,false,עפרון שפתיים עמיד86 יח',גייד,IT,עפרון שפתיים 86,יחידה,1.00,יחידה,false,0,49.00,49.00,true,1,
7290106292406,false,אדמה אינדיאנית אידיליק62,גייד,IT,אדמה אינדיאנית א,יחידה,1.00,יחידה,false,0,99.00,99.00,true,1,
7290106292666,false,לק קריסטל 482 יח',גייד,FR,לק קריסטל 482,יחידה,1.00,יחידה,false,0,29.00,29.00,true,1,
7290106293021,false,עפרון שפתיים עמיד92 יח',גייד,IT,עפרון שפתיים 92,יחידה,1.00,יחידה,false,0,49.00,49.00,true,1,
7290106293151,false,PREMIUM GOLD קרם יום,גייד,CH,PREMIUM GOLD קרם,מיליליטרים,50.00,"100 מ""ל",false,0,149.00,298.00,true,1,
7290106293700,false,פודרה בייסיקס501 יח',גייד,IT,פודרה בייסיקס501,יחידה,1.00,יחידה,false,0,85.00,85.00,true,1,
7290106295421,false,שפתון טרו קולור85 יח',גייד,IT,שפתון טרו קולור8,יחידה,1.00,יחידה,false,0,69.00,69.00,true,1,
7290106295841,false,HD IDYLLIC מסקרה שחורה,גייד,DE,HD IDYLLIC מסקרה,יחידה,1.00,יחידה,false,0,89.00,89.00,true,1,
7290106296503,false,INSTINCT ICON א.ד.ט לאשה,גייד בישום,IL,INSTINCT ICONאשה,מיליליטרים,100.00,"100 מ""ל",false,0,199.00,199.00,true,1,
7290106296640,false,עפרון גבות איידיליק 400,גייד,IT,עפרון גבות איידי,יחידה,1.00,יחידה,false,0,59.00,59.00,true,1,
7290106297272,false,PREMIUM GOLD קרם לילה,גייד,CH,PREMIUM GOLD קרם,מיליליטרים,50.00,"100 מ""ל",false,0,149.00,298.00,true,1,
7290106297531,false,BLACK VANILLA ICON לאשה,גייד בישום,IL,VANILLA ICON אשה,מיליליטרים,100.00,"100 מ""ל",false,0,149.00,149.00,true,1,
7290106299146,false,שפתון טרו קולור246 יח',גייד,IT,שפתון טרו קולור2,יחידה,1.00,יחידה,false,0,69.00,69.00,true,1,
7290106299542,false,מגבונים להסרת איפור יח',גייד,IL,מגבון מסיר איפור,יחידה,1.00,יחידה,false,0,35.00,35.00,true,1,
7290106721920,false,מסטיק ספירמינט צ'יקלט66ג,"שטראוס גרופ בע""\מ.",IL,מסטיק ספירמינט,גרמים,66.00,100 גרם,false,1,9.90,15.00,true,1,
7290107536042,false,מארז גיפט קארד מרובע ניי,,IL,מארז גיפטקארד,יחידה,1.00,יחידה,false,1,6.00,6.00,true,1,
7290107544498,false,דפילטור בקיני 80 גרם,,IL,דפילטור בקיני,גרמים,80.00,100 גרם,false,1,17.90,22.38,true,1,
7290107544511,false,דפילטור לנערות 80 גרם,,IL,דפילטור לנערות,גרמים,80.00,100 גרם,false,1,17.90,22.38,true,1,
7290107936958,false,עד חצות אצבעות 125 גרם,ביסקוויטס טור ד'\אלבון,FR,עד חצות אצבעות,גרמים,125.00,100 גרם,false,1,12.90,10.32,true,1,
7290107937634,false,קוביות פפרמינט צנצנת 58ג,אסקום קונפקשיין,DE,קוביות מסטיק,גרמים,58.00,100 גרם,false,1,9.90,17.07,true,1,
7290107973038,false,פלמוליב סב.אקווריום300מל,קולגייט פלמוליב,IT,סבון פלמוליב,מיליליטרים,300.00,"100 מ""ל",false,1,9.90,3.30,true,1,
7290107973557,false,ליידי ס.סטיק אלוורה150מ,קולגייט פלמוליב,RU,ליידי ספיד סטיק,מיליליטרים,150.00,"100 מ""ל",false,1,14.90,9.93,true,1,
7290107978637,false,"משחת מרידול 75 מ""ל",קולגייט פלמוליב,PL,משחת מרידול,מיליליטרים,75.00,"100 מ""ל",false,1,19.90,26.53,true,1,
7290108350616,false,מרכך מקסימה בלו 1 ליטר,"סנו מפעלי ברונוס בע""\מ",IL,מרכך מקסימה,ליטרים,1.00,ליטר,false,1,17.90,17.90,true,1,
7290108350623,false,מרכך מקסימה סופט סילק1ל,"סנו מפעלי ברונוס בע""\מ",IL,מרכך מקסימה,ליטרים,1.00,ליטר,false,1,17.90,17.90,true,1,
7290108351033,false,POWDRE WHITE א.ד.פ 50מל,,IL,אדפPOWDRE WHITE,מיליליטרים,50.00,"100 מ""ל",false,1,69.00,138.00,true,1,
7290108351613,false,ריצפז פרש הום בית מלון2ל,"סנו מפעלי ברונוס בע""\מ",IL,ריצפז פרש הום,ליטרים,2.00,ליטר,false,1,24.90,12.45,true,1,
7290108351804,false,מרכך כביסה ג'נטל בריז 1ל,סנו מפעלי ברונוס בעמ,IL,מרכך מקסימה,ליטרים,1.00,ליטר,false,1,17.90,17.90,true,1,
7290108351811,false,מרכך כביסה פלורל טאצ1ל,סנו מפעלי ברונוס בעמ,IL,מרכך מקסימה,ליטרים,1.00,ליטר,false,1,17.90,17.90,true,1,
7290108352061,false,משחת אורביטול פחם 145ג,טרופיקל דגיל תעשיות קוסמ,IL,משחת אורביטול,גרמים,145.00,100 גרם,false,1,15.90,10.97,true,1,
7290108352641,false,מטלית הפלא 3 יחידות,,CN,מטליות הפלא 3 יח,יחידה,1.00,יחידה,false,1,13.90,13.90,true,1,
7290108353099,false,ממחטות אף סופט 5 * 100יח,איימי פייפר,CN,ממחטות סופט מארז,יחידה,1.00,יחידה,false,1,13.70,13.70,true,1,
7290108353761,false,תחליב רחצה זן קשמיר 600מ,"קוסמופארם בע""\מ",IL,קרמה תחליב רחצה,מיליליטרים,600.00,"100 מ""ל",false,1,12.90,2.15,true,1,
7290108353785,false,תחליב רח.נקה7טונקה750מ,קוסמופארם בע'\'\מ,IL,תחליב רחצה,מיליליטרים,750.00,"100 מ""ל",false,1,12.90,1.72,true,1,
7290108353792,false,נקה 7 תחליב רחצה יפן 750,קוסמופארם בע'\'\מ,IL,תחליב רחצה בניחו,מיליליטרים,750.00,"100 מ""ל",false,1,12.90,1.72,true,1,
7290108353808,false,"תחליב רחצה מדגסקר750מ""ל",קוסמופארם בע'\'\מ,IL,תחליב רחצה בניחו,מיליליטרים,750.00,"100 מ""ל",false,1,12.90,1.72,true,1,
7290108353815,false,"תחליב רחצה מדיטציה600מ""ל","קוסמופארם בע""\מ",IL,קרמה תחליב רחצה,מיליליטרים,600.00,"100 מ""ל",false,1,12.90,2.15,true,1,
7290108353891,false,דאו.קרמה רול און מאסק75מ,"קוסמופארם בע""\מ",IL,דאודורנט קרמה,מיליליטרים,75.00,"100 מ""ל",false,1,13.90,18.53,true,1,
7290108353907,false,דאו.קרמה רול און קלאסי75,"קוסמופארם בע""\מ",IL,דאודורנט קרמה,מיליליטרים,75.00,"100 מ""ל",false,1,13.90,18.53,true,1,
7290108353952,false,"דאו.קרמה קלאסי 150 מ""ל",מיוצר עי : אמיליה קוסמטי,TR,דאודורנט קרמה,מיליליטרים,150.00,"100 מ""ל",false,1,16.90,11.27,true,1,
7290108353969,false,"דאו.קרמה מאסק 150 מ""ל",מיוצר עי : אמיליה קוסמטי,TR,דאודורנט קרמה,מיליליטרים,150.00,"100 מ""ל",false,1,16.90,11.27,true,1,
7290108354065,false,קרמה מן ג'ל רח.פילינג700,קוסמופארם בע'\'\מ,IL,קרמה מן ג'ל רחצה,מיליליטרים,700.00,"100 מ""ל",false,1,15.90,2.27,true,1,
7290108354140,false,קרליין20 מגבוני דאו.ורוד,עלבד,IL,מגבוני דאודורנט,יחידה,1.00,יחידה,false,1,9.90,9.90,true,1,
7290108354706,false,תחליב רחצה קרמה מאסק500מ,"קוסמופארם בע""\מ",IL,תחליב רחצה קרמה,מיליליטרים,500.00,"100 מ""ל",false,1,14.90,2.98,true,1,
7290108354805,false,שמן גוף נרולי+מגנוליה150,פאר פארם בעמ,IL,שמן גוף קרמה,מיליליטרים,150.00,"100 מ""ל",false,1,23.90,15.93,true,1,
7290108354911,false,"שמפו,ג'ל רחצה וגילוח700מ","קוסמופארם בע""\מ",IL,קרמה 3ב1,מיליליטרים,700.00,"100 מ""ל",false,1,15.90,2.27,true,1,
7290108355024,false,שמפו+מרכך נקה7מיניוני750,קוסמופארם בע'\'\מ,IL,שמפו +מרכך נקה7,מיליליטרים,750.00,"100 מ""ל",false,1,13.90,1.85,true,1,
7290108355062,false,נטורל פורמולה לחות+קרטין,אמיליה קוסמטיקס,IL,לחות נט.פורמולה,מיליליטרים,400.00,"100 מ""ל",false,1,29.90,7.48,true,1,
7290108355079,false,נט.פורמולה לחות+קוקוס400,קוסמופארם,IL,לחות נט.פורמולה,מיליליטרים,400.00,"100 מ""ל",false,1,29.90,7.48,true,1,
7290108355116,false,בייבי כיף לפני שינה750מל,קוסמופארם,IL,בייבי כיף אלסבון,מיליליטרים,750.00,"100 מ""ל",false,1,17.90,2.39,true,1,
7290108355130,false,בייבי כיף שמן לפ.שינה500,קוסמופארם,IL,בייבי כיף שמן,מיליליטרים,500.00,"100 מ""ל",false,1,26.90,5.38,true,1,
7290108355208,false,"שמפו קרטין נטורל 400 מ""ל",קוסמופארם,IL,שמפו נטורל פורמו,מיליליטרים,400.00,"100 מ""ל",false,1,29.90,7.48,true,1,
7290108355215,false,"מסכת קרטין נטורל 450מ""ל",קוסמופארם,IL,מסכת קרטין,מיליליטרים,450.00,"100 מ""ל",false,1,43.90,9.76,true,1,
7290108355260,false,נקה7שמפו+גל רחצה+סבון750,קוסמופארם,IL,נקה7 שמפו/לרחצה,מיליליטרים,750.00,"100 מ""ל",false,1,14.90,1.99,true,1,
7290108355451,false,דאו.קרמה רול און ורד 75מ,"קוסמופארם בע""\מ",IL,דאודורנט קרמה,מיליליטרים,75.00,"100 מ""ל",false,1,13.90,18.53,true,1,
7290108355468,false,דאו.קרמה רול און נרולי75,"קוסמופארם בע""\מ",IL,דאודורנט קרמה,מיליליטרים,75.00,"100 מ""ל",false,1,13.90,18.53,true,1,
7290108355536,false,"דאו.קרמה ורד וניל 150מ""ל",מיוצר עי : אמיליה קוסמטי,TR,דאודורנט קרמה,מיליליטרים,150.00,"100 מ""ל",false,1,16.90,11.27,true,1,
7290108355741,false,קרליין קרם גוף מבושם 250,פאר פארם בעמ,IL,קרם גוף מבושם,מיליליטרים,250.00,"100 מ""ל",false,1,24.90,9.96,true,1,
7290108355765,false,"דאו.קרמה לבנדר 150 מ""ל",מיוצר עי : אמיליה קוסמטי,TR,דאודורנט קרמה,מיליליטרים,150.00,"100 מ""ל",false,1,16.90,11.27,true,1,
7290108356021,false,כיף תחליב רחצה עוגיות700,קוסמופארם,IL,כיף תחליב רחצה,מיליליטרים,700.00,"100 מ""ל",false,1,10.90,1.55,true,1,
7290108356151,false,כיף תחליב רחצה מאסק700מ,קוסמופארם,IL,כיף תחליב רחצה,מיליליטרים,700.00,"100 מ""ל",false,1,10.90,1.55,true,1,
7290108356168,false,כיף תחליב רח.אוקיינוס700,קוסמופארם,IL,כיף תחליב רחצה,מיליליטרים,700.00,"100 מ""ל",false,1,10.90,1.55,true,1,
7290108356274,false,כיף מוס רחצה תות שמנת150,קוסטר,TR,כיף מוס רחצה,מיליליטרים,150.00,"100 מ""ל",false,1,11.90,7.93,true,1,
7290108356489,false,כיף תחליב רחצה אפרסק700מ,קוסמופארם בעמ,IL,תחליב רחצה אפרסק,מיליליטרים,700.00,"100 מ""ל",false,1,10.90,1.55,true,1,
7290108356571,false,מרכך 10 לשיער יבש 700 מל,"קוסמופארם בע""\מ",IL,מרכך 10 קרליין,מיליליטרים,700.00,"100 מ""ל",false,1,14.90,2.13,true,1,
7290108357042,false,דאו.רולאון ביו ציטרוס75מ,"קוסמופארם בע""\מ",IL,דאו.רולאון ביו,מיליליטרים,75.00,"100 מ""ל",false,1,16.90,22.53,true,1,
7290108357059,false,דאו.רולאון ביו סיקרט 75מ,"קוסמופארם בע""\מ",IL,דאו.רול און ביו,מיליליטרים,75.00,"100 מ""ל",false,1,16.90,22.53,true,1,
7290108357110,false,דאו.רולאון ביו וולווט75מ,"קוסמופארם בע""\מ",IL,דאו.רולאון ביו,מיליליטרים,75.00,"100 מ""ל",false,1,16.90,22.53,true,1,
7290108357400,false,תח.רחצה קרמה לבנדר700מ,קוסמופארם בעמ,IL,תחליב רחצה קרמה,מיליליטרים,700.00,"100 מ""ל",false,1,17.90,2.56,true,1,
7290108357417,false,קרמה ק.גוף ורד וניל500מל,קוסמופארם בע'\'\מ,IL,קרם גוף ורד ווני,מיליליטרים,500.00,"100 מ""ל",false,1,24.90,4.98,true,1,
7290108357448,false,קרמה קרם גוף לבנדר500,קוסמופארם בע'\'\מ,IL,קרם גוף לבנדר,מיליליטרים,500.00,"100 מ""ל",false,1,24.90,4.98,true,1,
7290108357493,false,תחליב רחצה קרמה וניל700מ,קוסמופארם בעמ,IL,תחליב רחצה קרמה,מיליליטרים,700.00,"100 מ""ל",false,1,17.90,2.56,true,1,
7290108357509,false,קרם גוף וניל ופלפל 500מל,קוסמופארם בע'\'\מ,IL,קרם גוף קרמה,מיליליטרים,500.00,"100 מ""ל",false,1,24.90,4.98,true,1,
7290108357707,false,כיף שמפו לשיער רגיל 700מ,קוסמופארם,IL,כיף שמפו,מיליליטרים,700.00,"100 מ""ל",false,1,10.90,1.55,true,1,
7290108357769,false,כיף מרכך לשיער רגיל700מל,קוסמופארם,IL,כיף מרכך שיער,מיליליטרים,700.00,"100 מ""ל",false,1,10.90,1.55,true,1,
7290108357837,false,כיף אל סבון מילוי אצות1ל,"קוסמופארם בע""\מ",IL,כיף שקית מילוי,ליטרים,1.00,ליטר,false,1,11.90,11.90,true,1,
7290108357844,false,כיף סב.מילוי ג'ינסינג 1ל,"קוסמופארם בע""\מ",IL,כיף שקית מילוי,ליטרים,1.00,ליטר,false,1,11.90,11.90,true,1,
7290108358070,false,תחליב רחצה קרמה קלאס700מ,קוסמופארם בעמ,IL,קרמה תחליב רחצה,מיליליטרים,700.00,"100 מ""ל",false,1,17.90,2.56,true,1,
7290108358087,false,תחליב רחצה קרמה מאסק700מ,קוסמופארם בעמ,IL,תחליב רחצה קרמה,מיליליטרים,700.00,"100 מ""ל",false,1,17.90,2.56,true,1,
7290108359077,false,סנו סופט 3שכבות 120יח,"סנו מפעלו ברונוס בע""\מ",EG,סופט לושן ממחטות,יחידה,1.00,יחידה,false,1,9.90,9.90,true,1,
7290108359855,false,בייבי כיף שמפו אלדמע750מ,קוסמופארם,IL,שמפו בייבי כיף,מיליליטרים,750.00,"100 מ""ל",false,1,18.90,2.52,true,1,
7290108359879,false,בייבי כיף אל סבון 750מ,קוסמופארם,IL,בייבי כיף אלסבון,מיליליטרים,750.00,"100 מ""ל",false,1,17.90,2.39,true,1,
7290108359985,false,ג'אוול קצף ניקוי 1 ליטר,,IL,ג'אוול קצף ניקוי,ליטרים,1.00,ליטר,false,1,19.90,19.90,true,1,
7290110327590,false,אבקה חלבון גו ט.וניל2.27,בעמק טכנולוגיות מתקדמות,IL,אבקה חלבון,קילוגרמים,2.27,"ק""ג",false,1,299.00,131.72,true,1,
7290110327804,false,חטיף חלבון גו ט.עוגיות60,"בלמונט קונפקציות בע""\מ.",US,חטיף חלבון,גרמים,60.00,100 גרם,false,1,13.90,23.17,true,1,
7290110327828,false,חטיף חלבון חמאת בוטנים60,"בלמונט קונפקציות בע""\מ.",US,חטיף חלבון,גרמים,60.00,100 גרם,false,1,13.90,23.17,true,1,
7290110450250,false,לק 559,גייד,FR,לק 559,יחידה,1.00,יחידה,false,0,29.00,29.00,true,1,
7290110450465,false,לק קריסטל 572 יח',גייד,FR,לק קריסטל 572,יחידה,1.00,יחידה,false,0,29.00,29.00,true,1,
7290110451318,false,לק קריסטל גלו יח',גייד,FR,לק קריסטל גלו,יחידה,1.00,יחידה,false,1,29.00,29.00,true,1,
7290110451325,false,לק קריסטל גלו יח',גייד,FR,לק קריסטל גלו,יחידה,1.00,יחידה,false,1,29.00,29.00,true,1,
7290110451653,false,עפרון שפתיים עמיד97 יח',,IT,עפרון שפתיים 97,יחידה,1.00,יחידה,false,1,49.00,49.00,true,1,
7290110451851,false,שפתון גלוס עמיד 83 יח',דניה קוסמטיקס,IT,שפתון גלוס עמיד,יחידה,1.00,יחידה,false,1,79.00,79.00,true,1,
7290110451974,false,מייק אפ לונגיוויטי 115יח,,IT,לונגיויטי עמיד,יחידה,1.00,יחידה,false,1,135.00,135.00,true,1,
7290110453084,false,שפתון טרו קולור 263 יח',,IT,שפתון טרו קולור,יחידה,1.00,יחידה,false,1,69.00,69.00,true,1,
7290110453138,false,מברשת מקצועית 12 יח',,TW,מברשת מקצועית 12,יחידה,1.00,יחידה,false,1,69.00,69.00,true,1,
7290110453862,false,אסנשיילס פריימר לריסים י,,IT,אסנשיילס פריימר,יחידה,1.00,יחידה,false,1,79.00,79.00,true,1,
7290110453930,false,"קרם יום רימונים 50 מ""ל",,IL,קרם יום רימונים,מיליליטרים,50.00,"100 מ""ל",false,1,179.00,358.00,true,1,
7290110454364,false,גלו FX קרם למראה זוהר 5,,CH,גלו FX קרם למראה,מיליליטרים,50.00,"100 מ""ל",false,1,189.00,378.00,true,1,
7290110454845,false,"אייקון פרייבט 02 50 מ""ל",,IL,אייקון פרייבט 02,מיליליטרים,50.00,"100 מ""ל",false,1,149.00,298.00,true,1,
7290110454999,false,לונגיוטי מייק אפ 551 30,,IT,לונגיוטי מייק אפ,מיליליטרים,30.00,"100 מ""ל",false,1,135.00,450.00,true,1,
7290110455002,false,לונגיוטי מייק אפ 552 30,,IT,לונגיוטי מייק אפ,מיליליטרים,30.00,"100 מ""ל",false,1,135.00,450.00,true,1,
7290110455071,false,בוטניק קרם לחות מרגיע50מ,,IL,בוטניק קרם לחות,מיליליטרים,50.00,"100 מ""ל",false,1,159.00,318.00,true,1,
7290110455453,false,לונגיויטי איילנר שחור יח,,IL,לונגיויטי איילנר,יחידה,1.00,יחידה,false,1,79.00,79.00,true,1,
7290110455668,false,סנס 6 קרם להצערת העור ול,,IL,סנס 6 קרם להצערת,מיליליטרים,50.00,"100 מ""ל",false,1,229.00,458.00,true,1,
7290110456108,false,"סידאולוגי קרם יום 50 מ""ל",,IL,סידאולוגי קרם יו,מיליליטרים,50.00,"100 מ""ל",false,1,179.00,358.00,true,1,
7290110456269,false,לק קריסטל גלו665 יח',,FR,לק קריסטל גלו665,יחידה,1.00,יחידה,false,1,29.00,29.00,true,1,
7290110456610,false,שפתון סלפי 868 יח',,IL,שפתון סלפי 868,יחידה,1.00,יחידה,false,1,79.00,79.00,true,1,
7290110456870,false,אוורגלו ערכת היילייטרים,,IL,אוורגלו ערכת היי,יחידה,1.00,יחידה,false,1,179.00,179.00,true,1,
7290110457037,false,גלו FX שלושה גוונים 136,,IL,גלו FX שלושה גוו,יחידה,1.00,יחידה,false,1,89.00,89.00,true,1,
7290110457723,false,קריסטל לייטס גלוס 824יח,גייד,IL,קריסטל לייטס גלו,יחידה,1.00,יחידה,false,1,79.00,79.00,true,1,
7290110457839,false,סלפי עיפרון שפתיים 851,INTERCOS,IT,סלפי עיפרון שפתי,יחידה,1.00,יחידה,false,1,59.00,59.00,true,1,
7290110457846,false,סלפי עיפרון שפתיים 852,INTERCOS,IT,סלפי עיפרון שפתי,יחידה,1.00,יחידה,false,1,59.00,59.00,true,1,
7290110457853,false,סלפי עיפרון שפתיים 855,INTERCOS,IT,סלפי עיפרון שפתי,יחידה,1.00,יחידה,false,1,59.00,59.00,true,1,
7290110457860,false,סלפי עיפרון שפתיים 857,INTERCOS,IT,סלפי עיפרון שפתי,יחידה,1.00,יחידה,false,1,59.00,59.00,true,1,
7290110457877,false,סלפי עיפרון שפתיים 859,INTERCOS,IT,סלפי עיפרון שפתי,יחידה,1.00,יחידה,false,1,59.00,59.00,true,1,
7290110457884,false,סלפי עיפרון שפתיים 862,INTERCOS,IT,סלפי עיפרון שפתי,יחידה,1.00,יחידה,false,1,59.00,59.00,true,1,
7290110458096,false,סט אייקון מאסק אויל בושם,,IL,אייקון מאסק אויל,יחידה,1.00,יחידה,false,1,149.00,149.00,true,1,
7290110554095,false,דבש לחיץ 440 גרם,מכוורת יד מרדכי שטראוס ב,IL,דבש לחיץ,גרמים,440.00,100 גרם,false,1,23.90,5.43,true,1,
7290110556242,false,שוקולד פרה מריר פרווה100,נטרה סנט אטיין,FR,שוקולד פרה מריר,גרמים,100.00,100 גרם,false,1,5.50,5.50,true,1,
7290111093982,false,תחליב רחצה פסיפלורה 700מ,"אמיליה קוסמטיקס בע""\מ",IL,תחליב רחצה,מיליליטרים,700.00,"100 מ""ל",false,1,19.90,2.84,true,1,
7290111094392,false,"תחליב רחצה קוקוס 700 מ""ל","אמיליה קוסמטיקס בע""\מ",IL,תחליב רחצה,מיליליטרים,700.00,"100 מ""ל",false,1,19.90,2.84,true,1,
7290111097447,false,תחליב רחצה רילקס תפוח700,"אמיליה קוסמטיקס בע""\מ",IL,תחליב רחצה רילקס,מיליליטרים,700.00,"100 מ""ל",false,1,19.90,2.84,true,1,
7290111340109,false,22 דיפנד אקטיב מגן תחתון,קימברלי קלארק,CN,מגן תחתון דיפנד,יחידה,1.00,יחידה,false,1,21.90,21.90,true,1,
7290111340956,false,10מטליות לרצפה ריח מרכך,חוגלה קימברלי,IL,מטליות רצפה לחות,יחידה,1.00,יחידה,false,1,11.90,11.90,true,1,
7290111341526,false,תחבושות אקטיב נורמל 24יח,קימברלי קלארק,CZ,תחבושות קוטקס,יחידה,1.00,יחידה,false,1,17.90,17.90,true,1,
7290111341984,false,לילי לח פיור מארז 4,עלבד,IL,נייר טואלט לח4יח,יחידה,1.00,יחידה,false,1,23.90,23.90,true,1,
7290111342042,false,כרית יפנית אנטיבקטריאלית,,IL,כריות יפניות,יחידה,1.00,יחידה,false,1,13.90,13.90,true,1,
7290111342059,false,מטליות לחות לחיטוי 50 יח,,IL,מטליות לחות50יח,יחידה,1.00,יחידה,false,1,16.90,16.90,true,1,
7290111343117,false,קלינקס לושן ממחטות70*2,,IL,קלינקס ממחטות,יחידה,1.00,יחידה,false,1,14.90,14.90,true,1,
7290111343483,false,קוטקס 20 תחבוש.יאנג נייט,,CZ,תחבושות קוטקס,יחידה,1.00,יחידה,false,1,17.90,17.90,true,1,
7290111344206,false,מגבונים האגיס נטורל4*64,,IL,מגבונים האגיס 4*,יחידה,1.00,יחידה,false,1,24.90,24.90,true,1,
7290111344459,false,תחבושות נייט א.לונג 18יח,,CN,תחבושות נייט,יחידה,1.00,יחידה,false,1,17.90,17.90,true,1,
7290111344503,false,36האגיס אקסטרה קר +4,,CZ,האגיס אקסטרה קר,יחידה,1.00,יחידה,false,1,57.90,57.90,true,1,
7290111344732,false,קלינקס אלרגי קומפורט70*2,,IL,קלינקס זוג,יחידה,1.00,יחידה,false,1,16.90,16.90,true,1,
7290111344831,false,60מגן תחתון קוטקס נורמל,,CN,מגן תחתון קוטקס,יחידה,1.00,יחידה,false,1,17.90,17.90,true,1,
7290111345753,false,קוטקס תחבושות כותנה נורמ,,CZ,תחבושות כותנה נו,יחידה,1.00,יחידה,false,1,17.90,17.90,true,1,
7290111345760,false,קוטקס 18תחבוש.כותנה סופר,,CZ,תחבושות קוטקס,יחידה,1.00,יחידה,false,1,17.90,17.90,true,1,
7290111345777,false,קוטקס 16תחבוש.כותנה נייט,,CZ,תחבושות קוטקס,יחידה,1.00,יחידה,false,1,17.90,17.90,true,1,
7290111353079,false,סוכ.גומי דובונים 180 גרם,סאדאט גידא,TR,סוכריות גומי,גרמים,180.00,100 גרם,false,1,10.90,6.06,true,1,
7290111564277,false,פריכיות דק.פיטנס3דגנ120ג,פרח תעשיות בעמ,IL,פריכיות פיטנס,גרמים,120.00,100 גרם,false,1,11.90,9.92,true,1,
7290111935817,false,ליידי ספיד סטיק דרמה 45,,US,ליידי ספיד סטיק,גרמים,45.00,100 גרם,false,1,17.90,39.78,true,1,
7290111936296,false,סבון פלמוליב סנסיישן 750,קולגייט פלמוליב,TR,סבון פלמוליב,מיליליטרים,750.00,"100 מ""ל",false,1,20.90,2.79,true,1,
7290111936487,false,קולגייט טוטל הלבנה 100*2,,PL,משחת קולגייט,מיליליטרים,200.00,"100 מ""ל",false,1,33.90,16.95,true,1,
7290112000392,false,דטול תרסיס לאמבטיה 750מל,רקיט בנקיזר,PL,תרסיס לאמבטיה,מיליליטרים,750.00,"100 מ""ל",false,1,11.90,1.59,true,1,
7290112000736,false,פיניש טבליות הכל ב1 80יח,רקיט בנקיזר,PL,פיניש 80 טבליות,יחידה,1.00,יחידה,false,1,59.90,59.90,true,1,
7290112000798,false,דטול מחטא משטח.לימון750מ,רקיט בנקיזר,GB,דטול מחטא משטחים,מיליליטרים,750.00,"100 מ""ל",false,1,11.90,1.59,true,1,
7290112002099,false,ג'ל כביסה קולון קלאסי2.5,רקיט בנקיזר,IL,ג'ל כביסה קולון,ליטרים,2.50,ליטר,false,1,27.90,11.16,true,1,
7290112004192,false,פיניש הכל ב1 אקולוגי70טב,רקיט בנקיזר,PL,פיניש טבליות,יחידה,1.00,יחידה,false,1,59.90,59.90,true,1,
7290112004413,false,וניש ספרי לכביסה לבנה750,רקיט בנקיזר,PL,מסיר כתמים ספריי,מיליליטרים,750.00,"100 מ""ל",false,1,18.90,2.52,true,1,
7290112004970,false,פיניש אולטימייט 50 יח,רקיט בנקיזר,PL,פיניש אולטימייט,יחידה,1.00,יחידה,false,1,54.90,54.90,true,1,
7290112005076,false,וניש תוסף לכביסה 480גר,רקיט בנקיזר,IT,וניש אבקה לכביסה,גרמים,480.00,100 גרם,false,1,18.90,3.94,true,1,
7290112192875,false,סנסודין רגישות+חניכיים75,MICLEN DE,GB,משחת סנסודיין,מיליליטרים,75.00,"100 מ""ל",false,1,34.90,46.53,true,1,
7290112192882,false,סנסודיין משחה מלבינה75מל,MICLEN DE,GB,משחת סנסודיין,מיליליטרים,75.00,"100 מ""ל",false,1,34.90,46.53,true,1,
7290112193117,false,ק.לחות לשיער המפ ארגן400,א.ל ארמן,IL,קרם לחות לשיער,מיליליטרים,400.00,"100 מ""ל",false,1,34.90,8.73,true,1,
7290112193315,false,קרם לחות מתולתלות 400מ,א.ל.ארמן ייצור תמרוקים ב,IL,קרם לחות מתולתלו,מיליליטרים,400.00,"100 מ""ל",false,1,38.90,9.73,true,1,
7290112193339,false,סטייל ספריי מתולתלות150מ,א.ל.ארמן ייצור תמרוקים ב,IL,ספריי סטייל שיער,מיליליטרים,150.00,"100 מ""ל",false,1,34.90,23.27,true,1,
7290112197061,false,סטייל תחליב ידיים 500 מ,,TR,תחליב ידיים,מיליליטרים,500.00,"100 מ""ל",false,1,12.90,2.58,true,1,
7290112336644,false,סוכריות מאסט לימון 80גרם,מיישקו,PL,סוכריות מאסט,גרמים,80.00,100 גרם,false,1,8.90,11.13,true,1,
7290112336651,false,סוכריות מאסט ריבת חלב80ג,מיישקו,PL,סוכריות מאסט,גרמים,80.00,100 גרם,false,1,8.90,11.13,true,1,
7290112358004,false,חטיף פסק זמן קראנץ' 32גר,שולן צ'\יקולטה גידה סאן.,TR,חטיף פסק זמן,גרמים,32.00,100 גרם,false,1,5.00,15.63,true,1,
7290112490827,false,תרסיס למייבש בד.בייבי500,"זוהר דליה, קיבוץ דליה, 1",IL,תרסיס בדין בייבי,מיליליטרים,500.00,"100 מ""ל",false,1,16.90,3.38,true,1,
7290112492449,false,שמפו לשיער רגיל700מ,יוניליוור ישראל טיפוח אי,IL,שמפו לשיער רגיל,מיליליטרים,700.00,"100 מ""ל",false,1,13.90,1.99,true,1,
7290112492463,false,שמפו ומרכך 2 ב1- רגיל700,יוניליוור,IL,פינוק שמפו+מרכך,מיליליטרים,700.00,"100 מ""ל",false,0,13.90,1.99,true,1,
7290112492487,false,שמפו עם שמן מרוקאי700,יוניליוור ישראל טיפוח אי,IL,שמפו פינוק,מיליליטרים,700.00,"100 מ""ל",false,1,13.90,1.99,true,1,
7290112492531,false,"מרכך פינוק רגיל 700 מ""ל",יוניליוור,IL,מרכך לשיער רגיל,מיליליטרים,700.00,"100 מ""ל",false,1,13.90,1.99,true,1,
7290112492593,false,תח.רחצה פינוק קלאסי700מ,יוניליוור ישראל טיפוח אי,IL,תחליב רחצה פינוק,מיליליטרים,700.00,"100 מ""ל",false,1,11.90,1.70,true,1,
7290112492715,false,שמפו פינוק לסירוק קל700מ,יוניליוור ישראל טיפוח אי,IL,שמפו פינוק ילדים,מיליליטרים,700.00,"100 מ""ל",false,1,14.90,2.13,true,1,
7290112494238,false,קליק כדורים 65 גרם,יוניליוור ישראל מזון בע\,IL,קליק כדורים,גרמים,65.00,100 גרם,false,1,7.90,12.15,true,1,
7290112494283,false,קליק חום לבן 65 גרם,יוניליוור ישראל מזון בע\,IL,קליק חום לבן,גרמים,65.00,100 גרם,false,1,7.90,12.15,true,1,
7290112494313,false,קליק קורנפלקס 65 גרם,יוניליוור ישראל מזון בע\,IL,קליק קורנפלקס,גרמים,65.00,100 גרם,false,1,7.90,12.15,true,1,
7290112494825,false,דאב תרחיץ פנים רגיש180מל,יוניליוור ישראל טיפוח אי,IL,דאב תרחיץ פנים,מיליליטרים,180.00,"100 מ""ל",false,1,13.90,7.72,true,1,
7290112494832,false,"דאב תרחיץ פנים 180מ""ל",יוניליוור ישראל טיפוח אי,IL,דאב תרחיץ פנים,מיליליטרים,180.00,"100 מ""ל",false,1,13.90,7.72,true,1,
7290112497369,false,דאו רול און טלק 50 מל,"יוניליוור אנגליה, דרך קו",GB,דאו דאב רול און,מיליליטרים,50.00,"100 מ""ל",false,1,12.90,25.80,false,1,
7290112498298,false,אלסב..ידיים שמן מרוק950,יוניליוור,TR,אל סבון פינוק,מיליליטרים,950.00,"100 מ""ל",false,1,11.90,1.25,true,1,
7290112499448,false,פינוק מרכך + שמן מרוקאי,יוניליוור ישראל טיפוח אי,IL,מרכך שיער פינוק,מיליליטרים,700.00,"100 מ""ל",false,1,13.90,1.99,true,1,
7290112499493,false,"דאו רקסונה ספריי 150 מ""ל","ארנסט, רחוב קומבינצקיה 6",RU,דאו רקסונה,מיליליטרים,150.00,"100 מ""ל",false,1,17.90,11.93,true,1,
7290112499509,false,דאו. רקסונה אפרסק150מ,קוסטר אירוסול,TR,דאו ספריי רקסונה,מיליליטרים,150.00,"100 מ""ל",false,1,17.90,11.93,true,1,
7290112963918,false,קרקר דק רוזמרין פיטנס140,אסם,IL,קרקר דק פיטנס,גרמים,140.00,100 גרם,false,1,14.90,10.64,true,1,
7290112965660,false,חטיף פיטנס מלח+פלפל25גר,"אסם השקעות בע""\מ",IL,חטיף פיטנס מלח,גרמים,25.00,100 גרם,false,1,5.50,22.00,true,1,
7290113560109,false,משחה פרודונטקס ט.צמחי75מ,DEMICLEN,SK,משחה פרודונטקס,מיליליטרים,75.00,"100 מ""ל",false,1,31.90,42.53,true,1,
7290113594432,false,אצבעות שוקולד,,,אצבעות שוקולד,יחידה,1.00,יחידה,false,0,5.90,5.90,true,1,
7290114607391,false,קולגייט מינייונים ברבי75,,MX,קולגייט מינייוני,מיליליטרים,75.00,"100 מ""ל",false,1,16.90,22.53,true,1,
7290114659949,false,מסכה לפנים מארז 50 יח',,CN,מסכת פנים חד פעמ,יחידה,1.00,יחידה,false,1,12.90,12.90,true,1,
7290114720724,false,ראשי מברשת לאורל בי זוג,פוג'יקום,CN,ראשי מברשת לאורל,יחידה,1.00,יחידה,false,1,24.90,24.90,true,1,
7290114721318,false,מסכת בד חומצה היאלרונית,,IL,מסכת בד חומצה הי,יחידה,1.00,יחידה,false,1,19.90,19.90,true,1,
7290114751131,false,משחת אורל בי לילד קארס75,פרוקטר אנד גמבל,DE,משחת שיניים לילד,מיליליטרים,75.00,"100 מ""ל",false,1,19.90,26.53,true,1,
7290115073676,false,מארז מסכת פנים צבעוני50י,,CN,מסכת פנים חד פעמ,יחידה,1.00,יחידה,false,1,12.90,12.90,true,1,
7290115671346,false,מיני פינוקיות טופי180גרם,"הגביע מוצרי ופלים בע""\מ",IL,מיני פינוקיות,גרמים,180.00,100 גרם,false,1,11.90,6.61,true,1,
7290116531243,false,שמפו פינוק2ב1נגד קשקש700,יוניליוור ישראל טיפוח אי,IL,שמפו פינוק,מיליליטרים,700.00,"100 מ""ל",false,1,14.90,2.13,true,1,
7290116531663,false,"ת.רחצה פינוק תפוח 700מ""ל",יוניליוור ישראל טיפוח אי,IL,תחליב רחצה פינוק,מיליליטרים,700.00,"100 מ""ל",false,1,11.90,1.70,true,1,
7290116531762,false,דפי מרכך למייבש ורוד40י,,US,דפים למייבש,יחידה,1.00,יחידה,false,1,18.90,18.90,true,1,
7290116532011,false,חטיף קליק נוגט 35 גרם,תות תעשיות מזון (2014) ב,IL,חטיף קליק נוגט,גרמים,35.00,100 גרם,false,1,5.90,16.86,true,1,
7290116532387,false,פינוק סב.ידיים שיאה 950מ,יוניליוור ישראל טיפוח אי,IL,פינוק סבון ידיים,מיליליטרים,950.00,"100 מ""ל",false,1,11.90,1.25,true,1,
7290116532394,false,פינוק סבון יד.קקאו 950מ,יוניליוור ישראל טיפוח אי,IL,פינוק סבון ידיים,מיליליטרים,950.00,"100 מ""ל",false,1,11.90,1.25,true,1,
7290116533100,false,"מרכך פינוק ורדים 700מ""ל",יוניליוור ישראל טיפוח אי,IL,מרכך פינוק ורדים,מיליליטרים,700.00,"100 מ""ל",false,1,13.90,1.99,true,1,
7290117823798,false,בדיקת אנטיגן מהירה5 יח,,CN,בדיקת אנטיגן עצמ,יחידה,1.00,יחידה,false,1,39.90,39.90,true,1,
7290117825785,false,מסכה KN95 לבן 5 יחידות,,CN,מסכה לפנים KN95,יחידה,1.00,יחידה,false,1,10.00,10.00,true,1,
7290117860090,false,מרכך מטפח לשיער רגיל700מ,"טרופיקל דגיל בע""\מ",IL,מרכך מטפח לשיער,מיליליטרים,700.00,"100 מ""ל",false,1,15.90,2.27,true,1,
7290117860182,false,תח.רחצה מגנוליה ושמן700מ,"טרופיקל דגיל בע""\מ",IL,תחליב רחצה הוואי,מיליליטרים,700.00,"100 מ""ל",false,1,15.90,2.27,true,1,
7290117860199,false,שמפו מעניק לחות שיער יבש,"טרופיקל דגיל בע""\מ",IL,שמפו הוואי,מיליליטרים,700.00,"100 מ""ל",false,1,15.90,2.27,true,1,
7290117860243,false,מרכך לחות שיער יבש700מל,טרופיקל דגיל,IL,מרכך הוואי,מיליליטרים,700.00,"100 מ""ל",false,1,15.90,2.27,true,1,
7290117860342,false,מרכך הוואי קרטין מחזק700,טרופיקל דגיל,IL,מרכך הוואי,מיליליטרים,700.00,"100 מ""ל",false,1,15.90,2.27,true,1,
7296073095583,false,"אצטון שופרסל 100 מ""ל","ש. שוורץ )באר שבע( בע""\מ",IL,אצטון BE,מיליליטרים,100.00,"100 מ""ל",false,0,3.90,3.90,true,1,
7296073198314,false,דייסת דגנים מעורבים 200ג,שופרסל,IL,דייסת דגנים,גרמים,200.00,100 גרם,false,0,9.90,4.95,true,1,
7296073223009,false,שמן זית,,IT,שמן זית,מיליליטרים,750.00,"100 מ""ל",false,0,29.90,3.99,true,1,
7296073237204,false,סכיני גילוח רב''פ גבר4יח,,US,"סכין גילוח ר""פ",יחידה,1.00,יחידה,false,1,31.90,31.90,true,1,
7296073238447,false,כדורי רחצה 3 יח,שופרסל,CN,כדורי רחצה 3 יח,יחידה,1.00,יחידה,false,1,9.90,9.90,true,1,
7296073239017,false,מכשיר טרימר להסרת שיער,,CN,מכשיר טרימר,יחידה,1.00,יחידה,false,1,49.90,49.90,true,1,
7296073241393,false,טלק טיפולי לכף הרגל 200מ,ש.שוורץ,IL,טלק לכפות רגליים,מיליליטרים,200.00,"100 מ""ל",false,1,9.90,4.95,true,1,
7296073254287,false,"אל סבון כחול 500*3 מ""ל",שופרסל,TR,אל סבון נוזלי3יח,ליטרים,1.50,ליטר,false,1,12.90,8.60,true,1,
7296073261384,false,"אל סבון מעורב 500*3 מ""ל",טאהא קימיה,TR,אל סבון נוזלי3יח,ליטרים,1.50,ליטר,false,1,12.90,8.60,true,1,
7296073277248,false,מגבונים ללא בישום 64*5יח,דינמיק,IL,מגבונים לחים 5יח,יחידה,1.00,יחידה,false,1,19.90,19.90,true,1,
7296073277255,false,מארז מגבונים לחים 6 יח,דינמיק,IL,מארז מגבוניםלחים,יחידה,1.00,יחידה,false,1,18.90,18.90,true,1,
7296073281696,false,מגבוני טואלט לילד 40*3יח,,IL,"מגבוני נ""ט לילד",יחידה,1.00,יחידה,false,1,14.90,14.90,true,1,
7296073291077,false,משטחי החתלה שופרסל 10יח,PAKTEN,TR,משטחי החתלה,יחידה,1.00,יחידה,false,1,12.90,12.90,true,1,
7296073320289,false,סב.ידיים רומנטי 3 500*מל,אקסן קוסמטיק,TR,אלסבון שופרסל3יח,ליטרים,1.50,ליטר,false,1,12.90,8.60,true,1,
7296073322979,false,בוטנים מצופים קלויים50ג,ששון ושות'\ )ש.ת. תעשיות,IL,בוטנים אמריקאים,גרמים,50.00,100 גרם,false,1,2.50,5.00,true,1,
7296073330639,false,ספוג לניקוי פנים 3 יח,BE NOW,CN,3ספוג ניקוי פנים,יחידה,1.00,יחידה,false,0,11.90,11.90,true,1,
7296073330745,false,מפדרי משי שחורים לפודרה,BE NOW,CN,2 מפדרי משי שחור,יחידה,1.00,יחידה,false,0,9.90,9.90,true,1,
7296073330752,false,מפדר כפפה בינוני לפודרה,BE NOW,CN,מפדר כפפה בינוני,יחידה,1.00,יחידה,false,0,9.90,9.90,true,1,
7296073330936,false,פינצטה אפורה קצה ישר,BE NOW,CN,פינצטה ישרה אפור,יחידה,1.00,יחידה,false,0,19.90,19.90,true,1,
7296073330943,false,פינצטה אפורה קצה מכופף,BE NOW,CN,פינצטה מ. אפור,יחידה,1.00,יחידה,false,0,19.90,19.90,true,1,
7296073331056,false,קוצץ קטן,BE NOW,CN,קוצץ קטן,יחידה,1.00,יחידה,false,0,8.90,8.90,true,1,
7296073331063,false,קוצץ גדול,BE NOW,CN,קוצץ גדול,יחידה,1.00,יחידה,false,0,9.90,9.90,true,1,
7296073331070,false,קוצץ עם אשפתון,BE NOW,CN,קוצץ עם אשפתון,יחידה,1.00,יחידה,false,0,14.90,14.90,true,1,
7296073331087,false,קוצץ אל חלד גדול,BE NOW,CN,קוצץ גדול,יחידה,1.00,יחידה,false,0,19.90,19.90,true,1,
7296073331117,false,צבת אל חלד מקצועית לעור,BE NOW,CN,צבת לעור,יחידה,1.00,יחידה,false,0,59.90,59.90,true,1,
7296073331131,false,מספריים לעור - מבריק,BE NOW,CN,מספריים לעור,יחידה,1.00,יחידה,false,0,29.90,29.90,true,1,
7296073331216,false,מספריים אל חלד לשיער,BE NOW,CN,מספריים לשיער,יחידה,1.00,יחידה,false,0,39.90,39.90,true,1,
7296073331261,false,פצירת אקריל,BE NOW,CN,פצירת אקריל,יחידה,1.00,יחידה,false,0,8.90,8.90,true,1,
7296073331278,false,"פצירת מתכת ""7 ידית שחורה",BE NOW,CN,"פצירת מתכת ""7",יחידה,1.00,יחידה,false,0,14.90,14.90,true,1,
7296073331308,false,"פצירת קרטון ""14 8 יח'",BE NOW,CN,8 פצירות קרטון,יחידה,1.00,יחידה,false,0,14.90,14.90,true,1,
7296073331407,false,מגרדת לכף הרגל רחבה,BE NOW,CN,מגרדת לכף רגל,יחידה,1.00,יחידה,false,0,14.90,14.90,true,1,
7296073331452,false,מכשיר פדיקור לכף הרגל,BE NOW,DE,מכשיר פדיקור כ.ר,יחידה,1.00,יחידה,false,0,24.90,24.90,true,1,
7296073331469,false,"סכינים למכשיר פדיקור כ""ר",BE NOW,CN,סכינים מכשיר פדי,יחידה,1.00,יחידה,false,0,24.90,24.90,true,1,
7296073331636,false,מברשת שיער מאורכת שחורה,BE NOW,CN,מברשת מאורך שחור,יחידה,1.00,יחידה,false,0,24.90,24.90,true,1,
7296073331810,false,מברשת שיער ספרים מקצועית,BE NOW,CN,מברשת שיער ספרים,יחידה,1.00,יחידה,false,0,29.90,29.90,true,1,
7296073331841,false,מסרק גדול שחור,BE NOW,CN,מסרק גדול שחור,יחידה,1.00,יחידה,false,0,9.90,9.90,true,1,
7296073331858,false,מסרק לתלתלים עם ידית,BE NOW,CN,מסרק לתלתלים,יחידה,1.00,יחידה,false,0,9.90,9.90,true,1,
7296073331889,false,מסרק שחור עם ידית,BE NOW,CN,מסרק שחור ידית,יחידה,1.00,יחידה,false,0,9.90,9.90,true,1,
7296073331896,false,מסרק חום עם ידית,BE NOW,CN,מסרק חום ידית,יחידה,1.00,יחידה,false,0,9.90,9.90,true,1,
7296073331919,false,מסרק ומברשת לצבע שיער,BE NOW,CN,מסרק ומברשת לצבע,יחידה,1.00,יחידה,false,0,6.90,6.90,true,1,
7296073331940,false,גומיות שחורות 12 יח,BE NOW,CN,12 גומיות שחורות,יחידה,1.00,יחידה,false,0,9.90,9.90,true,1,
7296073332077,false,גומיות פפיון ופנינה,BE NOW,CN,גומיות פפיון,יחידה,1.00,יחידה,false,0,16.90,16.90,true,1,
7296073332114,false,גומיות מגבת שחורות 8 יח,BE NOW,CN,8ג.מגבת שחור,יחידה,1.00,יחידה,false,0,9.90,9.90,true,1,
7296073332138,false,8 גומיות מגבת צר שחור,BE NOW,CN,8ג.מגבת צר שחור,יחידה,1.00,יחידה,false,0,9.90,9.90,true,1,
7296073332206,false,3 גומיות סקונצים דק שחור,BE NOW,CN,3גומיות סקונצ'ים,יחידה,1.00,יחידה,false,0,9.90,9.90,true,1,
7296073332558,false,קליפס בינוני 4 יח שחור,BE NOW,CN,4קליפס M שחור,יחידה,1.00,יחידה,false,0,14.90,14.90,true,1,
7296073332596,false,קליפס בננה,BE NOW,CN,קליפס בננה,יחידה,1.00,יחידה,false,0,14.90,14.90,true,1,
7296073332619,false,קליפס L גומי מונע החלקה,BE NOW,CN,קליפס ענק גומי,יחידה,1.00,יחידה,false,0,19.90,19.90,true,1,
7296073332640,false,קליפס M שחור בצורת רשת,BE NOW,CN,קליפס M שחור רשת,יחידה,1.00,יחידה,false,0,10.90,10.90,true,1,
7296073332688,false,זוג קליפסים חום,BE NOW,CN,זוג קליפסים חום,יחידה,1.00,יחידה,false,0,9.90,9.90,true,1,
7296073332831,false,סרט רחצה,BE NOW,CN,סרט רחצה,יחידה,1.00,יחידה,false,0,17.90,17.90,true,1,
7296073332862,false,ספוג רשת חיות,BE NOW,CN,ספוג רשת חיות,יחידה,1.00,יחידה,false,0,11.90,11.90,true,1,
7296073332893,false,ספוג רשת שלישייה,BE NOW,CN,ספוג רשת שלישיה,יחידה,1.00,יחידה,false,0,9.90,9.90,true,1,
7296073332916,false,מברשת גב עץ,BE NOW,CN,מברשת גב עץ,יחידה,1.00,יחידה,false,0,21.90,21.90,true,1,
7296073332954,false,כפפת רחצה מסיבי טופו,BE NOW,CN,כפפת רחצה טופו,יחידה,1.00,יחידה,false,0,29.90,29.90,true,1,
7296073332992,false,כובע אמבט ניילון,BE NOW,CN,כובע אמבט ניילון,יחידה,1.00,יחידה,false,0,9.90,9.90,true,1,
7296073333005,false,כובע אמבט כפול,BE NOW,CN,כובע אמבטיה כפול,יחידה,1.00,יחידה,false,0,16.90,16.90,true,1,
7296073333272,false,סט בקבוקוני מילוי,BE NOW,CN,סט בקבוקי מילוי,יחידה,1.00,יחידה,false,0,19.90,19.90,true,1,
7296073333661,false,מברשת שיער אובל סגולה L,BE NOW,CN,מברשת אובל Lסגול,יחידה,1.00,יחידה,false,0,24.90,24.90,true,1,
7296073340096,false,שמפו מפרץ הרפתקאות 1ליטר,,TR,שמפו לילדים,ליטרים,1.00,ליטר,false,1,16.90,16.90,true,1,
7296073343264,false,פדים להסרת איפור-שלישיה,BE NOW,IL,פדים להסרת איפור,יחידה,1.00,יחידה,false,1,19.90,19.90,true,1,
7296073343295,false,קסמי אזניים פלסטיק 300 י,BE NOW,IL,קסמי אזניים פלסט,יחידה,1.00,יחידה,false,1,10.90,10.90,true,1,
7296073343301,false,קסמי אזניים פלסטיק 200 י,BE NOW,IL,קסמי אזניים פלסט,יחידה,1.00,יחידה,false,1,6.90,6.90,true,1,
7296073343325,false,קסמי אזניים מעץ 100 יחיד,BE NOW,CN,קסמי אזניים מעץ,יחידה,1.00,יחידה,false,1,2.90,2.90,true,1,
7296073343462,false,"קרם חמצן 6% 60 מ""ל",,IL,קרם חמצן 6%,מיליליטרים,60.00,"100 מ""ל",false,1,4.90,8.17,true,1,
7296073343486,false,אבקת הבהרה לשיער 10 גרם,,IL,אבקת הבהרה לשיער,גרמים,10.00,100 גרם,false,1,7.90,79.00,true,1,
7296073343493,false,כדורי צמר גפן 100 יח',BE NOW,IL,כדורי צמר גפן,יחידה,1.00,יחידה,false,1,9.90,9.90,true,1,
7296073343592,false,Be אל סבון לידיים מארז,BE NOW,IL,אל סבון לידיים פ,מיליליטרים,1500.00,"100 מ""ל",false,1,12.90,0.86,true,1,
7296073343684,false,Be מסיר לק משאבה 150מל,,TR,מסיר לק משאבה,מיליליטרים,150.00,"100 מ""ל",false,1,7.90,5.27,true,1,
7296073344018,false,מסיר צבע יחידה,BE NOW,IL,מסיר צבע,יחידה,1.00,יחידה,false,1,13.90,13.90,true,1,
7296073345305,false,משחת שיניים פרופ+הרבל100,,BG,משחת שיניים הרבל,מיליליטרים,100.00,"100 מ""ל",false,1,8.90,8.90,true,1,
7296073345459,false,קיסמים עם חוט בשקית50יח,,CN,קיסמים עם חוט,יחידה,1.00,יחידה,false,1,13.90,13.90,true,1,
7296073345466,false,32 קיסמי פלסטיק מברשת,,CN,קיסמי פלסטיק,יחידה,1.00,יחידה,false,1,13.90,13.90,true,1,
7296073346760,false,שקיות אשפה XXL 2*10,אשפלסט,IL,שקיות אשפה,יחידה,1.00,יחידה,false,1,22.90,22.90,true,1,
7296073363194,false,Be מסכה לשיער יבש500מל,א.משי תעשיות,IL,מסכה לשיער יבשBE,מיליליטרים,500.00,"100 מ""ל",false,1,34.90,6.98,true,1,
7296073363200,false,Be מסכה לשיער מוחלק 500מ,א.משי תעשיות,IL,מסכה לשיער יבשBE,מיליליטרים,500.00,"100 מ""ל",false,1,34.90,6.98,true,1,
7296073363217,false,Beשמפו לשיער מוחלק 500מל,,IL,שמפו לשיער יבשBE,מיליליטרים,500.00,"100 מ""ל",false,1,23.90,4.78,true,1,
7296073363231,false,שמפו לשיער רגילBE 500,א.משי תעשיות,IL,שמפו לשיער רגיBE,מיליליטרים,500.00,"100 מ""ל",false,1,23.90,4.78,true,1,
7296073363255,false,מרכך לשיער יבש BE 500,א.משי תעשיות,IL,מרכך לשיער יבשBE,מיליליטרים,500.00,"100 מ""ל",false,1,23.90,4.78,true,1,
7296073363316,false,פרל קרם לשיער מתולתל,,IL,קרם לשיער מתולתל,מיליליטרים,400.00,"100 מ""ל",false,1,24.90,6.23,true,1,
7296073363446,false,מברשת צלליות אלכסון יח',,CN,מברשת צלליות אלכ,יחידה,1.00,יחידה,false,1,19.90,19.90,true,1,
7296073363460,false,אפליקטור אובלי שחור יח',,CN,אפליקטור אובלי ש,יחידה,1.00,יחידה,false,1,14.90,14.90,true,1,
7296073363934,false,צימרוני אוזניים עץ 200,BE NOW,IL,צימרוני אוזניים,יחידה,1.00,יחידה,false,1,4.90,4.90,true,1,
7296073363989,false,"BE סכינים חד""פ לאישה",,US,"סכיני גילוח חד""פ",יחידה,1.00,יחידה,false,1,9.90,9.90,true,1,
7296073380306,false,בקבוקון סיליקון לנסיעות,BE NOW,CN,בקבוקון סיליקון,יחידה,1.00,יחידה,false,1,23.90,23.90,true,1,
7296073380436,false,"בקבוק האכלה שלב 2 270מ""ל",,CN,בקבוק האכלה שלב,יחידה,1.00,יחידה,false,1,29.90,29.90,true,1,
7296073380665,false,מברשת התרת קשרים שחורה,BE NOW,CN,מברשת התרת קשרים,יחידה,1.00,יחידה,false,1,34.90,34.90,true,1,
7296073380832,false,Be ג'ל רחצה אורכידאה 700,קוסמטיקס,TR,Be ג'ל רחצה,מיליליטרים,700.00,"100 מ""ל",false,1,13.90,1.99,true,1,
7296073380863,false,קופסא מעוצבת CHILL,,IL,קופסא מעוצבת,יחידה,1.00,יחידה,false,1,9.90,9.90,true,1,
7296073380887,false,דאו לגבר,,,דאו לגבר,יחידה,1.00,יחידה,false,0,9.90,9.90,true,1,
7296073380894,false,דאו לגבר,,,דאו לגבר,יחידה,1.00,יחידה,false,0,9.90,9.90,true,1,
7296073380931,false,ג'ל אלכוהול 70%בניחוח ים,,TR,ג'ל אלכוהול 70%ב,מיליליטרים,500.00,"100 מ""ל",false,1,19.90,3.98,true,1,
7296073381174,false,מברשת ספרים עם שיער .,BE NOW,CN,מברשת ספרים,יחידה,1.00,יחידה,false,1,34.90,34.90,true,1,
7296073381181,false,קליפסים גודל בינוני זוג,BE NOW,CN,קליפסים גודל בינ,יחידה,1.00,יחידה,false,1,12.90,12.90,true,1,
7296073386063,false,סכיני גילוח חד'פ לנשים 2,EDGEWELL,US,סכין גילוח 5 להב,יחידה,1.00,יחידה,false,1,24.90,24.90,true,1,
7296073392934,false,נייר טואלט גליל כפול24יח,,IL,נייר טואלט 24 גל,מטרים,860.00,100 מטר,false,1,39.90,4.64,true,1,
7296073415114,false,מגני תחתון נורמל 60 יח,קוראטקס,DE,מגני תחתון B,יחידה,1.00,יחידה,false,1,10.90,10.90,true,1,
7296073415121,false,מגני תחתון לארג' 52 יחיד,קוראטקס,DE,מגני תחתון B,יחידה,1.00,יחידה,false,1,10.90,10.90,true,1,
7296073415145,false,60מגני תחתון נערות נורמל,קוראטקס,DE,מגני תחתון B,יחידה,1.00,יחידה,false,1,10.90,10.90,true,1,
7296073440109,false,קפסולות לכביסה 36 יחידות,גליל כימיקלים בעמ,IL,קפסולות לכביסה,יחידה,1.00,יחידה,false,1,34.90,34.90,true,1,
7296073441625,false,ג'ל רחצה לגבר,,,ג'ל רחצה לגבר,יחידה,1.00,יחידה,false,0,10.90,10.90,true,1,
7296073445517,false,סבון ידיים Starburst 500,,,סבון ידיים+משאבה,יחידה,1.00,יחידה,false,0,11.90,11.90,true,1,
7296073445531,false,"מכשיר גילוח ר""פ גבר6+סכי",,,מכשיר גילוח6+סכ.,יחידה,1.00,יחידה,false,0,59.90,59.90,true,1,
7296073445555,false,סכיני גילוח רב''פ לנשים,EDGEWELL,US,סכיני גילוח נשים,יחידה,1.00,יחידה,false,1,34.90,34.90,true,1,
7296073445685,false,"מחית תפו""ע שופרסל 90 ג",DELAFRUIT,ES,"מחית תפו""ע",גרמים,90.00,100 גרם,false,1,4.90,5.44,true,1,
7296073448488,false,"Be שמפו לילדים 700 מ""ל",BFF,TR,Be שמפו לילדים,מיליליטרים,700.00,"100 מ""ל",false,1,14.90,2.13,true,1,
7296073449508,false,מגבוני ניו בורן 64*4,דינמיק,IL,מגבוני ניו בורן,יחידה,1.00,יחידה,false,1,22.90,22.90,true,1,
7296073449515,false,מגבונים עם שמן שקדים64*4,דינמיק,IL,מגבוני בייבי,יחידה,1.00,יחידה,false,1,22.90,22.90,true,1,
7296073449881,false,מגבות נייר גליל כפול 6יח,שניב תעשיות נייר,IL,מגבות נייר,מטרים,130.00,מטר,false,1,19.90,0.15,true,1,
7296073451181,false,מגבת רחצה עם כובע,SUN,CN,מגבת עם כובע,יחידה,1.00,יחידה,false,1,49.90,49.90,true,1,
7296073451211,false,סדין חלק למיטת תינוק,SUN,CN,סדין תינוק,יחידה,1.00,יחידה,false,1,29.90,29.90,true,1,
7296073452577,false,מרשמלו ורוד לבן 180 גרם,"כרמית מזון בע""\מ",IL,מרשמלו ורוד לבן,גרמים,180.00,100 גרם,false,1,6.90,3.83,true,1,
7296073459262,false,"אל סבון לתינוק 750מ""ל",BFF,TR,אל סבון לתינוק,מיליליטרים,750.00,"100 מ""ל",false,1,17.90,2.39,true,1,
7296073460404,false,מראת חיילים  מלבנית יח',,CN,מראת חיילים  מלב,יחידה,1.00,יחידה,false,1,14.90,14.90,true,1,
7296073485056,false,מפיץ ריח chill ונילה מאס,דרימי,IL,מפיץ ריח chill ו,יחידה,1.00,יחידה,false,1,59.90,59.90,true,1,
7296073485117,false,נר ואנילה מאסק לבן 450 ג,דרימי,IL,נר ואנילה מאסק ל,גרמים,450.00,100 גרם,false,1,69.90,15.53,true,1,
7296073485124,false,נר ספייסי שחור 450 גרם,דרימי,IL,נר ספייסי שחור,גרמים,450.00,100 גרם,false,1,69.90,15.53,true,1,
7296073485131,false,מבשם בית ונילה מאסק 200,דרימי,IL,מבשם בית ונילה מ,מיליליטרים,200.00,"100 מ""ל",false,1,39.90,19.95,true,1,
7296073495970,false,מארז זוגי passion Real י,א.משי תעשיות,IL,מארז זוגי p Real,יחידה,1.00,יחידה,false,1,79.90,79.90,true,1,
7296073496564,false,ספוג רחצה 50 גרם,,CN,ספוג רחצה,גרמים,50.00,100 גרם,false,1,14.90,29.80,true,1,
7296073527077,false,גומיות חומות לשיער .,BE NOW,CN,גומיות חומות לשי,יחידה,1.00,יחידה,false,1,7.90,7.90,true,1,
7296073528777,false,קיסמי אוזניים עץ שק300יח,אל ואי טי,CN,קיסמי אוזניים,יחידה,1.00,יחידה,false,1,6.90,6.90,true,1,
7296073530145,false,ערכת לידה,,IL,ערכת לידה,יחידה,1.00,יחידה,false,1,100.00,100.00,true,1,
7296073530367,false,בדיקת קורונה מהירה 5 יח,פארמה דיל,CN,בדיקת קורונה,יחידה,1.00,יחידה,false,1,39.90,39.90,true,1,
7296073531210,false,בדיקת קורונה 5יחידות,,CN,בדיקת קורונה,יחידה,1.00,יחידה,false,1,39.90,39.90,true,1,
7296073531289,false,פדים להסרת איפור אובלי40,LTD CO S.T.O,TR,פדים להסרת איפור,יחידה,1.00,יחידה,false,1,7.90,7.90,true,1,
7296073564690,false,BE אל סבון לבנדר 1 ליטר,טאהא קימיה,TR,BE אל סבון,ליטרים,1.00,ליטר,false,1,9.90,9.90,true,1,
7296089001646,false,ערכת הלבנה מלאה+מילוי .,SHALPHARM ZER,IT,ערכת הלבנה מלאה,יחידה,1.00,יחידה,false,1,129.90,129.90,true,1,
7296168001390,false,"אצטון 100 מ""ל",איתן ספקים E,IL,אציטון,מיליליטרים,100.00,"100 מ""ל",false,0,5.90,5.90,true,1,
7296168089183,false,מספריים לתינוק,סוויטי,IL,מספריים לתינוק,יחידה,1.00,יחידה,false,0,19.90,19.90,true,1,
7296168092923,false,תחתוני רשת XL 4יח,איתן ספקים E,CN,תחתוני רשת XL,יחידה,1.00,יחידה,false,0,15.90,15.90,true,1,
7296179010077,false,שיק לק עמיד 008,שיק לקים,IL,שיק לק עמיד,יחידה,1.00,יחידה,false,0,13.90,13.90,true,1,
7296179010107,false,שיק לק עמיד 011,שיק לקים,IL,שיק לק עמיד,יחידה,1.00,יחידה,false,0,13.90,13.90,true,1,
7296179011180,false,שיק לק עמיד 258,שיק לקים,IL,שיק לק עמיד,יחידה,1.00,יחידה,false,0,13.90,13.90,true,1,
7296179011548,false,שיק לק עמיד 204,שיק לקים,IL,שיק לק עמיד,יחידה,1.00,יחידה,false,0,13.90,13.90,true,1,
7296179011685,false,שיק לק עמיד 245,שיק לקים,IL,שיק לק עמיד,יחידה,1.00,יחידה,false,0,13.90,13.90,true,1,
7296179029642,false,רול און 80 מ'ל WILD MN,חלאבין,IL,רול און 80 מ'ל,מיליליטרים,80.00,"100 מ""ל",false,1,22.90,28.63,true,1,
7298074502015,false,בליסטקס ליפ סרום 8.5 גרם,בליסטקס פריגו,IL,בליסטקס ליפ סרום,יחידה,1.00,יחידה,false,1,29.90,29.90,true,1,
7298074502220,false,בליסטקס אינפיוזן סגול .3,בליסטקס פריגו,US,בליסטקס אינפיוזן,יחידה,1.00,יחידה,false,1,19.90,19.90,true,1,
7298074502268,false,בליסטקס אינפיוזן כחול .3,בליסטקס פריגו,US,בליסטקס אינפיוזן,יחידה,1.00,יחידה,false,1,19.90,19.90,true,1,
7501013101348,false,"ג'ומקס משקה מנגו 473 מ""ל",חומקס קומר קומרסאליזדורה,MX,משקה ג'ומקס מנגו,מיליליטרים,473.00,"100 מ""ל",false,1,8.90,1.88,true,1,
7501013122053,false,ג'ומקס משקה אפרסק קרטון,חומקס קומר קומרסאליזדורה,MX,משקה גומקס אפרסק,ליטרים,1.00,ליטר,false,1,9.90,9.90,true,1,
7501013122992,false,ג'ומקס משקה קוקוס אננס1ל,חומקס קומר קומרסאליזדורה,MX,משקה קוקוס אננס,ליטרים,1.00,ליטר,false,1,9.90,9.90,true,1,
7509546063515,false,ליידי ס.סטיק פרו 5 ספריי,קולגייט פלמוליב,RU,דאו.ליידי ס.סטיק,מיליליטרים,150.00,"100 מ""ל",false,1,14.90,9.93,true,1,
7509546678702,false,מש.קולגייט טוטל טרטר100מ,,PL,משחת קולגייט,מיליליטרים,100.00,"100 מ""ל",false,1,16.90,16.90,true,1,
7613039879382,false,גרבר תפוח עץ 190 גרם,נסטלה פולסקה אס.איי,PL,גרבר מחי תפוח עץ,גרמים,190.00,100 גרם,false,1,6.90,3.63,false,1,
7613039882030,false,גרבר מח.תפוח גזר בטטה190,נסטלה פולסקה אס.איי,PL,גרבר תפוח בטטה,גרמים,190.00,100 גרם,false,1,6.90,3.63,true,1,
7613287155924,false,גרבר מחית תפוח גזר 90 גר,נסטלה פולסקה אס.איי,PL,גרבר תפוח,גרמים,90.00,100 גרם,false,1,5.90,6.56,true,1,
7622010001858,false,עוג.אוראו קרם וניל 176ג,פי אר ג'\יי אס אי מנדלז,UA,עוגיות אוראו,גרמים,176.00,100 גרם,false,1,9.90,5.63,true,1,
7622201801809,false,שוק.חלב אגוזים מילקה100ג,מנדלז דויצ'\לנד סנקס פרו,DE,שוקולד מילקה,גרמים,100.00,100 גרם,false,1,8.90,8.90,true,1,
7622201808631,false,עוגיות מיני אוראו וניל67,מונדלייז,ID,עוגיות אוראו מינ,גרמים,67.00,100 גרם,false,1,8.90,13.28,true,1,
7622300617820,false,שוקולד מילקה אוראו 100 ג,מנדלז דויצ'\לנד סנקס פרו,DE,שוקולד מילקה,גרמים,100.00,100 גרם,false,0,8.90,8.90,true,1,
7640111494027,false,Cabotine א.ד.ט לאשה,לילית בישום,,Cabotine א.ד.ט,מיליליטרים,100.00,"100 מ""ל",false,0,98.00,98.00,true,1,
7702018069347,false,סכינ.גילוח בלו2 נשים10+5,פרוקטר אנד גמבל,PL,סכיני גילח לנשים,יחידה,1.00,יחידה,false,0,32.90,32.90,true,1,
7702018085606,false,סכיני גילוח פרוגלייד 8יח,"פרוקטר אנד גמבל, גרמניה",DE,סכיני גילוח 8יח,יחידה,1.00,יחידה,false,1,193.00,193.00,true,1,
7702018271788,false,דאו.קליר ג'ל ספורט 70מל,פרוקטר אנד גמבל,PL,דאודורנט קליר,מיליליטרים,70.00,"100 מ""ל",false,0,16.90,24.14,true,1,
7702018347629,false,גילט רביעית ונוס אמבריי,פרוקטר אנד גמבל,DE,גילט רביעית,יחידה,1.00,יחידה,false,1,62.90,62.90,true,1,
7702018404643,false,"ג'ל גילוח סירייס 200מ""ל",,GB,ג'ל גילוח סירייס,מיליליטרים,200.00,"100 מ""ל",false,1,16.90,8.45,true,1,
7702018441075,false,12סכינ.גילוח פיוז'ן ידני,ג'\ילט,DE,סכיני גילוח,יחידה,1.00,יחידה,false,1,178.90,178.90,true,1,
7702018466917,false,ג'ילט סכין בלו 2 פלוס 10,ג'\ילט,US,ג'ילט סכין בלו 2,יחידה,1.00,יחידה,false,1,29.90,29.90,true,1,
7702018469727,false,ונוס קומפ מכשיר4+ סכינים,,DE,ג'ילט ונוס מכשיר,יחידה,1.00,יחידה,false,1,74.90,74.90,true,1,
7702018470884,false,16 סכיני גילוח פיוז'ן,"פרוקטר אנד גמבל, גרמניה",DE,סכיני גילוח,יחידה,1.00,יחידה,false,1,179.00,179.00,true,1,
7702018482740,false,ג'ילט ונוס סימפלי 5 יחיד,ג'\ילט,US,ג'ילט ונוס סימפל,יחידה,1.00,יחידה,false,1,11.90,11.90,true,1,
7702018488766,false,4 סכיני סקינגארד,"פרוקטר אנד גמבל, גרמניה",DE,סכיני גילוח 4 יח,יחידה,1.00,יחידה,false,1,59.90,59.90,true,1,
7702018489664,false,סכיני גילוח ג'ילט בלו 3,,DE,סכיני גילוח גילט,יחידה,1.00,יחידה,false,1,19.90,19.90,true,1,
7702018493647,false,"ג'ל גילוח סקינגארד200מ""ל",פרוקטר & גמבל,GB,ג'ל גילוח ג'ילט,מיליליטרים,200.00,"100 מ""ל",false,1,20.90,10.45,true,1,
7702018495641,false,ג'ילט מארז פרוגלייד 12+H,פרוקטר & גמבל,IL,ג'ילט מארז פרוגל,יחידה,1.00,יחידה,false,1,239.00,239.00,true,1,
7702018607532,false,סכיני גילוח פרוגלייד14יח,"פרוקטר אנד גמבל, גרמניה",DE,סכיני גילוח 14יח,יחידה,1.00,יחידה,false,1,179.00,179.00,true,1,
7702018867059,false,סכיני גילוח פיוז'ן מוגדל,פרוקטר אנד גמבל,DE,סכיני גילוח פיוז,יחידה,1.00,יחידה,false,1,89.90,89.90,true,1,
7702018911981,false,דאו.ג'ל 75BEADS PR POWER,ג'\ילט פרוקטר אנד גמבל,DE,דאו.קליר ג'ל,מיליליטרים,75.00,"100 מ""ל",false,0,21.90,29.20,true,1,
7702018978106,false,"דאו.קליר ג'ל A.L 70 מ""ל",פרוקטר אנד גמבל,PL,דאו.קליר ג'ל,מיליליטרים,70.00,"100 מ""ל",false,0,16.90,24.14,true,1,
7702018978120,false,"דאו.קליר ג'ל C.W 70 מ""ל",פרוקטר אנד גמבל,PL,דאו.קליר ג'ל,מיליליטרים,70.00,"100 מ""ל",false,0,16.90,24.14,true,1,
7702018980925,false,ג'ילט קצף גילוח עור רגיל,ג'\ילט,GB,ג'ילט קצף גילוח,מיליליטרים,200.00,"100 מ""ל",false,0,14.90,7.45,true,1,
7702018980932,false,ג'לט קצף גילוח לעור רגיש,ג'\ילט,GB,ג'לט קצף גילוח ל,מיליליטרים,200.00,"100 מ""ל",false,0,14.90,7.45,true,1,
7792860006218,false,בייבי דול לקקן 24 גרם,לרטייר,AR,בייבי דול לקקן,גרמים,24.00,100 גרם,false,0,2.20,9.17,true,1,
7891024124826,false,קולגייט אופטיק וייט 75מל,קולגייט פלמוליב,BR,משחת קולגייט,מיליליטרים,75.00,"100 מ""ל",false,0,18.90,25.20,true,1,
8000380004676,false,ופלים לואקר וניל 200 גרם,לואקר,AT,ופלים לואקר,גרמים,200.00,100 גרם,false,0,13.60,6.80,true,1,
8000380004911,false,ופלים קואדרטיני אגוז250ג,א. לואקר,AT,ופל קואדרטיני,גרמים,250.00,100 גרם,false,0,15.30,6.12,true,1,
8000380153442,false,לואקר קלאסי אגוז 90 גרם,,IT,לואקר קלאסי,גרמים,90.00,100 גרם,false,0,8.90,9.89,true,1,
8000380187119,false,עוג.אגוזי לוז לואקר 100ג,,AT,עוגיות אגוזי לוז,גרמים,100.00,100 גרם,false,1,15.80,15.80,true,1,
8000500023624,false,חטיף קינדר הפי היפו 5יח',פררו,DE,קינדר הפי היפו,גרמים,102.00,100 גרם,false,0,13.90,13.63,true,1,
8000500023976,false,בונ.רפאלו 150 גרם,פררו - אלבה,PL,בונבונ.רפאלו,גרמים,150.00,100 גרם,false,0,18.90,12.60,true,1,
8000500026731,false,ביצי הפתעה קינדר 20*3 גר,פררו,IT,ביצי הפתעה קינדר,גרמים,60.00,100 גרם,false,1,13.90,23.17,true,1,
8000500029350,false,קינדר בואנו 43*3 גרם,פררו,PL,קינדר בואנו,גרמים,129.00,100 גרם,false,0,11.90,9.22,true,1,
8000500037874,false,בונ.פררו רושה 200 גרם,פררו,IT,בונבוניירה רושה,גרמים,200.00,100 גרם,false,0,27.90,13.95,true,1,
8000500071083,false,שוקולד קינדר 200 גרם,פררו,IT,שוקולד חלב קינדר,גרמים,200.00,100 גרם,false,0,14.50,7.25,true,1,
8000500227848,false,נוטלה בי רדי 132 גרם,פררו,IT,נוטלה בי רדי,גרמים,132.00,100 גרם,false,1,13.50,10.23,true,1,
8000500249352,false,קינדר בואנו מיני מיקס205,פררו,PL,קינדר בואנו מיני,גרמים,205.00,100 גרם,false,1,19.90,9.71,true,1,
8000500267103,false,עוגות אישי.קינדר דליס390,פררו,IT,עוגות קינדר דליס,גרמים,390.00,100 גרם,false,1,17.90,4.59,true,1,
8000500269169,false,קינדר קארדס 128 גרם,,IT,קינדר קארדס,גרמים,128.00,100 גרם,false,1,13.90,10.86,true,1,
8001090111715,false,אולוויז דיסקריט מדיום 9,פרוקטר אנד גמבל,DE,אולוויז דיסקריט,יחידה,1.00,יחידה,false,1,38.90,38.90,true,1,
8001090184375,false,פיירי לכלים אוריגינל900מ,פרוקטר אנד גמבל,GB,פיירי לכלים,מיליליטרים,900.00,"100 מ""ל",false,1,12.90,1.43,true,1,
8001090222848,false,שמפו הרבל שמן ארגן400מ,פרוקטר אנד גמבל,FR,שמפו הרבל אסנס,מיליליטרים,400.00,"100 מ""ל",false,1,25.90,6.48,true,1,
8001090222879,false,"מרכך הרבל שמן ארגן400מ""ל",פרוקטר אנד גמבל,FR,מרכך הרבל אסנס,מיליליטרים,400.00,"100 מ""ל",false,1,25.90,6.48,true,1,
8001090290939,false,אורל בי White 3D לבן 75,פרוקטר אנד גמבל,DE,משחת אורל בי,מיליליטרים,75.00,"100 מ""ל",false,1,20.90,27.87,true,1,
8001090336408,false,38פמפרס בייבי דריי שלב3,פרוקטר אנד גמבל,DE,פמפרס בייבי,יחידה,1.00,יחידה,false,1,36.90,36.90,true,1,
8001090336446,false,34פמפרס בייבי דריי של4,פרוקטר אנד גמבל,DE,פמפרס בייבי,יחידה,1.00,יחידה,false,1,36.90,36.90,true,1,
8001090336491,false,31פמפרס בייבי דריי שלב+4,פרוקטר אנד גמבל,DE,פמפרס בייבי,יחידה,1.00,יחידה,false,1,36.90,36.90,true,1,
8001090336521,false,30פמפרס בייבי דריי שלב5,פרוקטר אנד גמבל,DE,פמפרס בייבי,יחידה,1.00,יחידה,false,1,36.90,36.90,true,1,
8001090336606,false,26פמפרס בייבי דריי שלב6,פרוקטר אנד גמבל,DE,פמפרס בייבי,יחידה,1.00,יחידה,false,1,36.90,36.90,true,1,
8001090364203,false,משחת שיניים וחניכיים 75,פרוקטר אנד גמבל,DE,משחת אורל בי,מיליליטרים,75.00,"100 מ""ל",false,1,19.90,26.53,true,1,
8001090375285,false,פנטן מרכך מרוכז משי 200מ,פרוקטר אנד גמבל,FR,מרכך פנטן,מיליליטרים,200.00,"100 מ""ל",false,1,28.90,14.45,true,1,
8001090379337,false,40פמפרס פרימיוםVP מידה3,P&G,PL,פמפרס פרימיום,יחידה,1.00,יחידה,false,1,39.90,39.90,true,1,
8001090379368,false,34פמפרס פרימיוםVP מידה4,P&G,PL,פמפרס פרימיום,יחידה,1.00,יחידה,false,1,39.90,39.90,true,1,
8001090379399,false,30פמפרס פרימיוםVP מידה5,P&G,PL,פמפרס פרימיום,יחידה,1.00,יחידה,false,1,39.90,39.90,true,1,
8001090580122,false,הד&שולדרס סופרים משקם400,פרוקטר אנד גמבל,FR,שמפו הד&שולדרס,מיליליטרים,400.00,"100 מ""ל",false,1,19.90,4.98,true,1,
8001090678225,false,הד&שולדרס סופרים משקם275,פרוקטר אנד גמבל,RO,מרכך הד&שולדרס,מיליליטרים,275.00,"100 מ""ל",false,1,16.90,6.14,true,1,
8001090705723,false,טמפקס קומפק סופר פלוס 16,P&G,HU,טמפקס קומפק סופר,יחידה,1.00,יחידה,false,1,22.90,22.90,true,1,
8001090832450,false,"שמפו פנטן קלאסי 660 מ""ל",פרוקטר & גמבל,RO,שמפו פנטן,מיליליטרים,660.00,"100 מ""ל",false,1,23.90,3.62,true,1,
8001090832535,false,"פנטן שמפו משקם 660 מ""ל",פרוקטר אנד גמבל,RO,שמפו פנטן,מיליליטרים,660.00,"100 מ""ל",false,1,23.90,3.62,true,1,
8001090832573,false,שמפו פנטן לחות מוגברת660,פרוקטר אנד גמבל,RO,שמפו פנטן,מיליליטרים,660.00,"100 מ""ל",false,1,23.90,3.62,true,1,
8001090832610,false,"שמפו פנטן מגע משי 660מ""ל",פרוקטר אנד גמבל,RO,שמפו פנטן,מיליליטרים,660.00,"100 מ""ל",false,1,23.90,3.62,true,1,
8001090832771,false,פנטן שמפו הזנה קרטין660מ,פרוקטר אנד גמבל,RO,שמפו פנטן,מיליליטרים,660.00,"100 מ""ל",false,1,23.90,3.62,true,1,
8001090832856,false,"פנטן מרכך משקם 660 מ""ל",פרוקטר אנד גמבל,RO,מרכך פנטן,מיליליטרים,660.00,"100 מ""ל",false,1,23.90,3.62,true,1,
8001090832894,false,מרכך פנטן לחות מוגברת660,פרוקטר אנד גמבל,RO,מרכך פנטן,מיליליטרים,660.00,"100 מ""ל",false,1,23.90,3.62,true,1,
8001090833136,false,אריאל ג'ל בייבי 2.255ל,פרוקטור אנד גמבל,FR,ג'ל כביסה בייבי,ליטרים,2.25,ליטר,false,1,37.90,16.84,true,1,
8001090833167,false,אריאל ג'ל נ.הרים 2.365לי,פרוקטור אנד גמבל,FR,אריאל ג'ל כביסה,ליטרים,2.37,ליטר,false,1,37.90,15.99,true,1,
8001090899194,false,24אולוויז פלטינום נורמל,פרוקטר אנד גמבל,DE,תחבושות אולוויז,יחידה,1.00,יחידה,false,1,25.90,25.90,true,1,
8001090899224,false,20 אולוויז פלטינום לונג,פרוקטר אנד גמבל,DE,תחבושות אולוייז,יחידה,1.00,יחידה,false,1,25.90,25.90,true,1,
8001090899255,false,16 אולוויז פלטינום לילה,פרוקטר אנד גמבל,DE,תחבשות אולוויז,יחידה,1.00,יחידה,false,1,25.90,25.90,true,1,
8001090899286,false,14אולוויז פלטינום לילה,פרוקטר אנד גמבל,UA,תחבושות אולוויז,יחידה,1.00,יחידה,false,1,25.90,25.90,true,1,
8001090992338,false,פיירי פלטינום פלוס 50 טב,פרוקטר אנד גמבל,BE,פיירי טב' למדיח,יחידה,1.00,יחידה,false,1,49.90,49.90,true,1,
8001090993465,false,טמפקס כותנה נורמל 16 יח',פרוקטר אנד גמבל,US,טמפקס כותנה נורמ,יחידה,1.00,יחידה,false,1,23.90,23.90,true,1,
8001359006530,false,מסיר לק אנדראה,אנדראה ציפורניי,IL,מסיר לק,מיליליטרים,50.00,"100 מ""ל",false,0,10.90,21.80,true,1,
8001359108319,false,"קרם לחות יום 50 מ""ל",ספא פארמה,IL,קרם לחות יום,מיליליטרים,50.00,"100 מ""ל",false,0,19.90,39.80,true,1,
8001620015612,false,"פרוטה גזר תפוז 400 מ""ל",אקווה מינרלה סאן בנדטו ב,IT,פרוטה גזר תפוז,מיליליטרים,400.00,"100 מ""ל",false,1,7.90,1.98,true,1,
8001620018408,false,"פרוטה מנגו תפוח 400 מ""ל",אקווה מינרלה סאן בנדטו ב,IT,פרוטה מנגו תפוח,מיליליטרים,400.00,"100 מ""ל",false,1,7.90,1.98,true,1,
8001620019160,false,"סאן בנדטו אפרסק 400 מ""ל",אקווה מינרלה סאן בנדטו ב,IT,סאן בנדטו אפרסק,מיליליטרים,400.00,"100 מ""ל",false,1,6.90,1.73,true,1,
8001620019177,false,"סאן בנדטו ענבים 400 מ""ל",אקווה מינרלה סאן בנדטו ב,IT,סאן סנדטו ענבים,מיליליטרים,400.00,"100 מ""ל",false,1,6.90,1.73,true,1,
8001841006710,false,לנור מבשם ריח רענן 210 ג,פרוקטר אנד גמבל,GB,לנור מבשם כביסה,גרמים,210.00,100 גרם,false,1,24.90,11.86,true,1,
8001841104614,false,26פמפרס פרימיום שלב 1,פרוקטר אנד גמבל,US,פמפרס פרימיום אר,יחידה,1.00,יחידה,false,1,23.90,23.90,true,1,
8001841104751,false,52 פמפרס פרימיום שלב 1,פרוקטר אנד גמבל,TR,פמפרס,יחידה,1.00,יחידה,false,1,39.90,39.90,true,1,
8001841104799,false,46 פמפרס פרימיום שלב 2,פרוקטר אנד גמבל,TR,פמפרס,יחידה,1.00,יחידה,false,1,39.90,39.90,true,1,
8001841105093,false,26 פמפרס פרימיום שלב 6,פרוקטר אנד גמבל,US,פמפרס,יחידה,1.00,יחידה,false,1,39.90,39.90,true,1,
8001841137667,false,קונד.הד&שולדרס תפוח 275מ,פרוקטר אנד גמבל,RO,קונדיש.הד&שולדרס,מיליליטרים,275.00,"100 מ""ל",false,1,16.90,6.14,true,1,
8001841198446,false,דאו.ספריי ג'ילט פאוור150,פרוקטר אנד גמבל,GB,דאודורנט ג'ילט,מיליליטרים,150.00,"100 מ""ל",false,1,21.90,14.60,true,1,
8001841217932,false,תחבושות כפול אולטרא לילה,,DE,תחבושות כפול אול,יחידה,1.00,יחידה,false,1,19.90,19.90,true,1,
8001841332307,false,דיסקריט 8 תחבושות לונג,פרוקטר אנד גמבל,DE,דיסקריט תחבושות,יחידה,1.00,יחידה,false,1,21.90,21.90,true,1,
8001841410524,false,שמפו הד&שולדרס קוקוס600מ,פרוקטר אנד גמבל,RO,שמפו הד&שולדרס,מיליליטרים,600.00,"100 מ""ל",false,1,25.90,4.32,true,1,
8001841500799,false,שמפו ללא סולפט מנגו 380,פרוקטר אנד גמבל,FR,שמפו ללא סולפטים,מיליליטרים,380.00,"100 מ""ל",false,1,18.90,4.98,true,1,
8001841560090,false,מגן תחתון אולוויז לונג60,פרוקטר & גמבל,DE,מגן תחתון אולווי,יחידה,1.00,יחידה,false,1,23.90,23.90,true,1,
8001841625362,false,פיירי פלטינום לימון780מל,פרוקטר אנד גמבל,GB,פיירי נוזל כלים,מיליליטרים,780.00,"100 מ""ל",false,1,12.90,1.65,true,1,
8001841660530,false,"קרם פנטן מיראקלס 270 מ""ל",,FR,קרמ פנטן מיראקלס,גרמים,270.00,100 גרם,false,1,23.90,8.85,true,1,
8001841669519,false,אריאל קפסולות ג'ל 55יח,פרוקטר אנד גמבל,FR,קפסולות לכביסה,יחידה,1.00,יחידה,false,1,59.90,59.90,true,1,
8001841841373,false,שמפו ל.סולפטים אבוקדו380,דיפלומט,FR,שמפו הרבל,מיליליטרים,380.00,"100 מ""ל",false,1,18.90,4.98,true,1,
8001841971261,false,תחבושות כפול נורמל 28 יח,פרוקטר & גמבל,DE,אולוויז תחבושות,יחידה,1.00,יחידה,false,1,19.90,19.90,true,1,
8002110383709,false,קרם ידיים ניוטרוג'ינה50מ,ג'ונסון,FR,קרם ידיים,מיליליטרים,50.00,"100 מ""ל",false,0,24.90,49.80,true,1,
8002910043476,false,ויט רצועות לקו הביקיני16,רקיט בנקיזר,FR,רצועות שעווה ויט,יחידה,1.00,יחידה,false,1,38.90,38.90,true,1,
8006540112793,false,לנור מרכך יסמין 900מל,פרוקטר אנד גמבל,US,לנור מרכך מרוכז,מיליליטרים,900.00,"100 מ""ל",false,1,11.90,1.32,true,1,
8006540221068,false,מגן תחתון אולוויז לונג 4,פרוקטר & גמבל,DE,מגן תחתון אולווי,יחידה,1.00,יחידה,false,1,19.90,19.90,true,1,
8006540221341,false,מגן תחתון אולוויז לארג 4,,DE,מגן תחתון אולווי,יחידה,1.00,יחידה,false,1,19.90,19.90,true,1,
8006540221426,false,מגן תחתון דייליס סלים 74,,DE,מגן תחתון דייליס,יחידה,1.00,יחידה,false,1,19.90,19.90,true,1,
8006540221464,false,מגן תחתון אולוויז נורמל,,DE,מגן תחתון אולווי,יחידה,1.00,יחידה,false,1,19.90,19.90,true,1,
8006540222089,false,מגבוני GO TO לילדים 40יח,פרוקטור אנד גמבל,ES,מגבוני פמפרס,יחידה,1.00,יחידה,false,1,7.90,7.90,true,1,
8006540358498,false,18טמפקס קומפאק פרל סופר+,,HU,טמפקס,יחידה,1.00,יחידה,false,1,23.90,23.90,true,1,
8006540385029,false,"הד&שולדרס מן 2ב1 540מ""ל",URLATI GAMBLE & PROCTER,RO,הד&שולדרס מן 2ב1,מיליליטרים,540.00,"100 מ""ל",false,1,26.90,4.98,true,1,
8006540406694,false,פמפרס מכנס מידה4 42יח,,PL,פמפרס מכנסונים,יחידה,1.00,יחידה,false,1,54.90,54.90,true,1,
8006540406793,false,פמפרס מכנס מידה 6 34יח,,PL,פמפרס מכנסונים,יחידה,1.00,יחידה,false,1,54.90,54.90,true,1,
8006540407684,false,דיסקריט 8 תחבושות לילה,,DE,תחבושות לילה,יחידה,1.00,יחידה,false,1,21.90,21.90,true,1,
8006540410967,false,הד&שולדרס שמפו 7ב1 450מ,S BLOIS GAMBLE & PROCTER,FR,הד&שולדרס שמפו,גרמים,450.00,100 גרם,false,1,25.90,5.76,true,1,
8006540463550,false,פיירי פלטינום 63טבליות,פרוקטר אנד גמבל,BE,פיירי טבליות,יחידה,1.00,יחידה,false,1,49.90,49.90,true,1,
8006540495186,false,"מרכך לנור בייבי 900 מ""ל",פרוקטר אנד גמבל,FR,מרכך כביסה בייבי,מיליליטרים,900.00,"100 מ""ל",false,1,11.90,1.32,true,1,
8006540592465,false,תחבושות אולטרה לונג 24 י,פרוקטר & גמבל,HU,תחבושות לונג,יחידה,1.00,יחידה,false,1,19.90,19.90,true,1,
8006540592496,false,תחבושות כפול לילה 20 יחי,פרוקטר & גמבל,HU,תחבושות כפול ליל,יחידה,1.00,יחידה,false,1,19.90,19.90,true,1,
8011003823529,false,"ורסצ'ה ארוס אדפ 50 מ""ל",לילית בישום,IT,ורסצ'ה ארוס אדפ,מיליליטרים,50.00,"100 מ""ל",false,0,199.00,398.00,true,1,
8011003827343,false,ארוס אדט,לילית בישום,IL,ארוס אדט,מיליליטרים,100.00,"100 מ""ל",false,0,299.00,299.00,true,1,
8011003876594,false,מארז ברייט קריסטל לאישה,EUROITALIA,IT,מארז ברייט קריסט,יחידה,1.00,יחידה,false,1,379.00,379.00,true,1,
8011003995967,false,homme pour א.ד.ט לגבר,לילית בישום,IT,homme pour א.ד.ט,מיליליטרים,100.00,"100 מ""ל",false,0,209.00,209.00,true,1,
8011003997022,false,"ורסצ'ה ורסנס אדט 100 מ""ל",לילית בישום,IT,ורסצ'ה ורסנס אדט,מיליליטרים,100.00,"100 מ""ל",false,0,209.00,209.00,true,1,
8018365071469,false,NOIR CRYSTALאדט לאשה90מל,לילית בישום,IT,NOIR CRYSTAL,מיליליטרים,90.00,"100 מ""ל",false,0,299.00,332.22,true,1,
8033661564880,false,ממחטות נייר מיניונ 6 יחי,,IL,ממחטות נייר 6 יח,יחידה,1.00,יחידה,false,1,9.90,9.90,true,1,
8053853182548,false,ממחטות נייר פרוזן 6 יחיד,,IL,ממחטות נייר 6 יח,יחידה,1.00,יחידה,false,1,9.90,9.90,true,1,
8053853182562,false,ממחטות נייר פרוזן 56 יח',,IL,ממחטות נייר 56יח,יחידה,1.00,יחידה,false,1,11.90,11.90,true,1,
8058045420347,false,VIBE BLUE RIFLESSO אדט 1,לילית בישום,IT,VI BLUE RIFLESSO,מיליליטרים,100.00,"100 מ""ל",false,1,299.00,299.00,true,1,
8058045427452,false,מארז טרוסרדי לגבר,,IT,מארז טרוסרדי,יחידה,1.00,יחידה,false,1,379.00,379.00,true,1,
8410436218214,false,צבע לשיער אולאו 7-10 יח,הנקל סוד,DE,צבע לשיער אולאו,יחידה,1.00,יחידה,false,0,43.90,43.90,true,1,
8411061043868,false,"212 א.ד.ט לגבר 100 מ""ל",לילית בישום,ES,212 א.ד.ט לגבר,מיליליטרים,100.00,"100 מ""ל",false,1,229.00,229.00,true,1,
8411061777176,false,ROSE VIP 212 א.ד.פ לאשה,PUIG בישום,IL,ROSE VIP 212,מיליליטרים,80.00,"100 מ""ל",false,0,329.00,411.25,true,1,
8411061777183,false,ROSE VIP 212 א.ד.פ לאשה,PUIG בישום,IL,ROSE VIP 212,מיליליטרים,50.00,"100 מ""ל",false,0,239.00,478.00,true,1,
8412300801072,false,ניוואה קרם רב שימושי 400,ביירסדורץ,DE,"ניוואה קרם רב""ש",מיליליטרים,400.00,"100 מ""ל",false,1,43.90,10.98,true,1,
8423207206488,false,סלים דליס מצופה שוקולד6י,סלים דליס,ES,חטיפי דגנים מרבה,גרמים,120.00,100 גרם,false,0,15.90,13.25,true,1,
8431754342016,false,HALLOWEEN א.ד.ט לאשה,באלנסייגה,FR,HALLOWEEN א.ד.ט,מיליליטרים,100.00,"100 מ""ל",false,0,149.00,149.00,true,1,
8435137743155,false,פראדה איריס אדפ,פראדה בישום,IT,פראדה איריס אדפ,מיליליטרים,100.00,"100 מ""ל",false,0,499.00,499.00,true,1,
8435415006378,false,גוטייה סקנדל א.אדפ50 מל,PUIG בישום,IL,גוטייה סקנדל א.א,מיליליטרים,50.00,"100 מ""ל",false,0,269.00,538.00,true,1,
8435415018470,false,סקנדל ביי נייט אדפ 50 מל,לילית בישום,FR,סקנדל ביי נייט,מיליליטרים,50.00,"100 מ""ל",false,1,299.00,598.00,true,1,
8435415032520,false,"סו סקנדל אדפ 80 מ""ל",,IL,סו סקנדל אדפ,מיליליטרים,80.00,"100 מ""ל",false,1,319.00,398.75,true,1,
8435495807636,false,תינוקלין ג'ל כביסה 2 ל',סארוהאן,TR,תינוקלין ג'ל,ליטרים,2.00,ליטר,false,1,34.90,17.45,true,1,
8437002110628,false,טוס א.אדפ 100 מל,אלפא בישום,ES,טוס א.אדפ100,מיליליטרים,100.00,"100 מ""ל",false,0,209.00,209.00,true,1,
8690526009278,false,חטיף קרמל מצופה שוק126גר,"GIDA ETI , טורקיה n\",TR,חטיף קרמל מצופה,גרמים,126.00,100 גרם,false,1,10.90,8.65,true,1,
8690526019154,false,וופל קקאו+קרם קקאו142גר,"GIDA ETI , טורקיה n\",TR,וופל קרם קקאו,גרמים,142.00,100 גרם,false,1,8.50,5.99,true,1,
8690526029238,false,וופל מצופה שוק.מריר50*3ג,"GIDA ETI , טורקיה n\",TR,וופל מצופה שוקול,גרמים,150.00,100 גרם,false,1,10.90,7.27,true,1,
8690572778326,false,דאו.ספריי פה כותנה 200 מ,הנקל סוד,TR,דאודורנט פה,מיליליטרים,200.00,"100 מ""ל",false,1,9.90,4.95,true,1,
8690637505607,false,מרכך כביסה פינוק960מל,יוניליוור סנאיי וי טיקאר,TR,מרכך כביסה בדין,מיליליטרים,960.00,"100 מ""ל",false,1,16.90,1.76,true,1,
8690637835643,false,תה ירוק לימונית לואיז20ש,,TR,תה ירוק ליפטון,גרמים,30.00,100 גרם,false,1,17.40,58.00,true,1,
8690637916991,false,דאב מרכך שמן אבוקדו 600,יוניליוור,TR,מרכך שיער דאב,מיליליטרים,600.00,"100 מ""ל",false,1,16.90,2.82,true,1,
8690637946301,false,בדין אקסטרא בייבי 960 מל,יוניליוור סנאיי וי טיקאר,TR,בדין מרכך בייבי,מיליליטרים,960.00,"100 מ""ל",false,1,16.90,1.76,true,1,
8690637946318,false,בדין אקסטרא בייבי טלק960,יוניליוור סנאיי וי טיקאר,TR,מרכך בדין בייבי,מיליליטרים,960.00,"100 מ""ל",false,1,16.90,1.76,true,1,
8690637976995,false,בדין ורוד סחלבים960מל,יוניליוור סנאיי וי טיקאר,TR,בדין אקסטרה ורוד,מיליליטרים,960.00,"100 מ""ל",false,1,16.90,1.76,true,1,
8691900174056,false,קוטקס תחב.לילה אולטרה16י,חוגלה קימברלי,CZ,קוטקס תחבושת,יחידה,1.00,יחידה,false,1,16.90,16.90,true,1,
8693495037853,false,קולגייט 2מברשת סלים סופט,קולגייט פלמוליב,CN,2 מברשות קולגייט,יחידה,1.00,יחידה,false,0,29.90,29.90,true,1,
8693495048019,false,מברשת קולגייט 360צ'רקואל,קולגייט-פלמוליב,IL,מברשת קולגייט 36,יחידה,1.00,יחידה,false,1,7.90,7.90,true,1,
8693495052177,false,סבון פלמוליב זיתים 750 מ,קולגייט פלמוליב,TR,סבון פלמוליב,מיליליטרים,750.00,"100 מ""ל",false,1,20.90,2.79,true,1,
8693495054058,false,פלמוליב לומינוס מקדמי750,קולגייט פלמוליב,TR,פלמוליב ג'ל רחצה,מיליליטרים,750.00,"100 מ""ל",false,1,20.90,2.79,true,1,
8697659241575,false,דיסני מארז פרוזן בושם יח,,IL,דיסני מארז פרוזן,יחידה,1.00,יחידה,false,1,89.90,89.90,true,1,
8697659244781,false,סט בושם סופרמן+דאו ספריי,רון ביוטיפול,TR,סט דיסני קרטון,יחידה,1.00,יחידה,false,1,69.90,69.90,true,1,
8699954702003,false,מסיכה בתוספת קולגן יח',,TR,מסיכה בתוספת קול,יחידה,1.00,יחידה,false,1,7.90,7.90,true,1,
8699954702157,false,מסיכת פחם טיהור רעלים יח,,IL,מסיכת פחם טיהור,יחידה,1.00,יחידה,false,1,7.90,7.90,true,1,
8710103797951,false,וואן בלייד 45 דקות,פילפס,ID,וואן בלייד מכשיר,יחידה,1.00,יחידה,false,1,189.90,189.90,true,1,
8710103873938,false,אוונט נטורל 2פטמות מעבר,פיליפס אוונט,GB,אוונט פטמת מעבר,יחידה,1.00,יחידה,false,1,43.90,43.90,true,1,
8710103901822,false,מוצץ אולטרא אייר 6-18 בנ,פיליפס אוונט,GB,מוצץ אולטרא אייר,יחידה,1.00,יחידה,false,1,54.90,54.90,true,1,
8710103922582,false,וואן בלייד 30 דקות,פיליפס-גילוח,ID,וואן בלייד30דקות,יחידה,1.00,יחידה,false,1,159.90,159.90,true,1,
8710428016355,false,פדיאשור שוקולד 400 גרם,ABBOT,NL,פדיאשור שוקולד,גרמים,400.00,100 גרם,false,1,39.90,9.98,true,1,
8710447224342,false,"טרזמה שמפו קרטין 400 מ""ל","יוניליוור פולין, רחוב קר",PL,טרזמה שמפו קרטין,מיליליטרים,400.00,"100 מ""ל",false,1,18.90,4.73,true,1,
8710447275306,false,דאב ק.ידיים שמן אבוקדו75,"יוניליוור פולין, רחוב קר",PL,קרם ידיים דאב,מיליליטרים,75.00,"100 מ""ל",false,1,13.90,18.53,true,1,
8710847860843,false,דאו רולאון אינביזיבל 50ג,יוניליוור אנגליה,GB,דאודורנט רקסונה,מיליליטרים,50.00,"100 מ""ל",false,1,17.90,35.80,true,1,
8712400718073,false,"נוטרילון AR תמ""ל 400 גרם",נוטרישיה קאלק,NL,נוטרילון 400 גרם,גרמים,400.00,100 גרם,false,0,51.90,12.98,true,1,
8712400802499,false,נוטרילון שלב1- 800 גרם,נוטרישיה קאלק,NL,נוטרילון שלה1-,גרמים,800.00,100 גרם,false,0,68.90,8.61,true,1,
8712400802512,false,נוטרילון שלב2- 800 גרם,נוטרישיה קאלק,NL,נוטרילון שלב2-,גרמים,800.00,100 גרם,false,0,68.90,8.61,true,1,
8712400802536,false,נוטרילון שלב3- 800 גרם,נוטרישיה קאלק,NL,נוטרילון שלב3-,גרמים,800.00,100 גרם,false,0,68.90,8.61,true,1,
8712561594608,false,תח.רחצה להזנה עמוקה 750מ,"יוניליוור גרמניה, Gmbh &",DE,תחליב רחצה דאב,מיליליטרים,750.00,"100 מ""ל",false,1,19.90,2.66,true,1,
8712561626286,false,תחליב רחצה דאב זוהר 750מ,יוניליוור,DE,תחליב רחצה דאב,מיליליטרים,750.00,"100 מ""ל",false,1,19.90,2.66,true,1,
8714789835112,false,מברשת חשמלית אופטיק וויט,קולגייט,CN,מברשת חשמלית,יחידה,1.00,יחידה,false,0,69.90,69.90,true,1,
8714789930848,false,משחת אופטיק וייט אינסט75,קולגייט פלמוליב,PL,משחת קולגייט,מיליליטרים,75.00,"100 מ""ל",false,0,18.90,25.20,true,1,
8714789966403,false,ליידי ספיד פרו 5 ג'ל 65ג,קולגייט פלמוליב,US,ליידי ספיד סטיק,גרמים,65.00,100 גרם,false,1,17.90,27.54,true,1,
8717163647240,false,דאו ספריי גוף שוקולד150מ,יוניליוור אנגליה,TR,אקס ספריי,מיליליטרים,150.00,"100 מ""ל",false,1,11.90,7.93,true,1,
8717163655764,false,דאו.רקסונה שאוור פרש 150,"קוסטר אירוסול, גבזה 4140",TR,דאודורנט רקסונה,מיליליטרים,150.00,"100 מ""ל",false,1,17.90,11.93,true,1,
8717163655825,false,דאודורנט רקסונה כותנה150,"קוסטר אירוסול, גבזה 4140",TR,דאודורנט רקסונה,מיליליטרים,150.00,"100 מ""ל",false,1,17.90,11.93,true,1,
8718951044913,false,"משחת מרידול להלבנה 75מ""ל",קולגייט פלמוליב,GB,משחת מרידול,מיליליטרים,75.00,"100 מ""ל",false,1,20.90,27.87,true,1,
8718951093331,false,2 מברשות מרידול סופט,קולגייט פלמוליב,CH,זוג מברשות מרידו,יחידה,1.00,יחידה,false,1,38.90,38.90,true,1,
8718951148536,false,מי פה פלאקס ורוד 500מל,,PL,מי פה פלאקס,מיליליטרים,500.00,"100 מ""ל",false,1,24.90,4.98,true,1,
8718951170445,false,קולגייט סמיילס ילדים50מל,,PL,קולגייט סמיילס,מיליליטרים,50.00,"100 מ""ל",false,1,14.90,29.80,true,1,
8718951175280,false,קולגייט טוטל פרו ויזבל75,,PL,קולגייט טוטל,מיליליטרים,75.00,"100 מ""ל",false,1,20.90,27.87,true,1,
8718951236806,false,קולגייט טוטל להלבנה 100מ,,PL,קולגייט טוטל,מיליליטרים,100.00,"100 מ""ל",false,1,16.90,16.90,true,1,
8718951236813,false,קולגייט טוטל אדוונס100מ,קולגייט פלמוליב,PL,משחת קולגייט,מיליליטרים,100.00,"100 מ""ל",false,1,16.90,16.90,true,1,
8718951278851,false,מ.שיניים אדוונס וויט פחם,קולגייט,PL,מ.שיניים קולגייט,מיליליטרים,100.00,"100 מ""ל",false,1,15.90,15.90,true,1,
8718951281738,false,משחת אלמקס סניסיטיב 75מל,,PL,משחת אלמקס,מיליליטרים,75.00,"100 מ""ל",false,1,18.90,25.20,true,1,
8718951286733,false,מש.אופטיק לסטינג וייט75מ,,PL,משחת אופטיק וויט,מיליליטרים,75.00,"100 מ""ל",false,1,29.90,39.87,true,1,
8718951314009,false,תחליב רחצה פטל שחור750מל,קולגייט פלמוליב,TR,תחליב רחצה,מיליליטרים,750.00,"100 מ""ל",false,1,20.90,2.79,true,1,
8718951315303,false,משחת קולגייט אדום 100*2מ,,PL,משחת קולגייט 2יח,מיליליטרים,200.00,"100 מ""ל",false,1,18.90,9.45,true,1,
8718951329126,false,ליידי ספיד יוניק 150מל,קולגייט פלמוליב,RU,ליידי ספיד ספריי,מיליליטרים,150.00,"100 מ""ל",false,1,14.90,9.93,true,1,
8718951333048,false,ס.ידיים פלמוליב מטבח 300,"ש. שסטוביץ בע""\מ",IT,פלמוליב ידיים,מיליליטרים,300.00,"100 מ""ל",false,1,9.90,3.30,true,1,
8718951370135,false,סבון פלמוליב סנסיישן750מ,קולגייט פלמוליב,TR,סבון פלמוליב,מיליליטרים,750.00,"100 מ""ל",false,1,20.90,2.79,true,1,
8718951381292,false,משחת מקס דיטוקס פואם125,,PL,משחת מקס דיטוקס,מיליליטרים,125.00,"100 מ""ל",false,1,22.90,18.32,true,1,
8718951382640,false,סבון פלמוליב דיטוקס 750,קולגייט פלמוליב,TR,סבון פמוליב,מיליליטרים,750.00,"100 מ""ל",false,1,20.90,2.79,true,1,
8718951382787,false,מש.אופטיק ווייט חימר75מל,,PL,משחת אופטיק חימר,מיליליטרים,75.00,"100 מ""ל",false,1,29.90,39.87,true,1,
8718951428522,false,סב.רחצה פלמוליב לגבר750מ,,TR,סבון פלמוליב,מיליליטרים,750.00,"100 מ""ל",false,1,20.90,2.79,true,1,
8718951477384,false,מש.קולגייט טוטאל ג'ל75מל,,PL,משחת טוטאל ג'ל,מיליליטרים,75.00,"100 מ""ל",false,1,21.90,29.20,true,1,
8850389103159,false,"מוגו ליצ'י קוקוס 320 מ""ל",סאפה פובליק קומפני לימיט,TH,מוגו ליצ'י קוקוס,מיליליטרים,320.00,"100 מ""ל",false,1,6.90,2.16,true,1,
8850389104637,false,סאפה אפרסק,,TH,סאפה אפרסק,מיליליטרים,300.00,"100 מ""ל",false,0,7.90,2.63,true,1,
8901138825591,false,משחת הימלאיה מלבינה75מ,הימלאיה,PL,משחת שיניים,מיליליטרים,75.00,"100 מ""ל",false,1,24.90,33.20,true,1,
8901138825614,false,משחת שיניים מינט פרש75מל,הימלאיה,IN,משחת שיניים מינט,מיליליטרים,75.00,"100 מ""ל",false,1,24.90,33.20,true,1,
8901314116079,false,מברשת ילדים ברבי,קולגייט-פלמוליב,CN,מברשת לילדים,יחידה,1.00,יחידה,false,1,13.90,13.90,true,1,
9000100806657,false,פה רול און אינויזיבל 50מ,הנקל סוד,DE,דאודורנט פה,מיליליטרים,50.00,"100 מ""ל",false,0,9.90,19.80,true,1,
9000100843256,false,"גליס שמן משקם 75מ""ל",הנקל סוד,SK,גליס שמן משקם,מיליליטרים,75.00,"100 מ""ל",false,0,24.90,33.20,true,1,
9000101418163,false,ברף בניחוח תפוח50*3 גרם,הנקל,RS,ברף לאסלה 3 יח,גרמים,150.00,100 גרם,false,1,20.90,13.93,true,1,
9000101520965,false,ברף בניחוח לוטוס 50*3גרם,הנקל,RS,ברף לאסלה 3 יח,גרמים,150.00,100 גרם,false,1,20.90,13.93,true,1,
9000101548419,false,קולור קאצ'ר לכביסה18דף,"הנקל סוד בע""\מ",IE,קולר קאצ'ר לבן,יחידה,1.00,יחידה,false,1,14.90,14.90,true,1,
9001616202155,false,מאמ2- מוצצים 16)MAXIULTI,MAM,HU,זוג מוצצים מאמ,יחידה,1.00,יחידה,false,0,34.90,34.90,true,1,
9001616203367,false,פטמה לבקבוק שלב 2,MAM,AT,פטמה לבקבוק,יחידה,1.00,יחידה,false,0,28.90,28.90,true,1,
9001616680991,false,בקבוק אנטי קוליק תכלת,MAM,AT,בקבוק אנטי קוליק,יחידה,1.00,יחידה,false,1,31.90,31.90,true,1,
9001616682223,false,בקבוק אנטי קוליק וורוד,MAM,HU,בקבוק אנטי קוליק,מיליליטרים,160.00,"100 מ""ל",false,1,31.90,19.94,true,1,
9001616702600,false,זוג מוצצים 0-2 בת)ורוד(,MAM,HU,זוג מוצצים 0-2 ב,יחידה,1.00,יחידה,false,1,34.90,34.90,true,1,
9001616702617,false,זוג מוצצים 0-2 יונ)ירוק(,MAM,HU,זוג מוצצים 0-2 י,יחידה,1.00,יחידה,false,1,34.90,34.90,true,1,
9001616702679,false,זוג מוצצים 0-6 זמן בת יח,MAM,HU,זוג מוצצים 0-6 ז,יחידה,1.00,יחידה,false,1,34.90,34.90,true,1,
9001616702921,false,בקבוק אנטי קוליק לבן,MAM,HU,בקבוק אנטי קוליק,יחידה,1.00,יחידה,false,1,31.90,31.90,true,1,
9001616703249,false,מחזיק מוצץ יוניסקס יחידה,MAM,AT,מחזיק מוצץ יוניס,יחידה,1.00,יחידה,false,1,28.90,28.90,true,1,
9001616703256,false,נשכן בת יחידה,MAM,AT,נשכן בת,יחידה,1.00,יחידה,false,1,34.90,34.90,true,1,
9001616804564,false,ידיות לבקבוק תכלת זוג,MAM,AT,ידיות לבקבוק תכל,יחידה,1.00,יחידה,false,1,34.90,34.90,true,1,
9310088007015,false,8 תחבושות דיפנד לילה,קימברלי-קלארק,CN,תחבושות דיפנד,יחידה,1.00,יחידה,false,0,19.90,19.90,true,1,
