code,internal_code,name,manufacturer_name,manufacture_country,manufacturer_item_description,unit_qty,quantity,unit_of_measure,weighted,qty_in_package,price,unit_of_measure_price,allow_discount,status,item_id
32147230,false,"מיץ לימון משומר 200מ""ל(לימונית אקסטרא)",ג'נרל מילס סאן אדריא,CH,מיץ לימון משומר,מיליליטרים,200.00,"100 מ""ל",false,0,6.90,3.45,true,1,
40111216,false,באונטי חטיף קוקוס ושוקולד 57ג',"נארז ע""י : א.ג. גילר",NL,חטיף באונטי,גרמים,57.00,100 גרם,false,0,4.30,7.54,true,1,
42101666,false,"מסטיק בטעם מנטה ואקליפטוס איירווייבס 35 גרם לל""ס",ריגלי,GB,מסטיק איירווייבז,גרמים,35.00,100 גרם,false,1,5.70,16.29,true,1,
42188889,false,אורביט פייב אבטיח 12 סטיקס 29 גר,ריגלי צרפת,FR,מסטיק 5 אבטיח,גרמים,40.00,100 גרם,false,0,6.80,17.00,true,1,
54051157,false,מעדן סויה טעם שוקו אלפרו רביעיה 125 ג',קריות זול,BE,מעדן סויה 4 יח',גרמים,500.00,100 גרם,false,0,20.70,4.14,true,1,
72917367,false,טעמי חטיף במילוי קרם נוגט וקרמל,"שטראוס גרופ בע""מ",IL,חטיף טעמי,גרמים,40.00,100 גרם,false,0,3.90,9.75,true,1,
72940754,false,"מילקי מעדן וניל עם קצפת שטראוס 133 מ""ל","שטראוס גרופ בע""\מ",IL,מילקי טעם וניל,מיליליטרים,170.00,"100 מ""ל",false,0,3.00,1.76,true,1,
72940761,false,"מילקי מעדן שוקולד עם קצפת שטראוס 133 מ""ל",מיוצר עי קונדיטוריית,IL,מילקי טעם שוקולד,מיליליטרים,170.00,"100 מ""ל",false,0,3.00,1.76,true,1,
72940952,false,מעדן מילקי בטעם שוקולד עם אקסטרה קצפת,"שטראוס גרופ בע""\מ",IL,מילקי אקסטרה,מיליליטרים,170.00,"100 מ""ל",false,0,3.90,2.29,true,1,
72941041,false,מעדן מילקי מיני בטעם שוקולד עם קצפת,"שטראוס גרופ בע""\מ",IL,מיני מילקי,מיליליטרים,90.00,"100 מ""ל",false,0,2.10,2.33,true,1,
72945308,false,קוביית שמרים טריים לאפיה שמרית 50 גרם,"פאקא תעשיות בע""\מ",IL,קוביות שמרים,גרמים,50.00,100 גרם,false,0,3.60,7.20,true,1,
72961506,false,יוגורט עם תות 1.5% שומן 125 ג' פרילי,מיוצר עי קונדיטוריית,IL,פרילי תות,גרמים,125.00,100 גרם,false,0,3.70,2.96,true,1,
72963753,false,שמנת אורגינל של פעם 27% שומן 200 ג' תנובה,תנובה מרכז שיתופי לש,IL,שמנת חמוצה תנובה,גרמים,200.00,100 גרם,false,0,4.20,2.10,true,1,
72986370,false,"גלידת בן & ג'ריס פיינטים וניל 500מ""ל",מוצרי איכות אמריקאיים,IL,גלידה בן & ג'ריס,מיליליטרים,500.00,"100 מ""ל",false,0,17.50,3.50,true,1,
72986424,false,"גלידת בן & ג'ריס פיינטים קרם עוגיות 500מ""ל",מוצרי איכות אמריקאיים בע,IL,גלידה בן & ג'ר,מיליליטרים,500.00,"100 מ""ל",false,0,17.50,3.50,true,1,
72986448,false,"גלידת בן & ג'ריס פיינטים טופי קראנץ 500מ""ל",מוצרי איכות אמריקאיים בע,IL,גלידה בן & ג'ר,מיליליטרים,500.00,"100 מ""ל",false,0,17.50,3.50,true,1,
72986455,false,"ניו יורק סופר גלידת שוקולד, חתיכות פאדג' ואגוזים",מוצרי איכות אמריקאיים בע,IL,גלידה בן & ג'ר,מיליליטרים,500.00,"100 מ""ל",false,0,17.50,3.50,true,1,
72986479,false,"צ'אנקי מנקי גלידת וניל, בננות, חתיכות פאדג' ואגוזים",מוצרי איכות אמריקאיים בע,IL,גלידה בן & ג'ר,מיליליטרים,500.00,"100 מ""ל",false,0,17.50,3.50,true,1,
72989425,false,"גלידת בן & ג'ריס פיינטים שוקולד בראוניז 500מ""ל",מוצרי איכות אמריקאיים בע,IL,גלידה בן & ג'ר,מיליליטרים,500.00,"100 מ""ל",false,0,17.50,3.50,true,1,
72991374,false,סיגריות טיים רד חפיס,דובק,IL,טיים רד,יחידה,1.00,יחידה,false,0,30.00,30.00,false,1,
72991398,false,סיגריות טיים בלו לי,דובק,IL,טיים בלו,יחידה,1.00,יחידה,false,0,30.00,30.00,false,1,
72991886,false,"גלידת דולצ'ה בטעם ריבת חלב עם פאדג' בן וג'ירי 500 מ""ל",מוצרי איכות אמריקאיים בע,IL,גלידה בן & ג'ר,מיליליטרים,500.00,"100 מ""ל",false,0,17.50,3.50,true,1,
72993637,false,מעדן חלב בטעם שוקולד 125 ג' דני,"שטראוס גרופ בע""\מ",IL,דני שוקולד 1.5%,גרמים,125.00,100 גרם,false,0,2.80,2.24,true,1,
80001799,false,חטיף טורטינה קרם אגוזים 21 גרם,"כד בני דרום בע""מ",IT,טורטינה לבן,גרמים,21.00,100 גרם,false,0,5.00,23.81,true,1,
80050025,false,סוכריות טיק טק תפוז 16 גרם,פררו - אלבה,ZA,טיק טק תפוז,גרמים,16.00,100 גרם,false,0,3.30,20.63,true,1,
80050124,false,סוכריות טיק טק מנטה 16 גרם,פררו - אלבה,ZA,סוכריות טיק טק,גרמים,16.00,100 גרם,false,0,3.30,20.63,true,1,
80052487,false,חטיף+ציפוי קוקוס רפאלו30,פררו - אלבה,PL,חטיף רפאלו,גרמים,30.00,100 גרם,false,0,4.90,16.33,true,1,
80052883,false,סוכריות טיק טק מנטה חזק 16 גרם,צ'וקטה,ZA,סוכריות טיק טק,גרמים,16.00,100 גרם,false,1,3.30,20.63,true,1,
80273561,false,פלפל שחור במטחנה 45 גר ארומה דה טוסקנה,דרוגיה ואלימנטרי אס.אר.א,IT,פלפל שחור,גרמים,45.00,100 גרם,false,0,12.80,28.44,true,1,
80273592,false,פלפל ארבע עונות 30 גר ארומה דה טוסקנה,דרוגיה ואלימנטרי אס.אר.א,IT,פלפל,גרמים,35.00,100 גרם,false,0,12.80,36.57,true,1,
80273639,false,מלח ים במטחנה 90 גר ארומה דה טוסקנה,דרוגיה ואלימנטרי אס.אר.א,IT,מלח ים במטחנה,גרמים,90.00,100 גרם,false,0,12.80,14.22,true,1,
80773429,false,מנטוס בקבוק מעוגל - מסטיק ללא סוכר בטעם תות 60 גרם,"פרפטי ואן מלה ג'\ידה,סאן",TR,מנטוס בקבוק,גרמים,60.00,100 גרם,false,1,9.90,16.50,true,1,
80773443,false,מנטוס בקבוק מעוגל - מסטיק ללא סוכר בטעם מנטה 60 גרם,"פרפטי ואן מלה ג'\ידה,סאן",TR,מסטיק מנטוס,גרמים,60.00,100 גרם,false,1,9.90,16.50,true,1,
80780595,false,מסטיק מנטוס ביג בבקבוק מעוגל טעם מנטה-עדינה 90 ג',פרפטי ואן מלה הולנד,TR,מסטיק מנטוס,גרמים,90.00,100 גרם,false,1,17.90,19.89,true,1,
80790990,false,מסטיק מנטוס בבקבוק מעוגל בטעם פירות -מנטה 60 ג',"פרפטי ואן מלה ג'\ידה,סאן",TR,מסטיק מנטוס,גרמים,60.00,100 גרם,false,1,9.90,16.50,true,1,
80831402,false,סוכריות מנטוס מנטה עדינה 30 יח' ללא סוכר CLEAN BREATH,פרפטי ואן מלה,NL,סוכריות מנטה,גרמים,21.00,100 גרם,false,1,6.90,32.86,true,1,
80843184,false,מנטוס מסטיק פיור פרש בטעם ענבים 60גר,פרפטי ואן מלה הולנד,TR,מסטיק מנטוס,גרמים,60.00,100 גרם,false,1,9.90,16.50,true,1,
80864295,false,סוכריות פיור וויט טעם מנטה עדינה 60 ג' מנטוס,"פרפטי ואן מלה ג'ידה,סאן",TR,מנטוס פיור וויט,גרמים,60.00,100 גרם,false,1,9.90,16.50,true,1,
80896081,false,מנטוס בקבוק מעוגל - מסטיק ללא סוכר בטעם אבטיח 60 גרם,"פרפטי ואן מלה ג'\ידה,סאן",TR,מנטוס בקבוק,גרמים,60.00,100 גרם,false,1,9.90,16.50,true,1,
80913467,false,מנטוס בקבוק מעוגל - מסטיק ללא סוכר בטעם מנטה,פרפטי ואן מלה הולנד,TR,מסטיק מנטוס,גרמים,60.00,100 גרם,false,1,9.90,16.50,true,1,
80945468,false,סוכריות פיור וויט טעם מנטה מתוקה 60 ג' מנטוס,"פרפטי ואן מלה ג'ידה,סאן",TR,מנטוס פיור וויט,גרמים,60.00,100 גרם,false,1,9.90,16.50,true,1,
80974215,false,מסטיק מנטוס פיור פרש בבקבוק ביג בטעם תות 90ג',"פרפטי ואן מלה ג'ידה,סאן",TR,מסטיק מנטוס,גרמים,90.00,100 גרם,false,1,17.90,19.89,true,1,
80979128,false,מנטוס מסטיק בקבוק מעוגל בטעם דובדבן,פרפטי ואן מלה הולנד,TR,מסטיק מנטוס,גרמים,60.00,100 גרם,false,1,9.90,16.50,true,1,
80982470,false,מסטיק מנטוס פיור פרוסט בטעם מנטה חזק 60 גר',פרפטי ואן מלה ברדה,TR,מסטיק מנטוס,גרמים,60.00,100 גרם,false,1,9.90,16.50,true,1,
80986348,false,סוכריות פיור וויט טעם מנטה 60 ג' מנטוס,"פרפטי ואן מלה ג'ידה,סאן",TR,מנטוס פיור וויט,גרמים,60.00,100 גרם,false,1,9.90,16.50,true,1,
87108538,false,סוכריות בטעם תות מנטוס 37.5 גרם,הדקלאים אגודת שיתופי,NL,מנטוס תות,גרמים,37.00,100 גרם,false,0,3.50,9.46,true,1,
87108651,false,סוכריות בטעם מנטה מנטוס 4*37.5 גרם,הדקלאים אגודת שיתופי,NL,מנטוס מנטה 4 יח',גרמים,150.00,100 גרם,false,0,11.30,7.53,true,1,
87108712,false,סוכריות בטעם פירות מנטוס 4*37.5 גרם,פרפטי ואן מלה ברדה,NL,מנטוס פירות 4,גרמים,150.00,100 גרם,false,0,11.30,7.53,true,1,
90087011,true,מיץ 100% תפוחי עץ 1 ליטר,ראוך פרוכטסאפטה,AT,"מיץ תפו""ע",ליטרים,1.00,ליטר,false,1,11.20,11.20,true,1,
90087066,true,מיץ 100% תפוזים 1 ליטר,ראוך פרוכטסאפטה,HU,מיץ תפוזים,ליטרים,1.00,ליטר,false,0,11.20,11.20,true,1,
90162602,true,רד בול משקה אנרגיה פח250,רד בול ג'\י.אם.בי. אץ'\,AT,רד בול,מיליליטרים,250.00,"100 מ""ל",false,0,7.20,2.88,true,1,
8112100298,false,"שמן שומשום טהור מזרח ומערב 185 מ""ל",Flavor full foods in,TW,שמן שומשום,מיליליטרים,185.00,"100 מ""ל",false,0,14.90,8.05,true,1,
11182700954,false,קינג קול שעועית שחורה 439 גרם,האנאובר פודס קורפורשיין,US,שעועית שחורה439ג,גרמים,439.00,100 גרם,false,1,9.90,2.26,true,1,
11210000094,false,"רוטב ""טבסקו"" על בסיס פלפל אדום 60 מ""ל",מקאילהייני אייבורי,US,רוטב טבסקו,מיליליטרים,60.00,"100 מ""ל",false,0,10.90,18.17,true,1,
16000185517,false,דגני בוקר פייבר וואן עתירי סובין FIBRE1,בטר אנד דיפרנט,US,דגני פייבר וואן,גרמים,555.00,100 גרם,false,1,24.90,4.49,true,1,
16000423534,false,חטיפי גרנולה קראנצ'י עם שיבולת שועל ושוקולד מריר נייצ'ר ואלי 5*42 גרם,ג'נרל מילס סאן אדריאן,ES,חטיף נייצ'ר ואלי,גרמים,210.00,100 גרם,false,0,19.90,9.48,true,1,
16000548404,false,חטיפי גרנולה קראנצ'י עם שיבולת שועל ודבש נייצ'ר ואלי 5*42 גרם,ג'נרל מילס סאן אדריאן,ES,חטיף נייטשר ואלי,גרמים,210.00,100 גרם,false,0,19.90,9.48,true,1,
16000548503,false,חטיפי גרנולה קראנצ'י עם מייפל וסוכר חום נייצ'ר ואלי 5*42 גרם,ג'נרל מילס סאן אדריאן,ES,חטיף נייטשר ואלי,גרמים,210.00,100 גרם,false,0,19.90,9.48,true,1,
18000701223,false,"פילסברי, עוגה בטעם שוקולד, תערובת להכנת עוגה בטעם שוקולד. 500 גרם",הדקלאים אגודת שיתופי,IL,תערובת לעוגה,גרמים,500.00,100 גרם,false,0,17.90,3.58,true,1,
18000703494,false,"פילסברי, עוגה בטעם וניל, תערובת להכנת עוגה בטעם וניל. 500 גרם.",הדקלאים אגודת שיתופי,IL,תערובת לעוגה,גרמים,500.00,100 גרם,false,0,17.90,3.58,true,1,
18000766413,false,"פילסברי, עוגה בטעם שוקולד, תערובת להכנת עוגה בטעם שוקולד. 550 גרם.",הדקלאים אגודת שיתופי,IL,תערובת לעוגה,גרמים,550.00,100 גרם,false,0,17.90,3.25,true,1,
21723339994,false,"רוטב דגים 300מ""ל (טיפרוס) (כ)",טאנג סאנג ראר קי,TH,רוטב דגים,גרמים,300.00,100 גרם,false,0,9.90,3.30,true,1,
22200956932,false,דאודורנט ספיד סטיק גל 24/7 כחול 85 גר,הנסיך- מפעל לייצור ט,US,דאודורנט ג'ל,גרמים,85.00,100 גרם,false,0,16.90,19.88,true,1,
22200956949,false,דאודורנט ג'ל כתום לגבר ספיד סטיק 85 גרם,קולגייט-פלמוליב,US,דאודורנט,גרמים,85.00,100 גרם,false,0,16.90,19.88,true,1,
34000148301,false,הרשי נטיפי שוקולד מריר לאפייה 340 גר,ליימן מותגים,US,נטיפי שוקולד מרי,גרמים,340.00,100 גרם,false,1,16.90,4.97,true,1,
34000312177,false,הרשי סירופ בטעם שוקולד 680 גרם,ליימן מותגים,US,סירופ שוקולד,גרמים,680.00,100 גרם,false,0,19.30,2.84,true,1,
35000458476,false,קולגייט מברשת שיניים ילדים מארז רביעייה,קולגייט פלמוליב,VN,מברשת קולגייט,יחידה,1.00,יחידה,false,1,24.90,24.90,true,1,
35000689535,false,קולגייט מברשת שיניים מקס וייט סופט זוג,קולגייט-פלמוליב,CN,מברשות שיניים2X,יחידה,1.00,יחידה,false,0,19.90,19.90,true,1,
36000516876,false,ממחטות נייר קלינקס לושן 3 שכבות 75 דף,חוגלה קימברלי,US,קלינקס לושן,יחידה,1.00,יחידה,false,1,10.90,10.90,true,1,
37600207188,false,חמאת בוטנים קלאסי סקיפי 462 גרם,חברת המזון אלגוד,US,חמאת בוטנים,גרמים,462.00,100 גרם,false,0,18.50,4.00,true,1,
37600207256,false,חמאת בוטנים עם שברי בוטנים סקיפי 462 גרם,חברת המזון אלגוד,US,חמאת בוטנים,גרמים,462.00,100 גרם,false,0,18.50,4.00,true,1,
38000138638,false,חטיף צ'יפס פרינגלס פיצה 158 גרם,פרינגלס מנופקצ'ורינג קונ,US,פרינגלס פיצה,גרמים,158.00,100 גרם,false,1,8.90,5.63,true,1,
38000138720,false,חטיף צ'יפס פרינגלס ראנץ 158 גרם,פרינגלס מנופקצ'ורינג קונ,US,פרינגלס ראנץ,גרמים,158.00,100 גרם,false,1,8.90,5.63,true,1,
38000169663,false,פרינגלס אורגינל 194 גרם,פרינגלס מניופקצ'\ורינג ק,US,פרינגלס אורגינל,גרמים,194.00,100 גרם,false,1,10.90,5.62,true,1,
38000197840,false,פרינגלס גלי בטעם חריף מתוק 137 ג',פרינגלס מניופקצ'\ורינג ק,US,חטיף פרינגלס,גרמים,137.00,100 גרם,false,1,8.90,6.50,true,1,
38000202278,false,חטיף צ'יפס גלי בטעם אורגינל מלוח,פרינגלס מניופקצ'\ורינג ק,US,פרינגלס גלי בטעם,גרמים,130.00,100 גרם,false,1,8.90,6.85,true,1,
38000232152,false,פרינגלס חטיפי תפוח אדמה בטעם ברביקיו 158 גרם,פרינגלס מנופקצ'ורינג קומ,US,פרינגלס ברביקיו,גרמים,158.00,100 גרם,false,1,8.90,5.63,true,1,
38000232169,false,פרינגלס מידי אורגינל 71 גרם,פרינגלס מנופקצ'ורינג קונ,US,פרינגלס אורגינל,גרמים,67.00,100 גרם,false,1,5.50,8.21,true,1,
38000232176,false,פרינגלס ביג שמנת בצל 158 גרם,פרינגלס מנופקצ'ורינג קונ,US,פרינגלס שמנת בצל,גרמים,158.00,100 גרם,false,1,8.90,5.63,true,1,
38000232183,false,פרינגלס ביג אורגינל 149 גרם,פרינגלס מנופקצ'ורינג קונ,US,פרינגלס אורגינל,גרמים,149.00,100 גרם,false,1,8.90,5.97,true,1,
38000845253,false,חטיף צ'יפס פרינגלס מידי שמנת בצל 71 גרם,פרינגלס מנופקצ'ורינג קונ,US,פרינגלס שמנת בצל,גרמים,71.00,100 גרם,false,1,5.50,7.75,true,1,
38527591053,false,קואקר דגנים מרובעים שיבולת שועל וקינמון,קוואקר אוטס קומפני,US,דגנים מרובעים,גרמים,412.00,100 גרם,false,0,17.90,4.34,true,1,
38527591060,false,דגני קוואקר מרובעים Quaker Squares עם סוכר חום,קוואקר אוטס קומפני,US,דגנים מרובעים,גרמים,412.00,100 גרם,false,0,17.90,4.34,true,1,
40000512943,false,סוכריות אם אנד אמס M&M שוקולד חלב,M&M אם אנד אם,US,עדשים מ&מ'ס,גרמים,303.00,100 גרם,false,1,21.90,7.23,true,1,
40000514480,false,M&M אריזה קטנה's שוקולד אריזה קטנה 48 גרם,M&M אם אנד אם,US,עדשי מ&מ'ס,גרמים,48.00,100 גרם,false,1,5.50,11.46,true,1,
42400108153,false,דגני בוקר צבעוניים בטעם פירות טוטי פרוטיס,פוסט ארצות הברית,US,דגנים ממותקים,גרמים,354.00,100 גרם,false,1,22.60,6.38,true,1,
46214731552,false,עוגיות שוקולד צ'יפס 37% גודיס 225 גרם,קריניציה ויטמינה אס,NL,עוגיות ש.צ'יפס,גרמים,225.00,100 גרם,false,0,8.90,3.96,true,1,
50000170180,false,מזון חתולים פריסקיז עוף ברוטב 156 גרם,נסטלה פורינה USA קר,US,פריסקיז לחתול,גרמים,156.00,100 גרם,false,0,6.50,4.17,true,1,
50000429042,false,מזון חתולים כבד מעודן ועוף פנסי פיסט 85 גרם,נסטלה פורינה USA ג',US,פנסי פיסט חתול,גרמים,85.00,100 גרם,false,0,5.90,6.94,true,1,
50000429448,false,פריסקיז פנסי פיסט פטה מוס סלמון 85 גרם,נסטלה פורינה USA סט,US,פנסי פיסט לחתול,גרמים,85.00,100 גרם,false,0,5.90,6.94,true,1,
50000445691,false,מזול חתולים פריסקיז עוף וסלמון ברוטב 156 גרם,נסטלה פורינה USA קר,US,פריסקיז נתחי עוף,גרמים,156.00,100 גרם,false,0,6.50,4.17,true,1,
52100070865,false,"תמצית וניל טהור מקורמיק 29 מ""ל",מקורמיק האנט ואלי,US,תמצית וניל,מיליליטרים,29.00,"100 מ""ל",false,0,29.90,103.10,true,1,
56594009998,false,ניוואה סבון מוצק מטפח קרם קר רביעייה,ביירסדורף,DE,ניוואה סבון מוצק,גרמים,360.00,100 גרם,false,1,12.90,3.58,true,1,
64144090013,false,פאם תרסיס על בסיס שמן קנולה בטעם חמאה,קונאגרה פודס,US,תרסיס שמן,מיליליטרים,148.00,"100 מ""ל",false,0,17.90,12.09,true,1,
64144090020,false,"ספריי שמן PAM בטעם שמן זית 141 מ""ל",קונאגרה פודס,US,תרסיס שמן זית,מיליליטרים,148.00,"100 מ""ל",false,0,17.90,12.09,true,1,
64144090051,false,"ספריי שמן PAM קנולה אורגינל 148 מ""ל",קונאגרה פודס,US,תרסיס שמן קנולה,מיליליטרים,148.00,"100 מ""ל",false,0,17.90,12.09,true,1,
76840400218,false,"גלידה בן&ג'ריס תות שדה ועוגת גבינה 500מ""ל",מוצרי איכות אמריקאיים בע,IL,גל.עוגת גבינ.תות,גרמים,420.00,100 גרם,false,0,17.50,4.17,true,1,
76840620029,false,גלידת בן אנד ג'ריס בטעם תות שדה,מוצרי איכות אמריקאיים בע,IL,גלידה בן & ג'ר,מיליליטרים,500.00,"100 מ""ל",false,0,17.50,3.50,true,1,
77245110610,false,סוכריות מאסט ללא סוכר בטעם מנטה 80 ג'עלית,MIESZKO S.A - MS. JO,PL,סוכריות מאסט,גרמים,80.00,100 גרם,false,0,7.50,9.38,true,1,
77975036976,false,מטבל עגבניות בחריפות עדינה סניידרס 439 ג',סניידרס אוף האנובר,US,מתבל עגבניות,גרמים,439.00,100 גרם,false,1,17.90,4.08,true,1,
77975094631,false,סניידרס סנדוויץ' בייגלה במילוי קרם בטעם צ'דר 226 גרם,סניידרס לאנס,US,בייגלה סניידרס,גרמים,226.00,100 גרם,false,1,16.90,7.48,true,1,
77975094761,false,סניידרס חטיפים על בסיס קמח חיטה בטעם גבינת צ'דר,סניידרס אוף האנובר,US,חטיף סניידרס,גרמים,340.00,100 גרם,false,1,16.90,4.97,true,1,
77975094778,false,שברי בייגלה סניידרס בטעם דבש חרדל 340 גר,סניידרס אוף האנובר,US,סניידרס דבש חרדל,גרמים,340.00,100 גרם,false,1,16.90,4.97,true,1,
80432402931,false,"וויסקי סקוטי, שיבאס ריגאל 12 שנה, 700 מ''ל",מזקקת האחים שיבאס,GB,וויסקי שיבס,מיליליטרים,700.00,"100 מ""ל",false,0,94.90,13.56,true,1,
608614255528,false,פופקורנס בטעם גריל 50 גרם,מג'\יקס סום תעשיות מזון,IL,פופקורנס בטעם גר,גרמים,50.00,100 גרם,false,1,4.90,9.80,true,1,
613008742409,false,בקבוק אריזונה אפרסק 1 ליטר,"נטורלה גטרנק בע""\מn\",DE,אריזונה אפרסק,ליטרים,1.00,ליטר,false,1,11.80,11.80,true,1,
628154383659,false,דגני בוקר פרוטי פבלס פוסט 311 גרם,פוסט ארצות הברית,US,דגני פרוטי פבלס,גרמים,311.00,100 גרם,false,1,21.90,7.04,true,1,
638102203090,false,חטיף על בסיס חלבון סויה פאדג' גרהם,"אבוט נוטרישן, מעבדות",US,חטיף זון פאדג,גרמים,50.00,100 גרם,false,0,13.90,27.80,true,1,
638102532817,false,חטיף על בסיס חלבון סויה עם שוקולד מריר,"אבוט נוטרישן, מעבדות",US,חטיף זון דארק,גרמים,45.00,100 גרם,false,0,13.90,30.89,true,1,
645173911038,false,קורנישון מלפפוןן מיני 720 גרם - תומר,קלמן אינדיה פי וי סי,IN,מלפפ.קורנישונים,גרמים,670.00,100 גרם,false,0,10.90,1.63,true,1,
649660432020,false,היל וויו שזיפים מיובשים מגולענים 567 גרם,היל ויו פקינג קומפני,US,שזיף מיובש,גרמים,567.00,100 גרם,false,1,28.90,5.10,true,1,
651080647519,false,קיסמים עם חוט דנטלי פלאקרס מנטה 35 יחידות,"פלקרס רנור ארה""ב",US,קיסם עם חוט,יחידה,1.00,יחידה,false,1,9.90,9.90,true,1,
728229123590,false,טרה אורגינל חטיף על בסיס ירקות שורש בטעם טבעי 110 גרם,הונדורס צ'יפס יצור א,HN,צ'יפס,גרמים,110.00,100 גרם,false,0,15.90,14.45,true,1,
728229123811,false,טרה חטיף על בסיס ירקות שורש בתיבול ים תיכוני 110 גרם,הונדורס צ'יפס יצור א,HN,צ'יפס מתובל,גרמים,110.00,100 גרם,false,0,15.90,14.45,true,1,
768404001640,false,"גלידה בן&ג'ריס קפה משפחתית 500מ""ל",מוצרי איכות אמריקאיים בע,IL,גלידת בן & ג'ריס,מיליליטרים,500.00,"100 מ""ל",false,0,17.50,3.50,true,1,
801541080434,false,תה טולסי צ'אי מסאלה 25שק,אורגניק אינדיה,IN,חליטת טולסי,גרמים,52.00,100 גרם,false,1,16.90,32.50,true,1,
841058006633,false,"אדג' ג'יל גילוח מועשר בשיבולת שועל 198 מ""ל",אנרג'ייזר,US,ג'ל גילוח,מיליליטרים,200.00,"100 מ""ל",false,1,15.90,7.95,true,1,
850004207789,false,מיטבולס ביונד מיט 290 גרם,תאי פרזידנט פוד פאבל,US,מיטבולס ביונד מי,גרמים,290.00,100 גרם,false,1,38.90,13.41,true,1,
851621000050,false,בירה חיטה בטעם הדרים 1664 בלאנק - שישייה,קרלסברג ספליי קומפאני פו,PL,בירה בלאנק 6 יח,ליטרים,1.98,ליטר,false,1,39.90,20.15,true,1,
855074007086,false,פלפלון ביס בשקית יחידה,קטיף.,IL,פלפלון ביס בשקית,גרמים,200.00,100 גרם,false,1,7.90,3.95,true,1,
856591000062,false,עוגיות מזרחיות עם מלח עבאדי 400 גרם,מאפיית יוסף ושמחה עבאדי,IL,עוגיות מזרחיות,גרמים,400.00,100 גרם,false,0,15.90,3.98,true,1,
856591000109,false,עוגיות מזרחיות פריך במיוחד עבאדי 400 גרם,מאפיית יוסף ושמחה עבאדי,IL,עוגיות מזרחיות,גרמים,400.00,100 גרם,false,0,15.90,3.98,true,1,
856591000949,false,"מאפה חיטה מלוח ""קטנטנים"" עבאדי 350 גרם",עבאדי,IL,קטנטנים עבאדי,גרמים,350.00,100 גרם,false,1,14.90,4.26,true,1,
884912117625,false,דגני שלווה מצופים בדבש Golden Crisp,הנסיך- מפעל לייצור ט,US,פוסט גולדן קריספ,גרמים,418.00,100 גרם,false,1,22.60,5.41,true,1,
884912129512,false,דגני בוקר קוקו פוסט פלינסטונס 311 גרם,פוסט לקיוויל,US,דגני קוקו פבלס,גרמים,311.00,100 גרם,false,1,21.90,7.04,true,1,
884912342737,false,דגני בוקר קריספי וופל פוסט 326 גרם.,הנסיך- מפעל לייצור ט,US,דגני וופל קריספ,גרמים,326.00,100 גרם,false,1,22.60,6.93,true,1,
884912359155,false,דגני בוקר האני באנצ'ס האני רוסטד פוסט 340 גרם,פוסט ארצות הברית,US,האני באנצס רוסטד,גרמים,340.00,100 גרם,false,1,17.90,5.26,true,1,
884912359162,false,האני באנצ' דגני בוקר עם שקדים פוסט 411 גרם,פוסט ארצות הברית,US,דגני הני בנצ'ס,גרמים,340.00,100 גרם,false,1,17.90,5.26,true,1,
884912359414,false,דגני בוקר האני באנצ'ס קינמון פוסט 340 גרם,פוסט ארצות הברית,US,האני באנצס,גרמים,340.00,100 גרם,false,1,17.90,5.26,true,1,
884912359421,false,דגני בוקר האני באנצ'ס מייפל ופקאן פוסט 340 גרם,פוסט ארצות הברית,US,האני באנצס פקאן,גרמים,340.00,100 גרם,false,1,17.90,5.26,true,1,
884912359483,false,דגני בוקר האני באנצ'ס תות פוסט 311 גרם,פוסט ארצות הברית,US,דגני האני בנצ'ס,גרמים,312.00,100 גרם,false,1,17.90,5.74,true,1,
884912365200,false,דגני בוקר אוראו שחור ולבן 311 גרם,פוסט ארצות הברית,US,דגני בוקר אוראו,גרמים,311.00,100 גרם,false,1,23.90,7.68,true,1,
1230000068314,false,בשר טחון מהצומח ביונד מיט 300 גרם,זנברגן וורלד פינסט מיט ב,NL,טחון מן הצומח בי,גרמים,300.00,100 גרם,false,1,25.90,8.64,true,1,
1230000116022,false,ביונד בורגר Beyond Burger - מארז זוג,ביונד מיט קליפורניה ארהב,US,המבורגר ביונד מי,גרמים,226.00,100 גרם,false,1,34.90,15.44,true,1,
3014260022730,false,מב.שיניים אדוונטג 40 מדיום אורל בי זוג,פרוקטר אנד גמבל,IE,זוג מברשות,יחידה,1.00,יחידה,false,0,18.90,18.90,true,1,
3014260240226,false,"קצף גילוח ג'ילט לעור רגיש 200 מ""ל",פרוקטר אנד גמבל,GB,קצף גילוח ג'ילט,מיליליטרים,200.00,"100 מ""ל",false,0,12.90,6.45,true,1,
3014260280772,false,חוט דנטלי ווקס Essential floss,פרוקטר אנד גמבל,IE,חוט דנטלי אורלB-,מטרים,50.00,מטר,false,0,12.90,0.26,true,1,
3046920028004,false,לינדט שוקולד אקסלנס מריר 70% 100 גר,לינדט ושפרונגלי קילשברג,FR,שוקולד אקסלנס,גרמים,100.00,100 גרם,false,0,14.90,14.90,true,1,
3046920028363,false,לינדט אקסלנס 85% מוצקי קקאו 100 גרם,לינדט ושפרונגלי קילשברג,FR,שוקולד לינדט 85%,גרמים,100.00,100 גרם,false,0,14.90,14.90,true,1,
3046920028752,false,שוקולד לינדט אקסלנס מינט 100 גרם,לינדט ושפרונגלי קילשברג,FR,שוקולד לינדט,גרמים,100.00,100 גרם,false,0,14.90,14.90,true,1,
3046920029674,false,שוקולד לינדט אקסלנס סולט 100 גרם,לינדט ושפרונגלי קילשברג,DE,שוקולד לינדט,גרמים,100.00,100 גרם,false,0,14.90,14.90,true,1,
3046920029681,false,לינדט שוקולד אקסלנס מילד 85% קקאו 100 גר,לינדט ושפרונגלי,DE,שוקולד אקסלנס,גרמים,100.00,100 גרם,false,1,14.90,14.90,true,1,
3046920029759,false,לינדט אקסלנס 90% מוצקי קקאו 100 גרם,לינדט ושפרונגלי קילשברג,DE,שוקולד אקסלנס,גרמים,100.00,100 גרם,false,1,14.90,14.90,true,1,
3059940007768,false,"מבשם אוויר אירוויק ספריי וניל אורכידאה 240 מ""ל",איירוויק Air Wick,GB,אירויק ספריי,מיליליטרים,240.00,"100 מ""ל",false,0,10.00,4.17,true,1,
3059943015128,false,מבשם אוויר נטול גז אקווה מיסט בניחוח לבנדר פראי ואוויר הרים,הדקלאים אגודת שיתופי,PL,אירוויק מבשם,מיליליטרים,345.00,"100 מ""ל",false,0,14.90,4.32,true,1,
3059943016507,false,"אירוויק ספריי בניחוח לבנדר וקמומיל 240 מ""ל",איירוויק Air Wick,GB,אירויק ספריי,מיליליטרים,240.00,"100 מ""ל",false,0,10.00,4.17,true,1,
3073781161663,false,גבינה מותכת 18.5% שומן לה וואש קירי,לה וואש קירי La Vache qui rit,FR,לה וואש קירי,גרמים,128.00,100 גרם,false,1,12.90,10.08,true,1,
3073781161687,false,גבינה מותכת לוואש קירי 256 גרם,פרומאג'רי בל דום סאם,FR,לה וואש קירי,גרמים,256.00,100 גרם,false,1,23.90,9.34,true,1,
3073781161700,false,מותכת לה וואש קירי 32יח,פרומאג'רי בל דום סאם,FR,לה וואש קירי,גרמים,480.00,100 גרם,false,1,38.90,8.10,true,1,
3073781162790,false,גבינה מותכת בייבי בל 120 גרם,מחלבות בל,FR,גבינת בייבי בל,גרמים,120.00,100 גרם,false,1,20.90,17.42,true,1,
3083681142983,false,שעועית עדינה קפואה בונדואל 600 גרם,בונדואל פרוספקטיב אנד די,PT,שעועית עדינה קפו,גרמים,600.00,100 גרם,false,1,19.90,3.32,true,1,
3083681143010,false,אפונת גן קפואה בונדואל 600 גרם,בונדואל פרוספקטיב אנד די,PT,אפונת גן קפואה,גרמים,600.00,100 גרם,false,1,11.90,1.99,true,1,
3083681143041,false,גרעיני תירס קפואים בונדואל 600 גרם,בונדואל פרוספקטיב אנד די,FR,גרעיני תירס קפוא,גרמים,600.00,100 גרם,false,1,12.90,2.15,true,1,
3141360054405,false,פיניש מפיץ ריח למדיח בניחוח לימון וליים,הדקלאים אגודת שיתופי,HU,מפיץ ריח למדיח,יחידה,1.00,יחידה,false,1,16.90,16.90,true,1,
3147697720204,false,ויסקי בלנדד סקוטי לייבל,לייבל 5 Label,FR,וויסקי לייבל 5,מיליליטרים,700.00,"100 מ""ל",false,1,64.90,9.27,true,1,
3161911229199,false,חמאה צרפתית רכה למריחה אל & ויר 250 גרם,אלל אה וויר,FR,חמאה רכה,גרמים,250.00,100 גרם,false,0,22.90,9.16,true,1,
3161911366429,false,חמאה צרפתית מלוחה רכה למריחה אלוויר 250 גר',ארזינא,FR,חמאה רכה מלוחה,גרמים,250.00,100 גרם,false,0,22.90,9.16,true,1,
3178530417340,false,בראוניז שוקולד סנט מישל 210 גרם,סן מישל,FR,בראוניז אישי 7יח,גרמים,210.00,100 גרם,false,1,13.90,6.62,true,1,
3387390320244,false,פיטנס דגני בוקר מחיטה מלאה עם פירות נסטלה 375 גרם,נסטלה צרפת איטנקורט,FR,דגני פיטנס,גרמים,375.00,100 גרם,false,0,19.90,5.31,true,1,
3387390525960,false,קראנץ' דגני בוקר עם שוקולד חלב נסטלה 500 גרם,הנסיך- מפעל לייצור ט,FR,קראנץ דגני בוקר,גרמים,500.00,100 גרם,false,0,22.90,4.58,true,1,
3387390730852,false,פיטנס דגנים מחיטה מלאה ואורז נסטלה 375 גרם,נסטלה צרפת איטנקורט,FR,דגני פיטנס,גרמים,375.00,100 גרם,false,0,19.90,5.31,true,1,
3501271140039,false,טאטס ברולה בטעם קולה ופטל 150 ג',ורקה,FR,טופי חמוץ פטל,גרמים,150.00,100 גרם,false,1,14.90,9.93,true,1,
3501271213047,false,טאטס טופי חמוץ בטעם תות תפוח בשקית,ורקה,FR,טופי חמוץ תפוח,גרמים,150.00,100 גרם,false,1,14.90,9.93,true,1,
3501275112001,false,טאטס טופי חמוץ בטעם אקזוטי 150 גר,ורקה,FR,סוכריות חמוצות,גרמים,150.00,100 גרם,false,1,14.90,9.93,true,1,
3501275590458,false,סוכריות חמוצות שרוך1802ג,ורקה,FR,סוכריות חמוצות,גרמים,180.00,100 גרם,false,1,14.90,8.28,true,1,
3501275590465,false,סוכריות חמוצות שטוחים180,ורקה,FR,סוכריות חמוצות,גרמים,180.00,100 גרם,false,1,14.90,8.28,true,1,
3523230025638,false,"גבינת עיזים בושה טבעי, 125 גרם",אוריאל,FR,גבינת בושה עיזים,גרמים,125.00,100 גרם,false,0,28.90,23.12,true,1,
3523230026826,false,"גבינת עיזים למריחה פירמידה, 140 גרם",סואניון,FR,גבינת עיזים,גרמים,140.00,100 גרם,false,1,26.90,19.21,true,1,
3525490011116,false,"יין לה ז'אמל קברנה סוביניון 750 מ""ל",בדט קלמנט,FR,קברנה לה ג'אמל,מיליליטרים,750.00,"100 מ""ל",false,1,59.90,7.99,true,1,
3574660333466,false,טמפונים מיני פרו קומפורט אובה 32 יחידות,הנסיך- מפעל לייצור ט,DE,טמפוני או-בה,יחידה,1.00,יחידה,false,0,24.90,24.90,true,1,
3574660464337,false,מגני תחתון קרפרי נורמל אוורירי מבושם,ג'\ונסון אנד ג'\ונסון,GR,מגן תחתון קרפרי,יחידה,1.00,יחידה,false,0,19.90,19.90,true,1,
3574660464429,false,מגני תחתון קרפרי נורמל אוורירי עם מעטפת כותנה,ג'\ונסון אנד ג'\ונסון,GR,מגן תחתון קרפרי,יחידה,1.00,יחידה,false,0,19.90,19.90,true,1,
3574660514643,false,קרם לחות רב שימושי עשיר נוטרוגינה 300 מל,ניוטרוג'ינה Neutrogena,IT,"קרם רב""ש",מיליליטרים,300.00,"100 מ""ל",false,0,24.90,8.30,true,1,
3574661212524,false,"דזיטין קרם החתלה 100 מ""ל",נאופארם,FR,דזיטין קרם החתלה,מיליליטרים,100.00,"100 מ""ל",false,1,27.90,27.90,true,1,
3574661485218,false,טמפונים נורמל אובה 32 יח' פרוקומפורט,"ש. שסטוביץ בע""\מ",FR,או בה פרוקומפורט,יחידה,1.00,יחידה,false,1,24.90,24.90,true,1,
3574661487632,false,מגני תחתון פלוס לארג' בניחוח עדין L,ג'\ונסון אנד ג'\ונסון,GR,קרפרי מגני תחתון,יחידה,1.00,יחידה,false,1,19.90,19.90,true,1,
3574661491806,false,מי פה אדבנס וויט מנטה מסירה כתמים קשים,ג'\ונסון אנד ג'\ונסון,IT,מי פה ליסטרין,מיליליטרים,500.00,"100 מ""ל",false,1,21.90,4.38,true,1,
3574661552576,false,קרפרי מגן תחתון רגיל טנגה לבן 56 יח חדש,הדקלאים אגודת שיתופי,GR,מגני תחתון קרפרי,יחידה,1.00,יחידה,false,1,16.90,16.90,true,1,
3574661650029,false,ליסטרין שטיפת פה להגנה על החניכיים בטעם מעודן,ג'\ונסון אנד ג'\ונסון,IT,מי פה ליסטרין,מיליליטרים,500.00,"100 מ""ל",false,1,21.90,4.38,true,1,
3600521720219,false,קרם פנים לילה עם פעולה משולשת לכל סוגי העור,"קרלסרו, גרמניה",DE,קרם לילה,מיליליטרים,50.00,"100 מ""ל",false,0,49.90,99.80,true,1,
3600522387459,false,MANGA MISS מסקרה,לוריאל,IT,מסקרה שחורה,יחידה,1.00,יחידה,false,1,53.90,53.90,true,1,
3600522832089,false,אקסלנס קרם 7.7 בלונד דבש מהגוני,לוריאל פריז,BE,אקסלנס 7.77 חום,יחידה,1.00,יחידה,false,1,36.90,36.90,true,1,
3600523192724,false,לוריאל - מג'יק ריטאצ' גוון 5 בלונד,לוריאל ליברמו,BE,לוריאל מגיק,מיליליטרים,75.00,"100 מ""ל",false,1,29.90,39.87,true,1,
3600523642489,false,מסכת הזנה אינטנסיבית 6 שמנים לשיער יבש,לוריאל - אלביב Elvive,DE,מסכה אלביב,מיליליטרים,300.00,"100 מ""ל",false,1,24.90,8.30,true,1,
3600523651870,false,שמפו לחיזוק סיב השערה לכל סוגי השיער,לוריאל - אלביב Elvive,TR,אלביב שמפו,מיליליטרים,550.00,"100 מ""ל",false,1,16.90,3.07,true,1,
3600523652259,false,"לוריאל - אלביב מרכך קולור פרוטקט 550 מ""ל",קוסמטיקס,TR,אלביב מרכך,מיליליטרים,550.00,"100 מ""ל",false,1,16.90,3.07,true,1,
3600523652297,false,"מרכך לשיער אלביב זהב 6 שמנים , 550 מ""ל",לוריאל - אלביב Elvive,TR,אלביב מרכך,מיליליטרים,550.00,"100 מ""ל",false,1,16.90,3.07,true,1,
3600523782567,false,"לוריאל - אלביב שמפו דרים לונג 500 מ""ל",קוסמטיקס,FR,אלביב שמפו,מיליליטרים,500.00,"100 מ""ל",false,1,16.90,3.38,true,1,
3600523782574,false,לוריאל - אלביב מסכה דרים לונג 300,לוריאל - אלביב Elvive,DE,מסכה לשיער אלביב,מיליליטרים,300.00,"100 מ""ל",false,1,24.90,8.30,true,1,
3600523782581,false,מרכך מתיר קשרים לשיער ארוך ופגום Dream Long,לוריאל - אלביב Elvive,FR,אלביב מרכך,מיליליטרים,500.00,"100 מ""ל",false,1,16.90,3.38,true,1,
3600523823604,false,לוריאל - דרמו היאלורון אקספרט לילה,לוריאל פרודקשן דויטשלנד,DE,דרמו היאלורון אק,יחידה,1.00,יחידה,false,1,59.90,59.90,true,1,
3600523823611,false,לוריאל - היאלורון אקספרט יום SPF20,סופרוקוס,DE,דרמו היאלורון אק,יחידה,1.00,יחידה,false,1,59.90,59.90,true,1,
3600523899906,false,אלביב מסכה פול רזיסט680מ,לוריאל-אלביב,ES,אלביב מסכה לשיער,מיליליטרים,680.00,"100 מ""ל",false,1,39.90,5.87,true,1,
3600523953677,false,לוריאל - דרמו רויטליפט קלאסי יום SPF30 עברית,"קרלסרו, גרמניה",DE,דרמו רויטליפט לח,מיליליטרים,50.00,"100 מ""ל",false,1,64.90,129.80,true,1,
3600523991556,false,לוריאל הידרה גינייס גל לחות לעור מעורב,לוריאל,DE,דרמו הידרה ג'יני,מיליליטרים,70.00,"100 מ""ל",false,1,59.90,85.57,true,1,
3600524051334,false,אלביב מרכך חומצה היאלורונית 400 מל,לוריאל,FR,אלביב מרכך,מיליליטרים,400.00,"100 מ""ל",false,1,16.90,4.23,true,1,
3600524055400,false,לוריאל - אלביב שמפו היאלורונית 500 מ''ל,לוריאל,FR,אלביב שמפו,מיליליטרים,500.00,"100 מ""ל",false,1,16.90,3.38,true,1,
3600541029323,false,גרנייה אסנשיאל מסיר איפור 2 ב- 1,SOPROCOS סופרוקוס,FR,ESSENTIALS מסיר,מיליליטרים,200.00,"100 מ""ל",false,0,25.90,12.95,true,1,
3600541937475,false,גרניה פיור גרגרים מסיכה לעור מעורב עד שמן,לוריאל,FR,גרנייה פיור ניקו,מיליליטרים,150.00,"100 מ""ל",false,1,30.00,20.00,true,1,
3600541952720,false,ג'ל גרגירים עם פחם פעיל לטיפול בראשים שחורים,גרנייה Garnier,FR,PURE פחם ג'ל,מיליליטרים,150.00,"100 מ""ל",false,1,30.00,20.00,true,1,
3600541956223,false,"גרנייה פיור לניקוי וטיפול בסימנים ופגעי עם מברשת 150 מ""ל","קרלסרו, גרמניה",DE,ג'ל ניקוי עמוק,מיליליטרים,150.00,"100 מ""ל",false,1,30.00,20.00,true,1,
3600542052788,false,גרנייה בוטניקל חלב פנים ורדים 200 מל,קוסמופול,DE,חלב פנים ורדים,מיליליטרים,200.00,"100 מ""ל",false,1,25.00,12.50,true,1,
3600542365796,false,גרניה בוטניקל גל ניקוי ענבים 200 מל,לוריאל,PL,בוטניקל ג'ל ניקו,מיליליטרים,200.00,"100 מ""ל",false,1,25.00,12.50,true,1,
3600542385091,false,"גרנייה - דאודורנט רול און לאישה אקשן קונטרול 72 שעות 50 מ""ל",קוסמופול,PL,רול און גרנייה,מיליליטרים,50.00,"100 מ""ל",false,1,12.90,25.80,true,1,
3600542412773,false,גרניה פיור אקטיב פיל אוף פחם מסכה 50 מל,סופרוריאל אולניי,FR,גרנייה פיור פיל,מיליליטרים,50.00,"100 מ""ל",false,1,30.00,60.00,true,1,
3600542421683,false,"גרנייה - פרוקטיס היירפוד שמפו בננה 350 מ""ל","אינטרביוטי קוסמטיק בע""\מ",IL,פרוקטיס היירפוד,מיליליטרים,350.00,"100 מ""ל",false,1,12.90,3.69,true,1,
3600542431828,false,גרנייה - קולור נטורלס 1 שחור טבעי חדש,לוריאל ישראל קוסמטיקס בע,PL,קולור נטורלס 1,יחידה,1.00,יחידה,false,1,17.90,17.90,true,1,
3600542431835,false,גרנייה - קולור נטורלס 3 חום כהה מאוד חדש,לוריאל ישראל קוסמטיקס בע,PL,קולור נטורלס 3,יחידה,1.00,יחידה,false,1,17.90,17.90,true,1,
3600542431859,false,גרנייה - קולור נטורלס 5 חום טבעי חדש,לוריאל ישראל קוסמטיקס בע,PL,צבע שיער קולור,יחידה,1.00,יחידה,false,1,17.90,17.90,true,1,
3600542431866,false,גרנייה קולור נטורלס צבע לשיער חום בהיר 6,גרנייה Garnier,PL,קולור נטורלס 6,יחידה,1.00,יחידה,false,1,17.90,17.90,true,1,
3600542431873,false,גרנייה - קולור נטורלס 7 בלונד טבעי חדש,לוריאל ישראל קוסמטיקס בע,PL,קולור נטורלס 7,יחידה,1.00,יחידה,false,1,17.90,17.90,true,1,
3600542431989,false,גרנייה - קולור נטורלס 6.34 חום שוקולד חדש,לוריאל ישראל קוסמטיקס בע,PL,קולור נטורלס6.34,יחידה,1.00,יחידה,false,1,17.90,17.90,true,1,
3600542432016,false,צבע לשיער קולור נטורלס- 5.25 חום מהגוני פנינה בהיר,לוריאל ישראל קוסמטיקס בע,PL,קולור נטורלס 5.2,יחידה,1.00,יחידה,false,1,17.90,17.90,true,1,
3600542432054,false,גרנייה - קולור נטורלס 9.1 בלונד בהיר מאוד א חדש,קוסמופול,PL,קולור נטורלס9.1,יחידה,1.00,יחידה,false,1,17.90,17.90,true,1,
3600542432061,false,גרנייה - קולור נטורלס 7.1 בלונד טבעי אפרפר חדש,קוסמופול,PL,קולור נטורלס 7.1,יחידה,1.00,יחידה,false,1,17.90,17.90,true,1,
3600542456579,false,גרניה מיסלר ויטמין סי 400 מל,לוריאל,DE,מיסלר ויטמין סי,מיליליטרים,400.00,"100 מ""ל",false,1,29.90,7.47,true,1,
3614229717044,false,"שמן לשיער וולה דלוקס לשיער יבש 100 מ""ל",דיפלומט,FR,וולה שמן לשיער,מיליליטרים,100.00,"100 מ""ל",false,1,39.90,39.90,true,1,
3614229717105,false,וולה ספריי לחות וולה דלוקס לטיפוח וריכוך 150,דיפלומט,FR,ספריי לחות וולה,מיליליטרים,150.00,"100 מ""ל",false,1,25.90,17.27,true,1,
3661163970448,false,"אדידס דאודורנט ספריי מקס פרש לגברים 200 מ""ל",מיוצר עי קונדיטוריית,PT,דאודורנט אדידס,מיליליטרים,200.00,"100 מ""ל",false,0,15.90,7.95,true,1,
3661163990545,false,"אדידס דאודורנט ספריי לגברים אקשיין 200 מ""ל",מיוצר עי קונדיטוריית,PT,דאודורנט אדידס,מיליליטרים,200.00,"100 מ""ל",false,0,15.90,7.95,true,1,
3800020423578,false,חטיף שוקולד חלב צאנקי 40 ג' קיט קט,נסטלה בולגריה A.D,BG,קיט קאט צ'אנקי,גרמים,40.00,100 גרם,false,0,3.90,9.75,true,1,
3800020472569,false,קיט קט צאנקי קרמל 42 גרם,נסטלה בולגריה,BG,קיט קט צ'אנקי,גרמים,43.00,100 גרם,false,1,3.90,9.07,true,1,
3838824127163,false,פאלטה סמי קיט 10-1 בלונד כסוף,שוורצקופף והנקל,SI,צבעי שיער פלטה,יחידה,1.00,יחידה,false,0,19.90,19.90,true,1,
3838824127262,false,פלטה סמי קיט בלונד כהה 6-0 צבע שיער,שוורצקופף והנקל,SI,צבע לשיער פלטה,יחידה,1.00,יחידה,false,0,19.90,19.90,true,1,
3838824127286,false,צבע לשיער פלטה - 7-0 בלונד בינוני,שוורצקופף והנקל,SI,צבעי שיער פלטה,יחידה,1.00,יחידה,false,0,19.90,19.90,true,1,
3838824127309,false,פלטה סמי קיט בלונד בהיר 8-0 צבע שיער,שוורצקופף והנקל,SI,צבע לשיער פלטה,יחידה,1.00,יחידה,false,0,19.90,19.90,true,1,
3838824193915,false,צבע לשיער פאלטה סמי קיט שחור 0-1,שוורצקופף והנקל,SI,צבע סמי קיט פלטה,יחידה,1.00,יחידה,false,0,19.90,19.90,true,1,
3838824240275,false,פלטה סמי קיט 8-0 בלונד בהיר,שוורצקופף והנקל,SI,צבע לשיער פלטה,יחידה,1.00,יחידה,false,0,19.90,19.90,true,1,
3838824332130,false,צבע שיער פאלטה סמי קיט 3-68 מהגוני כהה,שוורצקופף והנקל,DE,צבע סמי קיט פלטה,יחידה,1.00,יחידה,false,1,19.90,19.90,true,1,
4000415851705,false,שוקולד נוגט טבעי שוגטן 100 גרם,"לודוויג שוקולד בע""\מ",DE,שוקולד נוגט,גרמים,100.00,100 גרם,false,0,5.90,5.90,true,1,
4000417019004,false,שוקולד חלב אגוזי לוז שלמים ריטר ספורט 100 גרם,ריטר ספורט Ritter sport,DE,שוקולד ריטר,גרמים,100.00,100 גרם,false,0,10.90,10.90,true,1,
4000417025005,false,שוקולד מריר במילוי מרציפן ריטר ספורט 100 גרם,ריטר ספורט Ritter sport,DE,שוקולד ריטר,גרמים,100.00,100 גרם,false,0,8.90,8.90,true,1,
4000417222008,false,שוקולד ריטר ספורט חלב+שברי אגוזים 100 גרם חלב נוכרי,ריטר ספורט Ritter sport,DE,שוקולד ריטר,גרמים,100.00,100 גרם,false,1,8.90,8.90,true,1,
4000417224002,false,"ריטר ספורט טבלת שוקולד מריר אגוזים, 100 גרם",ריטר ספורט Ritter sport,DE,שוקולד ריטר,גרמים,100.00,100 גרם,false,0,10.90,10.90,true,1,
4000417708007,false,"שוקולד ריטר ספורט מריר שקד, 100 גרם",ריטר ספורט Ritter sport,DE,שוקולד ריטר,גרמים,100.00,100 גרם,false,1,10.90,10.90,true,1,
4000539280740,false,לינדט אקסלנס 78% מוצקי קקאו 100 גרם,לינדט ושפרונגלי קילשברג,DE,שוקולד אקסלנס,גרמים,100.00,100 גרם,false,1,14.90,14.90,true,1,
4000607850004,false,שוקולד חלב טבעי שוגטן 100 גרם,"לודוויג שוקולד בע""\מ",DE,שוקולד חלב,גרמים,100.00,100 גרם,false,0,5.90,5.90,true,1,
4000607851001,false,שוקולד חלב אגוזים טבעי שוגטן 100 גרם,"לודוויג שוקולד בע""\מ",DE,שוקולד אגוזים,גרמים,100.00,100 גרם,false,0,5.90,5.90,true,1,
4000607852008,false,שוקולד מריר טבעי שוגטן 100 גרם,"לודוויג שוקולד בע""\מ",DE,שוקולד מריר,גרמים,100.00,100 גרם,false,0,5.90,5.90,true,1,
4000607854606,false,שוקולד לילדים שוגטן 100 גרם,"לודוויג שוקולד בע""\מ",DE,שוקולד ילדים,גרמים,100.00,100 גרם,false,1,5.90,5.90,true,1,
4002448017684,false,"סיליט באנג ספריי ניקוי כללי מסיר אבנית 750 מ""ל",הדקלאים אגודת שיתופי,PL,סיליט באנג ספריי,מיליליטרים,750.00,"100 מ""ל",false,0,14.50,1.93,true,1,
4002720005736,false,מליטה קפה לפילטר פרימיום 250 גרם,המאפיה של הרמן,DE,קפה פילטר מליטה,גרמים,250.00,100 גרם,false,0,18.40,7.36,true,1,
4005808366392,false,שפתון ליובש כחול קלאסי לבלו 48 גרם,טרופיקל דגיל תעשיות,IL,שפתון לבלו כחול,יחידה,1.00,יחידה,false,1,9.90,9.90,true,1,
4005808837359,false,"ניוואה - דאודורנט רול און לאישה פרל אנד ביוטי 50 מ""ל",ביירסדורף AG,DE,דאודורנט ניוואה,מיליליטרים,50.00,"100 מ""ל",false,0,11.90,23.80,true,1,
4005808850723,false,לבלו שפתון תות בליסטר,טרופיקל דגיל תעשיות,DE,שפתון לבלו,יחידה,1.00,יחידה,false,0,9.90,9.90,true,1,
4005808890507,false,קרם ניוואה סופט צנצנת 200 מל,ניוואה Nivea,ES,קרם ניוואה סופט,מיליליטרים,200.00,"100 מ""ל",false,0,20.00,10.00,true,1,
4005900036483,false,"ניוואה - דאודורנט ספריי לגבר שקוף בלק וווי 150 מ""ל",בטר אנד דיפרנט,DE,דאודורנט ניוואה,מיליליטרים,150.00,"100 מ""ל",false,0,15.90,10.60,true,1,
4005900036506,false,"ניוואה - דאודורנט רול און לגבר שקוף בלק 50 מ""ל",טרופיקל דגיל תעשיות,DE,דאודורנט ניוואה,מיליליטרים,50.00,"100 מ""ל",false,0,11.90,23.80,true,1,
4005900513069,false,"ניוואה - דאודורנט רול און לגבר דיפ 50 מ""ל",ביירסדורף,DE,ניוואה רול און ל,מיליליטרים,50.00,"100 מ""ל",false,1,11.90,23.80,true,1,
4005900551412,false,לבלו שפתון לחות SPF30 להגנה מפני השמש,beiersdorf,DE,לבלו שפתון לחות,יחידה,1.00,יחידה,false,1,9.90,9.90,true,1,
4005900683878,false,לבלו סקראב שפתון פילינג אלוורה בליסטר,ביירסדורף,DE,לבלו סקראב אלורה,יחידה,1.00,יחידה,false,1,9.90,9.90,true,1,
4005900816016,false,"ניוואה - דאודורנט ספריי לאישה פרש טבעי לאישה 150 מ""ל",טרופיקל דגיל תעשיות,DE,דאודורנט ניוואה,מיליליטרים,150.00,"100 מ""ל",false,0,15.90,10.60,true,1,
4005900845702,false,"ניוואה - דאודורנט רול און לגבר קול קיק פרש 50 מ""ל",ביירסדורף,DE,דאודורנט ניוואה,מיליליטרים,50.00,"100 מ""ל",false,1,11.90,23.80,true,1,
4005900874962,false,"ניוואה - דאודורנט רול און לגבר דיפ בלק 50 מ""ל",ביירסדורף AG,DE,דאודורנט ניוואה,מיליליטרים,50.00,"100 מ""ל",false,1,11.90,23.80,true,1,
4008102002867,false,גרגירים להכנת תה לימון מילפורד 400 גרם,ליימן מותגים,DE,משקה לימון,גרמים,400.00,100 גרם,false,0,14.40,3.60,true,1,
4008400230726,false,ביצת שוקולד הפתעה קינדר ענקית 100ג' בנים,קינדר Kinder,BE,ביצת הפתעה מקסי,גרמים,100.00,100 גרם,false,1,19.90,19.90,true,1,
4009300524588,false,חליטת צמחים פומפדור פירות יער 20 יחידות,פומפדור Pompadour,DE,חליטת פירות יער,גרמים,60.00,100 גרם,false,0,12.90,21.50,true,1,
4009300524625,false,תה צ'אי מסאלה פומפדור 20 יחידות,פומפדור Pompadour,DE,חליטת צ'אי מאסלה,גרמים,40.00,100 גרם,false,0,12.90,32.25,true,1,
4009300525684,false,חליטת צמחים פומפדור ג'ינג'ר ולימון 20 יחידות,פומפדור Pompadour,DE,חליטת לימון,גרמים,35.00,100 גרם,false,0,12.90,36.86,true,1,
4009300529552,false,תה חליטת פומפדור פירות אפרסק 20 יח,TEEKANNE- POMPADOU,DE,חליטת פירות,גרמים,50.00,100 גרם,false,1,15.90,31.80,true,1,
4009900385824,false,מסטיק אורביט פפרמינט סטיקס משפחתי-חמישיות,ריגלי צרפת,FR,מסטיק סטיקס,גרמים,65.00,100 גרם,false,0,9.90,15.23,true,1,
4009900402965,false,אורביט וויט בטעם פירות בקבוקון 46מלבניות,ריגלי פולין,PL,אורביט בקבוקון,גרמים,64.00,100 גרם,false,0,10.00,15.63,true,1,
4009900403023,false,אורביט וויט בטעם מנטה בקבוקון 46 מלבניות,"ב.א מזון בע""מ",PL,אורביט בקבוקון,גרמים,64.00,100 גרם,false,0,10.00,15.63,true,1,
4009900420129,false,מסטיק אורביט פרופשנל פפרמינט בקבוקון 64 גר',מרס נדרלנד,PL,אורביט פפרמינט,גרמים,64.00,100 גרם,false,1,10.00,15.63,true,1,
4009900426039,false,מסטיק מנטה אקליפטוס בקבוקון איירווייבס 64 גרם,איירוויבס Airwaves,PL,מסטיק איירוויבז,גרמים,64.00,100 גרם,false,1,10.90,17.03,true,1,
4009900455299,false,"סוכרית ג'לי אדומה 174 גרם ""סקיטלס""",ריגלי ממתקים,CZ,סוכריות סקיטלס,גרמים,174.00,100 גרם,false,0,9.60,5.52,true,1,
4009900465304,false,סוכריות סקיטלס פירות חמוצים 174 גרם,ריגלי ממתקים,CZ,סוכריות סקיטלס,גרמים,174.00,100 גרם,false,0,9.60,5.52,true,1,
4009900479998,false,אורביט וויט אוכמניות בקבוקון 46 מלבניות,ריגלי פולין,PL,אורביט בקבוקון,גרמים,64.00,100 גרם,false,0,10.00,15.63,true,1,
4009900482417,false,מסטיק אורביט פירות מנטה בקבוקון באבל מינט 45יח,ריגלי פולין,PL,אורביט באבל מינט,גרמים,64.00,100 גרם,false,0,10.00,15.63,true,1,
4009900483803,false,מסטיק איירובס מנטה אקליפטוס בקבוקון 60יח',איירוויבס Airwaves,PL,מסטיק איירוויבז,גרמים,84.00,100 גרם,false,1,13.50,16.07,true,1,
4009900484060,false,מסטיק אורביט פרופשיונל בטעם מנטה ללא סוכר,ריגלי פולין,PL,אורביט בקבוק,גרמים,84.00,100 גרם,false,0,13.50,16.07,true,1,
4009900484091,false,מסטיק אורביט פרופשיונל בטעם מנטה ללא סוכר,ריגלי פולין,PL,אורביט בקבוק,גרמים,84.00,100 גרם,false,0,13.50,16.07,true,1,
4009900484305,false,מסטיק אורביט פרופשיונל סוויטמינט ביגי לבן 60יח',אורביט Orbit,GB,אורביט בקבוק,גרמים,84.00,100 גרם,false,0,13.50,16.07,true,1,
4009900487283,false,אורביט ילדים קלאסי סט' משפחתי-חמישיות,ריגלי צרפת,FR,מסטיק סטיקס,גרמים,65.00,100 גרם,false,0,9.90,15.23,true,1,
4009900491044,false,מסטיק איירובס אוכמניות בקבוקון 60יח',איירוויבס Airwaves,PL,מסטיק איירוויבז,גרמים,84.00,100 גרם,false,1,13.50,16.07,true,1,
4009900496247,false,"מסטיק אורביט לל""ס מלבניות בקבוק בבלימנט 60 יח",אורביט Orbit,PL,אורביט בקבוק,גרמים,84.00,100 גרם,false,1,13.50,16.07,true,1,
4009900509770,false,אורביט באריזת בקבוק בטעם תות 60 יח',אורביט Orbit,GB,אורביט בקבוק,גרמים,84.00,100 גרם,false,1,13.50,16.07,true,1,
4009900531122,false,"מסטיק בטעם מנטה ספירמינט, 64 ג' פרופשיונל אורפיט",מרס נדרלנד,PL,אורביט ספירמינט,גרמים,64.00,100 גרם,false,1,10.00,15.63,true,1,
4009900534918,false,סקיטלס גאיינט פירות 141 גרם,ריגלי,CZ,סוכריות סקיטלס,יחידה,1.00,יחידה,false,0,9.60,9.60,true,1,
4009900535519,false,מסטיק אורביט רפרשרס ספירמינט ללא סוכר 15.6גר',אורביט,PL,אורביט רפרשרס,גרמים,15.00,100 גרם,false,1,3.90,26.00,true,1,
4009900536288,false,מסטיק אורביט רפרשרס פפרמינט בקבוקון ללא סוכר 67 גר',מרס ריגלי קונפקשונרי,PL,אורביט רפרשרס,גרמים,67.00,100 גרם,false,1,11.90,17.76,true,1,
4009900536486,false,מסטיק אורביט רפרשרס באבלמינט בקבוקון ללא סוכר 67 גר',מרס ריגלי קונפקשונרי,PL,אורביט רפרשרס,גרמים,67.00,100 גרם,false,1,11.90,17.76,true,1,
4009900539685,false,"מסטיק פייב באונס בטעם מנטה בקבוקון, 61.8 גרם",ריגלי בעמ רוסיה,PL,מסטיק פייב,גרמים,61.00,100 גרם,false,1,11.90,19.51,true,1,
4009900539746,false,"מסטיק פייב באונס בטעם אבטיח בקבוקון, 61.8 גרם",ריגלי בעמ רוסיה,PL,מסטיק פייב,גרמים,61.00,100 גרם,false,1,11.90,19.51,true,1,
4009900540551,false,מסטיק אורביט רפרשרס טרופיקל בקבוקון ללא סוכר,מרס פולין,PL,אורביט רפרשרס,גרמים,67.00,100 גרם,false,1,11.90,17.76,true,1,
4011100002227,false,באונטי חטיפי מיני שקית 403ג',לינדט ושפרונגלי קילשברג,NL,מיני באונטי,גרמים,403.00,100 גרם,false,0,23.90,5.93,true,1,
4011800290054,false,חטיף חלבון עם קוקוס ושוקולד חלב ללא תוספת סוכר,קורני,DE,חטיף חלבון קורני,גרמים,50.00,100 גרם,false,1,8.90,17.80,true,1,
4011800628512,false,חטיף קורני שוקולד חלב 6 יח 150 גר,מיוצר עי קונדיטוריית,DE,קורני חטיף דגנים,גרמים,150.00,100 גרם,false,0,11.90,7.93,true,1,
4011800630515,false,חטיף קורני שוקולד חלב ובננה 6 יח 150 גר,מיוצר עי קונדיטוריית,DE,קורני חטיף דגנים,גרמים,150.00,100 גרם,false,0,11.90,7.93,true,1,
4012273123009,false,נטרוגינה קרם ידיים 50 מל הסדרה הנורבגית,גונסון אנד גונסון,FR,קרם ידיים,מיליליטרים,50.00,"100 מ""ל",false,0,24.90,49.80,true,1,
4014400900217,false,בונבונריית מרסי מבחר ממתקי שוקולד 400 גרם,קריניציה ויטמינה אס,DE,בונבוניירת מרסי,גרמים,400.00,100 גרם,false,0,39.90,9.98,true,1,
4014400901191,false,בונבונריית מרסי מבחר ממתקי שוקולד 250 גרם,ליימן מותגים,DE,בונבוניירת מרסי,גרמים,250.00,100 גרם,false,0,21.90,8.76,true,1,
4014400903409,false,בונבוניירה שוקולד אגוזים טופיפי 250 גרם,קריניציה ויטמינה אס,DE,בונבונ. טופיפי,גרמים,250.00,100 גרם,false,0,22.90,9.16,true,1,
4014400910063,false,סוכריות חמאה וורטרס אורגינל 135 גרם,וורטר'ס אורגינל,DE,סוכריות וורטר,גרמים,135.00,100 גרם,false,0,8.00,5.93,true,1,
4014400914696,false,וורטרס אורגינל סוכריות ללא סוכר 80 גרם,ליימן מותגים,DE,סוכריות וורטר,גרמים,80.00,100 גרם,false,0,8.00,10.00,true,1,
4014400920857,false,וורטר אורגינל ללא סוכר בטעם שוקולד-שקית 70 גרם,קריניציה ויטמינה אס,DE,סוכריות וורטר,גרמים,70.00,100 גרם,false,1,8.00,11.43,true,1,
4014400923711,false,בונבוניירה שוקולד אגוזים טופיפי 125 גרם,ליימן מותגים,DE,טופיפי,גרמים,125.00,100 גרם,false,1,10.00,8.00,true,1,
4014400925319,false,וורטרס אורגינל פופקורן קרמל 140 גרם,וורטרס Werther's,DE,ממתק קרמל ורטר,גרמים,140.00,100 גרם,false,1,15.90,11.36,true,1,
4015000615884,false,"פה - דאודורנט ספריי לאישה קריביין לימון 200 מ""ל",שוורצקופף והנקל,DE,דאודורנט FA,מיליליטרים,200.00,"100 מ""ל",false,0,9.90,4.95,true,1,
4015000615921,false,"פה - דאודורנט ספריי לגבר ספורט 200 מ""ל",שוורצקופף והנקל,TR,דאודורנט FA,מיליליטרים,200.00,"100 מ""ל",false,0,9.90,4.95,true,1,
4015400564034,false,מגן תחתון אולוויז מגה פק לונג פלוס 58 יחידות,פרוקטר אנד גמבל,DE,מגן תחתון אולויז,יחידה,1.00,יחידה,false,0,19.90,19.90,true,1,
4015400564454,false,מגני תחתון אולוויז לארג' עם ניחוח מגה פק,פרוקטר אנד גמבל,DE,מגן תחתון אולויז,יחידה,1.00,יחידה,false,0,19.90,19.90,true,1,
4015400598329,false,תחבושות אולוויז קוואטרו נורמל פלוס 56 יחידות,פרוקטר אנד גמבל,DE,תחבושות אולוויז,יחידה,1.00,יחידה,false,0,36.90,36.90,true,1,
4015400681670,false,תחבושות אולוויז וליו פק לילה בטוח 18 יחידות,פרוקטר אנד גמבל,UA,תחבושות אולוייז,יחידה,1.00,יחידה,false,0,19.90,19.90,true,1,
4015400690313,false,טמפונים פרל רגולר טמפקס קומפאק 18 יח,פרוקטר אנד גמבל,HU,טמפקס,יחידה,1.00,יחידה,false,1,20.90,20.90,true,1,
4015400690405,false,טמפונים פרל סופר טמפקס קומפאק 18 יח,פרוקטר אנד גמבל,HU,טמפקס,יחידה,1.00,יחידה,false,1,20.90,20.90,true,1,
4015400695691,false,פמפרס בייבי דריי מידה 5 74 יח,פרוקטר & גמבל,TR,פמפרס אריזת ענק,יחידה,1.00,יחידה,false,1,71.50,71.50,true,1,
4015400731719,false,תחבושות היגייניות אולוויז יום ולילה Day & Night,פרוקטר אנד גמבל,UA,תחבושות אולוייז,יחידה,1.00,יחידה,false,1,19.90,19.90,true,1,
4015400746812,false,מגני תחתון אולוויז נורמל עם ניחוח מגה פק,פרוקטר אנד גמבל,UA,מגן תחתון אולויז,יחידה,1.00,יחידה,false,1,19.90,19.90,true,1,
4015400755241,false,תחבושות היגייניות אולוויז אולטרה נורמל - 28 יח',פרוקטר אנד גמבל,UA,תחבושות אולוייז,יחידה,1.00,יחידה,false,1,19.90,19.90,true,1,
4015400755487,false,תחבושות היגייניות אולוויז אולטרה לונג - 24 יח',פרוקטר אנד גמבל,DE,תחבושות אולוייז,יחידה,1.00,יחידה,false,1,19.90,19.90,true,1,
4015400824749,false,טמפונים טמפקס פלאש סופר פלוס 30 יחידות,פרוקטר אנד גמבל,HU,טמפקס פלאש,יחידה,1.00,יחידה,false,0,27.90,27.90,true,1,
4015600763251,false,שמפו הד&שולדרס קלאסי600מ,פרוקטר אנד גמבל,RO,שמפו הד&שולדרס,מיליליטרים,600.00,"100 מ""ל",false,0,21.90,3.65,true,1,
4015600763299,false,הד&שולדרס 600 שמפו 2ב1 קלאסי,פרוקטר אנד גמבל,RO,שמפו הד&שולדרס,מיליליטרים,600.00,"100 מ""ל",false,0,21.90,3.65,true,1,
4015600763459,false,שמפו הד&שולדרס תפוח600מל,פרוקטר אנד גמבל,RO,שמפו הד&שולדרס,מיליליטרים,600.00,"100 מ""ל",false,0,21.90,3.65,true,1,
4015600807436,false,"ג'ילט - דאודורנט ג'ל לגבר כדוריות קול וויב 75 מ""ל",פרוקטר אנד גמבל,GB,דאודורנט ג'ל,מיליליטרים,75.00,"100 מ""ל",false,0,21.90,29.20,true,1,
4017100198151,false,בלזן היט ביסקוויט עם מלית קרם בטעם וניל (41%) 220 גרם,הדקלאים אגודת שיתופי,PL,עוגיות סנדוויץ,גרמים,220.00,100 גרם,false,1,8.90,4.05,true,1,
4017100364112,false,בלזן היט בסקוויט סנדביץ עם מלית קרם בטעם שוקולד קקאו (41%) 220 גרם,הדקלאים אגודת שיתופי,PL,עוגיות סנדוויץ,גרמים,220.00,100 גרם,false,1,8.90,4.05,true,1,
4022025001905,false,יין בלו ווין מבעבע זהב כשר 750 מל,היי סישל סוהן טראבן,DE,בלו ווין מבעבע,מיליליטרים,750.00,"100 מ""ל",false,1,54.90,7.32,true,1,
4022025261002,false,יין בלו ווין גוורצטרמינר 750 מל,לנגוט טראבן,DE,בלו ווין,מיליליטרים,750.00,"100 מ""ל",false,1,39.90,5.32,true,1,
4025700001962,false,מילקה טבלת שוקולד לבן 100 גרם,פי אר ג'יי אס סי מונ,UA,שוקולד לבן,גרמים,100.00,100 גרם,false,1,6.90,6.90,true,1,
4033100014529,false,סיגריות אל די סלים בודד,Unknown,TR,אל די סלימס,יחידה,1.00,יחידה,false,0,26.00,26.00,false,1,
4053700292455,false,ויט רצועות שעווה מוכנות להסרת שיער לעור רגיל 12 יחידות,רקיט בנקיזר צרפת,FR,רצועות שעווה ויט,יחידה,1.00,יחידה,false,0,23.90,23.90,true,1,
4066600999614,false,"בירה פאולנר, בירת חיטה מעוננת, בקבוק 500 מ""ל",מבשלת פאולנר,DE,בירה פאולנר חיטה,מיליליטרים,500.00,"100 מ""ל",false,1,11.90,2.38,true,1,
4084500065536,false,פנטן קרם לחות מוגברת לעיצוב שיער 300 מל,פרוקטר אנד גמבל,FR,קרם לשיער פנטן,מיליליטרים,300.00,"100 מ""ל",false,0,17.90,5.97,true,1,
4084500739253,false,"משחת שיניים אורל בי 3D white לובן מהודר 75 מ""ל",פרוקטר אנד גמבל,DE,משחת אורל בי,מיליליטרים,75.00,"100 מ""ל",false,1,20.90,27.87,true,1,
4084500853553,false,פיירי נוזל כלים קלאסי אורגינל 650 מל,פרוקטר אנד גמבל,GB,נוזל כלים פיירי,מיליליטרים,650.00,"100 מ""ל",false,1,10.90,1.68,true,1,
4100130937163,false,בירה בקס שישייה 6*275 מל,"איי, בי, אינבוו",DE,בירה בקס 6 בקבוק,ליטרים,1.65,ליטר,false,1,25.90,15.70,true,1,
4105120623941,false,"בירה ויינשטפן בק' ח""פ 500 מ""ל","ויינשטפן, ת.ד 1155 פרייז",DE,בירה ויינשטפן,מיליליטרים,500.00,"100 מ""ל",false,1,11.90,2.38,true,1,
4210201360742,false,אורל בי ראש חשמלי פלקסי סופט 4 יחידות,פרוקטר אנד גמבל,DE,אורל בי 4 ראשים,יחידה,1.00,יחידה,false,1,81.90,81.90,true,1,
4607001779650,false,קפה נמס ג'קובס גולד 190ג,,RU,קפה נמס ג'קובס,גרמים,190.00,100 גרם,false,1,24.50,12.89,true,1,
4640018993343,false,פיניש קוואנטום קפסולות ג'ל למדיח כלים 30 יח',רקיט בנקיזר,PL,פיניש 30 טבליות,יחידה,1.00,יחידה,false,1,32.90,32.90,true,1,
4710068001692,false,"מאסטר קפה לאטה פחית 240 מ""ל",תאיט מרקטינג אנד דיסטריב,TW,מאסטר קפה,מיליליטרים,240.00,"100 מ""ל",false,0,7.90,3.29,true,1,
4710068001715,false,"מאסטר קפה טירמיסו פחית 240 מ""ל",יוני פרזינדנט אנטרפר,TW,מאסטר קפה,מיליליטרים,240.00,"100 מ""ל",false,0,7.90,3.29,true,1,
4710068001739,false,"מאסטר קפה קולומביאני 250 מ""ל",יוני פרזינדנט אנטרפר,TW,מאסטר קפה,מיליליטרים,240.00,"100 מ""ל",false,0,7.90,3.29,true,1,
4751003924010,false,סלט טונה עם ירקות מקסיקני 185 ג' לארסן,,LV,טונה עם ירקות,גרמים,185.00,100 גרם,false,1,12.90,6.97,true,1,
4751007730938,false,שפרוטים מעושנים 240 גרם,פודסטוק,LV,שפרוטים מעושנים,גרמים,240.00,100 גרם,false,1,11.60,4.83,true,1,
4751007733991,false,פילה סלומון מיץ טבעי 170 גר,KARAVELLA,LV,סלמון במיץ טבעי,גרמים,200.00,100 גרם,false,1,11.90,5.95,true,1,
4751007738101,false,סלט סלמון עם ירקות איטלקי 220 ג' לארסן,ס.י.א קרבלה,LV,דג סלמון+ירקות,גרמים,220.00,100 גרם,false,1,11.90,5.41,true,1,
4800888150080,false,"דאב - דאודורנט רול און לאישה פרש טאצ' מלפפונים 50 מ""ל",יוניליוור פיליפינים,PH,דאודורנט דאב,מיליליטרים,50.00,"100 מ""ל",false,0,16.90,33.80,true,1,
4800888219534,false,דאב - דאודורנט סטיק לאישה אנטי פרספירמט 50 גרם,יוניליוור פיליפינים,PH,דאו.דאב,מיליליטרים,50.00,"100 מ""ל",false,1,14.90,29.80,true,1,
4823077626203,false,שוקולד רושן אורירי מריר 80 גרם,רושן Roshen,UA,שוקולד מריר,גרמים,80.00,100 גרם,false,1,6.90,8.63,true,1,
4823077632570,false,שוקולד רושן BRUT מריר 85 גרם,רושן,UA,שוקולד מריר,גרמים,85.00,100 גרם,false,1,6.90,8.12,true,1,
4891228304478,false,שיק היידרו 5 סנס רביעיית סכינים,ארץ ייצור סכינים: ארהבn\,CN,שיק הידרו סכינים,יחידה,1.00,יחידה,false,1,54.90,54.90,true,1,
4891228308032,false,שיק סכינים גילוח אינטואישן ידית + 5,ארץ ייצור סכינים: ארהבn\,US,שיק אינטואישן5+ס,יחידה,1.00,יחידה,false,1,89.90,89.90,true,1,
4891228308049,false,סכין גילוח שיק היידרו 5 סנס לגבר+7סכינים,ארץ ייצור סכינים: ארהבn\,US,הידרו מארז גילוח,יחידה,1.00,יחידה,false,1,89.90,89.90,true,1,
4891228430061,false,סכיני גילוח שיק אקזקטה 2 לנשים ורוד 10 יח',הנסיך- מפעל לייצור ט,CN,סכיני גילוח 10יח,יחידה,1.00,יחידה,false,0,24.90,24.90,true,1,
4891228430092,false,סכיני גילוח שיק אקסטרים קומפורט לנשים 3 להבים 4 יחידות,אנרג'יזר Energizer,CN,סכיני גילוח,יחידה,1.00,יחידה,false,0,19.90,19.90,true,1,
4903001904192,false,"רוטב סויה יאמסה פרימיום 500 מ""ל",הדקלאים אגודת שיתופי,JP,רוטב סויה יאמאסה,מיליליטרים,500.00,"100 מ""ל",false,0,17.90,3.58,true,1,
4903001925784,false,"רוטב סויה יאמאסה פרמיום דל מלח 500 מ""ל",הדקלאים אגודת שיתופי,JP,רוטב סויה,מיליליטרים,500.00,"100 מ""ל",false,0,17.90,3.58,true,1,
4903001930993,false,"רוטב טריאקי יאמאסה 500 מ""ל",ליימן מותגים,JP,רוטב טריאקי,מיליליטרים,500.00,"100 מ""ל",false,1,17.90,3.58,true,1,
5000127163195,false,דגני בוקר קלוגס ספיישל קיי 500גרם,חברת קלוגס בריטניה,GB,קלוג'ס ספיישלK,גרמים,500.00,100 גרם,false,0,24.90,4.98,true,1,
5000146048671,false,סילבו משחה לניקוי כלי כסף 75 גרם,רקיט בנקיזר,PT,מטליות ניקוי,גרמים,75.00,100 גרם,false,1,14.90,19.87,true,1,
5000157143365,false,מתבל בטעם מיונז וקטשופ היינץ 425 גרם,"פודליצקי ספ.ז.או.או,",PL,מתבל ט.מיונז,גרמים,425.00,100 גרם,false,1,14.90,3.51,true,1,
5000159020312,false,מלטיזרס אריזה קטנה 37 גרם,מלטיזרס Maltesers,NL,שוקולד מלטיזרס,גרמים,37.00,100 גרם,false,1,5.50,14.86,true,1,
5000159376655,false,סוכריות SKITTLES פירות קטן 38 גרם אדום,ריגלי ממתקים,CZ,סוכריות סקיטלס,גרמים,38.00,100 גרם,false,0,3.20,8.42,true,1,
5000159376792,false,סוכריות סקיטלס Skittles פירות חמוצים,ריגלי ממתקים,CZ,סוכריות סקיטלס,גרמים,38.00,100 גרם,false,0,3.20,8.42,true,1,
5000159409179,false,מארז חטיפי מיני סניקרס Snickers,מרס הולנד בי.וי.,NL,מיני סניקרס,גרמים,403.00,100 גרם,false,0,23.90,5.93,true,1,
5000159414197,false,מלטיזרס-כדורים פריכים בציפוי שוולד חלב 135 גרם,מרס שוקולד צ.אמריקה,NL,שוקולד מלטיזרס,גרמים,135.00,100 גרם,false,1,11.90,8.81,true,1,
5000159442572,false,מיני טוויקס בשקית 403גרם,טוויקס,DE,מיני טוויקס,גרמים,403.00,100 גרם,false,0,23.90,5.93,true,1,
5000159452977,false,מיקס שקית מיניס 400 גרם מרס-באונטי-טוויק,מרס הולנד בי.וי.,NL,מיני מיקס,גרמים,400.00,100 גרם,false,0,23.90,5.98,true,1,
5000159459228,false,חטיף שוקולד טוויקס 50 ג',"נארז ע""י : א.ג. גילר",NL,חטיף טוויקס,גרמים,50.00,100 גרם,false,0,4.30,8.60,true,1,
5000159500692,false,בקבוק סלבריישן - מבחר חטיפי מיני שוקולד,מארס,NL,בונבונ. סלבריישן,גרמים,312.00,100 גרם,false,1,34.90,11.19,true,1,
5000159500845,false,סלבריישן מארז מתנה 196 גרם,מיילי,NL,בונבונ.סלבריישן,גרמים,196.00,100 גרם,false,1,17.90,9.13,true,1,
5000159528320,false,בי קיינד - אגוזים קלויים בדבש ומלח ים,שטראוס,IL,חטיף ביי קיינד,גרמים,40.00,100 גרם,false,1,7.90,19.75,true,1,
5000159538626,false,טוויקס מארז חטיף 50 גרם חמישייה,טוויקס Twix,NL,חטיפי טוויקס,גרמים,200.00,100 גרם,false,1,12.60,6.30,true,1,
5000204151053,false,"פלדג' אירוסול לניקוי רהיטים קלאסי 250 מ""ל","אס.סי ג'\ונסון, אירופלנט",NL,ספריי ניקוי רהיט,מיליליטרים,250.00,"100 מ""ל",false,1,12.90,5.16,true,1,
5000204661392,false,"קיווי אקסטרא לארג' שחור(גדול) 100מ""ל",המאפיה של הרמן,ID,קיווי משחה שחורה,מיליליטרים,100.00,"100 מ""ל",false,1,9.90,9.90,true,1,
5000213014905,false,"בירה גינס פחית 440 מ""ל",קרלסברג ישראל,IE,בירה גינס פחית,מיליליטרים,440.00,"100 מ""ל",false,0,15.90,3.61,true,1,
5000267014234,false,וויסקי ג'וני ווקר רד לייבל Red label,ג'וני ווקר Johnnie walker,GB,ג'וני ווקר אדום,מיליליטרים,700.00,"100 מ""ל",false,0,69.90,9.98,true,1,
5000267024233,false,"וויסקי ג'וני בלאק לייבל עם פורר 700מ""ל",ג'וני ווקר Johnnie walker,GB,ויסקי ג'וני ווקר,מיליליטרים,700.00,"100 מ""ל",false,0,109.90,15.70,true,1,
5000289925440,false,גין גורדון בקבוק 700,אלכסנדר גורדון ושות',GB,ג'ין גורדון,מיליליטרים,700.00,"100 מ""ל",false,1,79.90,11.41,true,1,
5000394137486,false,רביעיות סוללות אופטימום AA דורסל,פרוקטר אנד גמבל,BE,דורסל אופטימום,יחידה,1.00,יחידה,false,1,19.90,19.90,true,1,
5000394140820,false,שישיות סוללות AA פלוס פאוור דורסל,דורסל,BE,דורסל פלוס פאוור,יחידה,1.00,יחידה,false,1,21.90,21.90,true,1,
5000394141209,false,שישיות סוללות AAA פלוס פאוור דורסל,דיפלומט,BE,דורסל פלוס פאוור,יחידה,1.00,יחידה,false,1,21.90,21.90,true,1,
5000394142190,false,סוללת דורסל V9 פלוס 1 יח,פרוקטר אנד גמבל,MY,סוללת V9 דורסל,יחידה,1.00,יחידה,false,1,32.90,32.90,true,1,
5000396037944,false,מקוויטיס ביסקוויט אורגינל 250 גרם,ברנדס סרטרה נשיונל,GB,ביסקוויט מקויטיס,גרמים,250.00,100 גרם,false,1,9.90,3.96,true,1,
5010026515919,false,מוזלי קריספי נאטי מורנפלייק 650 גרם,מורנפלייק Mornflake,GB,מוזלי מורנפלייק,גרמים,650.00,100 גרם,false,1,24.90,3.83,true,1,
5010038454831,false,"בקבוק בירה בלומון 330 מ""ל","מבשלת סטרופראמן בע""\מ ,",CZ,בירה בלו מון,מיליליטרים,330.00,"100 מ""ל",false,1,13.50,4.09,true,1,
5010182997918,false,דאק ג'ל לניקוי אסלות בניחוח ים 55 מל,"איטיליאן פוד, אס.פי.",IT,דאק ג'ל לאסלה,מיליליטרים,55.00,"100 מ""ל",false,0,7.50,13.64,true,1,
5010182998847,false,דאק נוזל לניקוי אסלות בניחוח ים 750 מל,מיוצר עי קונדיטוריית,NL,טואלט דאק,מיליליטרים,750.00,"100 מ""ל",false,0,10.00,1.33,true,1,
5010327000046,false,וויסקי גרנט'ס סקוטי,"וויליאם גראנט ובניו בע""\",GB,וויסקי גרנט'ס,מיליליטרים,700.00,"100 מ""ל",false,0,69.90,9.98,true,1,
5010677551281,false,"בקרדי בריזר לימון 275 מ""ל בקבוק",בקרדי בריזר Bacardi Breezer,BE,בריזר לימון,מיליליטרים,275.00,"100 מ""ל",false,0,14.90,5.42,true,1,
5010677551397,false,"בקרדי בריזר לימון ליים 275 מ""ל",בקרדי בריזר Bacardi Breezer,BE,בריזר למון ליים,מיליליטרים,275.00,"100 מ""ל",false,1,14.90,5.42,true,1,
5010677552387,false,"בקרדי בריזר אננס 275 מ""ל בקבוק",בקרדי בריזר Bacardi Breezer,BE,בריזר בטעם אננס,מיליליטרים,275.00,"100 מ""ל",false,0,14.90,5.42,true,1,
5010677554398,false,"בקרדי בריזר אבטיח 275 מ""ל בקבוק",בקרדי בריזר Bacardi Breezer,BE,בריזר אבטיח,מיליליטרים,275.00,"100 מ""ל",false,0,14.90,5.42,true,1,
5010677850100,false,וודקה גריי גוס בקבוק,בקרדי מרטיני,FR,וודקה גריי גוס,מיליליטרים,700.00,"100 מ""ל",false,1,99.90,14.27,true,1,
5011157630281,false,אורז לבן ארוך בסמטי טילדה Tilda,אלסקה/ טילדה,GB,אורז טילדה המשלי,קילוגרמים,1.00,"ק""ג",false,0,19.90,19.90,true,1,
5011157671222,false,"אורז בסמטי חום מלא טילדה 1 ק""ג",טילדה Tilda,GB,אורז בסמטי מלא,קילוגרמים,1.00,"ק""ג",false,1,19.90,19.90,true,1,
5011348019772,false,"בירה הובגובלין אי.פי.איי 500 מ""ל",ויצ'וויד,GB,בירה הובגובלין,מיליליטרים,500.00,"100 מ""ל",false,1,15.90,3.18,true,1,
5012251012249,false,ביוטי פורמולה תרחיץ פנים פחם,,GB,תרחיץ פילינג לפנ,מיליליטרים,150.00,"100 מ""ל",false,1,14.90,9.93,true,1,
5012251012256,false,"BEAUTY FORMULASתרחיץ דטוקס לפנים בתוספת פחם פעיל 150מ""ל",,GB,תרחיץ דטוקס לפני,מיליליטרים,150.00,"100 מ""ל",false,1,14.90,9.93,true,1,
5014271300429,false,"מעדן משמש 100% פרי סנטדלפור 284 גרם לל""ס",סאן דלפור - שמבור,FR,מעדן מישמש,גרמים,284.00,100 גרם,false,0,19.90,7.01,true,1,
5014271310428,false,מעדן דובדבנים שחורים ללא תוספת סוכר 284 גרם,סאן דלפור - שמבור,FR,מעדן דובדבן שחור,גרמים,284.00,100 גרם,false,0,19.90,7.01,true,1,
5014271330426,false,מעדן אוכמניות כחולות ללא תוספת סוכר 284 גרם,סאן דלפור - שמבור,FR,מעדן אוכמניות,גרמים,284.00,100 גרם,false,0,19.90,7.01,true,1,
5014271350424,false,מעדן ארבעה פירות ללא תוספת סוכר 284 גרם,סאן דלפור - שמבור,FR,מעדן 4 פירות,גרמים,284.00,100 גרם,false,0,19.90,7.01,true,1,
5014271360423,false,"מעדן תפוזים לל""ס סאן דלפור 284 גרם",סאן דלפור - שמבור,FR,מעדן תפוזים,גרמים,284.00,100 גרם,false,0,19.90,7.01,true,1,
5014271370422,false,סן דלפו מעדן אפרסק ללא סוכר 284גר,סאן דלפור - שמבור,FR,מעדן אפרסקים,גרמים,284.00,100 גרם,false,0,19.90,7.01,true,1,
5014271400426,false,"מעדן בטעם תות שדה לל""ס סאן דלפור 284 גרם",סאן דלפור - שמבור,FR,מעדן תות שדה,גרמים,284.00,100 גרם,false,0,19.90,7.01,true,1,
5014379009972,false,בירה לאגר באדוויזר פחית 500 מל,באדווייזר Budweiser,GB,בירה באדוויזר,מיליליטרים,500.00,"100 מ""ל",false,1,9.90,1.98,true,1,
5029053510811,false,קוטקס - תחבושות אולטרה נורמל + כנפיים 30 יח',קימברלי קלארק,CZ,תחבושות קוטקס,יחידה,1.00,יחידה,false,0,19.90,19.90,true,1,
5029053510828,false,קוטקס - תחבושות אולטרה סופר + כנפיים 22 יח',קימברלי קלארק,CZ,תחבושות קוטקס,יחידה,1.00,יחידה,false,0,19.90,19.90,true,1,
5029053523446,false,קוטקס - תחבושות אולטרה נייט + כנפיים 20 יח',קימברלי קלארק,CZ,תחבושות נייט קוט,יחידה,1.00,יחידה,false,0,19.90,19.90,true,1,
5029053534602,false,קוטקס טמפוני סופר ללא מוליך 32 יח,קימברלי קלארק,CZ,טמפוני קוטקס,יחידה,1.00,יחידה,false,0,26.40,26.40,true,1,
5029053535210,false,טמפון קוטקס עם מוליך מיני 16 יח,קימברלי קלארק,CZ,טמפוני קוטקס,יחידה,1.00,יחידה,false,0,24.20,24.20,true,1,
5029053535227,false,קוטקס טמפון עם מוליך נורמל 16 יחידות,קימברלי קלארק,CZ,טמפוני קוטקס,יחידה,1.00,יחידה,false,0,24.20,24.20,true,1,
5029053535234,false,טמפון קוטקס עם מוליך סופר 16 יח,חוגלה קימברלי,CZ,טמפוני קוטקס,יחידה,1.00,יחידה,false,0,24.20,24.20,true,1,
5029053574103,false,האגיס פול אפס תח.גמילה יום בנות 20 יחידו,KC צ'כיה,IL,האגיס גמילה בנות,יחידה,1.00,יחידה,false,1,43.90,43.90,true,1,
5029053574141,false,האגיס פול אפס תח.גמילה לילה בנות 18 יחיד,חוגלה,IL,האגיס גמילה בנות,יחידה,1.00,יחידה,false,1,43.90,43.90,true,1,
5029053578309,false,קופסת ממחטות אולטרה סופט 48 דף קלינקס,קימברלי,IL,קלינקס אולטרה,יחידה,1.00,יחידה,false,1,7.90,7.90,true,1,
5050083559761,false,דגני בוקר קלוגס קוקו פופס שוקוס 500 גרם,קלוגס מניופקטורינג אספנה,ES,קוקו פופס קלוג'ס,גרמים,500.00,100 גרם,false,0,18.90,3.78,true,1,
5053827215862,false,קלוגס קוקו פופס שוקו 500ג',קלוגס מניופקטורינג אספנה,GB,קלוגס קוקו פופס,גרמים,500.00,100 גרם,false,1,18.90,3.78,true,1,
5060517886486,false,"משקה אנרגיה מונסטר אנרג'י בפחית 500 מ""ל",מונסטר אנרג'י Monster Energy,RS,מונסטר אנרג'י,מיליליטרים,500.00,"100 מ""ל",false,1,6.90,1.38,true,1,
5201004020338,false,קפריס וופל רול ממולא קרם אגוזי לוז 400 ג',א.ג פאפאגופולוס,GR,גלילי וופל קפריס,גרמים,400.00,100 גרם,false,1,19.90,4.98,true,1,
5201178801054,false,"קרם רב שימושי ניוואה 250 מ""ל",טרופיקל דגיל תעשיות,DE,ניוואה קרם לחות,מיליליטרים,250.00,"100 מ""ל",false,0,20.00,8.00,true,1,
5201263001536,false,מגן תחתון EVERY DAY אקסטרה לונג 24 יח',,GR,מגני תחתון XL,יחידה,1.00,יחידה,false,1,12.90,12.90,true,1,
5201263006357,false,תחבושת EVERY DAY סופר 18 יח',,GR,תחבושות סופר,יחידה,1.00,יחידה,false,1,12.90,12.90,true,1,
5201263006364,false,תחבושת EVERY DAY מקסי נייט 18 יח',,GR,תחבושות מקסי,יחידה,1.00,יחידה,false,1,12.90,12.90,true,1,
5201263011474,false,מגן תחתון EVERY DAY לארג' 30 יח',,GR,מגני תחתון לארג',יחידה,1.00,יחידה,false,1,12.90,12.90,true,1,
5201263011801,false,מגן תחתון EVERY DAY נורמל 20 יח',,GR,מגני תחתון נורמל,יחידה,1.00,יחידה,false,1,12.90,12.90,true,1,
5201347400545,false,רצועות שעווה מוכנות לשימוש לפנים ולאזורים רגישים,רקיט בנקיזר צרפת,FR,רצועות שעווה ויט,יחידה,1.00,יחידה,false,0,23.90,23.90,true,1,
5201583752118,false,סוכריות ללא סוכר בטעם חמאה במילוי שוקולד,איתן,GR,סוכריות זירו,גרמים,36.00,100 גרם,false,1,6.90,19.17,true,1,
5201583752217,false,סוכריות ללא סוכר בטעם מנטה במילוי שוקולד,איתן,GR,סוכריות זירו,גרמים,36.00,100 גרם,false,1,6.90,19.17,true,1,
5201940010110,false,זיתים שחורים קלמטה וילי פוד 250 גרם,סיוארס אס.איי,GR,זיתים שחורים,גרמים,454.00,100 גרם,false,0,14.90,3.28,true,1,
5202300043007,false,צבע לשיער קולסטון - 7/7 חום שטני,פרוקטר אנד גמבל,DE,קולסטון שפופרת,יחידה,1.00,יחידה,false,0,19.90,19.90,true,1,
5202300043151,false,צבע לשיער קולסטון - 8/0 בלונד בהיר,פרוקטר אנד גמבל,DE,קולסטון שפופרת,יחידה,1.00,יחידה,false,0,19.90,19.90,true,1,
5202300043182,false,צבע לשיער קולסטון - 5/0 חום בהיר,פרוקטר אנד גמבל,DE,קולסטון שפופרת,יחידה,1.00,יחידה,false,0,19.90,19.90,true,1,
5202300043205,false,צבע לשיער קולסטון - 3/0 חום כהה,פרוקטר אנד גמבל,DE,קולסטון חום כהה,יחידה,1.00,יחידה,false,0,19.90,19.90,true,1,
5202300043212,false,צבע לשיער קולסטון - 2/0 שחור,פרוקטר אנד גמבל,DE,קולסטון שפופרת,יחידה,1.00,יחידה,false,0,19.90,19.90,true,1,
5202390020407,false,פטה טבעונית גוש ויולייף 200 ג',ביוט איילנד פודס בעמ,GR,בסגנון פטה,גרמים,200.00,100 גרם,false,1,26.90,13.45,true,1,
5208049002473,false,קנט ארוך קופסא בודדת,Unknown,TR,קנט ארוך,יחידה,1.00,יחידה,false,1,37.00,37.00,false,1,
5391523057929,false,סימילאק גולד שלב 1 תרכובת מזון על בסיס חלב,אבוט מעבדות רפואיות,IE,סימילאק גולד,גרמים,700.00,100 גרם,false,1,69.90,9.99,true,1,
5391523057936,false,סימילאק גולד שלב 2 תרכובת מזון על בסיס חלב,אבוט מעבדות רפואיות,IE,סימילאק גולד,גרמים,700.00,100 גרם,false,1,69.90,9.99,true,1,
5391523057943,false,סימילאק גולד שלב 3 תרכובת מזון על בסיס חלב,אבוט מעבדות רפואיות,IE,סימילאק גולד,גרמים,700.00,100 גרם,false,1,69.90,9.99,true,1,
5391523058063,false,סימילאק אדבנס פלוס 1 תרכובת מזון על בסיס חלב,טרופיקל דגיל תעשיות,IE,סימילאק אדבנס,גרמים,700.00,100 גרם,false,1,64.90,9.27,true,1,
5391523058070,false,סימילאק אדבנס פלוס 3 תרכובת מזון על בסיס חלב,טרופיקל דגיל תעשיות,IE,סימילאק אדבנס,גרמים,700.00,100 גרם,false,1,64.90,9.27,true,1,
5391523058087,false,סימילאק אדבנס פלוס 2 תרכובת מזון על בסיס חלב,טרופיקל דגיל תעשיות,IE,סימילאק אדבנס,גרמים,700.00,100 גרם,false,1,64.90,9.27,true,1,
5400265035932,false,המלט פרלינים אקסלסיום כסף 180 גרם,,BE,בונבוניירה המלט,גרמים,180.00,100 גרם,false,1,16.90,9.39,true,1,
5410076933129,false,אריאל אבקת כביסה שושן צחור 3 קג,פרוקטר אנד גמבל,CZ,אריאל שושן צחור,קילוגרמים,3.00,"ק""ג",false,0,34.90,11.63,true,1,
5410103161617,false,קרם יום עם פעולה משולשת Triple active לעור יבש ועדין,"לוריאל ישראל בע""מ",DE,קרם לחות עור יבש,מיליליטרים,50.00,"100 מ""ל",false,0,49.90,99.80,true,1,
5410126006087,false,עוגיות לוטוס ארוזות בתפזורת 700 גרם,לוטוס ביקרי נ.וי.,BE,ביסקוויט לוטוס,גרמים,700.00,100 גרם,false,0,21.90,3.13,true,1,
5410126106183,false,עוגיות לוטוס 50 יחידות ארוזות בנפרד 312 גרם,כלורוקס אוקלנד,BE,ביסקוויט לוטוס,גרמים,312.00,100 גרם,false,0,16.80,5.38,true,1,
5410126116953,false,ממרח ביסקוויט קרמל לוטוס 400 גרם,לוטוס בייקרי בלגיה נ,BE,ממרח ביסקוויט,גרמים,400.00,100 גרם,false,0,22.90,5.73,true,1,
5410126666038,false,"ביסקוויט קרמל לוטוס 279 גרם בד""צ",לוטוס ביקרי נ.וי,BE,ביסקוויט לוטוס,גרמים,279.00,100 גרם,false,1,12.90,4.62,true,1,
5410126716016,false,"עוגיות לוטוס ביסקויט קרמל בד""צ 250 גרם",לוטוס ביקרי בלגיה,BE,ביסקויט לוטוס,גרמים,250.00,100 גרם,false,0,11.80,4.72,true,1,
5410173210055,false,רומבוטס קפה קלוי וטחון לפילטר 10 יח' 70 גרם,קופי רומבוטס,BE,קפה לפילטר,גרמים,70.00,100 גרם,false,0,15.90,22.71,true,1,
5410228267515,false,"שישיית בירה לאגר באדוויזר 6*330 מ""ל",באדווייזר Budweiser,GB,בירה באדוויזר6בק,ליטרים,1.98,ליטר,false,1,34.90,17.63,true,1,
5410316994019,false,"וודקה סמירנוף אדום 700מ""ל",דיאג'ו אופריישנס איט,US,וודקה סמירנוף,מיליליטרים,700.00,"100 מ""ל",false,0,64.90,9.27,true,1,
5411081000677,false,בירה קסטיל טריפל בקבוק 330מל,מבשלת קסטל ואן הונסברוק,BE,בירה קסטיל טריפל,מיליליטרים,330.00,"100 מ""ל",false,1,12.90,3.91,true,1,
5411081003654,false,"קסטיל בירה רוז 330 מ""ל",מבשלת קסטל ואן הונסב,BE,בירה קסטיל רוז',מיליליטרים,330.00,"100 מ""ל",false,0,12.90,3.91,true,1,
5411188094159,false,רביעיית מעדן סויה שוקו מריר אלפרו 125 גרם,הנסיך- מפעל לייצור ט,BE,מעדן סויה 4 יח',גרמים,500.00,100 גרם,false,0,20.70,4.14,true,1,
5411188110835,false,אלפרו חלב סויה שקדים וניל 1ל',הנסיך- מפעל לייצור ט,BE,משקה שקדים אלפרו,ליטרים,1.00,ליטר,false,0,15.20,15.20,true,1,
5411188112709,false,"משקה קוקוס אלפרו 1 ליטר משקה שקדים לל""ס",הנסיך- מפעל לייצור ט,BE,משקה שקדים אלפרו,ליטרים,1.00,ליטר,false,0,15.20,15.20,true,1,
5411188115472,false,משקה סויה אלפרו 1 ליטר,הנסיך- מפעל לייצור ט,BE,משקה סויה אלפרו,ליטרים,1.00,ליטר,false,1,15.20,15.20,true,1,
5411188120742,false,משקה קוקוס אלפרו 1 ליטר שקדים וניל 1 ל',הנסיך- מפעל לייצור ט,BE,משקה שקדים וניל,ליטרים,1.00,ליטר,false,1,15.20,15.20,true,1,
5411188121923,false,"משקה סויה מועשר סידן אלפרו 3*250 מ""ל",הנסיך- מפעל לייצור ט,BE,משקה סויה 3 יח,מיליליטרים,750.00,"100 מ""ל",false,1,17.40,2.32,true,1,
5411188121978,false,"משקה סויה בטעם שוקולד 3 * 250 מ""ל אלפרו",אלפרו סי.וי. איי,BE,משקה סויה 3 יח,מיליליטרים,750.00,"100 מ""ל",false,1,17.40,2.32,true,1,
5411188122586,false,"משקה שקדים אלפרו 250 מ""ל",אלפרו C.V.A,BE,משקה שקדים,מיליליטרים,250.00,"100 מ""ל",false,1,7.10,2.84,true,1,
5411188122661,false,אלפרו משקה שקדים לא קלויים ללא תוספת סוכר 1 ל',אלפרו C.V.A,BE,משקה שקדים אלפרו,ליטרים,1.00,ליטר,false,1,15.20,15.20,true,1,
5411188124689,false,משקה אלפרו שיבולת שועל ללא סוכר 1 ליטר,אלפרו C.V.A,BE,משקה ש.שועל,ליטרים,1.00,ליטר,false,1,15.20,15.20,true,1,
5411188124726,false,אלפרו משקה שיבולת שועל שקדים 1 ליטר,הדקלאים אגודת שיתופי,BE,משקה שיבולת שועל,ליטרים,1.00,ליטר,false,1,15.20,15.20,true,1,
5411188127697,false,אלפרו משקה בריסטה שיבולת שועל 1 ליטר,הנסיך- מפעל לייצור ט,BE,משקה שיבולת שועל,ליטרים,1.00,ליטר,false,1,15.20,15.20,true,1,
5411188129899,false,משקה אלפרו בריסטה שקדים 1 ליטר,הנסיך- מפעל לייצור ט,BE,משקה שקדים אלפרו,ליטרים,1.00,ליטר,false,1,15.20,15.20,true,1,
5411188134985,false,אלפרו 3.5% NOT M*LK שיבולת שועל 1 ליטר בית יוסף,הנסיך- מפעל לייצור ט,BE,משקה שיבולת שועל,ליטרים,1.00,ליטר,false,1,16.30,16.30,true,1,
5411188135005,false,אלפרו 1.8% NOT M*LK שיבולת שועל 1 ליטר בית יוסף,הנסיך- מפעל לייצור ט,BE,משקה שיבולת שועל,ליטרים,1.00,ליטר,false,1,16.30,16.30,true,1,
5411188300328,false,אלפרו סויה שוקו 1 ליטר * 8 יחי,הנסיך- מפעל לייצור ט,BE,משקה סויה שוקו,ליטרים,1.00,ליטר,false,0,17.40,17.40,true,1,
5411188543398,false,משקה סויה ללא סוכר אלפרו 1 ליטר,הנסיך- מפעל לייצור ט,BE,משקה סויה אלפרו,ליטרים,1.00,ליטר,false,1,15.20,15.20,true,1,
5411616133245,false,בירה מרטנס פחית ירוק500מ,מבשלת מרטנס,BE,בירה מרטנס ירוק,מיליליטרים,500.00,"100 מ""ל",false,0,6.90,1.38,true,1,
5411616148546,false,"בירה מרטינס גולד 500 מ""ל-פחית",מבשלת מרטנס,BE,בירה מרטנס גולד,מיליליטרים,500.00,"100 מ""ל",false,0,6.90,1.38,true,1,
5411681038001,false,"מרדסו מעורפלת מאוד330מ""ל","איי, בי, אינבוו",BE,בירה מרדסו,מיליליטרים,330.00,"100 מ""ל",false,0,14.90,4.52,true,1,
5412956221173,false,שוקולד קאשט מריר 70% קקאו 180 גר,KIMS,BE,שוקולד מריר,גרמים,180.00,100 גרם,false,1,15.90,8.83,true,1,
5600395030689,false,סרדין בשמן סויה חריף115ג,קופיסה אס.איי,PT,סרדין בשמן,גרמים,115.00,100 גרם,false,0,7.90,6.87,true,1,
5600395030719,false,סרדין בשמן זית נפטון115ג,קופיסה אס.איי,PT,סרדין בשמן זית,גרמים,115.00,100 גרם,false,0,7.90,6.87,true,1,
5600395030818,false,סרדין בשמן סויה נפטון115,קופיסה אס.איי,PT,סרדין בשמן,גרמים,115.00,100 גרם,false,0,7.90,6.87,true,1,
5601008200444,false,עוגיות גודיס טבעות מצופות שוקולד חלב מרבה 150 גרם,הנסיך- מפעל לייצור ט,PT,עוגיות גודיס,גרמים,150.00,100 גרם,false,0,6.90,4.60,true,1,
5601008200468,false,עוגיות גודיס טבעות מצופות שוקולד לבו מרבה 150 גרם,קריניציה ויטמינה אס,PT,עוגיות גודיס,גרמים,150.00,100 גרם,false,0,6.90,4.60,true,1,
5601036205626,false,צבע לשיער אקסלנס קרם - 6 בלונד כהה,לוריאל Loreal,BE,צבע שיער אקסלנס,יחידה,1.00,יחידה,false,0,36.90,36.90,true,1,
5601036205664,false,לוריאל - אקסלנס קרם 7.1 בלונד טבעי אפרפר,ליברמו,BE,צבעי שיער אקסלנס,יחידה,1.00,יחידה,false,0,36.90,36.90,true,1,
5701932026964,false,"הוטפופ גרעיני תירס להכנת פופקורן במיקרוגל בטעם טבעי, בתוספת מלח, 600 גרם",ליימן מותגים,US,פופקורן הוטפופ,גרמים,600.00,100 גרם,false,0,14.90,2.48,true,1,
5701932026971,false,הוטפופ גרעיני תירס להכנת פופקורן במיקרוגל בטעם חמאה 600 גרם,ליימן מותגים,US,הוטפופ טעם חמאה,גרמים,600.00,100 גרם,false,0,14.90,2.48,true,1,
5711953106583,false,גבינת שמנת בטעם טבעי 200 גרם ארלה,ארלה פודס אמבה,DK,ארלה גבינת שמנת,גרמים,200.00,100 גרם,false,1,16.70,8.35,true,1,
5711953106590,false,גבינת שמנת ארלה שמנת שום 200 גרם,ארלה פודס אמבה,DK,ארלה גבינת שמנת,גרמים,200.00,100 גרם,false,1,16.70,8.35,true,1,
5740900403215,false,ממרח מחמאת לורפק עם מלח 250 ג',ארלה פודס אמבה,DK,ממרח לורפק,גרמים,250.00,100 גרם,false,1,13.90,5.56,true,1,
5740900403222,false,ממרח לורפק חמאה עם מלח מופחת שומן 250 ג,ארלה פודס אמבה,DK,ממרח לורפק,גרמים,250.00,100 גרם,false,1,13.90,5.56,true,1,
5740900403239,false,ממרח לורפק ללא תוספת מלח 250 גר,ארלה פודס אמבה,DK,ממרח לורפק,גרמים,250.00,100 גרם,false,1,13.90,5.56,true,1,
5740900403246,false,ממרח לורפק ללא תוספת מלח 500 גר,ארלה פודס אמבה,DK,ממרח לורפק,גרמים,500.00,100 גרם,false,1,30.30,6.06,true,1,
5900020012814,false,דגנים תפוחים בטעם שוקולד נסקוויק נסטלה 500 גרם,מיוצר עי קונדיטוריית,PL,דגני נסקוויק,גרמים,500.00,100 גרם,false,0,25.60,5.12,true,1,
5900020015174,false,פיטנס חטיפי אנרגיה דגנים בטעם שוקולד נסטלה 6*23.5 גרם,מיוצר עי קונדיטוריית,PL,חטיפי פיטנס 6 יח,גרמים,141.00,100 גרם,false,0,9.80,6.95,true,1,
5900020025807,false,דגני סיני מיניס נסטל,סי. פי. פולין,PL,סיני מיניס,גרמים,375.00,100 גרם,false,1,13.90,3.71,true,1,
5900020026552,false,דגני בוקר האני נאט צ'יריוס בטעם דבש ושקדים,נסטלה צרפת איטנקורט,FR,האני נאט צ'יריוס,גרמים,625.00,100 גרם,false,1,25.90,4.14,true,1,
5900020034021,false,חטיף דגנים פיטנס שוקולד בננה 141 גרם,מיוצר עי קונדיטוריית,PL,חטיפי פיטנס 6 יח,גרמים,141.00,100 גרם,false,1,9.80,6.95,true,1,
5900020036407,false,ליון דגני בוקר שוקולד וקרמל נסטלה 480 גרם,נסטלה פולין דגני בוק,PL,ליון דגני בוקר,גרמים,480.00,100 גרם,false,1,25.90,5.40,true,1,
5900020037916,false,דגני בוקר שיבולת שועל צ'ריוס 375ג',ג'נרל מילס סאן אדריא,PL,צ'יריוס שיבולת,גרמים,375.00,100 גרם,false,1,15.90,4.24,true,1,
5900020041142,false,קורנפלקס פיטנס 500 ג' אסם,נסטלה צרפת איטנקורט,PL,קורנפלקס פיטנס,גרמים,500.00,100 גרם,false,1,12.90,2.58,true,1,
5900020041371,false,פיטנס חטיף שוקולד מריר ושקדים 23.50 גרם,נסטלה פולין ברים,PL,חטיפי פיטנס 6 יח,גרמים,141.00,100 גרם,false,1,9.80,6.95,true,1,
5900627063233,false,טבליות למדיח הכל ב-1 פיניש מקס 50 יחידות,רקיט בנקיזר,PL,פיניש AIO,יחידה,1.00,יחידה,false,1,39.90,39.90,true,1,
5900907000583,false,מלפפונים שלמים בחומץ900ג,סגל דברים טובים,PL,מלפפונים בחומץ,גרמים,900.00,100 גרם,false,0,14.90,1.66,true,1,
5901414200411,false,בלזן היט מיני ביסקוויט סנדוויץ' עם מילוי קרם בטעם שוקולד 130 גרם,ליימן שליסל,PL,היט מיניס שוקו,גרמים,130.00,100 גרם,false,0,6.30,4.85,true,1,
5902198160403,false,XL משקה אנרגיה מוגז ללא סוכר עד 10 קלוריות לפחית 250 מל,"טמפו משקאות בע""\מ",IL,משקה אנרגיה,מיליליטרים,250.00,"100 מ""ל",false,1,4.90,1.96,true,1,
5904941750312,false,"משקה אנרגיה BLU מוחיטו בודד 250 מ""ל",אקו - ביט,PL,בלו מוחיטו,מיליליטרים,250.00,"100 מ""ל",false,0,4.00,1.60,true,1,
5904941751302,false,"משקה אנרגיה בלו 250 מ""ל- בודד",אקו - ביט,PL,משקה אנרגיה,מיליליטרים,250.00,"100 מ""ל",false,0,4.00,1.60,true,1,
5904941751920,false,בלו משקה אנרגיה דיי חצי מכמות הקלו250 מל,אקו - ביט,PL,בלו דיי משקה,מיליליטרים,250.00,"100 מ""ל",false,0,4.00,1.60,true,1,
5906485301012,false,"משקה אנרגיה XL פחית 250 מ""ל","טמפו משקאות בע""מ",IL,משקה אנרגיה XL,מיליליטרים,250.00,"100 מ""ל",false,0,4.90,1.96,true,1,
5998623526739,false,"יין הונגרי גוורצטרמינר 750 מ""ל כשר",דנוביאנה,HU,יין גוורצטרמינר,מיליליטרים,750.00,"100 מ""ל",false,1,39.90,5.32,true,1,
6001067017523,false,מברשת שיניים קולגייט לילדים מגיל חמש 1 יחידה,יבואן ומשווק: ש. שסט,CN,מברשת שיניים,יחידה,1.00,יחידה,false,0,9.90,9.90,true,1,
6008165274629,false,פאל מאל כחול ארוך סטרים פילטר חפיסה,יושלם,TR,פאלמאל ארוך טיוב,יחידה,1.00,יחידה,false,1,30.50,30.50,false,1,
6111094000259,false,קוסקוס דארי בינוני 500ג'18X,דארי קוספאט אס. איי. או,MA,קוסקוס דארי,גרמים,500.00,100 גרם,false,1,9.90,1.98,true,1,
6910191800287,false,אצות נורי בלו 10 דף (ננגטונג),ננטונג היידה אקווטוק,CN,אצות ים נורי,גרמים,28.00,100 גרם,false,0,12.90,46.07,true,1,
6920354824395,false,קולגייט משחת שיניים נטורל פחם פעיל ומנטה,קולגייט פלמוליב,PL,משחת שיניים,גרמים,90.00,100 גרם,false,1,29.90,33.22,true,1,
6933846212365,false,חול קריסטל לחתול 3.6,,CN,חול קריסטל,ליטרים,3.60,ליטר,false,0,25.90,7.19,true,1,
6935325410118,false,שום יבוא מובחר,קטיף.,XX,שום יבוא מובחר,גרמים,190.00,100 גרם,false,0,5.90,3.11,true,1,
6936745600783,false,"חומץ אורז מזרח מערב 500 מ""ל",דאנינג יוה פודס קו,CN,חומץ אורז 500 מל,מיליליטרים,500.00,"100 מ""ל",false,0,15.90,3.18,true,1,
7271730901261,false,ווקי מאק ארוחת אטריות עם גבינה 156 גרם,ניו וורלד פסטה קומפנ,US,ארוחת אטריות,גרמים,156.00,100 גרם,false,0,10.90,6.99,true,1,
7290000000022,true,עגבניות חממה,קטיף.,IL,עגבניה,קילוגרמים,0.00,"ק""ג",true,0,4.90,4.90,true,1,
7290000000046,true,מלפפונים,קטיף.,IL,מלפפון,קילוגרמים,0.00,"ק""ג",true,0,5.90,5.90,true,1,
7290000000053,true,קישואים מובחר,קטיף.,IL,קישואים מובחר,קילוגרמים,0.00,"ק""ג",true,0,6.90,6.90,true,1,
7290000000084,true,פלפל ירוק בהיר,שותפות מזרחי,IL,פלפל ירוק בהיר,קילוגרמים,0.00,"ק""ג",true,0,8.90,8.90,true,1,
7290000000091,true,פלפל אדום,קטיף.,IL,פלפל אדום,קילוגרמים,0.00,"ק""ג",true,0,8.90,8.90,true,1,
7290000000107,true,פלפל ירוק כהה,קטיף.,IL,פלפל ירוק כהה,קילוגרמים,0.00,"ק""ג",true,0,8.90,8.90,true,1,
7290000000114,true,חצילים,קטיף.,IL,חצילים,קילוגרמים,0.00,"ק""ג",true,0,6.90,6.90,true,1,
7290000000121,true,גזר ארוז אא,קטיף.,IL,גזר ארוז אא,קילוגרמים,0.00,"ק""ג",true,0,3.90,3.90,true,1,
7290000000138,true,כרוב לבן,קטיף.,IL,כרוב לבן,קילוגרמים,0.00,"ק""ג",true,0,3.90,3.90,true,1,
7290000000145,true,כרוב אדום,קטיף.,IL,כרוב אדום,קילוגרמים,0.00,"ק""ג",true,0,4.90,4.90,true,1,
7290000000169,true,כרוב סיני יחידה,קטיף.,IL,כרוב סיני,גרמים,200.00,100 גרם,false,0,6.90,3.45,true,1,
7290000000176,true,כרובית,קטיף.,IL,כרובית,קילוגרמים,0.00,"ק""ג",true,0,9.90,9.90,true,1,
7290000000183,true,סלק,קטיף.,IL,סלק,קילוגרמים,0.00,"ק""ג",true,0,4.90,4.90,true,1,
7290000000190,true,לפת,קטיף.,IL,לפת,קילוגרמים,0.00,"ק""ג",true,0,8.90,8.90,true,1,
7290000000206,true,צנון,קטיף.,IL,צנון,קילוגרמים,0.00,"ק""ג",true,0,8.90,8.90,true,1,
7290000000220,true,קולורבי,קטיף.,IL,קולורבי,קילוגרמים,0.00,"ק""ג",true,0,8.90,8.90,true,1,
7290000000282,true,חסה ערבית יחידה,קטיף,IL,חסה ערבית,יחידה,1.00,יחידה,false,0,4.90,4.90,true,1,
7290000000312,true,ארטישוק,קטיף.,IL,ארטישוק,קילוגרמים,0.00,"ק""ג",true,0,19.90,19.90,true,1,
7290000000350,true,מנגולד )סלק עלים( יחידה,קטיף.,IL,פזיל/ מנגולד,יחידה,1.00,יחידה,false,0,5.90,5.90,true,1,
7290000000411,true,שום - רביעייה במארז,קטיף.,XX,שום יבוא אא,גרמים,190.00,100 גרם,false,0,5.90,3.11,true,1,
7290000000428,true,בטטות מובחר,קטיף.,IL,בטטה,קילוגרמים,0.00,"ק""ג",true,0,9.90,9.90,true,1,
7290000000435,true,סלרי עלים יחידה,קטיף,IL,סלרי עלים,יחידה,1.00,יחידה,false,0,5.90,5.90,true,1,
7290000000466,true,בצל ירוק יחידה,קטיף.,IL,בצל ירוק,יחידה,1.00,יחידה,false,0,5.90,5.90,true,1,
7290000000480,true,בצל יבש,קטיף.,IL,בצל יבש,קילוגרמים,0.00,"ק""ג",true,0,4.90,4.90,true,1,
7290000000503,true,תפוח אדמה קטן ארוז,קטיף.,IL,"תפו""א קטן ארוז",קילוגרמים,0.00,"ק""ג",true,0,6.90,6.90,true,1,
7290000000510,true,פטרוזיליה יחידה,קטיף.,IL,פטרוזיליה,יחידה,1.00,יחידה,false,0,3.90,3.90,true,1,
7290000000527,true,שמיר יחידה,קטיף,IL,שמיר,יחידה,1.00,יחידה,false,0,3.90,3.90,true,1,
7290000000534,true,סלרי ראש יחידה,קטיף,IL,סלרי ראש,יחידה,1.00,יחידה,false,0,5.90,5.90,true,1,
7290000000541,true,שורש פטרוזיליה,קטיף,IL,שורש,יחידה,1.00,יחידה,false,0,5.90,5.90,true,1,
7290000000558,true,כוסברה יחידה,קטיף.,IL,כוסברה,יחידה,1.00,יחידה,false,0,3.90,3.90,true,1,
7290000000565,true,נענע יחידה,קטיף,IL,נענע,יחידה,1.00,יחידה,false,0,3.90,3.90,true,1,
7290000000572,true,שומר,קטיף.,IL,שומר,קילוגרמים,0.00,"ק""ג",true,0,8.90,8.90,true,1,
7290000000589,true,"ארטישוק/תפו""א ירושלמי",קטיף.,IL,"ארטישוק/תפו""א",קילוגרמים,0.00,"ק""ג",true,0,15.90,15.90,true,1,
7290000000596,true,תפוח אדמה לבן תפזורת,קטיף.,IL,תפוח אדמה תפזורת,קילוגרמים,0.00,"ק""ג",true,0,4.90,4.90,true,1,
7290000000619,true,פלפל חריף,שותפות מזרחי,IL,פלפל חריף,קילוגרמים,0.00,"ק""ג",true,0,8.90,8.90,true,1,
7290000000633,true,עירית יחידה,קטיף,IL,עירית יחידה,יחידה,1.00,יחידה,false,0,5.90,5.90,true,1,
7290000000701,true,פטריות שמפניון למילוי,קטיף.,IL,שמפניון למילוי,קילוגרמים,0.00,"ק""ג",true,0,35.90,35.90,true,1,
7290000000718,true,פטריות חורש במשקל,קטיף.,IL,פטריות חורש,קילוגרמים,0.00,"ק""ג",true,0,35.90,35.90,true,1,
7290000000732,true,דלורית,קטיף.,IL,דלורית,קילוגרמים,0.00,"ק""ג",true,0,5.90,5.90,true,1,
7290000000794,true,גבעולי סלרי יחידה,יראון עבודות חקלאיות,IL,גבעולי סלרי,יחידה,1.00,יחידה,false,0,5.90,5.90,true,1,
7290000000824,true,קשוא ירוק )זוקיני(,קטיף.,IL,קשוא ירוק,קילוגרמים,0.00,"ק""ג",true,0,9.90,9.90,true,1,
7290000000855,true,פלפל צהוב,קטיף.,IL,פלפל צהוב,קילוגרמים,0.00,"ק""ג",true,0,8.90,8.90,true,1,
7290000000916,true,עגבניה שרי סוכריות יח,קטיף.,IL,עגבניה שרי בודד,יחידה,1.00,יחידה,false,0,9.90,9.90,true,1,
7290000000954,true,רוקט ג.נחל חידה,קטיף.,IL,רוקט+ג.נחל-יח,יחידה,1.00,יחידה,false,0,5.90,5.90,true,1,
7290000001029,true,פילפל צילי יחידה,קטיף.,IL,פילפל צילי יח,יחידה,1.00,יחידה,false,0,5.90,5.90,true,1,
7290000001036,true,בצל יבש אדום,קטיף.,XX,בצל יבש אדום,קילוגרמים,0.00,"ק""ג",true,0,6.90,6.90,true,1,
7290000001050,true,בזיליקום יחידה,קטיף,IL,בזיליקום יחידה,יחידה,1.00,יחידה,false,0,5.90,5.90,true,1,
7290000001104,true,פטריות חורש יחידה,קטיף.,IL,פטריות חורש,יחידה,1.00,יחידה,false,0,9.90,9.90,true,1,
7290000001661,true,גזר תפזורת,קטיף.,IL,גזר תפזורת,קילוגרמים,0.00,"ק""ג",true,0,4.90,4.90,true,1,
7290000001692,true,תפוח אדמה אדום ארוז אא,קטיף.,IL,"תפו""א אדום ארוז",קילוגרמים,0.00,"ק""ג",true,0,4.90,4.90,true,1,
7290000001715,true,תפוח אדמה לבן ארוז אא,קטיף.,IL,"תפו""א לבן ארוז",קילוגרמים,0.00,"ק""ג",true,0,3.90,3.90,true,1,
7290000001722,true,תפוח אדמה אדום תפזורת,קטיף.,IL,"תפו""א אדום תפז'",קילוגרמים,0.00,"ק""ג",true,0,5.90,5.90,true,1,
7290000002026,true,לחם אחיד 750 גרם,מאפית ברמן,IL,לחם אחיד,גרמים,750.00,100 גרם,false,0,5.00,0.67,true,1,
7290000002040,true,חלה רגילה 500 גרם,מאפית ברמן,IL,חלה רגילה,גרמים,500.00,100 גרם,false,0,5.10,1.02,true,1,
7290000002071,true,חלה קלועה רגילה 500 גרם,מאפית ברמן,IL,חלה קלועה רגילה,גרמים,500.00,100 גרם,false,0,5.10,1.02,true,1,
7290000023809,false,"יין קלאסיק קברנה סוביניון ברקן 750 מ""ל",יקבי ברקן שיווק והפצה בע,IL,קברנה קלאסיק,מיליליטרים,750.00,"100 מ""ל",false,0,32.90,4.39,true,1,
7290000023816,false,"יין קלאסיק אמרלד ריזלינג ברקן 750 מ""ל",יקבי ברקן שיווק והפצה בע,IL,ריזלינג קלאסיק,מיליליטרים,750.00,"100 מ""ל",false,0,32.90,4.39,true,1,
7290000023823,false,"יין קלאסיק סוביניון בלאן ברקן 750 מ""ל",יקבי ברקן שיווק והפצה בע,IL,סוביניון בלאן,מיליליטרים,750.00,"100 מ""ל",false,0,32.90,4.39,true,1,
7290000023830,false,יין קלאסיק שיראז רוזה 750 מל,יקבי ברקן שיווק והפצה בע,IL,רוזה קלאסיק,מיליליטרים,750.00,"100 מ""ל",false,0,32.90,4.39,true,1,
7290000023977,false,"יין קלאסיק מרלו ברקן 750 מ""ל",יקבי ברקן שיווק והפצה בע,IL,מרלו קלאסיק,מיליליטרים,750.00,"100 מ""ל",false,0,32.90,4.39,true,1,
7290000024202,false,"יין רזרב קברנה סוביניון ברקן 750 מ""ל",ברקן שיווק והפצה בעמ,IL,ברקן רזרב,מיליליטרים,750.00,"100 מ""ל",false,0,44.90,5.99,true,1,
7290000024219,false,יין רזרב אמרלד ריזלינג 750 מל שביעית,יקבי ברקן,IL,יין ריזלינג ברקן,מיליליטרים,750.00,"100 מ""ל",false,0,44.90,5.99,true,1,
7290000024240,false,יין רזרב שרדונה 750 מל שביעית,ביבקבי ברקן שיווק וה,IL,יין ברקן שרדונה,מיליליטרים,750.00,"100 מ""ל",false,0,44.90,5.99,true,1,
7290000034256,false,ביסקוויט תירוש חצי מצופה הדר 175ג',אפיפית נצרת תעשיות ב,IL,ביסקוויט תירוש,גרמים,175.00,100 גרם,false,0,5.90,3.37,true,1,
7290000040042,false,יופלה יוגורט תות %3 גביע 150 גרם,תנובה חלב,IL,יופלה תות 3%,גרמים,150.00,100 גרם,false,0,5.20,3.47,true,1,
7290000040974,false,חלב דל לקטוז 2% תנובה קרטון 1 ליטר,תנובה מרכז שיתופי לש,IL,חלב טרי דל לקטוז,ליטרים,1.00,ליטר,false,0,7.10,7.10,true,1,
7290000041858,false,"שמנת חמוצה 15% מועשרת יטבתה 200 מ""ל",שטראוס גרופ,IL,שמנת חמוצה יטבתה,מיליליטרים,200.00,"100 מ""ל",false,0,2.50,1.25,true,1,
7290000042435,false,חלב דל שומן בקרטון+פקק תנובה 1 ליטר,תנובה מרכז שיתופי לש,IL,חלב 1% בקרטון,ליטרים,1.00,ליטר,false,0,5.86,5.86,true,1,
7290000042640,false,"חלב תנובה עמיד 3% קרטון 250 מ""ל",תנובה מרכז שיתופי לש,IL,חלב עמיד 3% שומן,מיליליטרים,250.00,"100 מ""ל",false,0,2.80,1.12,true,1,
7290000042855,false,"שוקו בשקית 250 מ""ל ""יטבתה""",שטראוס גרופ,IL,שוקו בשקית,מיליליטרים,225.00,"100 מ""ל",false,0,2.50,1.11,true,1,
7290000043012,false,"שוקו עמיד 2% בקרטון 250 מ""ל תנובה",תנובה מרכז שיתופי לש,IL,שוקו עמיד,מיליליטרים,250.00,"100 מ""ל",false,0,4.80,1.92,true,1,
7290000043814,false,השף הלבן שמנת להקצפה 38% שומן 250 מל - מוצר בפיקוח,תנובה מרכז שיתופי לש,IL,שמנת עמידה לקצפת,מיליליטרים,250.00,"100 מ""ל",false,0,6.47,2.59,true,1,
7290000043890,false,תנובה רויון לבן מחלב מפסוטר 1.5%,תנובה מרכז שיתופי לש,IL,רויון בקרטון1.5%,ליטרים,1.00,ליטר,false,0,11.90,11.90,true,1,
7290000043944,false,כד יוגורט תנובה 4% שומן 1.5 ליטר,מיוצר עי קונדיטוריית,IL,יוגורט בכד 4%,ליטרים,1.50,ליטר,false,0,17.30,11.53,true,1,
7290000045917,false,תנובה פרומעז גבינה מותכת מחלב עיזים 23% שומן,תנובה חלב,IL,גבינת פרומעז,גרמים,200.00,100 גרם,false,0,27.90,13.95,true,1,
7290000046020,false,גלבוע גבינה שמנה במש,תנובה מרכז שיתופי לש,IL,גבינת גלבוע 22%,קילוגרמים,0.00,"ק""ג",true,0,42.58,42.58,true,1,
7290000046327,false,גלבוע גבינה צהובה פרוסה 22% תנובה 200 גרם,תנובה מרכז שיתופי לש,IL,גבינת גלבוע פרוס,גרמים,200.00,100 גרם,false,0,13.00,6.50,true,1,
7290000047027,false,גב.קולאז' גלעד 27% במשקל,תנובה מרכז שיתופי לש,IL,גב.קשקבל /גלעד,קילוגרמים,0.00,"ק""ג",true,0,124.00,124.00,true,1,
7290000047485,false,גבינה בולגרית במשקל,תנובה מרכז שיתופי לש,IL,גבינה בולגרית,קילוגרמים,0.00,"ק""ג",true,0,59.00,59.00,true,1,
7290000047546,false,השף הלבן כנען גבינה לבנה דלת נתרן 5% תנובה 500 גרם,תנובה מרכז שיתופי לש,IL,גבינת כנען 5%,גרמים,500.00,100 גרם,false,0,25.10,5.02,true,1,
7290000048185,false,גבינה לבנה 5% תנובה 250 גרם מהדרין,מיוצר עי קונדיטוריית,IL,גבינה לבנה 5%,גרמים,250.00,100 גרם,false,0,4.98,1.99,true,1,
7290000048192,false,גבינה לבנה 9% תנובה 250 גרם מהדרין,מחלבת אלון תבור,IL,גבינה לבנה 9%,גרמים,250.00,100 גרם,false,0,5.00,2.00,true,1,
7290000048307,false,גבינת קוטג' עם זיתים 5% תנובה 250 גרם,מיוצר עי קונדיטוריית,IL,קוטג' עם זיתים5%,גרמים,250.00,100 גרם,false,0,5.70,2.28,true,1,
7290000051307,false,"מארז הפסקת אוכל עם דגני עוגי ומשקה חלב עמיד בטעם וניל 150 מ""ל",תנובה מרכז שיתופי לש,IL,מארז הפסקת אוכל,יחידה,1.00,יחידה,false,0,9.90,9.90,true,1,
7290000051352,false,חלב מלא בטעם של פעם 3.4% תנובה קרטון 1 ל',תנובה מרכז שיתופי לש,IL,חלב של פעם מלא,ליטרים,1.00,ליטר,false,0,7.80,7.80,true,1,
7290000051376,false,יוגורט יופלה דיאט אננס 0% שומן 150 גרם,תנובה מרכז שיתופי לש,IL,יופלה דיאט אננס,גרמים,150.00,100 גרם,false,0,5.00,3.33,true,1,
7290000052311,false,גבינה צהובה עמק לייט 15% שומן 200 גרם,תנובה מרכז שיתופי לש,IL,עמק 15% פרוס,גרמים,200.00,100 גרם,false,0,16.70,8.35,true,1,
7290000052649,false,גבינת לאבנה 5% שומן 500 ג' פיראוס,תנובה מרכז שיתופי לש,IL,לאבנה פיראוס 5%,גרמים,500.00,100 גרם,false,0,20.50,4.10,true,1,
7290000052717,false,גבינת קוטג' שום שמיר 5% תנובה 250 גרם,מיוצר עי קונדיטוריית,IL,קוטג' +שום שמיר,גרמים,250.00,100 גרם,false,0,5.70,2.28,true,1,
7290000053219,false,טל העמק חריץ 32% במשקל,תנובה מרכז שיתופי לש,IL,טל העמק 32%,קילוגרמים,0.00,"ק""ג",true,1,60.00,60.00,true,1,
7290000055329,false,"משקה בוקר יוגורט 1.5% בטעם תות מלון יופלה 250 מ""ל",תנובה מרכז שיתופי לש,IL,משקה יוגורט,גרמים,250.00,100 גרם,false,0,5.70,2.28,true,1,
7290000055350,false,גבינה צהובה חריץ עמק 28% במשקל,תנובה מרכז שיתופי לש,IL,גבינת עמק 28%,קילוגרמים,0.00,"ק""ג",true,1,44.79,44.79,true,1,
7290000055893,false,חמאה משמנת מפוסטרת 200גרם 82% כ.מהדרין - מוצר בפיקוח,תנובה מרכז שיתופי לש,IL,חמאה מהדרין,גרמים,200.00,100 גרם,false,0,8.20,4.10,true,1,
7290000056845,false,תנובה חלב טרי 3% שומן 1.5 ליטר - מוצר בפיקוח,פארייפאבה אגרואינדוס,IL,חלב תנובה 3%,ליטרים,1.50,ליטר,false,0,9.34,6.23,true,1,
7290000056883,false,שמיניית יוגורט יופלה 3% טעמים שונים 150 גרם,תנובה מרכז שיתופי לש,IL,יופלה 8 יח במארז,קילוגרמים,1.20,"ק""ג",false,0,31.30,26.08,true,1,
7290000056906,false,מאגדת לבן טבעי 1.5% שומן 8 יח' * 150 ג' יופלה,מחלבת אלון תבור,IL,יופלה לבן 1.5%,קילוגרמים,1.20,"ק""ג",false,0,18.10,15.08,true,1,
7290000057118,false,גבינה צהובה עמק 28% שומן ואקום 400 גרם,תנובה מרכז שיתופי לש,IL,גבינת עמק פרוסה,גרמים,400.00,100 גרם,false,0,21.90,5.48,true,1,
7290000057132,false,יוגורט תנובה טבעי 1.5% גביע 200 גרם,מחלבת אלון תבור,IL,יוגורט תנובה1.5%,גרמים,200.00,100 גרם,false,0,3.20,1.60,true,1,
7290000057149,false,יוגורט תנובה טבעי 3% גביע 200 גרם,מיוצר עי קונדיטוריית,IL,יוגורט תנובה 3%,גרמים,200.00,100 גרם,false,0,3.20,1.60,true,1,
7290000058030,false,"שמיניית יופלה שטוזים משקה יוגורט תות 100 מ""ל",מיוצר עי קונדיטוריית,IL,8שטוזים משקה תות,מיליליטרים,800.00,"100 מ""ל",false,0,21.60,2.70,true,1,
7290000058047,false,שמנת להקצפה 38% 500מל מהדרין עמיד השף הלבן,תנובה מרכז שיתופי לש,IL,משמנת להקצפה 38%,מיליליטרים,500.00,"100 מ""ל",false,0,12.94,2.59,true,1,
7290000060163,false,פסטה אסם אטריות דקות 400גר,"אסם תעשיות בע""מ",IL,אטריות דקות,גרמים,400.00,100 גרם,false,0,5.00,1.25,true,1,
7290000060200,false,פסטה אסם פתיתים אפויים קוסקוס 500גר,"אסם תעשיות בע""מ",IL,פתיתים אפויים,גרמים,500.00,100 גרם,false,0,6.90,1.38,true,1,
7290000060217,false,פסטה מקרוני מספר 7 אסם 500 גרם,קריות זול,IT,פסטה מקרוני 7,גרמים,500.00,100 גרם,false,0,5.90,1.18,true,1,
7290000060248,false,פסטה אסם פתיתים תלתלים 500 גר',קריות זול,IT,פסטה תלתלים,גרמים,500.00,100 גרם,false,0,5.90,1.18,true,1,
7290000060316,false,פרפקטו ספגטי מס' 8 אסם 500 גרם,אסם פרפקטו,IT,ספגטי פרפקטו,גרמים,500.00,100 גרם,false,0,6.90,1.38,true,1,
7290000060781,false,פסטה אסם פתיתים מסולסלים 500גר,קריות זול,IT,פסטה מסולסלת,גרמים,500.00,100 גרם,false,0,5.90,1.18,true,1,
7290000060842,false,פסטה אסם פתיתים צדפים גדולים 500גר,קריות זול,IT,פסטה צדפים אסם,גרמים,500.00,100 גרם,false,0,5.90,1.18,true,1,
7290000060880,false,פסטה ספגטי מספר 8 אסם 500 גרם,קריות זול,IT,ספגטי מס' 8,גרמים,500.00,100 גרם,false,0,5.90,1.18,true,1,
7290000060903,false,פסטה אסם פתיתים אפויים אורז 500גר,"אסם השקעות בע""\מ",IL,פתיתים אפויים,גרמים,500.00,100 גרם,false,0,6.90,1.38,true,1,
7290000060958,false,פסטה אסם אטריות בינוניות 400 גרם,"אסם השקעות בע""\מ",IL,אטריות בינוניות,גרמים,400.00,100 גרם,false,0,5.00,1.25,true,1,
7290000060965,false,פסטה אסם אטריות רחבות 400גר,"אסם השקעות בע""\מ",IL,אטריות רחבות,גרמים,400.00,100 גרם,false,0,5.00,1.25,true,1,
7290000061061,false,קרקר חיטה עם בצל אסם,"אסם השקעות בע""\מ",IL,קרקר בטעם בצל,גרמים,250.00,100 גרם,false,0,9.90,3.96,true,1,
7290000061108,false,"רוטב טריאקי 290 מ""ל-בקבוק","אסם השקעות בע""\מ",IL,רוטב טריאקי,מיליליטרים,290.00,"100 מ""ל",false,0,9.90,3.41,true,1,
7290000061245,false,עוגיות שוקוצ'יפס במילוי שוקולד אסם 220 גרם,מיוצר עי קונדיטוריית,IL,עוגיות ש.צ'יפס,גרמים,220.00,100 גרם,false,0,10.60,4.82,true,1,
7290000062952,false,אוסם - מיני קרוטונים למרק ולסלט 250 גרם,עינת תעשיות מזון אגו,IL,מיני קרוטונים,גרמים,250.00,100 גרם,false,0,13.90,5.56,true,1,
7290000063102,false,קמח עוגה תופח מאליו אסם 350 גרם,"אסם השקעות בע""\מ",IL,קמח תופח מאליו,גרמים,350.00,100 גרם,false,0,4.90,1.40,true,1,
7290000063140,false,שקדי מרק רכיבים טבעיים בשקית 400 ג' אסם,"אסם תעשיות בע""מ",IL,שקדי מרק אסם,גרמים,400.00,100 גרם,false,0,9.80,2.45,true,1,
7290000063157,false,"קמח עוגה תופח מאליו אסם 1 ק""ג","אסם השקעות בע""\מ",IL,קמח תופח מאליו,קילוגרמים,1.00,"ק""ג",false,0,8.90,8.90,true,1,
7290000064758,false,קוסקוס בינוני אמיתי אסם 350 ג',"מיוצר ע""י קוד יצרן K",IL,קוסקוס בינוני,גרמים,350.00,100 גרם,false,0,7.90,2.26,true,1,
7290000064871,false,"אוסם - מנה חמה פירה תפו""א עם בצל 56 גרם","אסם תעשיות בע""מ",IL,מנה חמה פירה,גרמים,56.00,100 גרם,false,0,5.90,10.54,true,1,
7290000065090,false,מיני קרוטונים מתובלים למרק ולסלט אסם 400 גרם,עינת תעשיות מזון אגו,IL,מיני קרוטונים,גרמים,400.00,100 גרם,false,0,22.80,5.70,true,1,
7290000065557,false,אוסם - מנה חמה קוסקוס עם ירקות 84 גרם,"אסם תעשיות מזון בע""מ",IL,מנה חמה קוסקוס,גרמים,84.00,100 גרם,false,0,5.90,7.02,true,1,
7290000066134,false,ביסלי חטיף בטעם פלאפל אסם 70 גרם,"אסם השקעות בע""\מ",IL,ביסלי פלאפל,גרמים,70.00,100 גרם,false,0,4.40,6.29,true,1,
7290000066141,false,ביסלי חטיף בטעם גריל אסם 70 גרם,"אסם השקעות בע""\מ",IL,ביסלי גריל,גרמים,70.00,100 גרם,false,0,4.40,6.29,true,1,
7290000066196,false,ביסלי חטיף בטעם גריל אסם 200 גרם,מיוצר עי קונדיטוריית,IL,ביסלי גריל,גרמים,200.00,100 גרם,false,0,7.50,3.75,true,1,
7290000066226,false,ביסלי חטיף בטעם פיצה אסם 200 גרם,מיוצר עי קונדיטוריית,IL,ביסלי בטעם פיצה,גרמים,200.00,100 גרם,false,0,7.50,3.75,true,1,
7290000066264,false,דובונים חטיף תפוחי אדמה אסם 40 גרם,"אסם השקעות בע""\מ",IL,חטיפי דובונים,גרמים,40.00,100 גרם,false,0,4.30,10.75,true,1,
7290000066295,false,במבה מתוקה מחומרים טבעיים 30 גרם,מיוצר עי קונדיטוריית,IL,במבה מתוקה,גרמים,30.00,100 גרם,false,0,2.90,9.67,true,1,
7290000066318,false,במבה חטיף בוטנים אסם 80 גרם,"אסם השקעות בע""\מ",IL,במבה,גרמים,80.00,100 גרם,false,0,4.30,5.38,true,1,
7290000066332,false,אפרופו חטיף תירס אסם 50 גרם,מיוצר עי קונדיטוריית,IL,חטיף אפרופו,גרמים,50.00,100 גרם,false,0,5.00,10.00,true,1,
7290000066431,false,פופקו חטיף פופקורן בטעם חמאה ודבש אסם 80 גרם,מיוצר עי קונדיטוריית,IL,חטיף פופקו,גרמים,80.00,100 גרם,false,0,5.40,6.75,true,1,
7290000068138,false,אינסטנט פודינג בטעם וניל אסם 80 גרם,מיוצר עי קונדיטוריית,IL,אינסטנט פודינג,גרמים,80.00,100 גרם,false,0,5.50,6.88,true,1,
7290000068190,false,אסם ג'לי תות שדה צבעים טבעיים 90 גרם,מיוצר עי קונדיטוריית,IL,ג'לי בטעם תות,גרמים,90.00,100 גרם,false,0,6.40,7.11,true,1,
7290000068237,false,אבקה להכנת ג'לי בטעם פטל אסם 85 גרם,מיוצר עי קונדיטוריית,IL,ג'לי בטעם פטל,גרמים,85.00,100 גרם,false,0,6.40,7.53,true,1,
7290000068251,false,אבקה להכנת ג'לי בטעם אננס אסם 85 גרם,מיוצר עי קונדיטוריית,IL,ג'לי בטעם אננס,גרמים,85.00,100 גרם,false,0,6.40,7.53,true,1,
7290000068343,false,אסם פריכונים פרוסות קלויות מלא,"פרח תעשיות מזון בע""מ.",IL,פריכונים מאורז,גרמים,140.00,100 גרם,false,0,7.90,5.64,true,1,
7290000068701,false,אסם שקדי מרק רכיבים טבע.מיכל 400 גרם,"אסם תעשיות בע""מ",IL,שקדי מרק במיכל,גרמים,400.00,100 גרם,false,0,16.30,4.08,true,1,
7290000068770,false,במבה יום הולדת חטיף בוטנים אסם 80 גרם,"אסם השקעות בע""\מ",IL,במבה יום הולדת,גרמים,80.00,100 גרם,false,0,4.30,5.38,true,1,
7290000068787,false,במבה יום הולדת חטיף בוטנים אסם 25 גרם,מיוצר עי קונדיטוריית,IL,במבה יום הולדת,גרמים,25.00,100 גרם,false,0,2.20,8.80,true,1,
7290000069258,false,פסטה פרפקטו פנה ריגאטה 500 ג' אסם,קריות זול,IT,פנה ריגאטה,גרמים,500.00,100 גרם,false,0,6.90,1.38,true,1,
7290000070308,false,אבקת מרק עוף אמיתי בשרי אסם 400 גרם,"אסם השקעות בע""\מ",IL,מרק עוף אמיתי,גרמים,400.00,100 גרם,false,0,16.90,4.23,true,1,
7290000070322,false,אבקת מרק פטריות רכיבים טבעיים אסם 400 גרם,"אסם השקעות בע""\מ",IL,מרק פטריות אסם,גרמים,400.00,100 גרם,false,0,19.90,4.98,true,1,
7290000070353,false,אבקת מרק בצל רכיבים טבעיים אסם 400 גרם,"אסם השקעות בע""\מ",IL,מרק בצל אסם,גרמים,400.00,100 גרם,false,0,19.90,4.98,true,1,
7290000070384,false,אבקת מרק טעם עוף זך 400 גרם,"אסם השקעות בע""\מ",IL,מרק בטעם עוף,גרמים,400.00,100 גרם,false,0,14.20,3.55,true,1,
7290000071008,false,אוסם - בייגלה שטוחים מלח 60 גרם,"אסם השקעות בע""\מ",IL,בייגלה שטוחים,גרמים,60.00,100 גרם,false,0,3.10,5.17,true,1,
7290000072067,false,במבה במילוי קרם חלבה 60ג' אסם,מיוצר עי קונדיטוריית,IL,במבה במילוי חלוה,גרמים,60.00,100 גרם,false,0,4.30,7.17,true,1,
7290000072241,false,"רוטב פיצה 290 מ""ל-בקבוק","אסם השקעות בע""\מ",IL,רוטב לפיצה אסם,מיליליטרים,290.00,"100 מ""ל",false,0,9.90,3.41,true,1,
7290000072623,false,קטשופ אסם בקבוק לחיץ 750 גרם,"אסם תעשיות בע""מ",IL,קטשופ בקבוק לחיץ,גרמים,750.00,100 גרם,false,0,8.90,1.19,true,1,
7290000072753,false,קפה נמס מגורען טסטרס צ'ויס 200 גרם-,נסטלה קוריאה - קפה,KR,קפה טסטרס צ'ויס,גרמים,200.00,100 גרם,false,0,29.90,14.95,true,1,
7290000072777,false,קפה נמס מגורען נטול קפאין טסטרס צ'ויס 200 גרם,נסטלה קוריאה - קפה,KR,קפה טסטרס צויס,גרמים,200.00,100 גרם,false,0,38.90,19.45,true,1,
7290000072968,false,דגני בוקר סיני מיניס חיטה מלאה וקינמון נסטלה 500 גרם,נסטלה פולין דגני בוק,PL,דגני נסטלה,גרמים,500.00,100 גרם,false,0,14.90,2.98,true,1,
7290000073125,false,מנה חמה פסטה ברוטב עגבניות אסם 62 גרם,"אסם השקעות בע""\מ",IL,מנה חמה פסטה,גרמים,62.00,100 גרם,false,0,5.90,9.52,true,1,
7290000073415,false,אוסם - מנה חמה פסטה ברוטב פיצה 61 גרם,"אסם השקעות בע""\מ",IL,מנה חמה פסטה,גרמים,61.00,100 גרם,false,0,5.90,9.67,true,1,
7290000073750,false,מנה חמה נודלס אטר+ירקות טעם עוף 70 גרם,PUB FOODS PRESIDENT THAI,TH,מנה חמה נודלס,גרמים,70.00,100 גרם,false,0,5.90,8.43,true,1,
7290000074184,false,ביסקויט פתיבר קלאסי 500 גרם,"אסם השקעות בע""\מ",IL,ביסקוויט פתי בר,גרמים,500.00,100 גרם,false,0,10.90,2.18,true,1,
7290000074245,false,אוסם - קרם קרקר אסם 250 גרם,"אסם השקעות בע""\מ",IL,קרם קרקר אסם,גרמים,250.00,100 גרם,false,0,9.80,3.92,true,1,
7290000074252,false,קרקר שומשון אסם 250 גרם,"אסם השקעות בע""\מ",IL,קרקר שומשום אסם,גרמים,250.00,100 גרם,false,0,9.90,3.96,true,1,
7290000074276,false,קרקר פיקנטי טבעון 250 ג' אסם,"אסם השקעות בע""\מ",IL,קרקר פיקנטי אסם,גרמים,250.00,100 גרם,false,0,9.90,3.96,true,1,
7290000074375,false,אוסם - קרקר זהב 150 גרם,"אסם השקעות בע""\מ",IL,קרקר זהב אסם,גרמים,150.00,100 גרם,false,0,7.50,5.00,true,1,
7290000074481,false,לחמית אגוזים אסם 160 גרם,"אסם השקעות בע""\מ",IL,לחמית אגוזים,גרמים,160.00,100 גרם,false,0,9.90,6.19,true,1,
7290000076126,false,אוסם - בייגלה שמיניות קטנות 80 גרם,"אסם השקעות בע""\מ",IL,בייגלה שמיניות,גרמים,80.00,100 גרם,false,0,3.10,3.88,true,1,
7290000076133,false,בייגלה שמיניות קטנות עם מלח אסם 400 גרם,"אסם השקעות בע""\מ",IL,בייגלה שמיניות,גרמים,400.00,100 גרם,false,0,9.90,2.48,true,1,
7290000077017,false,עוגיות קרמוגית במילוי קרם שוקולד אסם 200 גרם,מיוצר עי קונדיטוריית,IL,קרמוגית שוקולד,גרמים,200.00,100 גרם,false,0,10.90,5.45,true,1,
7290000077253,false,אוסם - לחמית כפרית עם דגנים מלאים 190 גרם,"אסם השקעות בע""\מ",IL,לחמית כפרית,גרמים,190.00,100 גרם,false,0,9.90,5.21,true,1,
7290000078212,false,קרוטונים מתובלים למרק אסם 250 גרם,עינת תעשיות מזון אגו,IL,קרוטונים מתובל,גרמים,250.00,100 גרם,false,0,13.90,5.56,true,1,
7290000078762,false,אוסם - חטיפי פריכונים מאורז מלא בטעם דבש 80גר,סנורייס בלגיום אן. ו,GB,חטיפי פריכונים,גרמים,80.00,100 גרם,false,0,7.50,9.38,true,1,
7290000080758,false,אוסם - טוסטעים פת קלוי 100 גרם,ון דר מולן האלום,NL,טוסטעים פת קלוי,גרמים,100.00,100 גרם,false,0,10.50,10.50,true,1,
7290000090627,true,לחמניה מתוקה,גידרון,IL,לחמניה מתוק עגול,יחידה,1.00,יחידה,false,0,2.40,2.40,true,1,
7290000090832,true,בייגל אמריקאי רגיל,גידרון,IL,בייגל אמריקאי,יחידה,1.00,יחידה,false,0,4.50,4.50,true,1,
7290000091648,true,קוקוס פיליפיני טחון משקל,,IL,קוקוס פיליפיני,קילוגרמים,0.00,"ק""ג",true,0,18.00,18.00,true,1,
7290000093031,true,לחם ג'בטה,גידרון,IL,לחם ג'בטה,יחידה,1.00,יחידה,false,0,7.50,7.50,true,1,
7290000094199,true,לחם חצי ג'בטה,גידרון,IL,חצי ג'בטה לבן,יחידה,1.00,יחידה,false,0,4.50,4.50,true,1,
7290000094373,true,לחם חצי ג'בטה כפרי,גידרון,IL,לחם חצי ג'בטה,יחידה,1.00,יחידה,false,0,4.50,4.50,true,1,
7290000096414,true,סופגניה גדולה רגילה80*6ג,גידרון,IL,סופגניה גדולה6יח,יחידה,1.00,יחידה,false,6,19.90,19.90,true,1,
7290000097237,true,בגט 280 גרם,גידרון,IL,בגט גדרון,יחידה,1.00,יחידה,false,0,4.90,4.90,true,1,
7290000097633,true,לחמניית קשר,גידרון,IL,לחמניית קשר,יחידה,1.00,יחידה,false,0,3.20,3.20,true,1,
7290000097657,true,לחמניית חלה,גידרון,IL,לחמניית חלה,יחידה,1.00,יחידה,false,0,4.50,4.50,true,1,
7290000098296,true,לחמניית אצבע,גידרון,IL,לחמניית אצבע,יחידה,1.00,יחידה,false,0,2.40,2.40,true,1,
7290000099248,true,בורקס גבינה חלבי במשקל,גידרון,IL,בורקס גבינה חלבי,קילוגרמים,0.00,"ק""ג",true,0,42.00,42.00,true,1,
7290000099385,true,גביניות חלבי במשקל,גידרון,IL,גביניות חלבי,קילוגרמים,0.00,"ק""ג",true,0,42.00,42.00,true,1,
7290000099835,true,קוקיס+שבבי שוקולד חלבי,גידרון,IL,קוקיס שוק.חלבי,קילוגרמים,0.00,"ק""ג",true,0,52.00,52.00,true,1,
7290000099873,true,קוקיס שוקולד חלבי במשקל,גידרון,IL,קוקיס שוקולד חלב,קילוגרמים,0.00,"ק""ג",true,0,52.00,52.00,true,1,
7290000100029,false,פתיתי כרובית סנפרוסט 800 גר,"סנפרוסט בע""מ",IL,פתיתי כרובית,גרמים,800.00,100 גרם,false,1,19.90,2.49,true,1,
7290000100593,false,פרוסות אנטיפסטי לתנור סנפרוסט 600 גרם,"סנפרוסט בע""\מ",IL,אנטיפסטי לתנור,גרמים,600.00,100 גרם,false,1,22.90,3.82,true,1,
7290000101132,false,לקט קטניות לחמין סנפרוסט 800 גר,"סנפרוסט בע""\מ",IL,לקט קטניות לחמין,גרמים,800.00,100 גרם,false,1,21.90,2.74,true,1,
7290000101927,false,אוכמניות כחולות מוקפאות סנפרוסט 300 גרם,"איי, בי, אינבוו",IL,אוכמניות קפואות,גרמים,300.00,100 גרם,false,1,17.90,5.97,true,1,
7290000101934,false,מיקס פירות יער מוקפאות 300 ג' סנפרוסט,"סנפרוסט בע""\מ",IL,מיקס פירות יער,גרמים,300.00,100 גרם,false,1,17.90,5.97,true,1,
7290000103457,false,"מיני כרובית 600 גרם ""סנפרוסט""","סנפרוסט בע""\מ",IL,מיני כרובית,גרמים,600.00,100 גרם,false,1,17.90,2.98,true,1,
7290000103488,false,"ארטישוק ירושלמי 400 גרם ""סנפרוסט""","סנפרוסט בע""\מ",IL,ארטישוק י-ם קפוא,גרמים,400.00,100 גרם,false,1,21.90,5.48,true,1,
7290000103730,false,לקט להקפצה עם פסטה פוזילי סנפרוסט 800 גרם,"איי, בי, אינבוו",IL,לקט להקפצה,גרמים,800.00,100 גרם,false,0,24.90,3.11,true,1,
7290000103815,false,לקט להקפצה בסגנון תאילנדי סנפרוסט 800 גרם,"סנפרוסט בע""\מ",IL,לקט תאילנדי,גרמים,800.00,100 גרם,false,0,24.90,3.11,true,1,
7290000103822,false,ירקות שמלווים עוף סנפרוסט 800ג',"סנפרוסט בע""\מ",IL,לקט לעוף 800גרם,גרמים,800.00,100 גרם,false,0,22.90,2.86,true,1,
7290000103846,false,מרק אפונה עשיר בירקות סנפרוסט 570 גרם,"סנפרוסט בע""\מ",IL,מרק אפונה,גרמים,572.00,100 גרם,false,0,17.90,3.13,true,1,
7290000103860,false,מרק עדשים עשיר בירקות סנפרוסט 570 גרם,"איי, בי, אינבוו",IL,מרק עדשים,גרמים,572.00,100 גרם,false,0,17.90,3.13,true,1,
7290000103877,false,מרק שעועית עשיר בירקות סנפרוסט 640 גרם,"סנפרוסט בע""\מ",IL,מרק שעועית,גרמים,644.00,100 גרם,false,0,17.90,2.78,true,1,
7290000104201,false,אפונה עדינה סנפרוסט 600 גרם,"איי, בי, אינבוו",IL,אפונה עדינה קפוא,גרמים,600.00,100 גרם,false,0,17.90,2.98,true,1,
7290000104218,false,סנפרוסט במיה 600 גרם,"איי, בי, אינבוו",IL,במיה מוקפאת,גרמים,600.00,100 גרם,false,0,15.80,2.63,true,1,
7290000104225,false,בצל קצוץ סנפרוסט 600 גרם,"סנפרוסט בע""\מ",IL,בצל קצוץ מוקפא,גרמים,600.00,100 גרם,false,0,17.00,2.83,true,1,
7290000104676,false,אפונה קפואה סנפרוסט 800 גרם,"איי, בי, אינבוו",IL,אפונה ירוקה קפוא,גרמים,800.00,100 גרם,false,0,17.90,2.24,true,1,
7290000104683,false,שעועית ירוקה שלמה סנפרוסט 800 גרם,"סנפרוסט בע""\מ",IL,שעועית ירוקה שלמ,גרמים,800.00,100 גרם,false,0,19.90,2.49,true,1,
7290000104690,false,תירס גרעינים 800 גרם סנפרוסט,"איי, בי, אינבוו",IL,גרעיני תירס קפוא,גרמים,800.00,100 גרם,false,0,17.90,2.24,true,1,
7290000104706,false,גזר גמדי סנפרוסט 800 גרם,"סנפרוסט בע""\מ",IL,גזר גמדי מוקפא,גרמים,800.00,100 גרם,false,0,18.50,2.31,true,1,
7290000104720,false,שעועית ירוקה חתוכה סנפרוסט 800 גרם,"סנפרוסט בע""\מ",IL,שעועית ירוקה,גרמים,800.00,100 גרם,false,0,18.70,2.34,true,1,
7290000104744,false,כרובית סנפרוסט 800 גרם,"סנפרוסט בע""\מ",IL,כרובית מוקפאת,גרמים,800.00,100 גרם,false,0,24.90,3.11,true,1,
7290000104751,false,"כרוב ניצנים 800 גרם ""סנפרוסט""","איי, בי, אינבוו",IL,כרוב ניצנים קפוא,גרמים,800.00,100 גרם,false,0,24.90,3.11,true,1,
7290000104768,false,תרד עלים סנפרוסט 800 ג ',"איי, בי, אינבוו",IL,תרד עלים מוקפא,גרמים,800.00,100 גרם,false,0,25.60,3.20,true,1,
7290000104799,false,שעועית לבנה מבושלת סנפרוסט 800 גרם,"איי, בי, אינבוו",IL,שעועית לבנה,גרמים,800.00,100 גרם,false,0,19.80,2.48,true,1,
7290000104805,false,גרגירי חומוס מבושלים סנפרוסט 800 גרם,"איי, בי, אינבוו",IL,גרגרי חומוס קפוא,גרמים,800.00,100 גרם,false,0,19.70,2.46,true,1,
7290000104836,false,שעועית ירוקה עדינה שלמה סנפרוסט 600 גרם,"סנפרוסט בע""\מ",IL,שעועית שלמה קפוא,גרמים,600.00,100 גרם,false,0,21.90,3.65,true,1,
7290000104874,false,ירקות לקוסקוס של אמא סנפרוסט 800ג',"סנפרוסט בע""\מ",IL,לקט לקוסקוס קפוא,גרמים,800.00,100 גרם,false,0,22.90,2.86,true,1,
7290000104881,false,לקט אפונה וגזר סנפרוסט 800 גרם,"איי, בי, אינבוו",IL,אפונה וגזר קפוא,גרמים,800.00,100 גרם,false,0,15.90,1.99,true,1,
7290000104904,false,לקט ירקות מעורבים סנפרוסט 800 גרם,"איי, בי, אינבוו",IL,לקט ירקות מעור,גרמים,800.00,100 גרם,false,0,22.90,2.86,true,1,
7290000104911,false,לקט נורמנדי סנפרוסט 800 גרם,"איי, בי, אינבוו",IL,לקט נורמנדי קפוא,גרמים,800.00,100 גרם,false,0,22.90,2.86,true,1,
7290000106175,false,"לקט כפרי סנפרוסט 2 ק""ג","סנפרוסט בע""\מ",IL,לקט כפרי קפוא,קילוגרמים,2.00,"ק""ג",false,0,39.90,19.95,true,1,
7290000106526,false,ירקות מעורבים מוקפאים חגיגה ירוקה להקפצה,"איי, בי, אינבוו",IL,חגיגה ירוקה להקפ,גרמים,800.00,100 גרם,false,1,24.90,3.11,true,1,
7290000107189,false,תחתיות ארטישוק סנפרוסט 400 גרם,"איי, בי, אינבוו",IL,תחתיות ארטישוק,גרמים,400.00,100 גרם,false,0,21.90,5.48,true,1,
7290000107295,false,תפרחות ברוקולי סנפרוסט 800 גרם,"איי, בי, אינבוו",IL,ברוקולי מוקפא,גרמים,800.00,100 גרם,false,0,24.90,3.11,true,1,
7290000112220,false,טחינה גולמית שומשום טהור בארכה 500 גרם,"רושדי תעשיות מזון בע""\מ",IL,טחינה גולמית,גרמים,500.00,100 גרם,false,0,13.90,2.78,true,1,
7290000121093,false,גבינה מותכת לייט בטעם שוויצרי 7% מון בלאן 120 גר',האי נאם סי או אל.טי.,IL,גבינת מון בלאן,גרמים,120.00,100 גרם,false,0,11.90,9.92,true,1,
7290000129457,false,אבקת רוטב פטריות קנור 28 ג' שקית,יוניליוור ישראל מזון בע\,IL,רוטב פטריות,גרמים,28.00,100 גרם,false,0,3.90,13.93,true,1,
7290000134147,false,טעם וריח מוסקט טחון מיכל 40גר,"תבליני טעם וריח בע""מ",IL,מוסקט טחון,גרמים,40.00,100 גרם,false,0,14.90,37.25,true,1,
7290000134314,false,פיצה תערובת תיבול 120 גרם מיכל גדול,"תבליני טעם וריח בע""מ",IL,תיבול לפיצה,גרמים,120.00,100 גרם,false,0,10.00,8.33,true,1,
7290000134673,false,זנגויל טחון מיכל 30 גרם,"תבליני טעם וריח בע""מ",IL,זנגויל טחון,גרמים,30.00,100 גרם,false,0,7.00,23.33,true,1,
7290000134833,false,כמון טחון בקופ' 100 גר' טעם וריח,"תבליני טעם וריח בע""מ",IL,כמון טחון,גרמים,100.00,100 גרם,false,0,10.00,10.00,true,1,
7290000134840,false,כורכום טחון בקופ' 100 גר' טעם וריח,"תבליני טעם וריח בע""מ",IL,כורכום טחון,גרמים,100.00,100 גרם,false,0,10.00,10.00,true,1,
7290000134857,false,פפריקה מתוקה בקופ' 100 גר' טעם וריח,"תבליני טעם וריח בע""מ",IL,פפריקה במיכל,גרמים,100.00,100 גרם,false,0,10.00,10.00,true,1,
7290000134871,false,פלפל שחור טחון בקופ' 100 גר' טעם וריח,"תבליני טעם וריח בע""מ",IL,פלפל שחור במיכ,גרמים,100.00,100 גרם,false,0,12.90,12.90,true,1,
7290000135311,false,פפסי קולה ליים 1.5 ללא סוכר,"טמפו משקאות בע""\מ",IL,פפסי מקס ליים,ליטרים,1.50,ליטר,false,1,7.60,5.07,true,1,
7290000135595,false,פפסי מקס בטעם דובדבן 1.5 ללא סוכר,"טמפו משקאות בע""\מ",IL,פפסי מקס דובדבן,ליטרים,1.50,ליטר,false,1,7.60,5.07,true,1,
7290000136141,false,משקה בטעם קולה 1.5ל' פפסי,"טמפו משקאות בע""\מ",IL,פפסי קולה,ליטרים,1.50,ליטר,false,0,7.70,5.13,true,1,
7290000136158,false,פפסי מקס משקה מוגז דל קלוריות בטעם קולה,"טמפו משקאות בע""\מ",IL,פפסי מקס,ליטרים,1.50,ליטר,false,0,7.60,5.07,true,1,
7290000136165,false,משקה מירינדה 1.5ליטר,"טמפו משקאות בע""\מ",IL,מירינדה תפוזי,ליטרים,1.50,ליטר,false,0,7.60,5.07,true,1,
7290000136172,false,סבן אפ בקבוק 1.5 ליט,"טמפו משקאות בע""\מ",IL,סבן אפ,ליטרים,1.50,ליטר,false,0,7.60,5.07,true,1,
7290000136189,false,סבן אף דיאט 1.5 ליטר בודד,"טמפו משקאות בע""\ם.",IL,דיאט סבן אפ,ליטרים,1.50,ליטר,false,0,7.90,5.27,true,1,
7290000136240,false,סודה 1.5 ליטר שישייה בודד,"טמפו משקאות בע""\מ",IL,מי סודה טמפו,ליטרים,1.50,ליטר,false,0,3.90,2.60,true,1,
7290000136288,false,"סירופ בטעם תפוחים ג'ויסר סיידר הגליל 330 מ""ל","טמפו משקאות בע""\מ",IL,סירופ סיידר גליל,מיליליטרים,330.00,"100 מ""ל",false,1,14.90,4.52,true,1,
7290000136301,false,"סירופ בטעם ענבים ג'ויסר סיידר הגליל 330 מ""ל","טמפו משקאות בע""\מ",IL,סירופ סיידר גליל,מיליליטרים,330.00,"100 מ""ל",false,1,14.90,4.52,true,1,
7290000136431,false,משקה בטעם אפרסק צלול תריסר 1.5 ל' ג'אמפ,"טמפו משקאות בע""\מ",IL,ג'אמפ אפרסק,ליטרים,1.50,ליטר,false,0,7.50,5.00,true,1,
7290000136455,false,משקה בטעם אשכוליות תריסר 1.5 ל' ג'אמפ,"טמפו משקאות בע""\ם.",IL,ג'אמפ אשכוליו,ליטרים,1.50,ליטר,false,0,7.50,5.00,true,1,
7290000136516,false,משקה בטעם מנגו פסיפלורה תריסר 1.5 ל' ג'אמפ,טמפו משקאות בעמ,IL,ג'אמפ מנגו,ליטרים,1.50,ליטר,false,0,7.50,5.00,true,1,
7290000136523,false,משקה בטעם ענבים תריסר 1.5 ל' ג'אמפ,"טמפו משקאות בע""\ם.",IL,ג'אמפ ענבים,ליטרים,1.50,ליטר,false,0,7.50,5.00,true,1,
7290000136561,false,משקה בטעם תות בננה תריסר 1.5 ל' ג'אמפ,"טמפו משקאות בע""\מ",IL,ג'אמפ תות בננ,ליטרים,1.50,ליטר,false,0,7.50,5.00,true,1,
7290000136585,false,משקה בטעם תפוזים תריסר 1.5 ל' ג'אמפ,"טמפו משקאות בע""\ם.",IL,ג'אמפ תפוזים,ליטרים,1.50,ליטר,false,0,7.50,5.00,true,1,
7290000136646,false,בירה נשר מאלט ללא אלכוהול 1.5 ליטר,"טמפו משקאות בע""\מ",IL,נשר מאלט,ליטרים,1.50,ליטר,false,0,9.30,6.20,true,1,
7290000136653,false,דיאט נשר מאלט ללא אלכוהול 1.5 ליטר,"טמפו משקאות בע""\מ",IL,נשר מאלט דיאט,ליטרים,1.50,ליטר,false,0,8.80,5.87,true,1,
7290000136752,false,סבן אפ דיאט מארז שישייה 1.5 ל' FREE,"טמפו משקאות בע""\מ",IL,סבן אפ דיאט1.5*6,ליטרים,9.00,ליטר,false,0,36.50,4.06,true,1,
7290000136769,false,מארז שישיה בטעם קולה 1.5 ל' פפסי,"טמפו משקאות בע""\מ",IL,פפסי קולה 1.5*6ל,ליטרים,9.00,ליטר,false,0,37.90,4.21,true,1,
7290000136776,false,שישיית פפסי מקס דל קלוריות 1.5 ליטר,פפסי Pepsi,IL,פפסי מקס1.5*6ל,ליטרים,9.00,ליטר,false,0,37.50,4.17,true,1,
7290000136790,false,שישיית מי סודה טמפו 1.5 ליטר,"טמפו משקאות בע""\מ",IL,סודה טמפו1.5*6ל,ליטרים,9.00,ליטר,false,0,17.90,1.99,true,1,
7290000136813,false,סודה בטעם אננס מארז רביעייה 1.5 ל' טמפו,טמפו משקאות בע''מn\,IL,סודה ט.אננס1.5*4,ליטרים,6.00,ליטר,false,0,12.00,2.00,true,1,
7290000136837,false,רביעיית מי סודה נגיעות אפרסק טמפו 1.5 ליטר,טמפו משקאות בע''מn\,IL,4סודה ט.אפרסק1.5,ליטרים,6.00,ליטר,false,0,12.00,2.00,true,1,
7290000136844,false,מארז מים מזוככים אקווה נובה שישיית 2 ליטר,"טמפו משקאות בע""\מ",IL,אקווה נובה2*6ל,ליטרים,12.00,ליטר,false,0,12.90,1.08,true,1,
7290000136868,false,סאן בנדטו - מים מינרלים - מארז שישיית 1.5 ליטר,אקווה מינרלה סאן בנדטו ב,IT,סאן בנדטו1.5*6ל,ליטרים,9.00,ליטר,false,0,18.90,2.10,true,1,
7290000143279,false,"שמפו הוואי נגד קשקשים 700 מ""ל-אדום",טרופיקל דגיל קוסמטיק,IL,שמפו הוואי,מיליליטרים,700.00,"100 מ""ל",false,0,7.90,1.13,true,1,
7290000143286,false,"מרכך הוואי לשיער רגיל 700 מ""ל",שוורצקוף& הנקל דיסלד,IL,מרכך הוואי,מיליליטרים,700.00,"100 מ""ל",false,0,7.90,1.13,true,1,
7290000144160,false,"שמן זית כתית מעולה ארומתי עץ הזית 750 מ""ל","מרקאולאו, ספרד.אבסה,",IT,שמן זית,מיליליטרים,750.00,"100 מ""ל",false,0,29.90,3.99,true,1,
7290000144474,false,שמן עץ הזית קנולה 1 ליטר בריאות מהטבע,שמן תעשיות בעמ,EE,שמן קנולה,ליטרים,1.00,ליטר,false,0,14.90,14.90,true,1,
7290000146645,false,הוואי - סבון מוצק שחור מסתורי 100 גרם רביעייה,טרופיקל דגיל קוסמטיק,IL,סבון הוואי 4 יח,גרמים,400.00,100 גרם,false,0,11.90,2.98,true,1,
7290000146676,false,הוואי - סבון מוצק לגבר 100 גרם רביעייה,טרופיקל דגיל קוסמטיק,PL,סבון הוואי 4 יח,גרמים,400.00,100 גרם,false,0,11.90,2.98,true,1,
7290000146928,false,"משחת שיניים לילדים בטעם ענבים טום וג'רי 50 מ""ל",טרופיקל דגיל קוסמטיק,IL,משחת טום וג'רי,מיליליטרים,50.00,"100 מ""ל",false,0,9.20,18.40,true,1,
7290000149615,false,רביעיית סבון מוצק קלאסי לתינוק נקה 7 4*100 גרם,גליל כימיקלים בעממשו,IL,נקה 7 סבון 4 יח,גרמים,400.00,100 גרם,false,0,12.50,3.13,true,1,
7290000149905,false,טקסטיל נוזל לכביסה עדינה נקה 1 ליטר,מיוצר עי קונדיטוריית,IL,נוזל כביס טקסטיל,ליטרים,1.00,ליטר,false,0,14.10,14.10,true,1,
7290000153469,false,קציצות עוף קלאסיות 100% רכיבים טבעיים,"מוצרי עוף טוב (2001) בע""",IL,קציצות עוף,גרמים,600.00,100 גרם,false,0,29.10,4.85,true,1,
7290000170053,false,"שוקולד פרה חלב 100 גרם בד""צ לל""ג","שטראוס גרופ בע""\מ.",IL,שוקולד פרה חלב,גרמים,100.00,100 גרם,false,0,5.90,5.90,true,1,
7290000174723,false,שוקולית אבקה להכנת משקה שוקו 500 גרם,הנסיך- מפעל לייצור ט,IL,שוקולית,גרמים,500.00,100 גרם,false,0,12.50,2.50,true,1,
7290000176062,false,קפה טורקי בשקית 100 ג' עלית,שטראוס קפה בי.ויn\.,IL,קפה טורקי בצלופן,גרמים,100.00,100 גרם,false,0,8.90,8.90,true,1,
7290000176079,false,קפה עלית טורקי עם הל 100 גרם,הנסיך- מפעל לייצור ט,IL,קפה טורקי עם הל,גרמים,100.00,100 גרם,false,0,8.90,8.90,true,1,
7290000176147,false,קפה לפילטר קלוי וטחון מוקה מספר 1 עלית 500 גרם,ELITE CAFE SP. ZO.O,PL,קפה מוקה לפילטר,גרמים,500.00,100 גרם,false,0,50.50,10.10,true,1,
7290000176413,false,קפה נמס אבקתי 50 ג' עלית,הנסיך- מפעל לייצור ט,IL,קפה נמס,גרמים,50.00,100 גרם,false,0,9.60,19.20,true,1,
7290000176420,false,קפה נמס פחית עלית 200 גרם,שטראוס קפה בי.וי,IL,קפה נמס,גרמים,200.00,100 גרם,false,0,19.90,9.95,true,1,
7290000176475,false,האג קפה נמס נטול קפאין עלית 200 גרם,שטראוס גרופ,VN,קפה נמס האג,גרמים,200.00,100 גרם,false,0,34.90,17.45,true,1,
7290000178707,false,תפוצ'יפס בטעם טבעי 50 גרם,"שטראוס פריטו ליי בע""\מ )",IL,חטיף תפוצ'יפס,גרמים,50.00,100 גרם,false,0,4.00,8.00,true,1,
7290000178721,false,תפוצ'יפס בטעם טבעי 200 גרם,"שטראוס פריטו ליי בע""\מ )",IL,תפוצי'פס טבעי,גרמים,200.00,100 גרם,false,0,10.90,5.45,true,1,
7290000187938,false,לילי - נייר טואולט נייר טואלט פסטל 32 יח',לילי נייר טואלט חוגלה,IL,נייר טואלט פסטל,מטרים,588.00,100 מטר,false,0,39.90,6.79,true,1,
7290000187952,false,נייר טואלט תלת שכבתי ורוד לילי 32 יחידות,לילי נייר טואלט חוגלה,IL,נייר טואלט טריו,מטרים,537.00,100 מטר,false,0,42.90,7.99,true,1,
7290000188355,false,מגבות מטבח ניקול לבנה שישייה,קימברלי-קלארק,IL,מגבות ניקול,מטרים,65.00,מטר,false,0,12.90,0.20,true,1,
7290000188553,false,קוטקס מגן תחתון יאנג ביג 60 יחידות,קימברלי קלארק,CN,מגן תחתון קוטקס,יחידה,1.00,יחידה,false,0,21.00,21.00,true,1,
7290000189192,false,סופר מטלית מטליות נייר רב פעמיות ניקול 64 יחידות,קימברלי קולומביה,IL,מטליות נייר,מטרים,18.00,מטר,false,0,16.90,0.94,true,1,
7290000189260,false,תבניות מלבניות עבות וחזקות ניקול 5 יחידות,ניקול,CN,תבניות מלבניות,יחידה,1.00,יחידה,false,0,10.90,10.90,true,1,
7290000189482,false,תבניות אפיה מרובעות מקרטון ניקול 4 יחידות,"דוקארט בעמ, קיבוץ כפ",IL,תבניות קרטון,יחידה,1.00,יחידה,false,0,9.90,9.90,true,1,
7290000189550,false,"שקיות אשפה ענקיות עם שרוך 78 * 90 ס""מ ניקול 2 * 10 יחידות",חוגלה קימברלי,IL,אשפתון ענק זוג,יחידה,1.00,יחידה,false,0,25.90,25.90,true,1,
7290000189598,false,מטליות לחות חד פעמיות לניקוי כללי 50 יח' ניקול,עלבד משואות יצחק בעמ,IL,מטליות ניקול,יחידה,1.00,יחידה,false,0,11.90,11.90,true,1,
7290000190853,false,לילי פיור נייר טואלט דו שכבתי לבן 30 גלילים,לילי נייר טואלט חוגלה,IL,נייר טואלט לילי,מטרים,537.00,100 מטר,false,0,39.90,7.43,true,1,
7290000191539,false,חמישיית ממחטות טישו צבועני לילי 100 יחידות,חוגלה קימברלי,IL,מגבוני לילי 90*5,יחידה,1.00,יחידה,false,0,12.90,12.90,true,1,
7290000191546,false,ממחטות טישו צבעוני 2 שכבות לילי מארז 100X3יח',חוגלה קימברלי,IL,לילי צבעוני90*3,יחידה,1.00,יחידה,false,0,10.50,10.50,true,1,
7290000191645,false,"חיתולים האגיס ליטל בייביס ניו בורן שלב 1 עד 4 ק""ג",קימברלי קלארק ארהב,US,חיתולי האגיס,יחידה,1.00,יחידה,false,0,31.90,31.90,true,1,
7290000191652,false,שלישיית ממחטות אולטרה סופט קלינקס 90 יחידות,חוגלה קימברלי,IL,קלינקס מעוצב 3יח,יחידה,1.00,יחידה,false,0,10.90,10.90,true,1,
7290000192581,false,מגבת נייר גליל כפול ניקול 12=6 גליל,קימברלי-קלארק,IL,מגבות נייר,מטרים,129.00,מטר,false,1,21.50,0.17,true,1,
7290000193014,false,מגן תחתון פדיות אינטרלוד לילי 50 יחידות,חוגלה קימברלי,CZ,לילי פדים,יחידה,1.00,יחידה,false,0,9.90,9.90,true,1,
7290000193083,false,נובה-לי תחבושות היגייניות לילי 28 יחידות,חוגלה קימברלי,CZ,תחבושות נובה לי,יחידה,1.00,יחידה,false,0,9.90,9.90,true,1,
7290000193205,false,תחבושות עם כנפיים ללילה נטורל לילי 20 יחידות,חוגלה קימברלי,BE,תחבושות לילי,יחידה,1.00,יחידה,false,0,16.00,16.00,true,1,
7290000193540,false,מגן תחתון לונג נטורל לילי 52 יחידות,חוגלה קימברלי,ES,פדיות לילי,יחידה,1.00,יחידה,false,0,16.00,16.00,true,1,
7290000193649,false,תחבושות עם כנפיים נורמל פלוס לילי 24 יחידות,חוגלה קימברלי,ES,תחבושות לילי,יחידה,1.00,יחידה,false,0,16.00,16.00,true,1,
7290000195537,false,האגיס - מגבוני האגיס דיילי קר לא מבושם 64 יח' * 4,חוגלה קימברלי,IL,מגבונים האגיס 4י,יחידה,1.00,יחידה,false,0,21.90,21.90,true,1,
7290000195773,false,האגיס - מגבוני האגיס סנסטיב קר לא מבושם 64 יח' * 4,חוגלה קימברלי,IL,מגבונים האגיס 4י,יחידה,1.00,יחידה,false,0,21.90,21.90,true,1,
7290000197326,false,רדיד אלומניום ניקול זוגי 30X7.5מ',חוגלה קימברלי,IL,זוג רדידי אלומינ,מטרים,15.00,מטר,false,0,10.90,0.73,true,1,
7290000197425,false,חיתולים פרידום דריי שלב 3 האגיס 52 יחידות,קימברלי קלארק ישראל,IL,חיתולי האגיס,יחידה,1.00,יחידה,false,0,43.90,43.90,true,1,
7290000197432,false,שקיות אוכל סנדביצ'ון ניקול מארז 150X2יח',אשלפסט תעשיות בעמ,IL,סנדוויצ'ון זוג,יחידה,1.00,יחידה,false,0,13.90,13.90,true,1,
7290000197463,false,חיתולים פרידום דריי שלב +4 האגיס 40 יחידות,קימברלי קלארק ישראל,IL,חיתולי האגיס,יחידה,1.00,יחידה,false,0,43.90,43.90,true,1,
7290000197548,false,חיתולים פרידום דריי שלב 5 האגיס 36 יחידות,קימברלי קלארק ישראל,IL,חיתולי האגיס,יחידה,1.00,יחידה,false,0,43.90,43.90,true,1,
7290000197678,false,חיתולי האגיס פרידום דריי שלב 6 30 יחידות,קימברלי קלארק ישראל,IL,חיתולי האגיס,יחידה,1.00,יחידה,false,0,43.90,43.90,true,1,
7290000197883,false,תבנית אלומיניום 100 גדולה ניקול 4 יחידות,חוגלה קימברלי,CN,תבניות אלומיניום,יחידה,1.00,יחידה,false,0,9.90,9.90,true,1,
7290000204147,false,רביעיית כרית יפנית עבה ניקול 4 יחידות,פלסטו פוליש (ברקן),IL,כריות יפניות 4X,יחידה,1.00,יחידה,false,0,11.90,11.90,true,1,
7290000205762,false,חיתולי האגיס אקסטרה קר מידה 3 48 יחידות,חוגלה קימברלי,IL,חיתולי האגיס,יחידה,1.00,יחידה,false,1,54.90,54.90,true,1,
7290000205915,false,חיתולי האגיס אקסטרה קייר מידה 4 40 יחידות,חוגלה קימברלי,IL,חיתולי האגיס,יחידה,1.00,יחידה,false,1,54.90,54.90,true,1,
7290000207063,false,רסק עגבניות פריכוז 28% 240 גרם יכין,היינץ צפון אמריקה מק,IL,רוטב עגבניות,גרמים,240.00,100 גרם,false,0,4.10,1.71,true,1,
7290000207162,false,רוטב עגבניות מרכיב טבעי 100 ג' יכין,"זנלכל בע""\מ",IL,רוטב עגבניות,גרמים,100.00,100 גרם,false,0,2.50,2.50,true,1,
7290000208022,false,עגבניות מרוסקות פריכוז 800 ג' יכין,"זנלכל בע""\מ",IL,עגבניות מרוסקות,גרמים,800.00,100 גרם,false,0,9.90,1.24,true,1,
7290000208077,false,אפונת גינה רגילה 550 גרם יכין,"זנלכל בע""\מ",IL,אפונת גינה,גרמים,550.00,100 גרם,false,0,7.90,1.44,true,1,
7290000208114,false,"אפונה וגזר יכין A2 פ""ק בית יוסף","זנלכל בע""\מ",IL,אפונה וגזר,גרמים,550.00,100 גרם,false,0,8.50,1.55,true,1,
7290000208138,false,סירופ דיאט בטעם ענבים יכין 1 ליטר,"זנלכל בע""\מ",IL,סירופ דיאט ענבים,ליטרים,1.00,ליטר,false,0,16.90,16.90,true,1,
7290000208145,false,גרעיני תירס מתוק לייט 550 גרם יכין,"זנלכל בע""\מ",IL,תירס לייט יכין,גרמים,550.00,100 גרם,false,0,9.90,1.80,true,1,
7290000208213,false,שעועית לבנה אפויה A2 ברוטב עגבניות יכין 560ג',היינץ צפון אמריקה מק,IL,שעועית ברוטב,גרמים,580.00,100 גרם,false,0,8.90,1.53,true,1,
7290000208312,false,גרעיני תירס מתוק בואקום יכין 400 גר',"זנלכל בע""\מ",IL,תירס ואקום,גרמים,400.00,100 גרם,false,0,6.90,1.73,true,1,
7290000208329,false,גרעיני תירס מתוק 550 גרם יכין,"זנלכל בע""\מ",IL,גרעיני תירס מתוק,גרמים,550.00,100 גרם,false,0,8.50,1.55,true,1,
7290000208336,false,רסק יכין 240גר 22% יכין בית יוסף,"זנלכל בע""\מ",IL,רוטב עגבניות,גרמים,240.00,100 גרם,false,0,4.50,1.88,true,1,
7290000208428,false,גרגרי חומוס שלם 550 גרם יכין,"זנלכל בע""\מ",IL,חומוס שלם,גרמים,560.00,100 גרם,false,0,8.90,1.59,true,1,
7290000208855,false,רוטב לפסטה קלאסי 240 גרם יכין,"זנלכל בע""\מ",IL,רוטב פסטה,גרמים,240.00,100 גרם,false,0,6.50,2.71,true,1,
7290000208947,false,עגבניות מרוסקות יכין 260 גרם,היינץ צפון אמריקה מק,IL,עגבניות קצוצות,גרמים,240.00,100 גרם,false,0,6.50,2.71,true,1,
7290000209371,false,תירס מתוק יכין 200 גרם מארז 3 יח',היינץ צפון אמריקה מק,IL,תירס גרעינים 3יח,גרמים,495.00,100 גרם,false,1,14.90,3.01,true,1,
7290000209388,false,תירס מתוק לייט יכין 200 גרם מארז 3 יח',"זנלכל בע""\מ",IL,תירס לייט 3 יח,גרמים,495.00,100 גרם,false,0,14.90,3.01,true,1,
7290000209524,false,סירופ דיאט בטעם פטל יכין 1 ליטר,"זנלכל בע""\מ",IL,סירופ פטל דיאט,ליטרים,1.00,ליטר,false,0,16.90,16.90,true,1,
7290000209555,false,סירופ דיאט בטעם תפוחים יכין 1 ליטר,"זנלכל בע""\מ",IL,"סירופ תפו""ע דיאט",ליטרים,1.00,ליטר,false,0,16.90,16.90,true,1,
7290000209579,false,סירופ דיאט בטעם אננס יכין 1 ליטר,"זנלכל בע""\מ",IL,סירופ אננס דיאט,ליטרים,1.00,ליטר,false,0,16.90,16.90,true,1,
7290000209708,false,עגבניות מרוסקות עם בזיליקום יכין 240 גרם,היינץ צפון אמריקה מק,IL,עגבניות מרוסקות,גרמים,240.00,100 גרם,false,0,6.50,2.71,true,1,
7290000209722,false,רסק עגבניות 28% פריכוז 580 גרם יכין,"זנלכל בע""\מ",IL,רוטב עגבניות,גרמים,580.00,100 גרם,false,0,10.90,1.88,true,1,
7290000209944,false,רוטב לעגבניות בסיס לשקשוקה 240 ג' יכין,"זנלכל בע""\מ",IL,בסיס לשקשוקה,גרמים,240.00,100 גרם,false,0,6.50,2.71,true,1,
7290000209951,false,רוטב עגבניות לפיצה 260 גרם יכין,"זנלכל בע""\מ",IL,רוטב עגבניות,גרמים,240.00,100 גרם,false,0,6.50,2.71,true,1,
7290000209968,false,רוטב עגבניות ללזניה יכין 240 גרם,"זנלכל בע""\מ",IL,רוטב ללזניה,גרמים,240.00,100 גרם,false,0,6.50,2.71,true,1,
7290000211169,false,"אורז תאילנדי אחד אחד סוגת 1 ק""ג",האי נאם סי או אל.טי.,IL,אורז תאילנדי,קילוגרמים,1.00,"ק""ג",false,0,6.90,6.90,true,1,
7290000211374,false,"קמח חיטה מלא סוגת 1 ק""ג",טחנת קמח דגן-שטיבל,IL,קמח חיטה מלא,קילוגרמים,1.00,"ק""ג",false,0,7.50,7.50,true,1,
7290000211381,false,"סוכר חום כהה בשקית סוגת 1 ק""ג","טונגט היולט שוגר בע""",ZA,סוכר חום כהה,קילוגרמים,1.00,"ק""ג",false,0,12.90,12.90,true,1,
7290000211442,false,"סוגת אורז פרסי קלאסי שקית 1 ק""ג",האי נאם סי או אל.טי.,IL,אורז פרסי קלאסי,קילוגרמים,1.00,"ק""ג",false,0,10.90,10.90,true,1,
7290000211626,false,"סוגת אורז חיש 1 ק""ג","סוגת תעשיות בע""\מ",IL,אורז חיש סוגת,קילוגרמים,1.00,"ק""ג",false,0,9.90,9.90,true,1,
7290000211985,false,"סוגת אורז עגול ריזוטו 1 ק""ג","סוגת תעשיות בע""\מ",IL,אורז עגול סוגת,קילוגרמים,1.00,"ק""ג",false,0,9.90,9.90,true,1,
7290000238029,false,"בצק עלים צרפתי מרודד מעדנות 1 ק""ג",מיוצר עי קונדיטוריית,IL,בצק עלים מרודד,קילוגרמים,1.00,"ק""ג",false,0,21.90,21.90,true,1,
7290000238036,false,מלאווח בקופסא מעדנות 700 גרם,מיוצר עי קונדיטוריית,IL,מלווח מעדנית,גרמים,700.00,100 גרם,false,0,16.90,2.41,true,1,
7290000238173,false,בורקס גבינה מעדנות 800 גרם,מיוצר עי קונדיטוריית,IL,בורקס גבינה קפוא,גרמים,800.00,100 גרם,false,0,19.90,2.49,true,1,
7290000238180,false,בורקס תפוחי אדמה מעדנות 800 גרם,מיוצר עי קונדיטוריית,IL,"בורקס תפו""א קפוא",גרמים,800.00,100 גרם,false,0,19.70,2.46,true,1,
7290000243566,false,"שמן קנולה בריאות 750 מ""ל",שמן תעשיות,EE,שמן קנולה מועשר,מיליליטרים,750.00,"100 מ""ל",false,0,11.90,1.59,true,1,
7290000244143,false,"הוואי - קרם לאחר גילוח 120 מ""ל",טרופיקל דגיל קוסמטיק,IL,קרם לאחר גילוח,גרמים,120.00,100 גרם,false,0,15.90,13.25,true,1,
7290000244761,false,"קרם ידיים ולווטה 100 מ""ל",טרופיקל דגיל קוסמטיק,IL,קרם ידיים ולווטה,מיליליטרים,100.00,"100 מ""ל",false,0,9.90,9.90,true,1,
7290000245294,false,"פרסיל אבקה לכביסה לבנה רגיל 2.5 ק""ג","הנקל סוד בע""\מ",IL,אבקת כביסה פרסיל,קילוגרמים,2.50,"ק""ג",false,0,25.90,10.36,true,1,
7290000253220,false,שוקולד צ'יפס חום אופנהיימר 260 גר',אופנהיימר,IL,שוקולד צ'יפס,גרמים,260.00,100 גרם,false,0,10.90,4.19,true,1,
7290000253251,false,שוקולד צ'יפס לבן אופנהיימר 250 גרם,אופנהיימר,IL,שוקו צ'יפס לבן,גרמים,250.00,100 גרם,false,0,10.90,4.36,true,1,
7290000253374,false,מיני שוקולד צ'יפס 250 גרם- 66% מוצקי קקאו,אופנהיימר,IL,מיני שוקולד ציפס,גרמים,250.00,100 גרם,false,1,14.90,5.96,true,1,
7290000253459,false,נטיפי צ'יפס בטעם קרמל אופנהיימר 250 גרם,אופנהיימר,IL,נטיפי צ'יפס,גרמים,250.00,100 גרם,false,1,10.90,4.36,true,1,
7290000262413,false,חיתולי האגיס אקסטרה קייר מידה 5 34 יחידות,חוגלה קימברלי,IL,חיתולי האגיס,יחידה,1.00,יחידה,false,1,54.90,54.90,true,1,
7290000263359,false,חיתולים ליטל בייביז מידה 1 האגיס 40 יחידות,קימברלי קלארק שיווק,IL,חיתולי האגיס,יחידה,1.00,יחידה,false,0,31.90,31.90,true,1,
7290000267043,false,שקדים מולבנים פרוסים השף 100 גרם,"דין שיווק וקלייה בע""",IL,שקד מולבן פרוס,גרמים,100.00,100 גרם,false,0,12.80,12.80,true,1,
7290000267050,false,שקדים טבעיים טחונים השף 100 גרם,"דין שיווק וקלייה בע""",IL,שקד טבעי טחון,גרמים,100.00,100 גרם,false,0,12.80,12.80,true,1,
7290000272696,false,עסיס מיץ לימון טבעי משומר 1 ל' אסם,בית-השיטה עסיס תעשיות מז,IL,מיץ לימון משומר,ליטרים,1.00,ליטר,false,0,9.90,9.90,true,1,
7290000272726,false,חומץ רכיבים רכיבים טבעיים 5% עסיס 1 ליטר,בית-השיטה עסיס תעשיות מז,IL,חומץ 5%,ליטרים,1.00,ליטר,false,0,6.90,6.90,true,1,
7290000286228,false,ספוגיות לניקוי כללי סנו סושי 6 יחידות,סנו מפעלי ברונו בעמ,IL,ספוגיות לכלים6יח,יחידה,1.00,יחידה,false,0,10.90,10.90,true,1,
7290000286761,false,ניילון נצמד סנו סושי פלסטיק מארז 30X2 מ',מיוצר עי קונדיטוריית,CN,צמד ניילון נצמד,מטרים,60.00,מטר,false,0,10.90,0.18,true,1,
7290000286921,false,"ספריי להסרת כתמים סנו קל 750 מ""ל",סנו מפעלי ברונוס בעמ,IL,סנוקל רסס וכבס,מיליליטרים,750.00,"100 מ""ל",false,0,16.90,2.25,true,1,
7290000287492,false,"סנובון נוזל לניקוי אסלות בריח לימון סנו 750 מ""ל","סנו מפעלי ברונוס בע""מ",IL,סנובון נוזלי,מיליליטרים,750.00,"100 מ""ל",false,0,8.90,1.19,true,1,
7290000287621,false,"אנטי קאלק נוזל לניקוי אסלות סנו 750 מ""ל",מיוצר עי קונדיטוריית,IL,סנו מנקה אסלות,מיליליטרים,750.00,"100 מ""ל",false,0,11.90,1.59,true,1,
7290000288024,false,סנו - ז'אוול אקונומיקה בריח לימון 4 ליטר,"סנו מפעלי ברונוס בע""מ",IL,סנו JAVEL אקונומ,ליטרים,4.00,ליטר,false,0,16.90,4.23,true,1,
7290000288048,false,סנו זאוול מרסס מונבלאן 1 ליטר,"סנו מפעלי ברונוס בע""מ",IL,סנו ג'אוול לבנדר,ליטרים,1.00,ליטר,false,0,18.90,18.90,true,1,
7290000288079,false,סנו - ז'אוול אקונומיקה לימון 2 ליטר,"סנו מפעלי ברונוס בע""מ",IL,סנו JAVEL מלבין,ליטרים,2.00,ליטר,false,0,11.90,5.95,true,1,
7290000288086,false,אבקת ניקוי עם אקונומיקה בריח לימון סנו ז'אוול 600 ג',מיוצר עי קונדיטוריית,IL,סנו ג'אוול אבק,גרמים,600.00,100 גרם,false,0,9.90,1.65,true,1,
7290000288352,false,"קוטל חרקים וזוחלים K-300 סנו 630 מ""ל","סנו מפעלי ברונוס בע""מ",IL,300-K קוטל חרק,מיליליטרים,630.00,"100 מ""ל",false,0,20.90,3.32,true,1,
7290000288390,false,"קוטל זבובים ויתושים K-600 סנו 500 מ""ל","סנו מפעלי ברונוס בע""מ",IL,סנו 600-K תרסיס,מיליליטרים,500.00,"100 מ""ל",false,0,20.90,4.18,true,1,
7290000289069,false,סנו - ז'אוול מרסס קצף ניקוי בתוספת אקונומיקה בריח לימון 1 ליטר,"סנו מפעלי ברונוס בע""מ",IL,סנו ג'אוול מרסס,ליטרים,1.00,ליטר,false,0,18.90,18.90,true,1,
7290000289472,false,סנו סושי שקיות אשפה - 50 יחידות,מיוצר עי קונדיטוריית,IL,50 שקיות אשפה,יחידה,1.00,יחידה,false,0,18.90,18.90,true,1,
7290000289601,false,סנו ז'אוול בריח לבנדר 2 ל',"סנו מפעלי ברונוס בע""מ",IL,סנו ג'אוול,ליטרים,2.00,ליטר,false,0,11.90,5.95,true,1,
7290000292137,false,"נוזל לניקוי וטיפול מוצרי עור סנו 500 מ""ל",מיוצר עי קונדיטוריית,IL,סנו לניקוי עור,מיליליטרים,500.00,"100 מ""ל",false,0,31.90,6.38,true,1,
7290000292311,false,פוליויקס נוזל רצפות בניחוח סחלבים סנו 2 ליטר,"סנו מפעלי ברונוס בע""\מ",IL,סנו פוליויקס,ליטרים,2.00,ליטר,false,0,17.90,8.95,true,1,
7290000292687,false,סנובון מוצק לניקוי אסלה קלאסיק כחול סנו 3 יחידות,מיוצר עי קונדיטוריית,IL,סנובון כחול 3 יח,גרמים,165.00,100 גרם,false,0,16.90,10.24,true,1,
7290000292915,false,"תרסיס לניקוי כללי רסס ונגב סנו 750 מ""ל","סנו מפעלי ברונוס בע""\מ",IL,סנו רסס נגב מרסס,מיליליטרים,750.00,"100 מ""ל",false,0,14.90,1.99,true,1,
7290000293561,false,"תרסיס להסרת כתמי עובש עם אקונומיקה סנו 750 מ""ל","סנו מפעלי ברונוס בע""\מ",IL,סנו מסיר עובש,מיליליטרים,750.00,"100 מ""ל",false,0,14.90,1.99,true,1,
7290000293943,false,"מרסס לבן מסיר אבנית 1 ליטר אנטי קאלק ""סנו""",מיוצר עי קונדיטוריית,IL,סנו אנטי קאלק,ליטרים,1.00,ליטר,false,0,17.90,17.90,true,1,
7290000295404,false,שקיות אשפה עם שרוך 54 * 65 סנו סושי 60 יחידות,מיוצר עי קונדיטוריית,IL,שקיות אשפה,יחידה,1.00,יחידה,false,0,21.90,21.90,true,1,
7290000295503,false,זוג שקיות מזון טבע 19*25 סנו סושי 150 יחידות,"אשפלסט תעשיות בע""מ",CN,שקיות אוכל צמד,יחידה,1.00,יחידה,false,0,13.90,13.90,true,1,
7290000295558,false,"רדיד אלומיניום רוחב 30 ס""מ סנו סושי 2 יח' 7.5 מטר",מולינו ניקולי s.p.a,TR,צמד רדידי אלומינ,מטרים,15.00,מטר,false,0,10.90,0.73,true,1,
7290000295572,false,"מארז זוגי מנקה אסלות 00 סנו 750 מ""ל",מיוצר עי קונדיטוריית,IL,צמד מנקה אסלות,ליטרים,1.50,ליטר,false,0,16.90,11.27,true,1,
7290000300900,false,שניצל תירס מרכיבים טבעיים טבעול 750 גרם,עיצובים 2020 (4.8),IL,שניצל תירס טבעול,גרמים,750.00,100 גרם,false,0,21.90,2.92,true,1,
7290000302027,false,סיגריות טיים אדום פא,"דובק בע""מ",IL,טיים רד,יחידה,1.00,יחידה,false,0,277.00,277.00,false,1,
7290000302225,false,נובלס ורג'יניה פילטר,"דובק בע""מ",IL,נובלס פילטר,יחידה,1.00,יחידה,false,0,277.00,277.00,false,1,
7290000302300,false,סיגריות נובלס בלנד פ,"דובק בע""מ",IL,נובלס בלנד,יחידה,1.00,יחידה,false,0,277.00,277.00,false,1,
7290000303598,false,שעועית לבנה ברוטב עגבניות פרי הגליל 570 גרם,"פרי הגליל בע""""מ",IL,שעועית ברוטב,גרמים,570.00,100 גרם,false,0,7.90,1.39,true,1,
7290000303604,false,חומוס גרגירים A2 פרי גליל 550ג',"פרי הגליל בע""""מ",IL,חומוס שלם,גרמים,550.00,100 גרם,false,0,7.90,1.44,true,1,
7290000305882,false,אס הרינג עם ירקות ברוטב עגבניות 120 גרם,"סטארקיסט פודור בע""מ",TR,אס דגים+ירקות,גרמים,120.00,100 גרם,false,0,6.00,5.00,true,1,
7290000307015,false,אפונת גינה בינונית פרי הגליל 550 גרם,"פרי הגליל בע""""מ",IL,אפונת גינה,גרמים,550.00,100 גרם,false,0,7.90,1.44,true,1,
7290000307046,false,אפונת גינה וגזר פרי הגליל 550 גרם,"פרי הגליל בע""""מ",IL,אפונת גינה וגזר,גרמים,550.00,100 גרם,false,0,7.90,1.44,true,1,
7290000307220,false,גרעיני תירס מתוק בואקום פרי הגליל 285 גרם,"פרי הגליל בע""""מ",IL,גרעיני תירס,גרמים,340.00,100 גרם,false,0,6.90,2.03,true,1,
7290000307237,false,גרעיני תירס מתוק פרי הגליל 550 גרם,"פרי הגליל בע""""מ",IL,גרעיני תירס,גרמים,550.00,100 גרם,false,0,7.90,1.44,true,1,
7290000307343,false,שעועית ירוקה חתוכה פרי הגליל 550 גרם,"פרי הגליל בע""""מ",IL,שעועית ירוקה,גרמים,550.00,100 גרם,false,0,6.90,1.25,true,1,
7290000313160,false,זהבה ושלושת הדובים עוגיות בטעם שוקולד אסם 350 גרם,"הגביע מוצרי וופלים בע""\מ",IL,עוגיות זהבה,גרמים,250.00,100 גרם,false,0,8.00,3.20,true,1,
7290000313290,false,אסם נודלס נודלס אטריות מסולסלות 200גר,תאי פרזידנט פוד בנגק,TH,אטריות נודלס,גרמים,200.00,100 גרם,false,0,9.90,4.95,true,1,
7290000318127,false,"נקניקיות ביס 380 גרם ""יחיעם""",מעדני יחיעם 1993,IL,"נקניקיות ""ביס""",גרמים,380.00,100 גרם,false,0,11.90,3.13,true,1,
7290000318479,false,נקניק פרושוטו בקר יחיעם 100 גרם,תאי פרזידנט פוד פאבל,IL,פרושוטו,גרמים,100.00,100 גרם,false,0,27.90,27.90,true,1,
7290000318493,false,כתףבקר מפולפליחיעם מ,מעדני יחיעם,IL,כתף בקר מפולפל,קילוגרמים,0.00,"ק""ג",true,0,110.00,110.00,true,1,
7290000318677,false,נקניק סלמי סרוולט יחיעם 150 גרם,מעדני יחיעם 1993,IL,סלמי סרוולט,גרמים,150.00,100 גרם,false,0,22.90,15.27,true,1,
7290000318943,false,פסטרמה של פעם מעושן 1.5% יחיעם 200 גרם,תאי פרזידנט פוד פאבל,IL,פסטרמה של פעם,גרמים,200.00,100 גרם,false,0,22.80,11.40,true,1,
7290000319124,false,סלמי סרוולט מאפ יחיעם 250 גרם,מעדני יחיעם 1993,IL,סלמי סרוולט,גרמים,250.00,100 גרם,false,0,33.90,13.56,true,1,
7290000319131,false,נקניקיות עוף יחיעם 400 גרם,מעדני יחיעם 1993,IL,נקניקיות עוף,גרמים,400.00,100 גרם,false,0,11.90,2.98,true,1,
7290000319520,false,נקניק סלמי צרפתי יחיעם 100 גרם,מעדני יחיעם 1993,IL,סלמי צרפתי,גרמים,100.00,100 גרם,false,0,19.90,19.90,true,1,
7290000319803,false,קבנוס קלאסי יחיעם 125 גרם,תאי פרזידנט פוד פאבל,IL,קבנוס קלאסי,גרמים,125.00,100 גרם,false,5,13.90,11.12,true,1,
7290000345260,false,תה קלאסיק מעטפות ויסוצקי 25 יחידות,מולינו ניקולי s.p.a,IL,תה ויסוצקי,גרמים,37.00,100 גרם,false,0,6.90,18.65,true,1,
7290000345277,false,תה קלאסיק מעטפות ויסוצקי 50 יחידות,מולינו ניקולי s.p.a,IL,תה ויסוצקי 50 שק,גרמים,75.00,100 גרם,false,0,11.90,15.87,true,1,
7290000345291,false,תה ארל גריי ויסוצקי 25 יחידות,תה ויסוצקי,IL,תה ארל גריי,גרמים,37.00,100 גרם,false,0,16.60,44.86,true,1,
7290000345307,false,תה ארל גריי ויסוצקי 50 יחידות,מולינו ניקולי s.p.a,IL,תה ארל גריי 50שק,גרמים,75.00,100 גרם,false,0,26.90,35.87,true,1,
7290000345536,false,תה נענע ויסוצקי 25 יחידות,מולינו ניקולי s.p.a,IL,תה נענע,גרמים,37.00,100 גרם,false,0,17.90,48.38,true,1,
7290000346120,false,חליטת קינמון הגן הקסום ויסוצקי 25 יחידות,תה ויסוצקי,IL,חליטת קינמון,גרמים,62.00,100 גרם,false,0,18.90,30.48,true,1,
7290000346137,false,חליטת הילולי פירות הגן הקסום ויסוצקי 25 יחידות,תה ויסוצקי,IL,חליטת פירות,גרמים,62.00,100 גרם,false,0,18.90,30.48,true,1,
7290000346144,false,הגן הקסום תה עינוגי התפוח ויסוצקי 25 יחידות,תה ויסוצקי,IL,חליטת פירות,גרמים,67.00,100 גרם,false,0,18.90,28.21,true,1,
7290000346168,false,חליטת שומר הגן הקסום ויסוצקי 25 יחידות,תה ויסוצקי,IL,חליטת שומר,גרמים,37.00,100 גרם,false,0,18.90,51.08,true,1,
7290000346199,false,חליטת פירות יער הגן הקסום ויסוצקי 25 יחידות,תה ויסוצקי,IL,חליטת פירות היער,גרמים,67.00,100 גרם,false,0,18.90,28.21,true,1,
7290000346205,false,חליטת קמומיל הגן הקסום ויסוצקי 25 יחידות,תה ויסוצקי,IL,חליטת קמומיל,גרמים,37.00,100 גרם,false,0,18.90,51.08,true,1,
7290000346212,false,חליטת מנטה הגן הקסום ויסוצקי 25 יחידות,תה ויסוצקי,IL,חליטת מנטה,גרמים,50.00,100 גרם,false,0,18.90,37.80,true,1,
7290000347738,false,תה ירוק נענע ויסוצקי 25 יחידות,תה ויסוצקי,IL,תה ירוק נענע,גרמים,37.00,100 גרם,false,0,24.90,67.30,true,1,
7290000347752,false,תה ירוק לימונית ולואיזה 25 שקיקים *1.5 ג'' ויסוצקי,תה ויסוצקי,IL,תה ירוק לימונית,גרמים,37.00,100 גרם,false,0,24.90,67.30,true,1,
7290000363462,false,סלמי מעושן איטלקי טי,טירת- צבי,IL,מעושן איטלקי,קילוגרמים,0.00,"ק""ג",true,0,75.00,75.00,true,1,
7290000363486,false,נקניק תה טירת צבי מע,טירת- צבי,IL,נקניק תה,קילוגרמים,0.00,"ק""ג",true,0,55.00,55.00,true,1,
7290000364261,false,"דקניקים, סלסולי פסטרמה כתף בקר מעושנת 120 גרם",הנסיך- מפעל לייצור ט,IL,דקניקים כתף בקר,גרמים,120.00,100 גרם,false,0,14.90,12.42,true,1,
7290000364285,false,דקניקים סלסולי פסטרמה הודו טירת צבי 120 גרם,הנסיך- מפעל לייצור ט,IL,דקניקים פסטרמה,גרמים,120.00,100 גרם,false,0,14.90,12.42,true,1,
7290000364292,false,דקניקים סלסולי פסטרמה הודו על גחלים 1% טירת צבי 120 גרם,הנסיך- מפעל לייצור ט,IL,דקמיקים פסטרמה,גרמים,120.00,100 גרם,false,0,14.90,12.42,true,1,
7290000364858,false,"נקניקיות עוף טרי טירת צבי 1 ק""ג",הנסיך- מפעל לייצור ט,IL,נקניקיות עוף,קילוגרמים,1.00,"ק""ג",false,0,22.90,22.90,true,1,
7290000365909,false,פסטרמה הודו מעושנתטירת צבי,טירת- צבי,IL,פסטרמה הודו מעוש,קילוגרמים,0.00,"ק""ג",true,0,85.00,85.00,true,1,
7290000365954,false,פסטרמה על גחלים משקל,טירת- צבי,IL,פסטרמה על גחלי,קילוגרמים,0.00,"ק""ג",true,0,85.00,85.00,true,1,
7290000379142,false,לחם עינן מחיטה מלאה פרוס 750 גרם(מרובע),מאפיית שלמה א. אנג'\ל בע,IL,לחם עינן פרוס,גרמים,750.00,100 גרם,false,0,15.90,2.12,true,1,
7290000379203,false,לחם עינן קל פרוס מחיטה מלאה אנג'ל 500 גרם,מאפיית שלמה א. אנג'\ל בע,IL,לחם עינן קל,גרמים,500.00,100 גרם,false,0,15.90,3.18,true,1,
7290000379258,false,"חלה מתוקה קונדטוריה ארוזה ""אנג'ל""",מאפיית שלמה א. אנג'\ל בע,IL,חלת קונדיטוריה,גרמים,500.00,100 גרם,false,0,15.90,3.18,true,1,
7290000379357,false,חלה קלה פרוסה אנגל 5,מאפיית שלמה א. אנג'\ל בע,IL,חלה קלה פרוסה,גרמים,500.00,100 גרם,false,0,13.80,2.76,true,1,
7290000408316,false,יוגורט דנונה דל לקטוז 200 גרם,מיוצר עי קונדיטוריית,IL,יוגורט ביו 3%,גרמים,200.00,100 גרם,false,0,3.90,1.95,true,1,
7290000408354,false,יוגורט עם אורז מצופה שוקולד קקאו 175 ג' דנונה,"שטראוס בריאות בע""\מ",IL,דנונה בר פצפוצים,גרמים,173.00,100 גרם,false,0,4.80,2.77,true,1,
7290000412481,false,נוזל לניקוי אסלות 00 סנו 1 ליטר,מיוצר עי קונדיטוריית,IL,"מנקה אסלות 00""",ליטרים,1.00,ליטר,false,0,8.90,8.90,true,1,
7290000415208,false,קובה חמוסטה במילו בשר600,יסמין,IL,קובה חמוסטה,גרמים,600.00,100 גרם,false,0,37.90,6.32,true,1,
7290000416021,false,ממרח בטעם שוקולד השחר חלבי 500,השחר העולה,IL,ממרח השחר,גרמים,500.00,100 גרם,false,0,12.90,2.58,true,1,
7290000416045,false,"ממרח בטעם שוקולד השחר 1 ק""ג",השחר העולה תעשייות מ,IL,ממרח השחר,קילוגרמים,1.00,"ק""ג",false,0,24.90,24.90,true,1,
7290000416076,false,צימקאו שוקולד לבישול ואפיה 400 גרם,השחר העולה תעשייות מ,IL,צימקאו לאפיה,גרמים,400.00,100 גרם,false,0,12.90,3.23,true,1,
7290000416854,false,אבקת קקאו השחר העולה 150ג',השחר העולה תעשייות מ,IL,קקאו השחר העולה,גרמים,150.00,100 גרם,false,0,9.90,6.60,true,1,
7290000419107,false,לנדוור קפה מקורי לבוקר טחון טורקי 100 גרם,קפה לנדוור בע''מ,IL,קפה שחור לנדוור,גרמים,100.00,100 גרם,false,0,8.50,8.50,true,1,
7290000420325,false,"פופסטאר פופקורן למקירוגל בטעם טבעי 5 שקיות,500 גרם",פרסטון פארמס,US,פופקורן למיקרו,גרמים,500.00,100 גרם,false,0,11.90,2.38,true,1,
7290000420332,false,פופסטאר פופקורן למיקרוגל בטעם חמאה 5 יחידות 500 גרם,פרסטון פארמס,US,פופקורן למיקרו,גרמים,500.00,100 גרם,false,0,11.90,2.38,true,1,
7290000430102,false,קוביות קרח בשקית מיסטר אייס 2 קילו,"אייס (קיובס) בע""מ -",IL,שקית קרח,יחידה,1.00,יחידה,false,0,9.80,9.80,true,1,
7290000432120,false,נרות חנוכה פאלאס 44 יחידות,מנורה,IL,נרות חנוכה,יחידה,1.00,יחידה,false,0,3.40,3.40,true,1,
7290000432489,false,נרות חנוכה מיוחדים פאלאס 45 יחידות,מנורה,IL,נרות חנוכה,יחידה,1.00,יחידה,false,0,5.90,5.90,true,1,
7290000446547,false,חמאת בוטנים טבעית בטר אנד דיפרנט 350 גרם,"בטר אנד דיפרנט בע""מ",IL,חמאת בוטנים,גרמים,350.00,100 גרם,false,0,14.20,4.06,true,1,
7290000446776,false,פיצפוצי אורז מלא ללא סוכר ומלח בשקית 450 גרם,בטר אנד דיפרנט,IL,פיצפוצי אורז מלא,גרמים,450.00,100 גרם,false,0,21.90,4.87,true,1,
7290000453019,false,שמרים טריים לאפייה שקית שמרית 50 ג',"פאקא תעשיות בע""\מ",IL,שמרית-שמרים טרי,גרמים,50.00,100 גרם,false,0,4.50,9.00,true,1,
7290000453200,false,בלילה להכנת פנקייק עם רכיבים ביתיים,"פאקא תעשיות בע""מ",DE,בלילה לפנקייק,גרמים,750.00,100 גרם,false,1,21.90,2.92,true,1,
7290000453385,false,שמרים יבשים פארא אינסטנט 500 גרם עלית,"פאקא תעשיות בע""מ",GB,שמרים יבשים פאקא,גרמים,500.00,100 גרם,false,0,13.90,2.78,true,1,
7290000453408,false,בצק פיצה דק מצונן ומוכן לאפייה שמרית 415 גרם,"פאקא תעשיות בע""מ",FR,בצק פיצה מצונן,גרמים,415.00,100 גרם,false,1,17.50,4.22,true,1,
7290000453415,false,בצק עלים מצונן ומוכן לאפייה שמרית 300 גרם,"פאקא תעשיות בע""מ",FR,בצק עלים מצונן,גרמים,300.00,100 גרם,false,1,15.90,5.30,true,1,
7290000453422,false,בצק פילו מצונן ומוכן לאפייה שמרית 300 גרם,"פאקא תעשיות בע""מ",GR,בצק פילו מצונן,גרמים,300.00,100 גרם,false,1,15.90,5.30,true,1,
7290000453798,false,שמרית שמרים יבשים אקטיביים 500 גר',"גי' בי' רכיבים בע""מ",IL,שמרים יבשים,גרמים,500.00,100 גרם,false,1,14.90,2.98,true,1,
7290000453866,false,נטורינה תחליף מרגרינה לבישול ואפיה קוקוס שמרית 200 גרם,גרונבאנג- גרונדנסק א,DK,נטורינה קוקוס,גרמים,200.00,100 גרם,false,1,7.90,3.95,true,1,
7290000462172,false,סחוג תימני ירוק חריף זהבי הכרם 150 גרם,קריניסה ויטמין אס אי,IL,סחוג זהבי ירוק,גרמים,150.00,100 גרם,false,0,7.90,5.27,true,1,
7290000474090,false,"חלב בקרטון 1%- 1 ליטר בד""צ - מוצר בפיקוח",מילקו תעשיות בעמ,IL,חלב טרי טרה 1%,ליטרים,1.00,ליטר,false,0,5.86,5.86,true,1,
7290000480107,false,קוואקר שיבולת שועל פחית 500 גרם,וולקרס סנקס לימיטד,GB,קוואקר שיבולת,גרמים,500.00,100 גרם,false,0,12.90,2.58,true,1,
7290000480442,false,קוואקר שיבולת שועל בשקית 500 גרם,פריטו ליי FRITO-LAY,IL,קוואקר,גרמים,500.00,100 גרם,false,0,9.90,1.98,true,1,
7290000482071,false,שקיות צליה ואפיה קוקי 20 יחידות,"ש. שסטוביץ בע""\מ",IL,קוקי שקיות אפיה,יחידה,1.00,יחידה,false,0,19.90,19.90,true,1,
7290000483139,false,מרציפן גולמי המרשלג 100 גרם,"המרשלג פרלינס בע""מ",IL,מרציפן,גרמים,100.00,100 גרם,false,0,9.80,9.80,true,1,
7290000483412,false,קישוטי עוגה טיפטופים,המרשלג פרלינס בעמ,IL,טפטופים לעוגה,גרמים,60.00,100 גרם,false,0,14.80,24.67,true,1,
7290000484747,false,עראק עלית 700 מל 40% כהל,יקב הגליל יוסף גולד ובניו,IL,עלית הארק,מיליליטרים,700.00,"100 מ""ל",false,1,55.90,7.99,true,1,
7290000490397,false,קרמבו מנבו וניל 480 ג',הגלידות של פלדמן,IL,מנבו 20 יחידות,גרמים,480.00,100 גרם,false,0,32.90,6.85,true,1,
7290000490762,false,גלידל שוקו פלדמן מארז שמינייה,הגלידות של פלדמן,IL,גלידל שוקו 8יח,גרמים,400.00,100 גרם,false,0,31.90,7.98,true,1,
7290000493176,false,אסם אבקת רוטב צלי לבשר 22 ג',"אסם השקעות בע""\מ",IL,רוטב צלי לבשר,גרמים,22.00,100 גרם,false,0,4.00,18.18,true,1,
7290000493183,false,אבקת רוטב פטריות לבשר-30 גרם,"אסם השקעות בע""\מ",IL,רוטב פטריות,גרמים,30.00,100 גרם,false,0,4.00,13.33,true,1,
7290000504049,false,ממתק סוכרזית קנקן 200 טבליות,אף.סי תבליני בגליל ב,IL,סוכרזית טבליות,גרמים,98.00,100 גרם,false,0,19.90,20.31,true,1,
7290000504278,false,ממתיק סוכרזית אריזת פטנט 700 טבליות,אף.סי תבליני בגליל ב,IL,סוכרזית טבליות,גרמים,57.00,100 גרם,false,0,14.90,26.14,true,1,
7290000518220,false,ממתיק סוכרה דיאט 100 יחידות,פתח תקווה,IL,סוכרה דיאט,גרמים,80.00,100 גרם,false,1,23.90,29.88,true,1,
7290000518251,false,ממתיק זהב מתוק וקל 100 יחידות,קריות זול,IL,מתוק וקל זהב,יחידה,1.00,יחידה,false,0,11.90,11.90,true,1,
7290000521008,false,יין אדום יבש של סגל750מל,"כרמי צבי - אחים סגל בע""\",IL,יין סגל אדום,מיליליטרים,750.00,"100 מ""ל",false,0,21.90,2.92,true,1,
7290000521015,false,"יין לבן יבש של סגל750מ""ל","מיוצר ע""י כרמי צבי-",IL,יין לבן של סגל,מיליליטרים,750.00,"100 מ""ל",false,0,21.90,2.92,true,1,
7290000521404,false,"יין מרום גליל קברנה סוביניון סינגל 750 מ""ל",כרמי צבי אחים סגל בע,IL,קברנה מרום גליל,מיליליטרים,750.00,"100 מ""ל",false,0,39.90,5.32,true,1,
7290000522142,false,חלב הרים טהור-עמיד- קרטון 1 לי 3%,"מחלבות רמת הגולן בע""",IL,חלב הרים טהור,ליטרים,1.00,ליטר,false,0,8.20,8.20,true,1,
7290000523224,false,מלח הארץ הים האדום 500 ג' עדין,"חברת מלח הארץ אילת בע""\מ",IL,מלח ים דק,גרמים,500.00,100 גרם,false,0,7.90,1.58,true,1,
7290000523804,false,"מלח עדין צנצנת 1 ק""ג מלח הארץ","חברת מלח הארץ אילת בע""\מ",IL,מלח הארץ עדין,קילוגרמים,1.00,"ק""ג",false,0,7.20,7.20,true,1,
7290000523811,false,"צנצנת מלח גס 1 ק""ג מלח הארץ","חברת מלח הארץ אילת בע""\מ",IL,מלח הארץ גס,קילוגרמים,1.00,"ק""ג",false,0,7.20,7.20,true,1,
7290000525969,false,מיץ תפוזים סחוט רכיבים טבעיים פרימור 1 ליטר,"גניר (1992) בע""מ",IL,מיץ תפוזים סחוט,ליטרים,1.00,ליטר,false,0,15.80,15.80,true,1,
7290000530024,false,נקניק תה מעושן רחב במשקל,זוגלובק,IL,נקניק תה מעושן,קילוגרמים,0.00,"ק""ג",true,0,50.00,50.00,true,1,
7290000530031,false,סלמי פיין צר זוגלובק,זוגלובק,IL,פיין סלמי צר,קילוגרמים,0.00,"ק""ג",true,0,64.00,64.00,true,1,
7290000530048,false,נקניק סלמי פפרוני במ,זוגלובק,IL,סלמי פפרוני,גרמים,0.00,"ק""ג",true,0,59.00,59.00,true,1,
7290000530062,false,נקניק מעושן איטלקי במשקל,זוגלובק,IL,נקניק איטלקי,קילוגרמים,0.00,"ק""ג",true,0,80.00,80.00,true,1,
7290000530086,false,נקניק סלמי מעושן זוגלובק 600 גרם,נקניק נהריה כשר זוגל,IL,נקניק מעושן,גרמים,600.00,100 גרם,false,0,34.00,5.67,true,1,
7290000530109,false,קבנוס זוגי בואקום זוגלובק 180ג',נקניק נהריה כשר זוגל,IL,זוג קבנוס בואקום,גרמים,360.00,100 גרם,false,0,24.90,6.92,true,1,
7290000530116,false,נקניק סלמי מעושן בשן 470 ג' זוגלובק,נקניק נהריה כשר זוגל,IL,נקניק סלמי בשן,גרמים,470.00,100 גרם,false,0,24.90,5.30,true,1,
7290000530178,false,נקניק קוניאק זוגלובק,זוגלובק,IL,נקניק קוניאק,קילוגרמים,0.00,"ק""ג",true,0,85.00,85.00,true,1,
7290000530291,false,נקניק מבשר הודו קטן זוגלובק 750 גרם,נקניק נהריה כשר זוגל,IL,נקניק מבשר הודו,גרמים,750.00,100 גרם,false,0,19.90,2.65,true,1,
7290000530369,false,גולן ח.הודו מעוש.שלם משק,זוגלובק,IL,גולן חזה הודו,קילוגרמים,0.00,"ק""ג",true,0,85.00,85.00,true,1,
7290000530444,false,כתף בקר מעושן אורלנדו מש,זוגלובק,IL,כתף בקר מעושן,קילוגרמים,0.00,"ק""ג",true,0,109.00,109.00,true,1,
7290000530468,false,"נקניקיות וינר זוגלובק 1 ק""ג",זוגלובק,IL,נקניקיות וינר,קילוגרמים,1.00,"ק""ג",false,0,27.90,27.90,true,1,
7290000530598,false,נקניקיות עוף וינר זוגלובק 500 גרם,נקניק נהריה כשר זוגל,IL,נקניקיות וינר,גרמים,500.00,100 גרם,false,0,15.80,3.16,true,1,
7290000530703,false,פסטרמה חרמון כפרית ונקניק תה מעושן זוגלובק 2*400 גרם,נקניק נהריה כשר זוגל,IL,מארז חרמון+תה,גרמים,800.00,100 גרם,false,0,29.90,3.74,true,1,
7290000531410,false,פסטרממיה בדבש טהור במשקל,זוגלובק,IL,פסטרמה בדבש טהור,קילוגרמים,0.00,"ק""ג",true,0,85.00,85.00,true,1,
7290000532400,false,חזה הודו ברביקיו במשקל,זוגלובק,IL,חזה הודו ברבקי,קילוגרמים,0.00,"ק""ג",true,0,85.00,85.00,true,1,
7290000532585,false,נקניק רוסטביף חצוי ב,זוגלובק,IL,רוסטביף חצוי,קילוגרמים,0.00,"ק""ג",true,0,120.00,120.00,true,1,
7290000532721,false,כתף בקר בפלפל טורו במשקל,זוגלובק,IL,כתף בקר בפלפל,קילוגרמים,0.00,"ק""ג",true,0,109.00,109.00,true,1,
7290000533353,false,"בצק עלים צרפתי 1 ק""ג זוגלובק",מאפיית אריאל וגידרון,IL,בצק עלים,גרמים,1000.00,100 גרם,false,0,13.80,1.38,true,1,
7290000534718,false,חזה הודו תבור דל שומן מש,זוגלובק,IL,חזה הודו תבור,קילוגרמים,0.00,"ק""ג",true,0,85.00,85.00,true,1,
7290000536743,false,שניצלונים קריספי ט. תירס 500 גר' זוגלובק,נקניק נהריה כשר זוגל,IL,קריספי סטיקסתירס,גרמים,500.00,100 גרם,false,0,17.90,3.58,true,1,
7290000537566,false,נקניקיות עוף טרי 400 ג' זוגלובק,נקניק נהריה כשר זוגל,IL,נקניקיות עוף,גרמים,400.00,100 גרם,false,0,10.90,2.73,true,1,
7290000537603,false,"נקניקיות עוף זוגלובק 1 ק""ג",זוגלובק,IL,נקניקיות עוף,קילוגרמים,1.00,"ק""ג",false,0,27.90,27.90,true,1,
7290000538099,false,פסטרממיה כפרית במשקל,זוגלובק,IL,פסטרמה כפרית,קילוגרמים,0.00,"ק""ג",true,0,85.00,85.00,true,1,
7290000551098,false,בשר שריר מס8' מוכשר קג,טיבון ויל,XX,בשר מס8' קפוא,קילוגרמים,0.00,"ק""ג",true,0,29.90,29.90,true,1,
7290000551159,false,בשר ראש קפוא מוכשר,פניסקור,IL,בשר ראש קפוא ק,קילוגרמים,0.00,"ק""ג",true,0,69.90,69.90,true,1,
7290000554402,false,מעדן חלב מלבי 5% גד 170 גרם,"מיוצר ע""\י קוד יצרן EDNK",IL,מלבי,גרמים,160.00,100 גרם,false,0,6.00,3.75,true,1,
7290000554471,false,נקניק מוצרלה 22 אחוז 180גרם גד מהדרין,"מחלבות גד בע""\מ",IL,גבינת מוצרלה 22%,גרמים,180.00,100 גרם,false,0,17.50,9.72,true,1,
7290000554532,false,גבינה צפתית מעודנת במלח ים 5% 200 ג' גד,הנסיך- מפעל לייצור ט,IL,צפתית מעודנת 5%,גרמים,200.00,100 גרם,false,0,11.90,5.95,true,1,
7290000554600,false,מוצרלה מגורדת 22 אחוז 300גרם גד מהדרין,מחלבות גד בעמ,IL,מוצרלה מגורדת,גרמים,300.00,100 גרם,false,0,26.60,8.87,true,1,
7290000554624,false,מעדן חלב ירח מתוק עם אורז 3% גד 150 גרם,"מיוצר ע""\י קוד יצרן EDNK",IL,מעדן חלב ואורז,גרמים,150.00,100 גרם,false,0,6.00,4.00,true,1,
7290000554686,false,גבינת לאבנה בתוספת שמן זית וזעתר 5% גד 250 גרם,מחלבות גד בעמ,IL,לאבנה בשמן זית5%,גרמים,250.00,100 גרם,false,0,16.20,6.48,true,1,
7290000554792,false,גבינה בולגרית 5%במשקל,מחלבות גד,IL,גבינה בולגרית 5%,קילוגרמים,0.00,"ק""ג",true,0,64.00,64.00,true,1,
7290000554815,false,מוצרלה נקניק 22% במשקל,מחלבות גד,IL,גבינת מוצרלה,גרמים,0.00,"ק""ג",true,0,88.00,88.00,true,1,
7290000554822,false,גבינת ריקוטה בסגנון איטלקי 5% גד 250 גרם,מחלבות גד בעמ,IL,גבינת ריקוטה 5%,גרמים,250.00,100 גרם,false,0,14.90,5.96,true,1,
7290000554839,false,שמנת מתוקה קשה בסגנון איטלקי 40% שומן 250 ג' גד,מחלבות גד בעמ,IL,גבינה מסקרפונה,גרמים,250.00,100 גרם,false,0,22.40,8.96,true,1,
7290000554969,false,גב.שמנת 30%שומן1קג משקל,מחלבות גד,IL,גבינת שמנת 30%,קילוגרמים,0.00,"ק""ג",true,0,49.00,49.00,true,1,
7290000554976,false,גבינת שמנת זיתים גד,מחלבות גד,IL,גבינת שמנת זית,גרמים,0.00,"ק""ג",true,0,49.00,49.00,true,1,
7290000560021,false,אדג' ג'ל ורוד נגד חתכים 198ג',המאפיה של הרמן,US,ג'ל גילוח אדג',גרמים,198.00,100 גרם,false,0,15.90,8.03,true,1,
7290000560533,false,אדג' ג'ל גילוח ירוק לעור רגיל 198גרם,אס.סי ג'ונסון ובניו,US,אדג' ג'ל לגילוח,גרמים,198.00,100 גרם,false,0,15.90,8.03,true,1,
7290000560540,false,אדג' ג'ל גילוח כתום לעור רגיש 198גרם,המאפיה של הרמן,US,אדג' ג'ל לגילוח,גרמים,198.00,100 גרם,false,0,15.90,8.03,true,1,
7290000571119,false,גאודה טבעי בית יצחק,תנובה מרכז שיתופי לש,IL,גבינת גאודה,קילוגרמים,0.00,"ק""ג",true,0,113.00,113.00,true,1,
7290000571294,false,גבינת גאודה מעושנת ב,מחלבה בית יצחק,IL,גאודה מעושנת,קילוגרמים,0.00,"ק""ג",true,0,113.00,113.00,true,1,
7290000571386,false,המחלבה יוגורמה יוגורט מחלב כבשים 5% 850 גרם,גבינות משק אחים מאיר בית,IL,יוגורמה 5%,גרמים,850.00,100 גרם,false,0,28.80,3.39,true,1,
7290000572628,false,חטיפי חלווה ללא סוכר בקופסא 250 גרם,שוורצקוף& הנקל דיסלד,IL,חטיף חלווה לייט,גרמים,275.00,100 גרם,false,0,11.90,4.33,true,1,
7290000574172,false,לחם קל מחיטה מלאה 750 ג' דגנית עין בר,דגנית עין בר תעשיות מזון,IL,לחם קל חיטה מלאה,גרמים,750.00,100 גרם,false,0,14.60,1.95,true,1,
7290000611068,false,שניצל עוף פרוס,,IL,שניצל עוף פרוס,קילוגרמים,0.00,"ק""ג",true,0,34.90,34.90,true,1,
7290000644783,false,נתחי פילה סלמון קפוא קג,דגי תנובה,DK,נתחי פילה סלמון,קילוגרמים,0.00,"ק""ג",true,0,84.90,84.90,true,1,
7290000646299,false,פילה נסיכת הנילוס 100% דג קפוא תנובה,דגי תנובה,IL,פילה נסיכת נילוס,קילוגרמים,0.00,"ק""ג",true,1,44.90,44.90,true,1,
7290000652177,false,נתחי פילה נסיכה 100% דג קפוא תנובה,דגי תנובה,IL,נתחי נסיכת הנילו,קילוגרמים,0.00,"ק""ג",true,1,69.90,69.90,true,1,
7290000652542,false,פילה אמנון קפוא 5-7 קג,דגי תנובה,IL,פילה אמנון קפוא,קילוגרמים,0.00,"ק""ג",true,1,34.90,34.90,true,1,
7290000654546,false,פילה אמנון 7-9 100% דג תנובה,תנובה,CN,פילה אמנון קפוא,קילוגרמים,0.00,"ק""ג",true,1,36.90,36.90,true,1,
7290000659312,false,דגי תנובה פילה סלומון קפוא בוואקום,דגי תנובה,IL,פילה סלמון,קילוגרמים,0.00,"ק""ג",true,0,69.90,69.90,true,1,
7290000662213,false,נתח פילה סלמון קפוא תנובה,תנובה,IL,נתח פילה סלמון,קילוגרמים,0.00,"ק""ג",true,1,89.90,89.90,true,1,
7290000663098,false,שווארמה ריב אנטריקות,תנובה בשר,IL,שווארמה ריב אנטר,גרמים,300.00,100 גרם,false,1,35.90,11.97,true,1,
7290000679631,false,"ד""ר פישר - קמיל בלו קלאסיק 500 מ""ל",פישר מעבדות פרמצבטיות בע,IL,קמיל בלו אלסבון,מיליליטרים,500.00,"100 מ""ל",false,0,13.90,2.78,true,1,
7290000688374,false,"מים מינרליים מי עדן בייבי 6*330 מ""ל","מופק ממקור בזלתי עדן ,1",IL,מי עדן בייבי 6יח,ליטרים,1.50,ליטר,false,0,15.90,10.60,true,1,
7290000688381,false,שישיית מי עדן פקק ספורט 0.5 ליטר,"מופק ממקור בזלתי עדן ,1",IL,מי עדן אישי 6 בק,ליטרים,3.00,ליטר,false,0,14.90,4.97,true,1,
7290000692227,false,נוזל כלים פלמוליב צילינדר קלאסי 1 ליטר,יבואן ומשווק: ש. שסט,GR,פלמוליב לכלים,ליטרים,1.00,ליטר,false,0,13.90,13.90,true,1,
7290000907949,true,משקה מוגז בקירור עד500-מ,,,משקה מצונן 500מל,מיליליטרים,500.00,"100 מ""ל",false,0,7.50,1.50,true,1,
7290000910321,true,נתח פילה דג סלמון קפוא ק,נטו,NO,נתח פילה סלמון,קילוגרמים,0.00,"ק""ג",true,1,89.90,89.90,true,1,
7290000910406,true,"פילה עוף טרי ת עצמי ק""ג",שונות,IL,פילה עוף טרי,קילוגרמים,0.00,"ק""ג",true,0,34.90,34.90,true,1,
7290000915883,true,טחון בקר טרי (עצמי) מחיר,שונות,IL,טחון מקומי טרי,קילוגרמים,0.00,"ק""ג",true,0,49.90,49.90,true,1,
7290000916378,true,שניצל פרימיום טר,,IL,שניצל פרימיום טר,קילוגרמים,0.00,"ק""ג",true,0,44.90,44.90,true,1,
7290000922591,true,עוף שלם טרי תפזורת עצמי,שונות,IL,עוף שלם טרי,קילוגרמים,0.00,"ק""ג",true,0,18.90,18.90,true,1,
7290000928241,true,סלמון פרוס לא מעובד שופר,ויליגר תעשיות בעמ,NO,נתחי פ.סלמון קפו,קילוגרמים,0.00,"ק""ג",true,0,84.90,84.90,true,1,
7290000928388,true,צלי כתף טרי)עצמי( מחיר ל,שונות,IL,צלי כתף טרי,קילוגרמים,0.00,"ק""ג",true,0,99.90,99.90,true,1,
7290000928418,true,צוואר ב.ע טרי )עצמי( מחי,שונות,IL,צוואר ב.ע טרי,קילוגרמים,0.00,"ק""ג",true,0,79.90,79.90,true,1,
7290000928425,true,אסאדו עם עצם טרי מחיר לפ,שונות,IL,אסאדו עם עצם טרי,קילוגרמים,0.00,"ק""ג",true,0,69.90,69.90,true,1,
7290000928456,true,אסאדו בלי עצם טרי )עצמי(,שונות,IL,אסאדו בלי עצם טר,קילוגרמים,0.00,"ק""ג",true,0,79.20,79.20,true,1,
7290000928500,true,אוסובוקו טרי )עצמי( מחיר,שונות,IL,אוסובוקו טרי,קילוגרמים,0.00,"ק""ג",true,0,64.90,64.90,true,1,
7290000928739,true,צלעות טלה טרי )עצמי( מחי,שונות,IL,צלעות טלה טרי,קילוגרמים,0.00,"ק""ג",true,0,189.90,189.90,true,1,
7290000928777,true,צוואר כבש טרי (עצמי)משקל,שונות,IL,צוואר כבש טרי,קילוגרמים,0.00,"ק""ג",true,0,74.90,74.90,true,1,
7290000929422,true,שוארמה הודו נ.טרי תפזורת,שונות,IL,שוארמה הודו טרי,קילוגרמים,0.00,"ק""ג",true,0,69.90,69.90,true,1,
7290000929620,true,שוק הודו מפורק טרי תעצמי,שונות,IL,שוק הודו מפורק,קילוגרמים,0.00,"ק""ג",true,0,54.90,54.90,true,1,
7290000933740,true,בשר טחון טרי פרמיום קג,פניסקו,AR,בשר טחון פרמיום,קילוגרמים,0.00,"ק""ג",true,1,49.90,49.90,true,1,
7290000960272,true,עגבניה אורגנית,,IL,עגבניה אורגנית,קילוגרמים,0.00,"ק""ג",true,0,9.90,9.90,true,1,
7290000960548,true,מלפפון אורגני,,IL,מלפפון אורגני,קילוגרמים,0.00,"ק""ג",true,0,9.90,9.90,true,1,
7290000961392,true,פלפל שישקה אדום מתוק,קטיף.,,פ.שישקה אדום,קילוגרמים,0.00,"ק""ג",true,0,12.90,12.90,true,1,
7290000961552,true,פלפל כתום,קטיף.,IL,פלפל כתום,קילוגרמים,0.00,"ק""ג",true,0,8.90,8.90,true,1,
7290000961606,true,שורש ג'ינגר במשקל,קטיף.,XX,שורש גינגר,קילוגרמים,0.00,"ק""ג",true,0,29.90,29.90,true,1,
7290000961804,true,דלעת ארוזה,קטיף.,IL,דלעת ארוזה,קילוגרמים,0.00,"ק""ג",true,0,9.90,9.90,true,1,
7290000962474,true,חציל בלדי,קטיף.,IL,חציל בלדי,קילוגרמים,0.00,"ק""ג",true,0,7.90,7.90,true,1,
7290000962535,true,רוזמרין יחידה,קטיף.,IL,רוזמרין יחידה,יחידה,1.00,יחידה,false,0,5.90,5.90,true,1,
7290000962559,true,קורנית יחידה,קטיף.,IL,קורנית יחידה,יחידה,1.00,יחידה,false,0,5.90,5.90,true,1,
7290000962573,true,אורגנו יחידה,קטיף.,IL,אורגנו יחידה,יחידה,1.00,יחידה,false,0,5.90,5.90,true,1,
7290000962580,true,מרווה יחידה,קטיף,IL,מרווה יחידה,יחידה,1.00,יחידה,false,0,5.90,5.90,true,1,
7290000963136,true,תפוח עץ מוזהב 65,קטיף.,XX,תפוח עץ מוזהב,קילוגרמים,0.00,"ק""ג",true,0,10.90,10.90,true,1,
7290000963297,true,תפוח עץ סטרקינג 65,קטיף.,XX,תפוח סטרקינג,קילוגרמים,0.00,"ק""ג",true,0,9.90,9.90,true,1,
7290000963310,true,תפוח עץ קנזי יבוא,קטיף.,IT,"תפו""ע קנזי",קילוגרמים,0.00,"ק""ג",true,0,14.90,14.90,true,1,
7290000963341,true,אגס אסיאתי,קטיף.,CN,אגס אסיאתי,קילוגרמים,0.00,"ק""ג",true,0,15.90,15.90,true,1,
7290000963372,true,תפוח עץ פינקריספי 70,קטיף.,XX,תפוח עץ פינקריספ,קילוגרמים,0.00,"ק""ג",true,0,15.90,15.90,true,1,
7290000963419,true,תפוח עץ גאלה 65,קטיף.,XX,תפוח עץ גאלה,קילוגרמים,0.00,"ק""ג",true,0,12.90,12.90,true,1,
7290000963518,true,תפוח עץ סמיט 70,קטיף.,XX,תפוח עץ סמיט,קילוגרמים,0.00,"ק""ג",true,0,9.90,9.90,true,1,
7290000964096,true,אפרסמון קרמבו,קטיף.,IL,אפרסמון קרמבו,קילוגרמים,0.00,"ק""ג",true,0,13.90,13.90,true,1,
7290000964348,true,תפוז ברשת למיץ אא,קטיף.,IL,תפוז ברשת למיץ,קילוגרמים,0.00,"ק""ג",true,0,4.90,4.90,true,1,
7290000964362,true,פומלה לבנה,קטיף.,IL,פומלה לבנה,קילוגרמים,0.00,"ק""ג",true,0,6.90,6.90,true,1,
7290000964379,true,אשכולית לבנה,קטיף.,IL,אשכולית לבנה,קילוגרמים,0.00,"ק""ג",true,0,5.90,5.90,true,1,
7290000964393,true,אשכולית אדומה,קטיף.,IL,אשכולית אדומה,קילוגרמים,0.00,"ק""ג",true,0,5.90,5.90,true,1,
7290000964423,true,פומלה אדומה,קטיף.,IL,פומלה אדומה,קילוגרמים,0.00,"ק""ג",true,0,6.90,6.90,true,1,
7290000964461,true,פומלית,קטיף.,IL,פומלית,קילוגרמים,0.00,"ק""ג",true,0,5.90,5.90,true,1,
7290000964492,true,לימון תפזורת,קטיף.,IL,לימון,קילוגרמים,0.00,"ק""ג",true,0,6.90,6.90,true,1,
7290000964508,true,תפוז גדול,קטיף.,IL,תפוזים מובחרים,קילוגרמים,0.00,"ק""ג",true,0,5.90,5.90,true,1,
7290000964560,true,קלמנטינה,קטיף.,IL,קלמנטינה,קילוגרמים,0.00,"ק""ג",true,0,5.90,5.90,true,1,
7290000964829,true,אגס ספדונה 55,קטיף.,IL,אגס ספדונה,קילוגרמים,0.00,"ק""ג",true,0,12.90,12.90,true,1,
7290000964980,true,אבוקדו,קטיף.,IL,אבוקדו,קילוגרמים,0.00,"ק""ג",true,0,11.90,11.90,true,1,
7290000965055,true,מלון מובחר,קטיף.,IL,מלון מובחר,קילוגרמים,0.00,"ק""ג",true,0,6.90,6.90,true,1,
7290000965956,true,רימון אורגני,,IL,רימון אורגני,קילוגרמים,0.00,"ק""ג",true,0,11.90,11.90,true,1,
7290000966328,true,אפרסמון סיני65,קטיף.,IL,אפרסמון סיני,קילוגרמים,0.00,"ק""ג",true,0,13.90,13.90,true,1,
7290000966564,true,רימון,קטיף.,IL,רימון,קילוגרמים,0.00,"ק""ג",true,0,7.90,7.90,true,1,
7290000966618,true,גויאבות,קטיף.,IL,גויאבות,קילוגרמים,0.00,"ק""ג",true,0,19.90,19.90,true,1,
7290000966656,true,קיווי מובחר שקיל,קטיף.,IL,קיווי,קילוגרמים,0.00,"ק""ג",true,0,13.90,13.90,true,1,
7290000967684,true,בננה מובחרת,קטיף.,IL,בננה מובחרת,קילוגרמים,0.00,"ק""ג",true,0,5.90,5.90,true,1,
7290000982939,true,כרישה )לוף( יחידה,קטיף.,IL,כרישה )לוף(,יחידה,1.00,יחידה,false,0,8.90,8.90,true,1,
7290000988092,true,קוקוס ראש - יח',קטיף.,IL,קוקוס ראש יח,יחידה,1.00,יחידה,false,0,6.90,6.90,true,1,
7290000992013,true,פלפל רומירו,,IL,פלפל רומירו,קילוגרמים,0.00,"ק""ג",true,0,17.90,17.90,true,1,
7290000993461,true,עגבניה שרי צהוב יחידה,קטיף.,IL,עגבניה שרי צהובה,גרמים,460.00,100 גרם,false,0,9.90,2.15,true,1,
7290000995175,true,בזיליקום אדום יחידה,קטיף,IL,בזיליקום אדום,יחידה,1.00,יחידה,false,0,5.90,5.90,true,1,
7290000998305,true,תות שדה שקיל,קטיף.,IL,תות שדה ארוז,גרמים,0.00,"ק""ג",true,1,50.00,50.00,true,1,
7290001006337,false,חזה הודו בדבש שופרסל קג,עוף טוב,IL,חזה הודו בדבש,קילוגרמים,0.00,"ק""ג",true,1,75.00,75.00,true,1,
7290001006344,false,חזה הודו ברביקיו שופרסל,עוף טוב,IL,חזה הודו ברביקיו,קילוגרמים,0.00,"ק""ג",true,1,75.00,75.00,true,1,
7290001006368,false,פסטרמה איטלקית שופרסל קג,עוף טוב,IL,פסטרמה איטלקית,קילוגרמים,0.00,"ק""ג",true,1,75.00,75.00,true,1,
7290001006375,false,פסטרמה מקסיקני שופרסל קג,עוף טוב,IL,פסטרמה מקסיקני,קילוגרמים,0.00,"ק""ג",true,1,75.00,75.00,true,1,
7290001045169,false,מיץ תפוחי עץ צלול פרימור 1 ליטר,"גניר (1992) בע""מ",IL,מיץ תפוחים צלול,ליטרים,1.00,ליטר,false,0,15.80,15.80,true,1,
7290001121023,false,פסטרמה של פעם יחיעם,מעדני יחיעם,IL,פסטרמה של פעם,קילוגרמים,0.00,"ק""ג",true,0,77.00,77.00,true,1,
7290001121054,false,צמד חמד פסטרמה וסלמי יחיעם 700 גרם,תאי פרזידנט פוד פאבל,IL,צמד חמד,גרמים,700.00,100 גרם,false,0,24.90,3.55,true,1,
7290001121238,false,נקניק קורנדביף 4% יחיעם 180 גרם,מעדני יחיעם 1993,IL,קורנביף,גרמים,180.00,100 גרם,false,0,24.90,13.83,true,1,
7290001121849,false,פסטרמה ברביקיו יחיעם 250 גרם ר.טבעיים,מעדני יחיעם 1993,IL,פסטרמה טבעית,גרמים,250.00,100 גרם,false,0,25.90,10.36,true,1,
7290001134153,false,גרונות הודו קפוא כשר,יסכה,IL,גרון הודו קפוא,קילוגרמים,0.00,"ק""ג",true,1,24.90,24.90,true,1,
7290001136287,false,"שמפו לשיער רגיל בבושם פרחים נקה 7 750 מ""ל","אמיליה קוסמטיקס בע""מ",IL,שמפו נקה 7,מיליליטרים,750.00,"100 מ""ל",false,0,8.90,1.19,true,1,
7290001136294,false,"שמפו לשיער יבש בבישום פרחים נקה 7 750 מ""ל","אמיליה קוסמטיקס בע""מ",IL,שמפו נקה 7,מיליליטרים,750.00,"100 מ""ל",false,0,8.90,1.19,true,1,
7290001136683,false,"מרכך לשיער רגיל בבושם פרחים נקה 7 750 מ""ל","אמיליה קוסמטיקס בע""מ",IL,קונדישינר נקה 7,מיליליטרים,750.00,"100 מ""ל",false,0,8.90,1.19,true,1,
7290001158500,false,כנפי עוף טרי תפזורת עצמי,שונות,IL,כנפיים עוף טרי,קילוגרמים,0.00,"ק""ג",true,0,11.90,11.90,true,1,
7290001158517,false,כרעי עוף טרי תפזורת עצמי,שופרסל,IL,כרעיים עוף טרי,קילוגרמים,0.00,"ק""ג",true,0,27.90,27.90,true,1,
7290001158524,false,שניצל עוף פרוס)עצמי(לקג,שונות,IL,שניצל עוף טרי,קילוגרמים,0.00,"ק""ג",true,0,34.90,34.90,true,1,
7290001158531,false,שוקי עוף טרי תפזורת עצמי,שונות,IL,שוקיים עוף טרי,קילוגרמים,0.00,"ק""ג",true,0,32.90,32.90,true,1,
7290001158661,false,שווארמה פרגיות)עצמי(לקג,שונות,IL,פרגיות עוף טרי,קילוגרמים,0.00,"ק""ג",true,0,59.90,59.90,true,1,
7290001158722,false,חזה עוף טרי תפזורת עצמי,שונות,IL,חזה עוף טרי,קילוגרמים,0.00,"ק""ג",true,0,31.90,31.90,true,1,
7290001164266,false,אפקטבעי גרנולה ללא סוכר 500גר,אפקט טבעי בעמ,IL,גרנולה ממותקת,גרמים,500.00,100 גרם,false,0,23.70,4.74,true,1,
7290001209158,false,שניצל עוף פרוס עטרה קפוא,שונות,IL,שניצל עוף פרוס ק,קילוגרמים,0.00,"ק""ג",true,0,37.90,37.90,true,1,
7290001216040,false,טחינה גולמית שומשום טהור אל ארז 500 גרם,אגס ירוק מסחר ושירותים,IL,טחינה גולמית,גרמים,500.00,100 גרם,false,0,16.20,3.24,true,1,
7290001216057,false,"טחינה שומשום טהור אל ארז 1 ק""ג",אגס ירוק מסחר ושירותים,IL,טחינה גולמית,קילוגרמים,1.00,"ק""ג",false,0,32.30,32.30,true,1,
7290001216231,false,טחינה גולמית שומשום מלא אל ארז 500 גרם,אגס ירוק מסחר ושירותים,IL,טחינה מלאה,גרמים,500.00,100 גרם,false,0,17.20,3.44,true,1,
7290001216552,false,טחינה פרו 25משומ.מלא250ג,אגס ירוק מסחר ושירותים,IL,טחינה שומשום מלא,גרמים,250.00,100 גרם,false,1,15.90,6.36,true,1,
7290001230234,false,סיגריות כאמל סופט חפ,גיי טי אינטרנשיונל,CH,כאמל צהוב סופט,יחידה,1.00,יחידה,false,0,33.00,33.00,false,1,
7290001230331,false,סיגריות כאמל בוקס חפ,Unknown,CH,כאמל צהוב קצר,יחידה,1.00,יחידה,false,0,33.00,33.00,false,1,
7290001230739,false,כאמל כחול חפיסה חפיסה,Unknown,CH,כאמל כחול,יחידה,1.00,יחידה,false,0,33.00,33.00,false,1,
7290001231932,false,ווינסטון כחול בוקס חפיסה,Unknown,CH,וינסטון כחול קצר,יחידה,1.00,יחידה,false,0,33.50,33.50,false,1,
7290001247068,false,קרטונית נקטר ספרינג תות בננה 1 ליטר,יפאורה שותפות מובגלת לשיווק,IL,נקטר תות בננה,ליטרים,1.00,ליטר,false,0,6.90,6.90,true,1,
7290001247082,false,מיץ עגבניות רכיבים טבעיים ספרינג 1 ליטר,יפאורה שותפות מובגלת לשיווק,IL,נקטר עגבניות,ליטרים,1.00,ליטר,false,0,6.60,6.60,true,1,
7290001247105,false,קרטונית נקטר ספרינג אפרסק 1 ליטר,יפאורה שותפות מובגלת לשיווק,IL,נקטר אפרסק,ליטרים,1.00,ליטר,false,0,6.90,6.90,true,1,
7290001247112,false,קרטונית נקטר ספרינג לימונענע 1 ליטר,יפאורה שותפות מובגלת לשיווק,IL,משקה לימונענע,ליטרים,1.00,ליטר,false,0,6.90,6.90,true,1,
7290001247129,false,נקטר ספרינג תפוזים קרטונית 1 ל',יפאורה שותפות מובגלת לשיווק,IL,נקטר ספרינג תפוז,ליטרים,1.00,ליטר,false,0,6.90,6.90,true,1,
7290001247143,false,קרטונית נקטר ספרינג תפוחים 1 ליטר,יפאורה שותפות מובגלת לשיווק,IL,נקטר ספרינג תפוח,ליטרים,1.00,ליטר,false,0,6.90,6.90,true,1,
7290001258118,false,קממבר טבעי יעקבס לקג,גבינות משק יעקבס,IL,קממברט יעקבס,קילוגרמים,0.00,"ק""ג",true,0,105.00,105.00,true,1,
7290001258446,false,"יעקבס יוגורט כבשים 5% 850 מ""ל",גבינות משק יעקבס,IL,יוגורט כבשים5%,גרמים,850.00,100 גרם,false,0,20.00,2.35,true,1,
7290001258682,false,"יוגורט עיזים באריזה 500 מ""ל",גבינות משק יעקבס,IL,יוגורט עיזים,מיליליטרים,500.00,"100 מ""ל",false,0,17.50,3.50,true,1,
7290001265642,false,שלישיית מעדני לה-קט פטה 3*400 גר',קריות זול,FR,מעדני לה קט 3 יח,קילוגרמים,1.20,"ק""ג",false,0,19.90,16.58,true,1,
7290001274941,false,"שמיניית גלידל פרי פטל ""פלדמן""",הגלידות של פלדמן,IL,גלידל פרי פטל,גרמים,640.00,100 גרם,false,0,23.90,3.73,true,1,
7290001305058,false,"פלמוליב - נטורלס תחליב רחצה חלב ודבש 500 מ""ל",הנסיך- מפעל לייצור ט,TR,סב.נוזלי פלמוליב,מיליליטרים,500.00,"100 מ""ל",false,0,15.90,3.18,true,1,
7290001305188,false,"נוזל לניקוי כלים בריח לימון פלמוליב 750 מ""ל",יבואן ומשווק: ש. שסט,GR,פלמוליב לכלים,מיליליטרים,750.00,"100 מ""ל",false,0,8.90,1.19,true,1,
7290001312995,false,בגט 280 גרם,גידרון,IL,באגט,יחידה,1.00,יחידה,false,0,4.90,4.90,true,1,
7290001407547,false,טחינה גולמית משומשום מלא פי 6 בארכה 500ג',"רושדי תעשיות מזון בע""\מ",IL,טחינה שומשום מלא,גרמים,500.00,100 גרם,false,1,15.90,3.18,true,1,
7290001407769,false,טחינה גולמית שומשום מלא בארכה 500 גרם,"רושדי תעשיות מזון בע""\מ",IL,טחינה שומשום,גרמים,500.00,100 גרם,false,0,13.90,2.78,true,1,
7290001407936,false,בארכה-טחינה גולמית מעודנת בקבוק לחיץ 310 ג',"רושדי תעשיות מזון בע""\מ",IL,טחינה מעודנת,גרמים,310.00,100 גרם,false,1,11.90,3.84,true,1,
7290001427033,false,מיץ תפוחים רכיבים טב,"פריניב בע""מ",IL,מיץ סחוט תפוחים,ליטרים,1.00,ליטר,false,0,16.90,16.90,true,1,
7290001491010,false,תה ירוק יסמין ויסוצקי 25 יחידות,תה ויסוצקי,IL,תה ירוק יסמין,גרמים,37.00,100 גרם,false,0,24.90,67.30,true,1,
7290001491096,false,תה ירוק בתוספת לימונית ולואיזה 50 שקיקים ויסוצקי,תה ויסוצקי,IL,תה ירוק לימונית,גרמים,75.00,100 גרם,false,0,44.90,59.87,true,1,
7290001507063,false,פתי בר מקמח מלא אורגני 200ג,השדה מוצרים אורגניים,IL,פתי בר אורגני,גרמים,200.00,100 גרם,false,0,7.60,3.80,true,1,
7290001509395,false,פילה הודו חצויטרי פרימיו,מילועוף,IL,פילה הודו חצויטר,קילוגרמים,0.00,"ק""ג",true,1,44.90,44.90,true,1,
7290001552049,false,קוסקוס מרוקאי קפוא 800 גר,מטעמי פאר,IL,קוסקוס מרוקאי,גרמים,800.00,100 גרם,false,0,16.90,2.11,true,1,
7290001567814,false,סלמי מעושן בסגנון איטלקי 300 ג' יחיעם,מעדני יחיעם,IL,סלמי מעושן איטלק,גרמים,300.00,100 גרם,false,1,24.90,8.30,true,1,
7290001594377,false,פריגת תפוזים 0.5 ליטר חייב בפקדון,מבשלות בירה בינלאומיות ב,IL,פריגת תפוזים,מיליליטרים,500.00,"100 מ""ל",false,0,7.00,1.40,true,1,
7290001594575,false,"בירה טובורג רד פחית 500 מ""ל",מבשלות בירה בינלאומיות ב,IL,בירה טובורג פחית,מיליליטרים,500.00,"100 מ""ל",false,0,9.20,1.84,true,1,
7290001594810,false,"בירה שחורה מאלטי בקב' מארז 330X6מ""ל",החברה המרכזית לייצור משקאות,IL,מאלטי בקבוק 6 יח,ליטרים,1.98,ליטר,false,0,27.90,14.09,true,1,
7290001594858,false,"שישייה בירה טובורג רד בקבוק 330 מ""ל",מבשלות בירה בינלאומיות ב,IL,טובורג רד 6 יח,ליטרים,1.98,ליטר,false,0,29.90,15.10,true,1,
7290001594865,false,"שישייה בירה קרלסברג בקבוק 330 מ""ל",מבשלות בירה בינלאומיות ב,IL,בירה קרלסברג 6יח,ליטרים,1.98,ליטר,false,0,40.90,20.66,true,1,
7290001696385,false,מיני רוגלך שוקולד,גדרון סהרון,IL,מיני רוגלך,קילוגרמים,0.00,"ק""ג",true,1,42.00,42.00,true,1,
7290001696392,false,מיני קרואסון במשקל,גדרון סהרון,IL,מיני קרואסון ריק,קילוגרמים,0.00,"ק""ג",true,1,42.00,42.00,true,1,
7290001713921,false,אקונומיקה bleach מבושמת 4 ל' סנט מוריץ,קומפלקס כימיקלים בעמ,IL,אקונומיקה בלאנקו,ליטרים,4.00,ליטר,false,1,9.90,2.48,true,1,
7290001780428,false,גלידיאט שלגון מצופה נסטלה 312 גרם מארז 6 יחידות,גלידות נסטלה )נגה גלידות,IL,מארז גלידיאט,גרמים,360.00,100 גרם,false,0,29.90,8.31,true,1,
7290001791349,false,פיסגה אקונומיקה ריחנית סנו 4 ליטר,"סנו מפעלי ברונוס בע""מ",IL,אקונומיקה פיסגה,ליטרים,4.00,ליטר,false,0,9.90,2.48,true,1,
7290001817728,false,צ'יטוס אפוי כאפה בטעם קטשופ 55 גרם,"שטראוס פריטו ליי בע""\מ )",IL,צ'יטוס כפאה,גרמים,55.00,100 גרם,false,0,3.50,6.36,true,1,
7290001873458,false,סטייקבורגר בלאק אנגוס 320 גרם,טיבון ויל אחזקות בעמ,IL,סטייקבורגר בלאק,גרמים,320.00,100 גרם,false,1,24.90,7.78,true,1,
7290001875308,false,חזה עוף טרי פרימיום קג,עוף עוז,IL,חזה פרימיום ע.טר,קילוגרמים,0.00,"ק""ג",true,1,39.90,39.90,true,1,
7290001875315,false,שניצל דק טרי פרימיום קג,עוף עוז,IL,שניצל דק פרימיום,קילוגרמים,0.00,"ק""ג",true,1,44.90,44.90,true,1,
7290001875346,false,כרעיים עוף טרי פרימיום ק,עוף עוז,IL,כרעיים פרימיום ט,קילוגרמים,0.00,"ק""ג",true,1,34.90,34.90,true,1,
7290001875353,false,שוקיים עוף טרי פרימיום ק,עוף עוז,IL,שוקיים פרמיום טר,קילוגרמים,0.00,"ק""ג",true,1,37.90,37.90,true,1,
7290001875377,false,פרגיות עוף טרי פרימיום ק,עוף עוז,IL,פרגיות פרימיום,קילוגרמים,0.00,"ק""ג",true,1,69.90,69.90,true,1,
7290001902301,false,חלה מתוקה קלועה 450 גרם,"גידרון תעשיות בע""מ",IL,חלה מתוקה קלוע,יחידה,1.00,יחידה,false,0,12.90,12.90,true,1,
7290001902318,false,חלה מתוקה קלוע+צימוקקפוא,"גידרון תעשיות בע""מ",IL,חלה מתוקה קלוע,יחידה,1.00,יחידה,false,0,12.90,12.90,true,1,
7290001902325,false,חלה קלועה שופרסל,"גידרון תעשיות בע""מ",IL,חלה קלועה שופרסל,יחידה,1.00,יחידה,false,0,12.90,12.90,true,1,
7290001902677,false,לחמניה 100% קמח מלא,"גידרון תעשיות בע""מ",IL,לחמניה מקמח מלא,יחידה,1.00,יחידה,false,0,3.20,3.20,true,1,
7290001902776,false,לחמנית עם דגנים קפוא,"גידרון תעשיות בע""מ",IL,לחמנית עם דגנים,יחידה,1.00,יחידה,false,0,4.90,4.90,true,1,
7290001902783,false,לחמנית המבורגר,"גידרון תעשיות בע""מ",IL,לחמנית המבורגר,יחידה,1.00,יחידה,false,0,3.20,3.20,true,1,
7290001989364,false,מקרל פרוס בשמן במשקל,"סלטי שמיר 2006 בע""מ",IL,מקרל פרוס בשמן,קילוגרמים,0.00,"ק""ג",true,0,99.00,99.00,true,1,
7290001989388,false,מעדן מטיאס הולנדי משקל,"סלטי שמיר 2006 בע""מ",IL,מעדן מטיאס,קילוגרמים,0.00,"ק""ג",true,0,55.00,55.00,true,1,
7290001989395,false,דג הרינג כבוש עם בצל,"סלטי שמיר 2006 בע""מ",IL,הרינג כבוש,קילוגרמים,0.00,"ק""ג",true,0,55.00,55.00,true,1,
7290001989746,false,מקרל מעושן שלם משקל,סלטי שמיר,IL,מקרל מעושן,קילוגרמים,0.00,"ק""ג",true,1,99.00,99.00,true,1,
7290001990148,false,"סוכר גולדן קלאסי בצנצנת סוגת 1 ק""ג",האי נאם סי או אל.טי.,IL,סוכר גולדן,קילוגרמים,1.00,"ק""ג",false,0,12.90,12.90,true,1,
7290001990261,false,"סוגת חומוס 1 ק""ג","סוגת תעשיות בע""\מ",IL,חומוס,קילוגרמים,1.00,"ק""ג",false,0,14.90,14.90,true,1,
7290001990278,false,"שעועית לבנה סוגת 1 ק""ג","סוגת תעשיות בע""\מ",IL,שעועית לבנה,קילוגרמים,1.00,"ק""ג",false,0,18.90,18.90,true,1,
7290001990414,false,"עדשים אדומים 1 ק""ג סוגת","סוגת תעשיות בע""\מ",IL,עדשים אדומות,קילוגרמים,1.00,"ק""ג",false,0,14.90,14.90,true,1,
7290001990421,false,"פופקורן גרעינים סוגת 1 ק""ג","סוגת תעשיות בע""\מ",IL,"פופקורן 1 ק""ג",קילוגרמים,1.00,"ק""ג",false,0,9.80,9.80,true,1,
7290002000136,false,שעווה לחימום במיקרוגל - דבש ופרופוליס,"ש. שוורץ )באר שבע( בע""\מ",IL,שעוות מגע משי,גרמים,500.00,100 גרם,false,0,19.90,3.98,true,1,
7290002002857,false,ניירות להסרת שיער בשעווה 50 יחידות,"איטיליאן פוד, אס.פי.",IL,נייר שעווה,יחידה,1.00,יחידה,false,0,19.90,19.90,true,1,
7290002007371,false,פירורי לחם הנמל 500 ג',הנמל אריזות ושיווק ב,IL,פירורי לחם,גרמים,500.00,100 גרם,false,0,6.90,1.38,true,1,
7290002008187,false,קשים מתקפלים לשתיה הנמל 40 יחידות,יבוא ושיווק: הנמל אריזות,CN,קשים מתקפלים,יחידה,1.00,יחידה,false,0,2.90,2.90,true,1,
7290002008224,false,סוכריות לקישוט צבעונית הנמל 100 ג',ממתקי עלה בעמ,IL,סוכריות לקישוט,גרמים,100.00,100 גרם,false,0,5.70,5.70,true,1,
7290002008309,false,עטרות נייר חום לעוגה מס' 4 הנמל 130יח',"הנמל אריזות ושיווק בע""\מ",IL,עטרות בקופסה,יחידה,1.00,יחידה,false,0,4.90,4.90,true,1,
7290002008934,false,סוכריות צבעוניות לקישוט לעוגה 200 גר,ממתקי עלה יצור שיווק,IL,סוכריות לקישוט,גרמים,200.00,100 גרם,false,0,7.80,3.90,true,1,
7290002013006,false,פסטרמה מקסיקנית במשקל,זוגלובק,IL,פסטרמה מקסיקנית,קילוגרמים,0.00,"ק""ג",true,0,85.00,85.00,true,1,
7290002019114,false,רוטב עגבניות מרוכז מאד 28-30BX פריניר,פרי ניר,IL,תרכיז עגבניות,גרמים,580.00,100 גרם,false,0,7.90,1.36,true,1,
7290002019763,false,עגבניות מרוסקות פרי ניר 800 גרם,פריניר ( הדס 1987) ב,IL,עגבניות מרוסקות,גרמים,800.00,100 גרם,false,0,7.90,0.99,true,1,
7290002019787,false,רוטב עגבניות מרוכז מאוד 260 גרם פריניר,פריניר ( הדס 1987) ב,IL,רוטב עגבניות,גרמים,260.00,100 גרם,false,0,3.90,1.50,true,1,
7290002019794,false,רוטב עגבניות מרוכז מאוד 100 גרם פריניר,פריניר ( הדס 1987) ב,IL,רוטב עגבניות,גרמים,100.00,100 גרם,false,0,1.90,1.90,true,1,
7290002020189,false,סופגניה מיני רגילה+ריבה,"גידרון תעשיות בע""מ",IL,סופגניה מיני,גרמים,35.00,100 גרם,false,0,3.90,11.14,true,1,
7290002020868,false,מארז בייגל רומני 3יח,גידרון,,3 ביגלה רומני,יחידה,1.00,יחידה,false,0,13.90,13.90,true,1,
7290002026358,false,צ'יפס אריסטו זיג זג שקיות רשת,מוצרי איכות אמריקאיים,CA,ציפס בטטה זיג זג,גרמים,500.00,100 גרם,false,1,16.90,3.38,true,1,
7290002026365,false,טבעות בצל אריסטו קראנץ' 500 גרם,מוצרי איכות אמריקאיים,BE,טבעות בצל,גרמים,500.00,100 גרם,false,20,9.90,1.98,true,1,
7290002026402,false,בראנץ אנד קראנץ בלינצס גבינה 350 גרם,מוצרי איכות אמריקאיים בע,IL,בלינצ'ס גבינה,גרמים,350.00,100 גרם,false,0,11.90,3.40,true,1,
7290002040019,false,קוסקוס רגיל הנמל 350 גרם,"קוסקוס מזון בע""מ",IL,קוסקוס רגיל,גרמים,350.00,100 גרם,false,0,4.90,1.40,true,1,
7290002040064,false,קוסקוס דק הנמל 350 גרם,טרופיקל דגיל תעשיות,IL,קוסקוס דק,גרמים,350.00,100 גרם,false,0,4.90,1.40,true,1,
7290002040071,false,קוסקוס עבה שקית 350 גרם הנמל,"קוסקוס מזון בע""מ",IL,קוסקוס עבה,גרמים,350.00,100 גרם,false,0,4.90,1.40,true,1,
7290002040088,false,קוסקוס מלא הנמל 350 גרם,"קוסקוס מזון בע""מ",IL,קוסקוס מלא,גרמים,350.00,100 גרם,false,0,6.50,1.86,true,1,
7290002043065,false,אקסטרה פריכיות אורז חום מלא בציפוי שוקולד מריר 70 גרם,נוהלס ג'\י אס סי.,BG,פריכונים מצופים,גרמים,70.00,100 גרם,false,1,8.90,12.71,true,1,
7290002043072,false,אקסטרה פריכיות אורז חום מלא בציפוי שוקולד חלב 70 גרם,נוהלס ג'\י אס סי.,BG,פריכונים מצופים,גרמים,70.00,100 גרם,false,1,8.90,12.71,true,1,
7290002043782,false,אקסטרה צ'יפס אורז חום מלא טקסס ברביקיו 60 גרם,נוהלס ג'\י אס סי.,BG,צ'יפס אורז מלא,גרמים,60.00,100 גרם,false,1,6.90,11.50,true,1,
7290002053538,false,נודלס בסגנון תאילנדי 25 תוספת אוריינטל 500 גרם,פ.פ.ח. טאביה ספ זאו.או,PL,נודלס ביצים,גרמים,500.00,100 גרם,false,1,13.90,2.78,true,1,
7290002057031,false,זיתים מבוקעים פיקנטי קבוצת יבנה 340 גרם,קבוצת יבנה,IL,זיתים מבוקע פיקנ,גרמים,540.00,100 גרם,false,0,8.90,1.65,true,1,
7290002057093,false,זיתים מנזנילו גדול קבוצת יבנה 340 גרם,קבוצת יבנה,IL,זית מנזנילו יר,גרמים,540.00,100 גרם,false,0,8.90,1.65,true,1,
7290002057123,false,זיתים ירוקים מנזנילו קבוצת יבנה 560 גרם,קבוצת יבנה,IL,זית חרוזית,גרמים,540.00,100 גרם,false,0,9.60,1.78,true,1,
7290002057161,false,זיתים מרינט ביין גדול מאד קבוצת יבנה 340 גרם,קבוצת יבנה,IL,זית חתוך במרינד,גרמים,540.00,100 גרם,false,0,9.60,1.78,true,1,
7290002057185,false,טבעות זיתים ירוקים קבוצת יבנה 560 גרם,קבוצת יבנה,IL,טבעות זיתים,גרמים,540.00,100 גרם,false,0,9.90,1.83,true,1,
7290002057352,false,מלפפונים במלח ‏9‏-‏7‏ קבוצת יבנה 320 גרם,קבוצת יבנה מוצרי מזון,IL,מלפפון במלח 7-9,גרמים,540.00,100 גרם,false,0,6.90,1.28,true,1,
7290002057369,false,מלפפונים במלח ‏12‏-‏10‏ קבוצת יבנה 320 גרם,קבוצת יבנה,IL,מלפפונים במלח,גרמים,540.00,100 גרם,false,0,7.90,1.46,true,1,
7290002057376,false,מלפפונים במלח ‏17‏-‏13‏ קבוצת יבנה 320 גרם,קבוצת יבנה,IL,מלפפונים במלח,גרמים,540.00,100 גרם,false,0,9.90,1.83,true,1,
7290002057383,false,מלפפונים במלח ‏25‏-‏18‏ קבוצת יבנה 320 גרם,קבוצת יבנה,IL,מלפפונים במלח,גרמים,540.00,100 גרם,false,0,12.90,2.39,true,1,
7290002057451,false,מלפפונים בחומץ ‏9‏-‏7 קבוצת יבנה 290 גרם,קבוצת יבנה מוצרי מזון,IL,מלפפונים בחומץ,גרמים,540.00,100 גרם,false,0,6.90,1.28,true,1,
7290002057468,false,מלפפון יבנה בחומץ בינוניים 10-12 290 גרם,קבוצת יבנה,IL,מלפפון בחומץ,גרמים,540.00,100 גרם,false,0,7.90,1.46,true,1,
7290002057482,false,מלפפון יבנה בחומץ קטנים מאוד 18-25 290 ג,קבוצת יבנה,IL,מלפפונים בחומץ,גרמים,540.00,100 גרם,false,0,12.90,2.39,true,1,
7290002057604,false,פלפל חריף שיפקה קבוצת יבנה 225 גרם.,קבוצת יבנה,IL,פלפל חריף שיפקה,גרמים,540.00,100 גרם,false,0,6.30,1.17,true,1,
7290002057628,false,טבעות זיתים מושחר קבוצת יבנה 275 גרם,קבוצת יבנה,IL,טבעות זיתים,גרמים,540.00,100 גרם,false,0,9.90,1.83,true,1,
7290002065555,false,שישיית לחמנייה הכי רכה בהפסקה אנג'ל 450 גרם,מאפיית שלמה א. אנג'\ל בע,IL,6 לחמניות בשקית,גרמים,450.00,100 גרם,false,0,11.90,2.64,true,1,
7290002065616,false,לחם שיפון גרעינים פרוס אחדות 750 גרם,מאפיית שלמה א. אנג'\ל בע,IL,לחם שיפון,גרמים,750.00,100 גרם,false,0,10.90,1.45,true,1,
7290002065623,false,לחם שיפון של פעם כפרי פרוס אורנים 750 גרם,מאפיית שלמה א. אנג'\ל בע,IL,לחם שיפון כפרי,גרמים,750.00,100 גרם,false,0,10.90,1.45,true,1,
7290002079033,false,לחם דגנים לייט פרוס 500 גרם,מאפיית דוידוביץ ובניו בע,IL,לחם דגנים לייט,גרמים,500.00,100 גרם,false,0,15.50,3.10,true,1,
7290002079156,false,פיתות דוידוביץ חמישי,מאפיית דוידוביץ ובני,IL,פיתות 5 יחידות,יחידה,1.00,יחידה,false,0,9.90,9.90,true,1,
7290002079316,false,חלה רגילה פרוסה 500 גרם,מאפית דוידוביץ ובניו,IL,חלה רגילה פרוסה,גרמים,500.00,100 גרם,false,0,9.90,1.98,true,1,
7290002079361,false,לחמניות המבורגר חתוך 6+2*60 ג',מאפיית דוידוביץ ובני,IL,לחמניות המבורגר,יחידה,1.00,יחידה,false,0,18.90,18.90,true,1,
7290002079927,false,לחם דגנים מלא דוידוב,מאפיית דוידוביץ ובני,IL,לחם דגנים מלא,גרמים,750.00,100 גרם,false,0,16.50,2.20,true,1,
7290002079996,false,לחם אחיד קל פרוס 750 גרם,מאפיית דוידוביץ ובני,IL,לחם אחיד פרוס קל,גרמים,750.00,100 גרם,false,0,15.50,2.07,true,1,
7290002109372,false,בורקס פילו אצבעות בולגרי 700 ג' שלושת האופים,שלושת האופים שגמור,IL,בורקס פילו גבינה,גרמים,700.00,100 גרם,false,0,19.90,2.84,true,1,
7290002129479,false,פיצה מרגריטה איטלקית דקה שלושת האופים 320 גרם,האי נאם סי או אל.טי.,IT,פיצה איטלקית דקה,גרמים,320.00,100 גרם,false,1,14.90,4.66,true,1,
7290002130574,false,דבש טהור מפרחי בר בזכוכית 500 ג' יד מרדכי,מכוורת יד מרדכי שטראוס ב,IL,דבש מפרחי בר,גרמים,500.00,100 גרם,false,0,25.70,5.14,true,1,
7290002130581,false,"דבש טהור יד מרדכי 1 ק""ג",מכוורת יד מרדכי שטראוס ב,IL,דבש טהור,קילוגרמים,1.00,"ק""ג",false,0,44.70,44.70,true,1,
7290002132011,false,עוגיות מזרחיות מלוחות עבאדי 400 גרם,מאפיית יוסף ושמחה עבאדי,IL,עוגיות מזרחיות,גרמים,400.00,100 גרם,false,0,15.90,3.98,true,1,
7290002133070,false,גב.קשקבל טורקי צאן22%משק,"מחלבת השומרון בע""מ",IL,גבינת קשקבל,קילוגרמים,0.00,"ק""ג",true,0,119.00,119.00,true,1,
7290002133087,false,גבינה בולגרית צאן20%משקל,מחלבת השומרון בעמ,,גב. בולגרית צאן,גרמים,0.00,"ק""ג",true,0,87.00,87.00,true,1,
7290002133117,false,בולגרית מעודנת 5% במשקל,"מחלבת השומרון בע""מ",IL,גבינה בולגרית 5%,קילוגרמים,0.00,"ק""ג",true,0,39.00,39.00,true,1,
7290002133162,false,גבינה בולגרית 5% גבינות השומרון 250 גרם,מחלבת השומרון,IL,גבינה בולגרית 5%,גרמים,250.00,100 גרם,false,0,17.00,6.80,true,1,
7290002133575,false,יוגורט של פעם חלב כבשים 5% גבינות השומרון 400 גרם,מחלבת השומרון,IL,יוגורט של פעם,גרמים,400.00,100 גרם,false,0,12.10,3.03,true,1,
7290002253006,false,שום כתוש דורות בצנצנת 200 גרם,עיצובים 2020 (3.8),IL,שום טרי כתוש,גרמים,200.00,100 גרם,false,0,16.90,8.45,true,1,
7290002253105,false,קוביות שום כתוש טרי דורות 80 גרם,עיצובים 2020 (3.8),IL,שום כתוש קפוא,גרמים,80.00,100 גרם,false,0,12.90,16.13,true,1,
7290002253198,false,ג'ינג'ר טרי כתוש במגשית 70 ג' דורות,עיצובים 2020 (3.8),IL,גינג'ר כתוש קפוא,גרמים,70.00,100 גרם,false,0,10.40,14.86,true,1,
7290002281429,false,סטייק טונה אדומה מעובד ק,בון צון פישארי,VN,סטייק טונה אדומה,קילוגרמים,0.00,"ק""ג",true,1,59.90,59.90,true,1,
7290002317654,false,זיתים ירוקים נובו ענק700,שימורי מוטולה בעמ,IL,זיתים ירוקים,גרמים,700.00,100 גרם,false,1,10.90,1.56,true,1,
7290002320463,false,מעדן תות שדה 100% פרי ל.ת.סוכר בית יצחק 284ג',בית יצחק,IL,מעדן תות שדה,גרמים,284.00,100 גרם,false,0,15.90,5.60,true,1,
7290002327028,false,ג'חנון תימני 3 האופים 650 גר',TLV צ'יף,IL,ג'חנון 650 גרם,גרמים,650.00,100 גרם,false,0,17.90,2.75,true,1,
7290002327042,false,"בורקס תפו""א 800 גר' שלושת האופים קהילות",שלושת האופים,IL,"בורקס תפו""א",גרמים,800.00,100 גרם,false,0,19.90,2.49,true,1,
7290002327059,false,"בצק עלים 1 ק""ג שלושת האופים קהילות",שלושת האופים,IL,בצק עלים מרודד,קילוגרמים,1.00,"ק""ג",false,0,21.90,21.90,true,1,
7290002327073,false,בורקס גבינה 800 גר' שלושת האופים קהילות,שלושת האופים,IL,בורקס גבינה,גרמים,800.00,100 גרם,false,0,21.90,2.74,true,1,
7290002327912,false,מיני בורקס גבינה 700 ג' שלושת האופים,TLV צ'יף,IL,מיני בורקס גבינה,גרמים,700.00,100 גרם,false,0,22.90,3.27,true,1,
7290002331124,false,נביעות+ מים מינרליים בטעם תפוח,נביעות טבע הגליל בעמ,IL,נביעות תפוח,מיליליטרים,500.00,"100 מ""ל",false,0,6.40,1.28,true,1,
7290002331155,false,מים נביעות בטעם אפרסק 0.5 ליטר,נביעות טבע הגליל בעמ,IL,נביעות אפרסק,מיליליטרים,500.00,"100 מ""ל",false,0,6.40,1.28,true,1,
7290002331360,false,"נביעות מים מינרליים טו גו מארז 500X6מ""ל",נביעות טבע,IL,נביעות ספורט 6יח,ליטרים,3.00,ליטר,false,0,15.90,5.30,true,1,
7290002331421,false,"שישיית מים מינרליים GO TO נביעות 755 מ""ל",נביעות טבע הגליל בעמ,IL,נביעות פקק טו גו,ליטרים,4.53,ליטר,false,0,18.30,4.04,true,1,
7290002331483,false,"שישיית נביעות אישי בייבי 320 מ""ל",נביעות טבע הגליל בעמ,IL,נביעות בייבי 6יח,ליטרים,1.92,ליטר,false,0,13.90,7.24,true,1,
7290002331490,false,מים מינרליים נביעות 1 ליטר,נביעות טבע הגליל בעמ,IL,מים נביעות,ליטרים,1.00,ליטר,false,0,3.30,3.30,true,1,
7290002345060,false,גב.מאסדם הולנדי 29% משקל,סר קאשנדל בי.וי,NL,גבינת מאסדם,קילוגרמים,0.00,"ק""ג",true,1,85.00,85.00,true,1,
7290002353836,false,סרדינים רוברט בשמן זית 115 גרם,קונסרבס פורטוגל נורטה,PT,סרדינים בשמן זית,גרמים,115.00,100 גרם,false,0,8.90,7.74,true,1,
7290002360124,false,חליטת צמחים ורד הבר והיביסקוס פומפדור 20 יחידות,TEEKANNE- POMPADOU,DE,חליטת ורד הבר,גרמים,70.00,100 גרם,false,0,12.90,18.43,true,1,
7290002360285,false,חליטת צמחים פומפדור קמומיל 20 יחידות,TEEKANNE- POMPADOU,DE,חליטת קמומיל,גרמים,30.00,100 גרם,false,0,12.90,43.00,true,1,
7290002370123,false,גבינת עיזים רכה 29% משקל,היחוס דה סאלבאדור,ES,גבינת עיזים,קילוגרמים,0.00,"ק""ג",true,1,129.00,129.00,true,1,
7290002370789,false,גבינת כבשים עם פטריות כמהין במשקל 36% שו,אל פסטור,ES,גבינ.כבשים+כמהין,קילוגרמים,0.00,"ק""ג",true,1,189.00,189.00,true,1,
7290002371540,false,דקניקים קורנדביף ללא גלוטן טירת צבי 120 גרם,הנסיך- מפעל לייצור ט,IL,קורנדביף,גרמים,120.00,100 גרם,false,0,14.90,12.42,true,1,
7290002371854,false,נקניקיות עוף חריפות טירת צבי 2 * 500 גרם,הנסיך- מפעל לייצור ט,IL,נקניקיות עוף,קילוגרמים,1.00,"ק""ג",false,0,22.90,22.90,true,1,
7290002374640,false,שמן בריאות קנולה פלוס אומגה 3 עץ הזית 1 ליטר,שמן תעשיות,EE,שמן קנולה פלוס,ליטרים,1.00,ליטר,false,0,16.90,16.90,true,1,
7290002385455,false,בולגרית מעודנת 24% במשקל,מחלבות גד,IL,בולגרית מעודנת,קילוגרמים,0.00,"ק""ג",true,1,63.00,63.00,true,1,
7290002385738,false,גבינת מנצ'גו משולשים גד,מחלבות גד,IL,מנצ'גו משולש,קילוגרמים,0.00,"ק""ג",true,0,148.00,148.00,true,1,
7290002385745,false,גבינת פיקורינו משולשים גד,מחלבות גד,IL,פקורינו משולש,קילוגרמים,0.00,"ק""ג",true,0,148.00,148.00,true,1,
7290002472117,false,פס קצפת קפוצ'ינו 600 גרם,"גידרון תעשיות בע""מ",IL,עוגת פס קפוצ'ינו,גרמים,600.00,100 גרם,false,0,42.90,7.15,true,1,
7290002472148,false,עוגת קצפת בלק פורסט600גר,"גידרון תעשיות בע""מ",IL,עוגת בלק פורסט,גרמים,600.00,100 גרם,false,0,42.90,7.15,true,1,
7290002472186,false,עוגת מאפין שוקו צ'יפס550,"גידרון תעשיות בע""מ",IL,מאפין שוקוצ'יפס,יחידה,1.00,יחידה,false,0,19.90,19.90,true,1,
7290002472841,false,עוגת סבתא שוקולד 850 גרם,"גידרון תעשיות בע""מ",IL,עוגת סבתא שוקו,גרמים,730.00,100 גרם,false,0,23.90,3.27,true,1,
7290002507086,false,צלעות טרי אמריקאי קג,,IL,צלעות טרי אמריקא,קילוגרמים,0.00,"ק""ג",true,1,79.90,79.90,true,1,
7290002507109,false,צלי כתף טרי אמריקאי קג,.,IL,צלי כתף טרי,קילוגרמים,0.00,"ק""ג",true,1,99.90,99.90,true,1,
7290002507482,false,"אסאדו ע""ע טרי מוכשר צרפת",שונות,IL,"אסאדוע""ע מוכשר",קילוגרמים,0.00,"ק""ג",true,1,69.90,69.90,true,1,
7290002507604,false,פיצה שגב השף מאיטליה 350 גרם,האי נאם סי או אל.טי.,IT,פיצה השף שגב,גרמים,320.00,100 גרם,false,1,19.90,6.22,true,1,
7290002511229,false,בולגרית מעודנת 16% במשקל,"מחלבת המושבה בע""מ",IL,בולגרית מעודנת,קילוגרמים,0.00,"ק""ג",true,0,50.00,50.00,true,1,
7290002511236,false,בולגרית מעודנת5% במשקל,"מחלבת המושבה בע""מ",IL,בולגרית מעודנת5%,קילוגרמים,0.00,"ק""ג",true,0,50.00,50.00,true,1,
7290002511243,false,בולגרית מסורתית 16% משקל,"מחלבת המושבה בע""מ",IL,גבינה בולגרית,קילוגרמים,0.00,"ק""ג",true,0,50.00,50.00,true,1,
7290002511250,false,גב.שמנת שום שמיר30% משקל,"מחלבת המושבה בע""מ",IL,גבינת שמנת 30%,קילוגרמים,0.00,"ק""ג",true,0,45.00,45.00,true,1,
7290002511281,false,גבינת ברינזה צאן18% משקל,"מחלבת המושבה בע""מ",IL,גבינת ברינזה 18%,קילוגרמים,0.00,"ק""ג",true,0,80.00,80.00,true,1,
7290002511397,false,גבינת ברי בקר במשקל,מחלבת מושבה,IL,גבינת ברי,קילוגרמים,0.00,"ק""ג",true,1,99.00,99.00,true,1,
7290002511427,false,אצבעות שוקולד וניל במשקל,"מחלבת המושבה בע""מ",IL,אצבעות שוקולד,קילוגרמים,0.00,"ק""ג",true,0,70.00,70.00,true,1,
7290002511762,false,גבינת ברי פקאן משקל,מחלבת מושבה,IL,גבינת ברי,קילוגרמים,0.00,"ק""ג",true,1,99.00,99.00,true,1,
7290002511779,false,בולגרית כבשים 24% במשקל,מחלבת מושבה,BG,בולגרית כבשים,קילוגרמים,0.00,"ק""ג",true,1,89.00,89.00,true,1,
7290002515333,false,"ד""ר פישר - קמיל בלו סנסיטיב אל סבון עדין לתינוק 500 מ""ל",פישר מעבדות פרמצבטיות בע,IL,אלסבון קמיל בלו,מיליליטרים,500.00,"100 מ""ל",false,0,17.90,3.58,true,1,
7290002517733,false,תבלין קצח טעם וריח 4,תות ממתקי איכות,IL,קצח,גרמים,40.00,100 גרם,false,0,7.00,17.50,true,1,
7290002542780,false,"שישייה בירה סטלה ארטואה בקבוק 330X6 מ""ל","אינבב, ברוורייפליין",BE,סטלה ארטואה 6 יח,ליטרים,1.98,ליטר,false,1,29.90,15.10,true,1,
7290002542841,false,"שישייה בירה לף בלונד בקבוק 330X6 מ""ל","אינבב, ברוורייפליין",BE,בירה לף בלונד6יח,ליטרים,1.98,ליטר,false,1,49.90,25.20,true,1,
7290002543046,false,קלוגס פרוסטיס דגנים וסוכר 750ג',קלוג מנייופרטורינג א,ES,פרוסטיס 750 גרם,גרמים,750.00,100 גרם,false,0,17.90,2.39,true,1,
7290002627098,false,פיצה ביס שלושת האופים 350 גרם,שגמור ייצור ושווק מוצרי,IL,פיצפיצה ביס עם 1,גרמים,350.00,100 גרם,false,1,17.90,5.11,true,1,
7290002649014,false,עוף שלם טרי ארוז קג,יסכה,IL,עוף שלם טרי ארוז,קילוגרמים,0.00,"ק""ג",true,1,18.90,18.90,true,1,
7290002649021,false,כרעיים עוף טרי ארוז קג,יסכה,IL,כרעיים עוף טרי,קילוגרמים,0.00,"ק""ג",true,1,27.90,27.90,true,1,
7290002649038,false,ירכיים עוף טרי ארוז קג,יסכה,IL,ירכיים עוף טרי,קילוגרמים,0.00,"ק""ג",true,1,27.90,27.90,true,1,
7290002649045,false,שוקיים עוף טרי ארוז,יסכה,IL,שוקיים עוף טרי א,קילוגרמים,0.00,"ק""ג",true,1,32.90,32.90,true,1,
7290002649052,false,קוקטייל עוף טרי ארוז קג,יסכה,IL,קוקטייל עוף טרי,קילוגרמים,0.00,"ק""ג",true,1,27.90,27.90,true,1,
7290002649069,false,חזה עוף טרי ארוז קג,יסכה,IL,חזה עוף טרי ארוז,קילוגרמים,0.00,"ק""ג",true,1,31.90,31.90,true,1,
7290002649076,false,שניצל עוף טרי ארוז קג,יסכה,IL,שניצל עוף טרי,קילוגרמים,0.00,"ק""ג",true,1,34.90,34.90,true,1,
7290002649083,false,פילה עוף טרי ארוז קג,יסכה,IL,פילה עוף טרי ארו,קילוגרמים,0.00,"ק""ג",true,1,34.90,34.90,true,1,
7290002649090,false,כבד עוף טרי ארוז קג,יסכה,IL,כבד עוף טרי,קילוגרמים,0.00,"ק""ג",true,1,19.90,19.90,true,1,
7290002649106,false,לבבות עוף טרי ארוז קג,יסכה,IL,לבבות עוף טרי,קילוגרמים,0.00,"ק""ג",true,1,23.90,23.90,true,1,
7290002649113,false,כנפיים עוף טרי ארוז קג,יסכה,IL,כנפיים עוף טרי,קילוגרמים,0.00,"ק""ג",true,1,11.90,11.90,true,1,
7290002649137,false,פרגיות עוף טרי ארוז קג,יסכה,IL,פרגיות עוף טרי א,קילוגרמים,0.00,"ק""ג",true,1,59.90,59.90,true,1,
7290002649175,false,גרון הודו טרי ארוז קג,יסכה,IL,גרון הודו טרי אר,קילוגרמים,0.00,"ק""ג",true,1,29.90,29.90,true,1,
7290002649182,false,חזה הודו טרי ארוז קג,יסכה,IL,חזה הודו טרי,קילוגרמים,0.00,"ק""ג",true,1,34.90,34.90,true,1,
7290002649205,false,שווארמה הודו טרי ארוז נק,יסכה,IL,שווארמה הודו טרי,קילוגרמים,0.00,"ק""ג",true,1,69.90,69.90,true,1,
7290002649267,false,שוק הודו מפורק טרי ארוז,יסכה,IL,שוק הודו מפורק ט,קילוגרמים,0.00,"ק""ג",true,1,54.90,54.90,true,1,
7290002649472,false,פילה עוף טרי בתפזורת,יסכה,IL,פילה עוף טרי,קילוגרמים,0.00,"ק""ג",true,1,34.90,34.90,true,1,
7290002651123,false,מלאווח חמסי ארוז 1 ק,מאפיית אריאל,IL,מלווח חמסי,גרמים,1000.00,100 גרם,false,0,19.90,1.99,true,1,
7290002692393,false,שמן קנולה מזוכך מועשר עץ הזית 1 ליטר,שמן תעשיות בעמ,EE,שמן קנולה מועשר,ליטרים,1.00,ליטר,false,0,15.90,15.90,true,1,
7290002692768,false,"תרסיס שמן קנולה מזוכך ללא תוספת גז עץ הזית 200 מ""ל",טרנסומס פוד איי בי,IT,תרסיס שמן קנולה,מיליליטרים,200.00,"100 מ""ל",false,0,15.90,7.95,true,1,
7290002692775,false,"שמן תרסיס טעם חמאה 200 מ""ל לל""תוספת גז ""עץ הזית""",קומפניה,IT,תרסיס קנולה,מיליליטרים,200.00,"100 מ""ל",false,0,15.90,7.95,true,1,
7290002715504,false,ארוחת נודלס בטעם עוף מג'יק 70 גרם,טאט הוי פוד בעמ,SG,מג'יק נודלס,גרמים,70.00,100 גרם,false,0,4.50,6.43,true,1,
7290002715511,false,ארוחת נודלס בטעם בשר מג'יק 70 גרם,טאט הוי פוד בעמ,SG,מג'יק אטריות,גרמים,70.00,100 גרם,false,0,4.50,6.43,true,1,
7290002715528,false,ארוחת נודלס בטעם ירקות מג'יק 70 גרם,טאט הוי פוד בעמ,SG,מג'יק אטריות,גרמים,70.00,100 גרם,false,0,4.50,6.43,true,1,
7290002715580,false,ארוחת נודלס בטעם סיני חריף מג'יק 70 גרם,טאט הוי פוד בעמ,SG,מג'יק נודלס,גרמים,70.00,100 גרם,false,0,4.50,6.43,true,1,
7290002730262,false,"נוזל לניקוי כלים קלאסי פלמוליב 750 מ""ל",יבואן ומשווק: ש. שסט,GR,פלמוליב לכלים,מיליליטרים,750.00,"100 מ""ל",false,0,8.90,1.19,true,1,
7290002730675,false,"קולגייט משחת שיניים אדומה משפחתי 100 מ""ל",קולגייט-פלמוליב,PL,משחת שיניים,מיליליטרים,100.00,"100 מ""ל",false,0,8.50,8.50,true,1,
7290002730811,false,"משחת שיניים ג'ל פסים מרעננים קולגייט 100 מ""ל",הנסיך- מפעל לייצור ט,PL,משחת קולגייט ג'ל,מיליליטרים,100.00,"100 מ""ל",false,0,13.10,13.10,true,1,
7290002730958,false,סבון מוצק בניחוח זיתים ואלוורה פלמוליב 4*100 גרם,הנסיך- מפעל לייצור ט,TR,סבון פלמוליב 4יח,גרמים,360.00,100 גרם,false,0,16.90,4.69,true,1,
7290002752332,false,"סוכריות מנטוס פירות בגליל, 37.5 גרם",הדקלאים אגודת שיתופי,NL,סוכריות מנטוס,גרמים,37.00,100 גרם,false,0,3.50,9.46,true,1,
7290002752349,false,סוכריות מנטוס מנטה 40יח' בגליל 38ג',פרפטי ואן מלה,NL,סוכריות מנטוס,גרמים,37.00,100 גרם,false,0,3.50,9.46,true,1,
7290002752493,false,רביעיה סוכריות מנטה 4* 16 ג' טיק טק,פררו - אלבה,ZA,סוכריות טיק טק,גרמים,64.00,100 גרם,false,0,10.90,17.03,true,1,
7290002753995,false,סוכריות עדשים לקישוט עוגה וורנר 6*25 גרם,היינץ צפון אמריקה מק,DE,סט דרז'ה צבעוני,גרמים,150.00,100 גרם,false,0,18.10,12.07,true,1,
7290002757139,false,מלוואח 700 גר' שלושת האופים קהילות,שלושת האופים,IL,מלווח 700 גרם,גרמים,700.00,100 גרם,false,0,14.90,2.13,true,1,
7290002759126,false,מארז 10יח מיני פיתהאסלית,מעיין תעשיות מאפה,IL,מיני פיתה,גרמים,500.00,100 גרם,false,0,13.90,2.78,true,1,
7290002759164,false,מארז בייגלה ירושלמי4יח',גידרון,IL,3בייגלה ירושלמי,יחידה,1.00,יחידה,false,0,13.90,13.90,true,1,
7290002759287,false,לחמניה קמח מלא 5,,,לחמניה קמח מלא 5,יחידה,1.00,יחידה,false,0,13.90,13.90,true,1,
7290002759393,false,סופגניות מיני מארז 8 יח',גידרון,IL,סופגניות מיני 8י,יחידה,1.00,יחידה,false,0,19.90,19.90,true,1,
7290002759409,false,סופגניה מיני מצופה 8יח',גידרון,IL,סופג.מיני מצופה8,יחידה,1.00,יחידה,false,0,32.90,32.90,true,1,
7290002759478,false,מארז חצי ג'בטה 4יח,גידרון,IL,חצי ג'בטה לבן 4י,יחידה,1.00,יחידה,false,0,13.90,13.90,true,1,
7290002766056,false,עגבניות שרי לב אדום יח',אראל תוצרת חקלאית בע,IL,עגבניה שרי תמר,גרמים,460.00,100 גרם,false,1,9.90,2.15,true,1,
7290002771111,false,קפה עם הל אל נחלה 250 גרם,מולינו ניקולי s.p.a,IL,קפה עם הל,גרמים,250.00,100 גרם,false,0,16.50,6.60,true,1,
7290002775010,false,מיני בורקס פילו גבינה שלושת האופים מהדרין 650 ג',שלושת האופים שגמור,IL,מיני בורקס פילו,גרמים,650.00,100 גרם,false,0,19.90,3.06,true,1,
7290002787501,false,"פילה סלמון קפוא בד""צ עד""ח",סלאריס אי אס אבלורוגן,NO,פילה סלמון קפוא,קילוגרמים,0.00,"ק""ג",true,1,69.90,69.90,true,1,
7290002814078,false,סנט מוריץ נוזל לניקוי אמבט אנטרטיק 1ל',"קומפלקס כימיקלים בע""",IL,אנטרטיק לאמבט,ליטרים,1.00,ליטר,false,0,6.90,6.90,true,1,
7290002814160,false,מסיר שומנים סנט מוריץ 1ל,קומפלקס כימיקלים בעמ,IL,מסיר שומנים,ליטרים,1.00,ליטר,false,1,14.90,14.90,true,1,
7290002814290,false,קצף מרוכז blanco בניחוח לימון משמיד 99.9% חיידקים סנט מוריץ 1 ליטר,קומפלקס כימיקלים בעמ,IL,קצף אקונומיקה,ליטרים,1.00,ליטר,false,1,15.90,15.90,true,1,
7290002814528,false,נוזל לניקוי האסלה סנט מוריץ 1 ליטר,קומפלקס כימיקלים בעמ,IL,נוזל לאסלה מס' 1,ליטרים,1.00,ליטר,false,0,6.30,6.30,true,1,
7290002824183,false,"גבינה לבנה סקי 500 גרם 5% ""שטראוס"" -מוצר בפיקוח",מיוצר עי קונדיטוריית,IL,גבינת סקי 5%,גרמים,500.00,100 גרם,false,0,9.96,1.99,true,1,
7290002824466,false,יוגורט דנונה ביו לבן 0% שומן 200 גרם,"שטראוס בריאות בע""\מ",IL,יוגורט ביו 0%,גרמים,200.00,100 גרם,false,0,3.90,1.95,true,1,
7290002824640,false,"גבינת סקי 250 גרם 5% ""שטראוס"" -מוצר בפיקוח",מיוצר עי קונדיטוריית,IL,גבינת סקי 5%,גרמים,250.00,100 גרם,false,0,4.98,1.99,true,1,
7290002825722,false,סלט כרוב אדום אחלה 500 גרם,מיוצר עי קונדיטוריית,IL,סלט כרוב אחלה,גרמים,500.00,100 גרם,false,0,15.50,3.10,true,1,
7290002830948,false,גבינת עיזים מותכת 30% מון בלאן 120 גרם,סלס קרית מלאכי ישראל,IL,גבינת מון בלאן,גרמים,120.00,100 גרם,false,0,11.90,9.92,true,1,
7290002862000,false,הררית אריסה טוניסאית,"הררית מזון בע""מ",IL,אריסה תוניסאית,גרמים,250.00,100 גרם,false,0,13.90,5.56,true,1,
7290002862055,false,לימון כבוש 250 גרם,,IL,לימון כבוש,גרמים,250.00,100 גרם,false,0,13.90,5.56,true,1,
7290002862093,false,חזרת 250 גרם,"הררית מזון בע""מ",IL,חזרת,גרמים,250.00,100 גרם,false,0,13.90,5.56,true,1,
7290002871248,false,"בירה טובורג רד בקבוק 500 מ""ל חוזר",מבשלות בירה בינלאומיות ב,IL,בירה טובורג רד,מיליליטרים,500.00,"100 מ""ל",false,0,7.90,1.58,true,1,
7290002871361,false,"בירה קרלסברג בקבוק 500 מ""ל חוזר",מבשלות בירה בינלאומיות ב,IL,בירה קרלסברג,מיליליטרים,500.00,"100 מ""ל",false,0,7.90,1.58,true,1,
7290002881209,false,רסק תפוחי עץ דיאט 700 ג' תומר,KONSERVENFABRIEK BALTUSSEN,NL,"רסק תפו""ע",גרמים,720.00,100 גרם,false,0,10.90,1.51,true,1,
7290002881216,false,רסק תפוחי עץ לא ממותק תומר 700 גרם,KONSERVENFABRIEK BALTUSSEN,NL,"רסק תפו""ע דיאט",גרמים,720.00,100 גרם,false,0,10.90,1.51,true,1,
7290002881803,false,שמן קנולה מזוכך 1 ליטר,,BE,שמן קנולה מזוכך,ליטרים,1.00,ליטר,false,1,10.90,10.90,true,1,
7290002900436,false,פסטרמה איטלקי מילנו משקל,טירת- צבי,IL,פסטרמה איטלקית,קילוגרמים,0.00,"ק""ג",true,0,85.00,85.00,true,1,
7290002900566,false,פסטרמה ברביקיו דל שומן טירת צבי 400 גרם,הנסיך- מפעל לייצור ט,IL,פסטרמה ברביקיו,גרמים,360.00,100 גרם,false,0,25.90,7.20,true,1,
7290002904694,false,"טיטניום דאודורנט ספריי לגברים 150 מ""ל","אמיליה קוסמטיקס בע""מ",IL,דאודורנט טיטניום,מיליליטרים,180.00,"100 מ""ל",false,0,14.90,8.28,true,1,
7290002987963,false,"סלט חומוס אחלה 1 ק""ג",מיוצר עי קונדיטוריית,IL,"חומוס אחלה 1 ק""ג",קילוגרמים,1.00,"ק""ג",false,0,13.90,13.90,true,1,
7290003009596,false,"סירופ דיאט אשכוליות פריגת 750 מ""ל",סירופ - גבעת חיים,IL,סירופ אשכוליות,מיליליטרים,750.00,"100 מ""ל",false,0,23.90,3.19,true,1,
7290003009640,false,מיץ תפוזים סחוט רכיבים טבעיים פריגת 1 ליטר,פריגת מצוננים,IL,מיץ תפוזים סחוט,ליטרים,1.00,ליטר,false,0,11.90,11.90,true,1,
7290003026036,false,"ד""ר פישר - קמיל בלו סנסיטיב אל סבון עדין לתינוק 1 ליטר",פישר מעבדות פרמצבטיות בע,IL,אל סבון קמיל בלו,ליטרים,1.00,ליטר,false,0,23.90,23.90,true,1,
7290003026227,false,"קמיל בלו שמפו לתינוק סנסיטיב אל דמע ד""ר פישר 1 ליטר",פישר מעבדות פרמצבטיות בע,IL,שמפו קמיל בלו,ליטרים,1.00,ליטר,false,0,23.90,23.90,true,1,
7290003026234,false,"ד""ר פישר - קמיל בלו תחליב לתינוק 500 מ""ל",פישר מעבדות פרמצבטיות בע,IL,קרם גוף לתינוק,גרמים,500.00,100 גרם,false,0,20.90,4.18,true,1,
7290003029181,false,משקה יטבתה שוקו' בקבוק 1ל מהדרין,שטראוס גרופ,IL,שוקו יטבתה,ליטרים,1.00,ליטר,false,0,10.00,10.00,true,1,
7290003029372,false,משקה חלב בטעם בננה יטבתה 1 ליטר,שטראוס גרופ,IL,משקה חלב בננה,ליטרים,1.00,ליטר,false,0,10.00,10.00,true,1,
7290003029389,false,"משקה חלב בננה פקק ספורט 250 מ""ל יוטבתה",שטראוס גרופ,IL,משקה בננה,מיליליטרים,250.00,"100 מ""ל",false,0,5.50,2.20,true,1,
7290003029433,false,"משקה יטבתה שוקו פקק 250 מ""ל מהדרין",שטראוס גרופ,IL,שוקו יטבתה,מיליליטרים,250.00,"100 מ""ל",false,0,5.50,2.20,true,1,
7290003029532,false,מוקה בבקבוק יטבתה 1 ליטר מהדרין,שטראוס גרופ,IL,מוקה יטבתה בקבוק,ליטרים,1.00,ליטר,false,0,10.00,10.00,true,1,
7290003029792,false,"משקה יטבתה שוקו שקיות מהדרין מארז 225X8מ""ל",שטראוס גרופ,IL,שקיות שוקו 8 יח',ליטרים,1.80,ליטר,false,0,19.80,11.00,true,1,
7290003029815,false,כד חלב 3% יטבתה 2 ליטר מהדרין,שטראוס גרופ,IL,חלב מועשר יטבתה,ליטרים,2.00,ליטר,false,0,15.80,7.90,true,1,
7290003029907,false,אייס קפה יטבתה 1 ליטר מהדרין,שטראוס גרופ,IL,אייס קפה יטבתה,ליטרים,1.00,ליטר,false,0,10.00,10.00,true,1,
7290003054657,false,חרדל ריין דיז'ון אקסטרה פורטה 370 גרם,מרום את קונפינו,FR,חרדל דיז'ון,גרמים,370.00,100 גרם,false,0,11.60,3.14,true,1,
7290003060061,false,"קמח כוסמין מלא 1 ק""ג",טחנות ישראליות בעמ,IL,קמח כוסמין מלא,קילוגרמים,1.00,"ק""ג",false,1,10.90,10.90,true,1,
7290003069590,false,"פילה פוטית עם עור קפוא דלידג 1 ק""ג",דאליאן גואופו אקאטיק,CN,פילה סול קפוא,גרמים,1000.00,100 גרם,false,0,29.90,2.99,true,1,
7290003069682,false,בצק פילאס קפוא 500 גרם שלושת האופים,שלושת האופים שגמור,IL,בצק פילאס,גרמים,500.00,100 גרם,false,0,17.90,3.58,true,1,
7290003072972,false,קבנוס בתיבול מעושן טירת צבי 120 גרם,טיב טירת צבי 2000,IL,קבנוס בתיבול שום,גרמים,120.00,100 גרם,false,1,11.90,9.92,true,1,
7290003075553,false,לבנה רג'ב 11% 500 גרם,מחלבת רג'\ב,IL,לבנה רג'ב,גרמים,500.00,100 גרם,false,0,16.90,3.38,true,1,
7290003075805,false,גב. ברינזה רג'ב15% 400ג,מחלבת רג'\ב,IL,גבינה ברינזה15%,גרמים,400.00,100 גרם,false,0,24.90,6.23,true,1,
7290003107216,false,קמח 1 קג שימורי איכ,טחנת קמח דגן לישראל,IL,קמח לבן,קילוגרמים,1.00,"ק""ג",false,0,6.00,6.00,true,1,
7290003107223,false,טחנת קמח דגן סולת 1קג,טחנת קמח דגן לישראל,IL,סולת,קילוגרמים,1.00,"ק""ג",false,0,6.50,6.50,true,1,
7290003107247,false,שמרים יבשים אינסטנט33גרם,שטיבל,IL,שמרים יבשים,גרמים,33.00,100 גרם,false,0,5.90,17.88,true,1,
7290003107360,false,קמח לבן בהיר ללא ניפוי1ק,טחנת קמח דגן לישראל,IL,קמח לבן בהיר,קילוגרמים,1.00,"ק""ג",false,1,8.90,8.90,true,1,
7290003115532,false,פרגיות עוף טרי ארוז דיל,מילועוף,IL,פרגיות עוף טרי,קילוגרמים,0.00,"ק""ג",true,0,59.90,59.90,true,1,
7290003115549,false,עוף שלם טרי ארוז דיל,מילועוף,IL,עוף טרי שלם,קילוגרמים,0.00,"ק""ג",true,0,18.90,18.90,true,1,
7290003115594,false,כנפי עוף טרי ארוז דיל,מילועוף,IL,כנפיים עוף טרי,קילוגרמים,0.00,"ק""ג",true,0,11.90,11.90,true,1,
7290003133123,false,לחם זהב עגול אוקראיני 750 ג',מאפיית דוידוביץ ובני,IL,לחם מקמח שיפון,גרמים,750.00,100 גרם,false,0,14.50,1.93,true,1,
7290003158850,false,לחמניות המבורגר5,,IL,לחמניות המבורגר5,יחידה,1.00,יחידה,false,0,13.90,13.90,true,1,
7290003158980,false,מארז פיתה פרנה 3יח180*גר,מאפיית אורן משי,IL,פיתה פרנה,גרמים,540.00,100 גרם,false,0,14.90,2.76,true,1,
7290003185719,false,קבב רומני טיבון ויל 500 גרם,טיבון ויל אחזקות בעמ,IL,קבב רומני,גרמים,500.00,100 גרם,false,0,19.90,3.98,true,1,
7290003185726,false,קבב מזרחי טיבון ויל 500 גרם,טיבון ויל אחזקות בעמ,IL,קבב מזרחי,גרמים,500.00,100 גרם,false,0,19.90,3.98,true,1,
7290003189076,false,פיצרלה הצהובה הטובה מגורדת 22% כפיר 500 גרם,צי תעשיות מזון יבנה,IL,פיצרלה מגורדת,גרמים,500.00,100 גרם,false,0,19.90,3.98,true,1,
7290003189267,false,הצהובה הטובה לייט קלאסית 5% כפיר 200 גרם,צי תעשיות מזון יבנה,IL,הצהובה טובה לייט,גרמים,200.00,100 גרם,false,0,14.80,7.40,true,1,
7290003189274,false,בנוסח מעושנת גליל26%משקל,צי תעשיות מזון יבנה,IL,צהובה מעושנת,קילוגרמים,0.00,"ק""ג",true,0,40.00,40.00,true,1,
7290003220588,false,"רוטה צ'ילי מתוק ללא סוכר 700 מ""ל WOK",תאי פרידה אינדסטרי ב,TH,"רוטב צ'ילי ללת""ס",מיליליטרים,700.00,"100 מ""ל",false,0,14.90,2.13,true,1,
7290003220595,false,"ווק אורז לסושי 1 ק""ג WOK","מיה תעשיות מזון בע""מ",IL,אורז לסושי,קילוגרמים,1.00,"ק""ג",false,0,12.90,12.90,true,1,
7290003220717,false,WOK אצות נורי סילבר 10 יחידות,ג'י וואן גלובול נאט,KR,אצות נורי לסושי,גרמים,22.00,100 גרם,false,0,12.90,58.64,true,1,
7290003224845,false,"כיסונים תפו""א ופטריות VEGAN 800 גרם","מאמא מרי בע""\מ",IL,"כיסונים תפו""א ופ",גרמים,800.00,100 גרם,false,1,19.90,2.49,true,1,
7290003229147,false,נקניק סלמי איטלקי מעושן טירת צבי 300 גרם,הנסיך- מפעל לייצור ט,IL,סלמי איטלקי,גרמים,300.00,100 גרם,false,0,25.90,8.63,true,1,
7290003229154,false,נקניק סלמי קוניאק טירת צבי 300 גרם,הנסיך- מפעל לייצור ט,IL,סלמי קוניאק,גרמים,300.00,100 גרם,false,0,25.90,8.63,true,1,
7290003229192,false,נקניק כתף בקר מעושן 2% טירת צבי 400 גרם,טיב טירת צבי 2000,IL,פסטרמה כתף בקר,גרמים,400.00,100 גרם,false,0,31.90,7.98,true,1,
7290003272488,false,קוקוס במשקל,,IL,קוקוס,קילוגרמים,0.00,"ק""ג",true,1,29.00,29.00,true,1,
7290003310555,false,"מאגדת טילון קרם עוגיות 4*100 מ""ל בן וג'ירי",מוצרי איכות אמריקאיים,IL,מאגדת טילון קרם,גרמים,400.00,100 גרם,false,0,24.90,6.23,true,1,
7290003321155,false,יוגורט בר עם פקאן מצופה שוקולד 183 ג' דנונה,"שטראוס בריאות בע""\מ",IL,דנונה בר פקאן,גרמים,183.00,100 גרם,false,0,4.80,2.62,true,1,
7290003321292,false,גבינה לבנה 9% שומן 250 ג' שטראוס,מיוצר עי קונדיטוריית,IL,גבינת סקי 9%,גרמים,250.00,100 גרם,false,0,5.00,2.00,true,1,
7290003332007,false,קפה שחור עם הל 250 גרם,סובחי נחלה ובניו,IL,קפה שחור,גרמים,250.00,100 גרם,false,0,13.90,5.56,true,1,
7290003401369,false,"קרם לחות לשיער חוחובה נטורל פורמולה 400 מ""ל",מיוצר עי אמיליה קוסמ,IL,קרם לחות לשיער,מיליליטרים,400.00,"100 מ""ל",false,0,19.90,4.98,true,1,
7290003401376,false,"קרם לחות ועיצוב לשיער אלוורה נטורל 400 מ""ל",מיוצר עי אמיליה קוסמ,IL,קרם לחות לשיער,מיליליטרים,400.00,"100 מ""ל",false,0,19.90,4.98,true,1,
7290003411238,false,שמרים יבשים נמסים הנ,ברוגמאן גנט,BE,שמרים יבשים,גרמים,500.00,100 גרם,false,0,14.60,2.92,true,1,
7290003411313,false,מפת אל בד מעורב צבעים 120X180 הנמל משובחת,שיווק: הנמל אריזות ושיוו,IL,מפה רב פעמית 0,יחידה,1.00,יחידה,false,0,8.90,8.90,true,1,
7290003411993,false,גפרורים הנמל 10 יחידות,"איטיליאן פוד, אס.פי.",SE,גפרורים,יחידה,1.00,יחידה,false,0,3.20,3.20,true,1,
7290003423909,false,חטיף קוקיס אנד קרים לבן 43 גרם,ליימן מותגים,US,חטיף שוקולד לבן,גרמים,43.00,100 גרם,false,0,4.90,11.40,true,1,
7290003427154,false,"שמן זית כתית מעולה טעם מעודן זיתא 750 מ""ל",זיתא תעשיות שמן זיתt\,IL,שמן זית כתית,מיליליטרים,750.00,"100 מ""ל",false,0,29.90,3.99,true,1,
7290003438006,false,ממרח אולביה פסטו וצנובר איטלקי 190ג',מיוצר עי קונדיטוריית,IL,רוטב פסטו,גרמים,180.00,100 גרם,false,0,13.90,7.72,true,1,
7290003438013,false,ממרח זיתים ירוקים אוליביה 190 גרם,קריות זול,IL,ממרח זיתים,גרמים,190.00,100 גרם,false,0,13.90,7.32,true,1,
7290003438020,false,ממרח עגבניות מיובשות אוליביה 190 גרם,מיוצר עי קונדיטוריית,IL,ממרח עגבניות,גרמים,190.00,100 גרם,false,0,13.90,7.32,true,1,
7290003438709,false,ממרח אולביה זיתים שחורים וירוקים 190 ג',גוד פוד פרודקטס S.p,IL,ממרח זיתים,גרמים,190.00,100 גרם,false,0,13.90,7.32,true,1,
7290003438853,false,אוליביה ממרח אריסה חריפה 185 גר ',אוליביה,IL,אריסה חריפה,גרמים,185.00,100 גרם,false,1,13.90,7.51,true,1,
7290003444009,false,הרשי ריזס חטיף במילוי בוטנים 42 גרם,ליימן מותגים,US,חטיף שוקולד חלב,גרמים,42.00,100 גרם,false,0,3.90,9.29,true,1,
7290003450602,false,חרדל אמיתי צהוב בקבוק לחיץ 255 גר,היינץ צפון אמריקה מקבוצת ה.י.היינץ,US,ממרח חרדל צהוב,גרמים,255.00,100 גרם,false,0,8.90,3.49,true,1,
7290003520572,false,מטריות חרובים שקית בודד (בשרוול 6 שקיות),תופינית,,מטריות שוקולד,גרמים,54.00,100 גרם,false,0,15.90,29.44,true,1,
7290003521074,false,"ד""ר פישר - סרקל מרכך שיער לילדים 1 ליטר",פישר מעבדות פרמצבטיות בע,IL,מרכך לילדים סרקל,ליטרים,1.00,ליטר,false,0,22.90,22.90,true,1,
7290003521081,false,"סרקל שמפו אל דמע לילדים ד""ר פישר 1 ליטר",פישר מעבדות פרמצבטיות בע,IL,סרקל שמפו לילדים,ליטרים,1.00,ליטר,false,0,22.90,22.90,true,1,
7290003521166,false,"ד""ר פישר - סרקל קרם רוזמרין לילדים 325 מ""ל",פישר מעבדות פרמצבטיות בע,IL,סרקל קרם רוזמרין,מיליליטרים,325.00,"100 מ""ל",false,0,24.90,7.66,true,1,
7290003521197,false,"ד""ר פישר - סרקל תרסיס מתיר קשרים 340 מ""ל",פישר מעבדות פרמצבטיות בע,IL,סרקל מתיר קשרים,מיליליטרים,340.00,"100 מ""ל",false,0,24.90,7.32,true,1,
7290003525478,false,סלט טונה ויליגר 160 גרם,"ויליגר, תעשיות בע""מ",IL,סלט טונה,גרמים,160.00,100 גרם,false,0,6.00,3.75,true,1,
7290003578085,false,גבינת מוצרלה 21%שומן,ויליפוד,LT,גבינת מוצרלה,קילוגרמים,0.00,"ק""ג",true,0,59.00,59.00,true,1,
7290003598311,false,מינוט סטייק חלק ריאה 300 ג',"בלדי בע""\מ",IL,סטייק מינוט,גרמים,300.00,100 גרם,false,1,34.90,11.63,true,1,
7290003643004,false,"סוגת אורז בסמטי קלאסי 1 ק""ג",האי נאם סי או אל.טי.,IL,אורז בסמטי קלאסי,קילוגרמים,1.00,"ק""ג",false,0,12.90,12.90,true,1,
7290003643325,false,קוסקוס בינוני סוגת 350 גרם,"אסיף תעשיות מזון בע""\מ",IL,קוסקוס בינוני,גרמים,350.00,100 גרם,false,0,4.90,1.40,true,1,
7290003643646,false,"סוכר דמררה קלאסי בצנצנת סוגת 1 ק""ג",האי נאם סי או אל.טי.,IL,סוכר דמררה,קילוגרמים,1.00,"ק""ג",false,0,12.90,12.90,true,1,
7290003643684,false,אפונה יבשה סוגת 500 גר',האי נאם סי או אל.טי.,IL,אפונה 500 גרם,גרמים,500.00,100 גרם,false,0,5.90,1.18,true,1,
7290003643738,false,סוגת חיטה 500 גרם,האי נאם סי או אל.טי.,IL,חיטה 500 גרם,גרמים,500.00,100 גרם,false,0,5.90,1.18,true,1,
7290003643745,false,סוגת כוסמת 500 גרם,האי נאם סי או אל.טי.,IL,כוסמת,גרמים,500.00,100 גרם,false,0,6.90,1.38,true,1,
7290003643752,false,עדשים ירוקים יבש סוגת 500 גר',האי נאם סי או אל.טי.,IL,עדשים ירוקות,גרמים,500.00,100 גרם,false,0,7.90,1.58,true,1,
7290003643769,false,עדשים אדומים יבש סוגת 500 גר',"סוגת תעשיות בע""\מ",IL,עדשים אדומות,גרמים,500.00,100 גרם,false,0,8.50,1.70,true,1,
7290003643820,false,חומוס ענק יבש סוגת 500 גרם,"סוגת תעשיות בע""\מ",IL,חומוס ענק,גרמים,500.00,100 גרם,false,0,9.90,1.98,true,1,
7290003648207,false,פילה הרינג בשמן בסגנ,"סלטי שמיר 2006 בע""מ",IL,מטיאס הולנדי,קילוגרמים,0.00,"ק""ג",true,0,55.00,55.00,true,1,
7290003648306,false,מקרל מעושן במשקל,"סלטי שמיר 2006 בע""מ",IL,מקרל מעושן,קילוגרמים,0.00,"ק""ג",true,0,89.00,89.00,true,1,
7290003726141,false,טופו משק גאיה גד 300 גרם,ג'נרל מילס סאן אדריא,IL,טופו משק גאיה,גרמים,300.00,100 גרם,false,0,13.00,4.33,true,1,
7290003726615,false,"טופו ויילר 300 גרם ""שטראוס""",הדקלאים אגודת שיתופי,IL,טופו ויילר,גרמים,300.00,100 גרם,false,1,9.80,3.27,true,1,
7290003796489,false,.מכסה הצלע,ארביץ/ פניקס,AR,מכסה הצלע,קילוגרמים,0.00,"ק""ג",true,1,24.90,24.90,true,1,
7290003804382,false,"תיבוליות פטריות קנור 72 גרם בד""צ",יוניליוור ישראל מזון בע\,IL,תיבוליות פטריות,גרמים,72.00,100 גרם,false,0,8.90,12.36,true,1,
7290003864478,false,סרדינים בשמן צמחי פתח קל ויליפוד 110 גרם,גולדן פרייז קאנינג א,TH,סרדין בשמן סויה,גרמים,110.00,100 גרם,false,0,5.30,4.82,true,1,
7290003864485,false,סרדינים ברוטב עגבנ יות ויליפוד 110ג' פתח קל,גולדן פרייז קאנינג א,TH,סרדינים ברוטב,גרמים,110.00,100 גרם,false,0,5.30,4.82,true,1,
7290003864492,false,סרדינים בשמן צמחי חריף פתח קל ויליפוד 110ג',גולדן פרייז קאנינג א,TH,סרדין פיקנטי,גרמים,110.00,100 גרם,false,0,5.30,4.82,true,1,
7290003882922,false,עלי גפן ממולאים באורז וילי פוד 360 גרם,הזה פלאקספו פוד קו ב,CN,עלי גפן ממולאים,גרמים,400.00,100 גרם,false,0,9.90,2.48,true,1,
7290003956012,false,פטאקי 16% שומרון,"מחלבת השומרון בע""מ",IL,פטאקי 18% במשקל,קילוגרמים,0.00,"ק""ג",true,0,35.00,35.00,true,1,
7290003989096,false,סלט חצילים פיקנטי אחלה 500 גרם,מיוצר עי קונדיטוריית,IL,חציל פיקנטי אחלה,גרמים,500.00,100 גרם,false,0,16.30,3.26,true,1,
7290003989539,false,לורנצו רביולי במילוי גבינה,מיוצר עי קונדיטוריית,IL,רביולי גבינה,גרמים,400.00,100 גרם,false,0,16.90,4.23,true,1,
7290004011284,false,ריצ בסיס להכנת קצפת 25% 212מל,ריצ' פרודקטס קורפריי,US,ריצ' להכנת קצפת,מיליליטרים,212.00,"100 מ""ל",false,0,9.00,4.25,true,1,
7290004011291,false,"קצפת ריץ' בסיס קרטונית 425 מ""ל",ריצ' פרודקטס קורפורי,US,בסיס להכנת קצפת,מיליליטרים,425.00,"100 מ""ל",false,0,12.90,3.04,true,1,
7290004011338,false,"ספריי קצפת מתוקה מוכנה ריץ' 250 מ""ל",האי נאם סי או אל.טי.,IT,קצפת ריצ' במיכל,מיליליטרים,250.00,"100 מ""ל",false,0,9.90,3.96,true,1,
7290004011345,false,"ספריי קצפת מתוקה מוכנה פרווה ריץ' 238 מ""ל",האי נאם סי או אל.טי.,IT,קצפת מתוקה,גרמים,250.00,100 גרם,false,0,9.90,3.96,true,1,
7290004014407,false,עדשי מ&מ'ס חמאת בוטנים46,מרס נדרלנד,US,עדשי מ&מ'ס,גרמים,46.00,100 גרם,false,1,5.50,11.96,true,1,
7290004022309,false,עדשי מ&מ'ס חמאת בוטנים80,מרס,GB,עדשי מ&מ'ס,גרמים,80.00,100 גרם,false,1,6.90,8.63,true,1,
7290004030018,false,"פריניב מיץ לימון סחוט פרי לתיבול 500 מ""ל",הנסיך- מפעל לייצור ט,IL,מיץ לימון לתיבול,מיליליטרים,500.00,"100 מ""ל",false,0,6.80,1.36,true,1,
7290004030100,false,מיץ תפוזים ולנסיה סחוט 1 ליטר100%,פרי ניב,IL,מיץ תפוזי ולנסיה,ליטרים,1.00,ליטר,false,1,15.80,15.80,true,1,
7290004030216,false,משקה בטעם חמוציות 1 ליטר פריניב,פריניב בעמ,IL,נקטר חמוציות,ליטרים,1.00,ליטר,false,1,9.90,9.90,true,1,
7290004030445,false,מיץ תפוזים סחוט רכיבים טבעיים 1 ליטר פרי ניב,פריניב בעמ,IL,מיץ תפוזים סחוט,ליטרים,1.00,ליטר,false,0,14.80,14.80,true,1,
7290004030612,false,"מיץ תפוח, קיווי אגס ללא תוספת סוכר 1 ליטר פרי ניב",פריניב בעמ,IL,משקה תפוח קיווי,ליטרים,1.00,ליטר,false,0,15.10,15.10,true,1,
7290004030810,false,שייק 100% בננה פסיפלורה תפוז מופחת סוכר1,פריניב בעמ,IL,מיץ פריניב,מיליליטרים,1000.00,"100 מ""ל",false,1,19.20,1.92,true,1,
7290004030834,false,מיץ רימונים סחוט 100% רכיבים טבעיים פרי ניב 1 ליטר,פריניב בעמ,IL,מיץ רימונים,ליטרים,1.00,ליטר,false,0,23.80,23.80,true,1,
7290004043108,false,עדשי מ&מ'ס שוקולד 89 גרם,מרס,US,עדשי מ&מ'ס,גרמים,89.00,100 גרם,false,1,6.90,7.75,true,1,
7290004064099,false,מטחנה מלח ים מהרי ההימלאיה מלח הארץ 100 גרם,"חברת מלח הארץ אילת בע""\מ",IL,מטחנה מלח,גרמים,250.00,100 גרם,false,1,13.90,5.56,true,1,
7290004064181,false,"תבלין מלח ההימלאיה גס בצנצנת 1 ק""ג","חברת מלח הארץ אילת בע""\מ",PK,מלח גס הימלאיה,קילוגרמים,1.00,"ק""ג",false,1,14.90,14.90,true,1,
7290004064228,false,מלח במטחנה אקסטרא תבלינים שום ופלפל 125 גר',"חברת מלח הארץ אילת בע""\מ",IL,מטחנת מלח מתובל,גרמים,125.00,100 גרם,false,1,14.90,11.92,true,1,
7290004064297,false,"מלח מועשר ביוד בצנצנת מלח הארץ 1 ק""ג","חברת מלח הארץ אילת בע""\מ",IL,מלח מועשר ביוד,קילוגרמים,1.00,"ק""ג",false,1,8.90,8.90,true,1,
7290004064358,false,"מלח דק זורם בקלות מלח הארץ קרטון 1 ק""ג","חברת מלח הארץ אילת בע""\מ",IL,מלח דק,קילוגרמים,1.00,"ק""ג",false,1,5.00,5.00,true,1,
7290004064365,false,"מלח דק מועשר ביוד מלח הארץ קרטון 1 ק""ג","חברת מלח הארץ אילת בע""\מ",IL,מלח דק מועשר יוד,קילוגרמים,1.00,"ק""ג",false,1,5.90,5.90,true,1,
7290004068028,false,"ציזיקי יוגורט לשתיה גד 500 מ""ל",מיוצר על ידי קוד יצר,IL,ציזיקי לשתיה,מיליליטרים,500.00,"100 מ""ל",false,0,9.80,1.96,true,1,
7290004068172,false,"יוגורט עיזים בדלי 5% 600 מ""ל רובין",קוד יצרן MKN,IL,יוגורט עזים בדלי,גרמים,600.00,100 גרם,false,0,18.50,3.08,true,1,
7290004078225,false,"שטיפת פה קולגייט פלקס מינט ירוק 500מ""ל",קולגייט- פלמוליב,PL,מי פה קולגייט,מיליליטרים,500.00,"100 מ""ל",false,0,29.90,5.98,true,1,
7290004078270,false,נוזל לניקוי כלים בריח לימון פלמוליב 1 ליטר,יבואן ומשווק: ש. שסט,GR,פלמוליב לכלים,ליטרים,1.00,ליטר,false,0,13.90,13.90,true,1,
7290004078942,false,ליידי ספיד סטיק - דאודורנט ג'ל לאישה 65 גרם,קולגייט-פלמוליב,US,דאודורנט,גרמים,65.00,100 גרם,false,0,16.90,26.00,true,1,
7290004120566,false,פיראוס 24% גבינה בולגרית 250 גרם,תנובה חלב,IL,גבינה בולגרית24%,גרמים,250.00,100 גרם,false,0,23.70,9.48,true,1,
7290004120634,false,גבינה פיראוס בולגרית 5% 250 גרם,תנובה מרכז שיתופי לש,IL,גבינה בולגרית5%,גרמים,250.00,100 גרם,false,0,17.90,7.16,true,1,
7290004120832,false,"חלב 2 ליטר 3% כד ""תנובה""- מוצר בפיקוח",תנובה מרכז שיתופי לש,IL,חלב שתיה 3%,ליטרים,2.00,ליטר,false,0,12.46,6.23,true,1,
7290004121525,false,יופלה מאגדת פרי 4 תות 4 אפרסק 3% 8 יח'*150 ג',תנובה מרכז שיתופי לש,IL,יופלה 3% 8 יח',קילוגרמים,1.20,"ק""ג",false,0,31.30,26.08,true,1,
7290004122195,false,גוש חלב גבינה צהובה פרוסה 28% תנובה 200 גרם,תנובה חלב,IL,גבינה גוש חלב,גרמים,200.00,100 גרם,false,0,14.60,7.30,true,1,
7290004122607,false,גבינת עמק לייט 9% במשקל,תנובה מרכז שיתופי לש,IL,גבינת עמק לייט9%,קילוגרמים,0.00,"ק""ג",true,0,75.00,75.00,true,1,
7290004124205,false,יופלה דיאט יוגורט תות %0 גביע 150 גרם,תנובה מרכז שיתופי לש,IL,יופלה דיאט תות0%,גרמים,150.00,100 גרם,false,0,5.20,3.47,true,1,
7290004125400,false,"אשל שלי מהדרין 200 מ""ל 4.5% ""תנובה""- מוצר בפיקוח",פארייפאבה אגרואינדוס,IL,אשל 4.5% שומן,מיליליטרים,200.00,"100 מ""ל",false,0,1.69,0.85,true,1,
7290004125417,false,"גיל 3% שלי 200 מ""ל ""תנובה"" -מוצר בפיקוח",תנובה מרכז שיתופי לש,IL,גיל לבן 3%שומן,מיליליטרים,200.00,"100 מ""ל",false,0,1.51,0.76,true,1,
7290004125455,false,"שמנת חמוצה 200 מ""ל 15% ""תנובה"" -מוצר בפיקוח",תנובה מרכז שיתופי לש,IL,שמנת תנובה 15%,מיליליטרים,200.00,"100 מ""ל",false,0,2.40,1.20,true,1,
7290004125462,false,"שמנת חמוצה 15% תנובה 500 מ""ל מהדרין",תנובה מרכז שיתופי לש,IL,שמנת חמוצה 15%,מיליליטרים,500.00,"100 מ""ל",false,0,6.00,1.20,true,1,
7290004125509,false,"שמנת חמוצה 15% מועשרת תנובה 100 מ""ל",תנובה מרכז שיתופי לש,IL,שמנת חמוצה 15%,מיליליטרים,100.00,"100 מ""ל",false,0,1.80,1.80,true,1,
7290004125578,false,משקה סויה מעושר בסידן תנובה 1ל',תנובה מרכז שיתופי לש,IL,משקה סויה,ליטרים,1.00,ליטר,false,0,10.90,10.90,true,1,
7290004125721,false,"השף הלבן שמנת עמידה לבישול 15% תנובה 250 מ""ל",תנובה מרכז שיתופי לש,IL,שמנת לבישול15%,מיליליטרים,250.00,"100 מ""ל",false,0,8.70,3.48,true,1,
7290004125738,false,שמנת מתוקה להקצפה32% 250מל עמיד השף הלבן,תנובה מרכז שיתופי לש,IL,שמנת להקצפה32%,מיליליטרים,250.00,"100 מ""ל",false,0,6.80,2.72,true,1,
7290004125776,false,גבינה צהובה עמק 28% 400 גרם בקופסא,תנובה חלב,IL,גבינת עמק פרוס,גרמים,400.00,100 גרם,false,0,29.30,7.33,true,1,
7290004126674,false,טל העמק פרוסות גבינה חצי קשה לייט %9 200 גרם בקופסא,תנובה מרכז שיתופי לש,IL,גבינה טל העמק,גרמים,200.00,100 גרם,false,0,19.40,9.70,true,1,
7290004127077,false,קוטג תנובה 3% גביע 250 גרם מהדרין,מיוצר עי קונדיטוריית,IL,קוטג' 3% שומן,גרמים,250.00,100 גרם,false,0,5.50,2.20,true,1,
7290004127329,false,קוטג תנובה גביע 250 גרם %5 ו.מהדרין,מיוצר עי קונדיטוריית,IL,קוטג' תנובה 5%,גרמים,250.00,100 גרם,false,0,5.50,2.20,true,1,
7290004127336,false,קוטג תנובה גביע 250 גרם %9 ו.מהדרין,מיוצר עי קונדיטוריית,IL,קוטג' תנובה 9%,גרמים,250.00,100 גרם,false,0,5.50,2.20,true,1,
7290004127800,false,"גבינה לבנה 500 גרם 5% ""תנובה"" -מוצר בפיקוח",מיוצר עי קונדיטוריית,IL,גבינה לבנה 5%,גרמים,500.00,100 גרם,false,0,9.96,1.99,true,1,
7290004127862,false,"גבינה לבנה 750 גרם 5% ""תנובה"" - מוצר בפיקוח",תנובה מרכז שיתופי לש,IL,גבינה לבנה 5%,גרמים,750.00,100 גרם,false,0,14.94,1.99,true,1,
7290004129101,false,גבינת שמנת 25% בטעם טבעי 225 ג' נפוליאון,תנובה מרכז שיתופי לש,IL,גבינת נפוליאון,גרמים,225.00,100 גרם,false,0,12.90,5.73,true,1,
7290004129545,false,גבינה לבנה 3% 250 גרם ועדת מהדרין,מחלבת אלון תבור,IL,גבינה לבנה 3%,גרמים,250.00,100 גרם,false,0,5.00,2.00,true,1,
7290004129736,false,יוגורט במתיקות מעודנת 1.5% שומן 200 ג' יופלה,תנובה מרכז שיתופי לש,IL,יופלהלבן מעודן,גרמים,200.00,100 גרם,false,0,4.40,2.20,true,1,
7290004129767,false,"3% 'יופלה לבן מארז שמינייה 1.2 ק""ג",מחלבת אלון תבור,IL,יופלה לבן 3%,קילוגרמים,1.20,"ק""ג",false,0,18.10,15.08,true,1,
7290004131074,false,"חלב 1 ליטר 3% קרטון ""תנובה""- מוצר בפיקוח",תנובה מרכז שיתופי לש,IL,חלב בקרטון 3%,ליטרים,1.00,ליטר,false,0,6.23,6.23,true,1,
7290004132712,false,חטיף אצבעות גבינת מוצרלה 20% 172 ג' עמק,תנובה מרכז שיתופי לש,IL,אצבעות מוצרלה,גרמים,172.00,100 גרם,false,0,17.30,10.06,true,1,
7290004133511,false,יופלה מאגדת לבן 1.5% מעודן 8 יח' * 150 ג',מחלבת אלון תבור,IL,יופלה מעודן 8 יח,קילוגרמים,1.20,"ק""ג",false,0,21.40,17.83,true,1,
7290004136598,false,מארז הפסקת אוכל עם קורנפלקס ומשקה חלב עמיד בטעם וניל,פארייפאבה אגרואינדוס,IL,חלב עם דגנים,יחידה,1.00,יחידה,false,0,9.90,9.90,true,1,
7290004136857,false,מעדן גלי פטל תנובה 125 גרם,תנובה מרכז שיתופי לש,IL,מעדן ג'לי פטל,גרמים,125.00,100 גרם,false,0,2.40,1.92,true,1,
7290004137021,false,"שמנת עמידה לבישול מופחת שומן 10% השף הלבן 250 מ""ל",תנובה מרכז שיתופי לש,IL,שמנת לבישול10%,מיליליטרים,250.00,"100 מ""ל",false,0,8.30,3.32,true,1,
7290004137311,false,עמק לייט משפחתית 9% 400ג-ועדת מהדרין,תנובה חלב,IL,גבינת עמק 9%,גרמים,400.00,100 גרם,false,0,32.40,8.10,true,1,
7290004150129,false,טחינה פיקנטי פרימיום 300 גרם,"סלטי שמיר 2006 בע""\מ",IL,טחינה ביתית,גרמים,300.00,100 גרם,false,1,14.90,4.97,true,1,
7290004150143,false,חציל במיונז פיקנטי פרימיום 300 גרם שמיר,"סלטי שמיר 2006 בע""\מ",IL,חציל במיונז,גרמים,300.00,100 גרם,false,1,14.90,4.97,true,1,
7290004150150,false,חציל בטחינה פיקנטי פרימיום 300 גרם שמיר,"סלטי שמיר 2006 בע""\מ",IL,חציל בטחינה,גרמים,300.00,100 גרם,false,1,14.90,4.97,true,1,
7290004150181,false,חמוצים סיני פיקנטי פרימיום 300 גרם,"סלטי שמיר 2006 בע""\מ",IL,חמוצים סיני,גרמים,300.00,100 גרם,false,1,14.90,4.97,true,1,
7290004150204,false,מטבוחה פיקנטי פרימיום 300 גרם שמיר,"סלטי שמיר 2006 בע""\מ",IL,מטבוחה,גרמים,300.00,100 גרם,false,1,14.90,4.97,true,1,
7290004150211,false,תורכי איסטנבול 300 גרם פיקנטי פרימיום,"סלטי שמיר 2006 בע""\מ",IL,תורכי איסטנבול,גרמים,300.00,100 גרם,false,1,14.90,4.97,true,1,
7290004150228,false,כרוב אדום 300 גרם פיקנטי פרימיום,"סלטי שמיר 2006 בע""\מ",IL,כרוב אדום,גרמים,300.00,100 גרם,false,1,14.90,4.97,true,1,
7290004150235,false,חומוס עם חריף פיקנטי פרימיום 300 גרם שמיר,"סלטי שמיר 2006 בע""\מ",IL,חומוס עם חריף,גרמים,300.00,100 גרם,false,1,14.90,4.97,true,1,
7290004170066,false,לחם כוסמין חצי אפוי,"גידרון תעשיות בע""מ",IL,לחם כוסמין,גרמים,470.00,100 גרם,false,1,18.90,4.02,true,1,
7290004170837,false,לחם אותנטי כפרי500ג אפוי,גידרון,IL,לחם אותנטי כפרי,גרמים,500.00,100 גרם,false,1,12.90,2.58,true,1,
7290004170851,false,לחם אותנטי אפוי 500 גרם,גידרון,IL,לחם אותנטי,גרמים,500.00,100 גרם,false,1,12.90,2.58,true,1,
7290004199203,false,קיסמי שיניים מבמבוק מלחיה 300 יחידות,הדקלאים אגודת שיתופי,CN,קיסמי שיניים,יחידה,1.00,יחידה,false,0,3.50,3.50,true,1,
7290004225278,false,בסגנון דנבלו 28% במשקל,נטו מלינדה סיימן,IL,בסגנון דנבלו,קילוגרמים,0.00,"ק""ג",true,0,60.00,60.00,true,1,
7290004228804,false,עלי בצק לסיגרים שלושת האופים 450 גרם.,"שלושת האופים בע""\מ",IL,עלי בצק למילוי ס,גרמים,450.00,100 גרם,false,1,12.90,2.87,true,1,
7290004230364,false,שגב מקלות בורקס פילו גבינה צרפתי 600 גר,שלושת האופים שגמור,IL,מקלות בורקס פילו,גרמים,600.00,100 גרם,false,0,19.90,3.32,true,1,
7290004230944,false,מקלות פילו גבינה 600 גר' שלושת האופים לנדא,שלושת האופים שגמור,IL,מקלות בורקס,גרמים,600.00,100 גרם,false,0,19.90,3.32,true,1,
7290004256180,false,גאודה הולנדית30.3% משקל,וויסר קאשנדל בי.וי נ,NL,גבינת גאודה,קילוגרמים,0.00,"ק""ג",true,1,99.00,99.00,true,1,
7290004256197,false,גאודה הולנד עז30.6%משקל,וויסר קאשנדל בי.וי נ,NL,גאודה עיזים,קילוגרמים,0.00,"ק""ג",true,1,129.00,129.00,true,1,
7290004324605,false,גבינה מותכת למריחה בטעם רוקפור 7% מון בלאן 120 ג',האי נאם סי או אל.טי.,IL,גבינת מון בלאן7%,גרמים,120.00,100 גרם,false,0,11.90,9.92,true,1,
7290004480332,false,גבינת גאודה30%משולש משקל,מחלבות גד,IL,גבינת גאודה,קילוגרמים,0.00,"ק""ג",true,1,111.00,111.00,true,1,
7290004494131,false,יין דלתון קברנה סוביניון גליל,"יקב דלתון בע""\מ",IL,קברנה דלתון,מיליליטרים,750.00,"100 מ""ל",false,0,54.90,7.32,true,1,
7290004494919,false,יין כנען קברנה שיראז 750 מל דלתון,"יקב דלתון בע""מ",IL,כנען קברנה שיראז,מיליליטרים,750.00,"100 מ""ל",false,0,44.90,5.99,true,1,
7290004504229,false,מוצרי מאפה פרימיום לקג,גידרון,IL,מאפה פרימיום,קילוגרמים,0.00,"ק""ג",true,1,42.00,42.00,true,1,
7290004504748,false,לחם בצל קפוא 550גרם,גידרון,IL,לחם בצל,יחידה,1.00,יחידה,false,1,10.50,10.50,true,1,
7290004504755,false,לחם שיפון קפוא 550 גרם,גידרון,IL,לחם שיפון,יחידה,1.00,יחידה,false,1,10.50,10.50,true,1,
7290004554354,false,גלידת פנטזיה שוקו וניל 1 ל' שטראוס,"גלידת שטראוס בע""\מ, רחוב",IL,"גלידת ""פנטסיה""",ליטרים,1.00,ליטר,false,0,23.30,23.30,true,1,
7290004584306,false,רבעיית גמדים בטעם תות בננה * 100 ג' שטראוס,מיוצר עי קונדיטוריית,IL,סופר גמדים 4 יח,גרמים,400.00,100 גרם,false,0,12.30,3.08,true,1,
7290004584351,false,גבינה לבנה סימפוניה עם תוספות 200 ג' חמישית 200,"שטראוס בריאות בע""\מ",IL,גבינת סימפוניה,גרמים,200.00,100 גרם,false,0,10.00,5.00,true,1,
7290004584528,false,יוגורט דנונה ביו לבן 1.7% שומן 200 גרם,מיוצר עי קונדיטוריית,IL,יוגורט ביו 1.7%,גרמים,200.00,100 גרם,false,0,3.90,1.95,true,1,
7290004585907,false,דני ועדן וניל 1.5% 125ג' שטראוס,מיוצר עי קונדיטוריית,IL,דני וניל 1.5%,גרמים,125.00,100 גרם,false,0,2.80,2.24,true,1,
7290004603175,false,מלח הים האדום גס מלח הארץ 500 גרם,"חברת מלח הארץ אילת בע""\מ",IL,מלח ים גס,גרמים,500.00,100 גרם,false,0,7.90,1.58,true,1,
7290004639006,false,קוסקוס ביתי מוקפא 800 גר,מטעמי פאר,IL,קוסקוס מוקפא,גרמים,800.00,100 גרם,false,0,16.90,2.11,true,1,
7290004658946,false,יין שרדונה פרייבט קולקשן יקבי כרמל,"כד בני דרום בע""מ",IL,יין לבו שרדונה,מיליליטרים,750.00,"100 מ""ל",false,0,32.50,4.33,true,1,
7290004658953,false,יין סוביניון בלאן פרייבט קולקשן יקבי כרמל,"כד בני דרום בע""מ",IL,סוביניון בלאן,מיליליטרים,750.00,"100 מ""ל",false,0,32.50,4.33,true,1,
7290004725600,false,גבינה סקנדינבית31% משקל,תנובה חלב,IL,גבינה סקנדינבית,קילוגרמים,0.00,"ק""ג",true,1,78.00,78.00,true,1,
7290004731472,false,"שלישיית אלסבון צבעוני כיף 500 מ""ל",טרופיקל דגיל תעשיות,IL,אלסבון כיף 3 יח,ליטרים,1.50,ליטר,false,0,19.50,13.00,true,1,
7290004731564,false,"מקסימה מבשם ומרכך למייבש הכביסה בלו בלוסום 750 מ""ל",סנו מקסימה,IL,מקסימה למייבש,מיליליטרים,750.00,"100 מ""ל",false,1,16.30,2.17,true,1,
7290004737900,false,חלב כחוש מרוכז וממותק בתוספת שמן צמחי ויליפוד 397 גרם,יו.איי.בי מאריג'אמפו,LT,חלב כחוש מרוכז,גרמים,397.00,100 גרם,false,0,7.90,1.99,true,1,
7290004846695,false,קבבוני השוק 800 גרם,"זהר בשר עופות ובשר בע""\מ",IL,קבבוני השוק,גרמים,800.00,100 גרם,false,1,49.90,6.24,true,1,
7290004846763,false,המרגז של אוראל 400 גרם,"זהר בשר עופות בע""\מ",IL,המרגז של אוראל,גרמים,400.00,100 גרם,false,1,29.90,7.48,true,1,
7290004846916,false,המבורגר אנטריקוט 400 גרם,"זהר בשר עופות ובשר בע""\מ",IL,המבורגר אנטריקוט,גרמים,400.00,100 גרם,false,1,29.90,7.48,true,1,
7290004846923,false,קבב אסאדו 400 גרם קפ,"זהר בשר עופות ובשר בע""\מ",IL,קבב אסאדו,גרמים,400.00,100 גרם,false,1,29.90,7.48,true,1,
7290004861025,false,גבינה בולגרית 5% במשקל,"מחלבת המושבה בע""מ",IL,גבינה בולגרית,קילוגרמים,0.00,"ק""ג",true,0,50.00,50.00,true,1,
7290004861056,false,צפתית/ברינזה 5% המוש,"מחלבת המושבה בע""מ",IL,גבינה צפתית 5%,קילוגרמים,0.00,"ק""ג",true,0,49.00,49.00,true,1,
7290004861063,false,גבינת קש המושבה במשק,"מחלבת המושבה בע""מ",IL,גבינת קאש 9%,קילוגרמים,0.00,"ק""ג",true,0,55.00,55.00,true,1,
7290004861070,false,גבינה צפתית קשה המוש,מחלבת המושבה,IL,גבינה צפתית קשה,קילוגרמים,0.00,"ק""ג",true,0,89.00,89.00,true,1,
7290004861278,false,שמנת 30% טבעי המושבה,"מחלבת המושבה בע""מ",IL,גבינת שמנת30%,קילוגרמים,0.00,"ק""ג",true,0,45.00,45.00,true,1,
7290004952136,false,"קמח כוסמין מלא אורגני 1 ק""ג - הרדוף",טחנת קמח יפו,IL,קמח כוסמין מלא,קילוגרמים,1.00,"ק""ג",false,0,18.90,18.90,true,1,
7290004982355,false,צדר טריפל סיימן במשק,כושר דיירי,GB,גבינת צ'דר,קילוגרמים,0.00,"ק""ג",true,1,109.00,109.00,true,1,
7290004982393,false,גבינה ברס בלו במשקל1,בנוגראן,FR,גבינת ברס בלו,קילוגרמים,0.00,"ק""ג",true,0,194.00,194.00,true,1,
7290005020162,false,וויסקי סקוטי בלנטייס פיינסט 700 מל,פרנו,LK,וויסקי בלנטיין,מיליליטרים,700.00,"100 מ""ל",false,0,69.90,9.98,true,1,
7290005020346,false,בקרדי קרטה בלנקה סופ,תאגיד בקרדי,US,רום בקרדי לבן,מיליליטרים,750.00,"100 מ""ל",false,0,104.00,13.86,true,1,
7290005068058,false,תירס קל מופחת קלוריות 550 ג' פרי הגליל,"פרי הגליל בע""""מ",IL,תירס קל,גרמים,550.00,100 גרם,false,0,8.90,1.62,true,1,
7290005082979,false,חלת דגנים קלועה 560 גרם,"גידרון תעשיות בע""מ",IL,חלה דגנים קלועה,גרמים,560.00,100 גרם,false,0,12.90,2.30,true,1,
7290005084355,false,סנסודין משחת שיניים דואל קר פלואוריד 75,גלקסו סמית קליין,GB,משחת שיניים,מיליליטרים,75.00,"100 מ""ל",false,0,22.90,30.53,true,1,
7290005095245,false,נרות שבת 72 יחידות,HQP,CN,נרות שבת,יחידה,1.00,יחידה,false,0,26.90,26.90,true,1,
7290005095443,false,נר נשמה בכוס 48 שעות,,IL,נר נשמה 48 שעות,יחידה,1.00,יחידה,false,0,5.60,5.60,true,1,
7290005095467,false,נרות שבת מס 4 180 גר,משווק על ידי HQP,CN,נרות שבת,יחידה,1.00,יחידה,false,1,4.50,4.50,true,1,
7290005095474,false,נרות שבת מס 6 180 גר,HQP,CN,נרות שבת,יחידה,1.00,יחידה,false,1,4.50,4.50,true,1,
7290005095481,false,נרות שבת 8 יחידות 8 יחיד,משווק על ידי HQP,CN,נרות שבת 8 יחידו,יחידה,1.00,יחידה,false,1,4.50,4.50,true,1,
7290005095498,false,נרות שבת 10 יחידות,משווק על ידי HQP,CN,נרות שבת,יחידה,1.00,יחידה,false,1,4.50,4.50,true,1,
7290005095801,false,רוטב עמבה עם פרי 500,,IL,עמבה,גרמים,500.00,100 גרם,false,0,15.10,3.02,true,1,
7290005095849,false,נרות שבת 12 יחידות,משווק על ידי HQP,CN,נרות שבת,יחידה,1.00,יחידה,false,1,4.50,4.50,true,1,
7290005095856,false,נרות שבת 16 יחידות,משווק על ידי HQP,CN,16 נרות שבת,יחידה,1.00,יחידה,false,1,4.50,4.50,true,1,
7290005095931,false,נרות שבת 20 יחידות,משווק על ידי HQP,CN,נרות שבת,יחידה,1.00,יחידה,false,1,4.50,4.50,true,1,
7290005174551,false,סלט חומוס עם צנוברים 125 ג' אחלה,מיוצר עי קונדיטוריית,IL,חומוס יום יום,גרמים,125.00,100 גרם,false,0,4.90,3.92,true,1,
7290005174575,false,טחינה אחלה יום יום משובחת 125ג',מיוצר עי קונדיטוריית,IL,טחינה יום יום,גרמים,125.00,100 גרם,false,0,4.90,3.92,true,1,
7290005200786,false,תפוצ'יפס בטעם שמנת בצל עלית 50 גרם,"שטראוס פריטו ליי בע""\מ )",IL,תפוצ'יפס שמנת,גרמים,50.00,100 גרם,false,0,4.00,8.00,true,1,
7290005201882,false,קפה טורקי בצלופן עלית 200 גרם,הנסיך- מפעל לייצור ט,IL,קפה טורקי בצלופן,גרמים,200.00,100 גרם,false,0,14.90,7.45,true,1,
7290005287206,false,רביעיית טונה בשמן סטארקיסט 160 גרם,"סטארקיסט פודור בע""מ",VN,טונה סטארקיסט4יח,גרמים,640.00,100 גרם,false,0,24.90,3.89,true,1,
7290005287251,false,רביעיית טונה במים סטארקיסט 160 גרם,"סטארקיסט פודור בע""מ",VN,טונה סטארקיסט4יח,גרמים,640.00,100 גרם,false,0,24.90,3.89,true,1,
7290005384899,false,פטינה ים תיכונית בסג,וילי פוד,IL,בסגנון פטה 21%,קילוגרמים,0.00,"ק""ג",true,0,25.90,25.90,true,1,
7290005418709,false,"נטורל קרם לחות לקיבוע תלתלים גלי 400 מ""ל",מיוצר עי אמיליה קוסמ,IL,קרם לחות לתלתלים,מיליליטרים,400.00,"100 מ""ל",false,0,21.70,5.43,true,1,
7290005423253,false,"סנו - מקסימה מרסס למייבש כביסה אולטרה פרש 750 מ""ל","סנו מפעלי ברונוס בע""\מ",IL,מקסימה למייבש,מיליליטרים,750.00,"100 מ""ל",false,0,16.30,2.17,true,1,
7290005423635,false,ריצפז נוזל רצפות דוחה תיקנים סנו 2 ליטר,מיוצר עי קונדיטוריית,IL,ריצפז דוחה חרקים,ליטרים,2.00,ליטר,false,0,20.90,10.45,true,1,
7290005423734,false,מרכך כביסה מרוכז אולטרא פרש סנו מקסימה 4 ליטר,"סנו מפעלי ברונוס בע""\מ",IL,מרכך כביסה,ליטרים,4.00,ליטר,false,0,21.90,5.48,true,1,
7290005423871,false,שלישיית משחת שיניים מנטול אורביטול 145 גרם,טרופיקל דגיל תעשיות קוסמ,IL,משחת שיניים,גרמים,435.00,100 גרם,false,0,17.70,4.07,true,1,
7290005423918,false,סנו - מקסימה מרכך כביסה היפואלרגני אלוורה 4 ליטר,"סנו מפעלי ברונוס בע""\מ",IL,מרכך כביסה,ליטרים,4.00,ליטר,false,0,21.90,5.48,true,1,
7290005424403,false,"אל סבון כיף אצות ים קטיפתי 1ליטר,",טרופיקל דגיל תעשיות,IL,אל סבון כיף,ליטרים,1.00,ליטר,false,0,10.90,10.90,true,1,
7290005424700,false,סנו - פורטה פלוס מרסס מסיר שומנים 1 ליטר,"סנו מפעלי ברונוס בע""\מ",IL,סנו פורטה פלוס,ליטרים,1.00,ליטר,false,1,17.90,17.90,true,1,
7290005424847,false,"מפיות סופט לבנות לשולחן (150 יח') ""סנו""",מיוצר עי קונדיטוריית,TR,מפיות דו שכבתי,יחידה,1.00,יחידה,false,0,8.50,8.50,true,1,
7290005424991,false,סנו פרש אוטומטיק בהתזה קצובה ניחוח בייבי פאודר,סנו מפעלי ברונוס בעמ,IL,סנו פרש בייבי,מיליליטרים,250.00,"100 מ""ל",false,1,13.90,5.56,true,1,
7290005425110,false,חיטוי משטחים-מחטא ומשמיד חיידקים 99.9,"סנו מפעלי ברונוס בע""\מ",IL,מחטא משטחים סנו,מיליליטרים,750.00,"100 מ""ל",false,1,14.90,1.99,true,1,
7290005425646,false,קליר נוזל לניקוי חלונות רב תכליתי סנו 1 ליטר,"סנו מפעלי ברונוס בע""\מ",IL,סנוקליר 1 ליטר,ליטרים,1.00,ליטר,false,0,9.90,9.90,true,1,
7290005427787,false,"קרמה - קרם לחות לשיער מתולתל 400 מ""ל",טרופיקל דגיל תעשיות,IL,קרם לשיער קרמה,מיליליטרים,400.00,"100 מ""ל",false,0,19.80,4.95,true,1,
7290005430602,false,"סנו אוקסיג'ן ספריי להסרת כתמים עם חמצן פעיל 750 מ""ל","סנו מפעלי ברונוס בע""",IL,אוקסיג'ן מ.כתמים,מיליליטרים,750.00,"100 מ""ל",false,0,17.90,2.39,true,1,
7290005559587,false,מאפה נקניקיה בבצק מעדנות 800ג',מיוצר עי קונדיטוריית,IL,מאפה נקניקיות,גרמים,800.00,100 גרם,false,0,28.10,3.51,true,1,
7290005559907,false,פיצה משפחתית 100% גבינה מעדנות 500 גרם,מיוצר עי קונדיטוריית,IL,פיצה משפחתית,גרמים,500.00,100 גרם,false,0,15.90,3.18,true,1,
7290005559914,false,פיצה משפחתית עם 100% גבינה בתוספת זיתים מעדנות 550 גרם,מיוצר עי קונדיטוריית,IL,פיצה משפחתית,גרמים,550.00,100 גרם,false,0,15.90,2.89,true,1,
7290005559990,false,בצק פילאס תורכי מעדנות 600 גרם,מיוצר עי קונדיטוריית,IL,בצק פילאס תורכי,גרמים,600.00,100 גרם,false,0,22.90,3.82,true,1,
7290005590023,false,כרעיים עוף טרי ארוז שופר,עוף הגליל,IL,כרעיים עוף טרי,קילוגרמים,0.00,"ק""ג",true,1,27.90,27.90,true,1,
7290005590030,false,קוקטיל עוף טרי ארוז שופר,עוף הגליל,IL,קוקטיל עוף טרי,קילוגרמים,0.00,"ק""ג",true,1,27.90,27.90,true,1,
7290005590054,false,ירכיים עוף טרי ארוז שופר,עוף הגליל,IL,ירכיים עוף טרי,קילוגרמים,0.00,"ק""ג",true,1,27.90,27.90,true,1,
7290005590061,false,שניצל עוף טרי ארוז שופרס,עוף הגליל,IL,שניצל עוף טרי,קילוגרמים,0.00,"ק""ג",true,1,34.90,34.90,true,1,
7290005590092,false,שווארמה עוף טרי ארוז שופ,עוף הגליל,IL,שווארמה עוף טרי,קילוגרמים,0.00,"ק""ג",true,1,59.90,59.90,true,1,
7290005590139,false,חזה עוף חצוי טרי ארוז שו,עוף הגליל,IL,חזה עוף טרי,קילוגרמים,0.00,"ק""ג",true,1,31.90,31.90,true,1,
7290005590146,false,חזה עוף דק דק טרי ארוז ש,עוף הגליל,IL,חזה עוף דק טרי,קילוגרמים,0.00,"ק""ג",true,1,39.90,39.90,true,1,
7290005610127,false,תפוח אדמה גורמה דוד משה,אראל תוצרת חקלאית בע,IL,"תפו""א גורמה לבן",קילוגרמים,0.00,"ק""ג",true,1,6.90,6.90,true,1,
7290005678417,false,טלי ענב לבן בוטיק ווינטר קינג,קטיף.,IL,ענב ווינטר קינג,קילוגרמים,0.00,"ק""ג",true,1,25.90,25.90,true,1,
7290005678585,false,ענב סקרלוטהללא חרצן ארוז,ביכורי השקמה,IL,ענבים סקרלוטה,קילוגרמים,0.00,"ק""ג",true,0,24.90,24.90,true,1,
7290005686405,false,בננה ציפס 200 גרם ששון הקולה,"דין שיווק וקלייה בע""",IL,בננה ציפס,גרמים,200.00,100 גרם,false,0,11.90,5.95,true,1,
7290005838002,false,מעדן גבינה ויוגורט בטעם וניל 88 ג' דניאלה,"שטראוס בריאות בע""מ",IL,מעדן דניאלה,גרמים,88.00,100 גרם,false,0,4.10,4.66,true,1,
7290005838613,false,"סקי וניל בודד 125 גרם ""שטראוס""","שטראוס בריאות בע""\מ",IL,סקי מעדן גבינה,גרמים,125.00,100 גרם,false,0,3.90,3.12,true,1,
7290005839078,false,שמיניית יוגורט לבן 3% ביו דנונה 150 גרם,מיוצר עי קונדיטוריית,IL,דנונה ביו 8 יח,קילוגרמים,1.20,"ק""ג",false,0,17.70,14.75,true,1,
7290005839108,false,גבינה לבנה סימפוניה עם תוספות 200 ג'+זיתים 5%,"שטראוס בריאות בע""\מ",IL,גבינת סימפוניה,גרמים,200.00,100 גרם,false,0,10.00,5.00,true,1,
7290005839313,false,"מילקי טופ מגולגלת שטראוס 170 מ""ל",מיוצר עי קונדיטוריית,IL,מילקי טופ,מיליליטרים,170.00,"100 מ""ל",false,0,5.00,2.94,true,1,
7290005896453,false,"בירה מכבי 7.9%, בירה חזקה, בקבוק חוזר 500 מ''ל",טמפו משקאות בע''מ,IL,בירה מכבי 7.9%,מיליליטרים,500.00,"100 מ""ל",false,1,7.00,1.40,true,1,
7290005938245,false,ממרח פסטו קלאסי פרסקו 220ג' מצונן,מיוצר עי פרסקו חצבה,IL,פסטו קלאסי,גרמים,220.00,100 גרם,false,0,18.90,8.59,true,1,
7290005992018,false,"יוגורט עיזים לשתייה 3% 500 מ""ל רובין","מיוצר ע""\י קוד יצרן MKN",IL,יוגורט חלב עיזים,מיליליטרים,500.00,"100 מ""ל",false,0,13.10,2.62,true,1,
7290005992247,false,"גבינה חלומי גד ק""ג.",מחלבות גד,IL,חלומי גד,קילוגרמים,0.00,"ק""ג",true,0,93.00,93.00,true,1,
7290005992575,false,בולגרית למריחה 5% 250 גרם - רבנות,מחלבות גד בעמ,IL,בולגרית למריחה,גרמים,250.00,100 גרם,false,0,17.00,6.80,true,1,
7290005992735,false,לאבנה טבעית 5% 250 גר' - רבנות,הנסיך- מפעל לייצור ט,IL,גבינת לאבנה גד5%,גרמים,250.00,100 גרם,false,0,13.50,5.40,true,1,
7290005992858,false,גבינת פטה עיזים במשק,יושלם,IL,פטה עיזים5% משקל,קילוגרמים,0.00,"ק""ג",true,0,127.00,127.00,true,1,
7290006199027,false,מאגדת גלידל וניל מצופה סורבה תות שדה [8],הגלידות של פלדמן,IL,שלגוני וניל מצופ,גרמים,600.00,100 גרם,false,0,31.90,5.32,true,1,
7290006241504,false,פריגת תפוזים קפוא 345 גרם,פריגת מצוננים,IL,פריגת תפוזים,מיליליטרים,280.00,"100 מ""ל",false,0,13.90,4.96,true,1,
7290006241511,false,"משקה לימונענע מרוכז קפוא פריגת 280 מ""ל",היינץ צפון אמריקה מק,IL,פריגת נענע פרי,מיליליטרים,280.00,"100 מ""ל",false,0,13.90,4.96,true,1,
7290006251107,false,תה צ'אי מסאלה ויסוצקי 25 יחידות,מולינו ניקולי s.p.a,IL,תה צ'אי מסאלה,גרמים,50.00,100 גרם,false,0,18.90,37.80,true,1,
7290006251275,false,תה ירוק סיני קלאסי ויסוצקי 25 יחידות,תה ויסוצקי,IL,תה ירוק סיני,גרמים,37.00,100 גרם,false,0,24.90,67.30,true,1,
7290006251282,false,חליטת חמוציות הגן הקסום ויסוצקי 25 יחידות,תה ויסוצקי,IL,חליטת חמוציות,גרמים,75.00,100 גרם,false,0,18.90,25.20,true,1,
7290006251343,false,חליטת פסיפלורה מנגו הגן הקסום ויסוצקי 25 יחידות,תה ויסוצקי,IL,חליטת פסיפלורה,גרמים,62.00,100 גרם,false,0,18.90,30.48,true,1,
7290006251374,false,תה ירוק לימונית וג'ינג'ר ויסוצקי 25 יחידות,תה ויסוצקי,IL,תה ירוק לימונית,גרמים,37.00,100 גרם,false,0,24.90,67.30,true,1,
7290006256089,false,"יין אדום קברנה סוביניון גאטו נגרו 750 מ""ל",פינקה לה סליה,AR,גאטו נגרו קברנה,מיליליטרים,750.00,"100 מ""ל",false,0,39.90,5.32,true,1,
7290006256102,false,"יין אדום מרלו גאטו נגרו 750 מ""ל",פינקה לה סליה,AR,גאטו נגרו מרלו,מיליליטרים,750.00,"100 מ""ל",false,0,39.90,5.32,true,1,
7290006271174,false,ג'חנון לאפיה בתנור מעדנות 700 גרם,מיוצר עי קונדיטוריית,IL,ג'חנון בצק,גרמים,700.00,100 גרם,false,0,19.40,2.77,true,1,
7290006271181,false,ג'חנון אפוי למיקרוגל מעדנות 750 גרם,מיוצר עי קונדיטוריית,IL,ג'חנון אפוי,גרמים,750.00,100 גרם,false,0,25.60,3.41,true,1,
7290006272072,false,חטיפי פיצה גבינה מעדנות 650 גרם,"מעדנות בע""\מ",IL,חטיפי פיצה גבינה,גרמים,650.00,100 גרם,false,1,33.90,5.22,true,1,
7290006272430,false,בצק עלים חמאה מעדנות 600 גרם,מיוצר עי קונדיטוריית,IL,בצק עלים חמאה,גרמים,600.00,100 גרם,false,0,28.60,4.77,true,1,
7290006306296,false,רביולי במילוי גבינה לילדים פסטה נונה גד 400 גרם,דורום תעשיות מזון ופסטה,IL,רביולי גבינה,גרמים,400.00,100 גרם,false,0,26.20,6.55,true,1,
7290006306319,false,רביולי במילוי בטטה 400 ג' פסטה נונה,דורום תעשיות מזון ופסטה,IL,רביולי בטטה,גרמים,400.00,100 גרם,false,0,26.20,6.55,true,1,
7290006306326,false,רביולי במילוי פטריות וגבינת פרמזן פסטה נונה 400 ג',דורום תעשיות מזון ופסטה,IL,רביולי פטריות,גרמים,400.00,100 גרם,false,0,26.20,6.55,true,1,
7290006306357,false,רביולי במילוי גבינת עיזים 400 ג' פסטה נונה,דורום תעשיות מזון ופסטה,IL,רביולי גבינה,גרמים,400.00,100 גרם,false,0,25.10,6.28,true,1,
7290006322104,false,לחם ריחיים קל פרוס 500גר,מאפיית דוידוביץ ובניו בע,IL,לחם רחיים קל,גרמים,500.00,100 גרם,false,0,14.90,2.98,true,1,
7290006322111,false,לחמניות ריחיים 80*6 גרם,מאפיית דוידוביץ ובניו בע,IL,לחמניות ריחיים,גרמים,480.00,100 גרם,false,0,12.90,2.69,true,1,
7290006322197,false,לחמנ.הבית כפולות 125X4גר,מאפיית דוידוביץ ובניו בע,IL,4 לחמניות הבית,גרמים,500.00,100 גרם,false,0,14.50,2.90,true,1,
7290006322838,false,לחם מקמח מלא דוידובי,מאפיית דוידוביץ ובניו בע,IL,לחם קמח מלא,גרמים,750.00,100 גרם,false,0,13.50,1.80,true,1,
7290006374660,false,שמן זית כתית לתיבול קלאסי יד מרדכי 1 ליטר,מכוורת יד מרדכי שטראוס ב,IL,שמן זית 2 קלאסי,ליטרים,1.00,ליטר,false,0,42.90,42.90,true,1,
7290006385178,false,לחם שאור עם אגוזים+צימוק,"גידרון תעשיות בע""מ",IL,לחם שאור+אגוזים,גרמים,525.00,100 גרם,false,0,18.90,3.60,true,1,
7290006390745,false,שבלול עם צימוקים קפוא,"גידרון תעשיות בע""מ",IL,שבלול עם צימוקים,יחידה,1.00,יחידה,false,0,4.50,4.50,true,1,
7290006391025,false,בייגלה ירושלמי קפוא,"גידרון תעשיות בע""מ",IL,ביגלה ירושלמי,יחידה,1.00,יחידה,false,0,5.50,5.50,true,1,
7290006401373,false,ליגיניה סבון מרענן לשטיפה אינטימית,פייזר )קונסיומר הלט קר(,IT,ליגיניה אקטיב,מיליליטרים,200.00,"100 מ""ל",false,0,34.90,17.45,true,1,
7290006459008,false,חלבה פ.יבשים קשיו במשקל,"עדן תעשיות חלבה בע""מ",,חלבה עדן,קילוגרמים,0.00,"ק""ג",true,0,42.00,42.00,true,1,
7290006459015,false,חלבה שוקו עדן במשקל,עדן,IL,חלבה שוקו עדן,קילוגרמים,0.00,"ק""ג",true,1,42.00,42.00,true,1,
7290006459572,false,מרמלדה משקל,"עדן תעשיות חלבה בע""מ",IL,מרמלדה במשקל עדן,קילוגרמים,0.00,"ק""ג",true,0,40.00,40.00,true,1,
7290006492432,false,גבינת מוצרלה בייבי 18% גד 150 גרם,מחלבות גד בעמ,IL,גבינה מוצרלה,גרמים,150.00,100 גרם,false,0,14.90,9.93,true,1,
7290006492616,false,גבינה בולגרית מעודנת פרוסות 5% גד 250 גרם,DSH עבור מחלבות גד ב,IL,גבינה בולגרית,גרמים,250.00,100 גרם,false,0,28.70,11.48,true,1,
7290006492685,false,גבינת לאבנה 5% מחלב עזים גד 250 גרם,מחלבות גד בעמ,IL,לאבנה עיזים גד,גרמים,250.00,100 גרם,false,0,18.80,7.52,true,1,
7290006492852,false,גבינת עיזים למריחה 5% שומן 250 ג' גד,גבינות מדף,IL,גבינת עיזים גד,גרמים,250.00,100 גרם,false,0,17.80,7.12,true,1,
7290006498052,false,דנונה ביו יוגורט טבעי מהדרין 3% 150 ג',שטראוס גרופ,IL,יוגורט לבן 3%,גרמים,150.00,100 גרם,false,0,2.60,1.73,true,1,
7290006511683,false,פולי סויה מאנצ`ו קפוא 454 ג' וילפוד,קו.אל.טי.די.קיאוניונ,CN,פולי סויה קפוא,גרמים,454.00,100 גרם,false,0,8.90,1.96,true,1,
7290006567048,false,פתיתי קוסקוס ישראלי אסם 350 גרם,"מיוצר ע""י קוד יצרן K",IL,פתיתי קוסקוס,גרמים,350.00,100 גרם,false,0,7.90,2.26,true,1,
7290006618078,false,"מרסס לניקוי יסודי מטבח אסטוניש 750 מ""ל",יעקובי אסטוניש,GB,אסטוניש מרסס,מיליליטרים,750.00,"100 מ""ל",false,0,11.90,1.59,true,1,
7290006618146,false,"מדליק פחמים נוזלי הפי יעקבי 500 מ""ל",תות תעשיות מזון (201,NL,הפי מדליק פחם,מיליליטרים,500.00,"100 מ""ל",false,0,17.70,3.54,true,1,
7290006652027,false,במבה חטיף בוטנים אסם 20*15 גרם,מיוצר עי קונדיטוריית,IL,במבה 20 יח',גרמים,300.00,100 גרם,false,0,23.90,7.97,true,1,
7290006653765,false,פרפקטו פסטה פטוצ'יני אסם 500 גרם,אסם פרפקטו,IT,פטוציני פרפקטו,גרמים,500.00,100 גרם,false,0,6.90,1.38,true,1,
7290006653819,false,פתיתי קוסקוס דק 350 גרם,"מיוצר ע""י קוד יצרן K",IL,קוסקוס דק,גרמים,350.00,100 גרם,false,0,7.90,2.26,true,1,
7290006664310,false,גבינה לבנה 3% שומן 250 ג' שטראוס,מיוצר עי קונדיטוריית,IL,גבינת סקי 3%,גרמים,250.00,100 גרם,false,0,5.00,2.00,true,1,
7290006664402,false,גבינה לבנה סקי 5% שומן 750 גרם,מיוצר עי קונדיטוריית,IL,גבינת סקי5%,גרמים,750.00,100 גרם,false,0,14.94,1.99,true,1,
7290006664532,false,יוגורט עם תות 3% שומן 150 ג' דנונה,מיוצר עי קונדיטוריית,IL,דנונה תות 3%,גרמים,150.00,100 גרם,false,0,4.10,2.73,true,1,
7290006664655,false,"אקטימל לבן טבעי מארז 100X8 מ""ל",מיוצר עי קונדיטוריית,IL,אקטימל לבן 8 יח,מיליליטרים,800.00,"100 מ""ל",false,0,19.90,2.49,true,1,
7290006664693,false,יוגורט עם אפרסק 3% שומן 150 ג' דנונה,מיוצר עי קונדיטוריית,IL,דנונה אפרסק %3,גרמים,150.00,100 גרם,false,0,4.10,2.73,true,1,
7290006664990,false,"יוגורט דנונה ביו לבן 1.7% שומן 8*150 מ""ל",מיוצר עי קונדיטוריית,IL,דנונה ביו 8 יח',קילוגרמים,1.20,"ק""ג",false,0,17.70,14.75,true,1,
7290006712981,false,"משחת שיניים קולגייט ספיידרמן מגיל שש 50 מ""ל",הנסיך- מפעל לייצור ט,PL,משחת שיניים,מיליליטרים,50.00,"100 מ""ל",false,0,11.90,23.80,true,1,
7290006714428,false,רגל עגל פרוס קפוא קג,לאטי עזרא גלם ודגים,IL,רגל עגל פרוס,קילוגרמים,0.00,"ק""ג",true,0,35.90,35.90,true,1,
7290006739247,false,פסטרמה איטלקית זוגלו,זוגלובק,IL,פסטרמה איטלקית,קילוגרמים,0.00,"ק""ג",true,0,85.00,85.00,true,1,
7290006739407,false,שניצל תירס לייט זוגלובק 600 גרם,נקניק נהריה כשר זוגל,IL,שניצל תירס,גרמים,630.00,100 גרם,false,0,22.90,3.64,true,1,
7290006739414,false,נקניק סלמי קוניאק זוגלובק 300 גרם,נקניק נהריה כשר זוגל,IL,סלמי קוניאק,גרמים,300.00,100 גרם,false,0,28.70,9.57,true,1,
7290006739421,false,נקניק סלמי מעושן איטלקי זוגלובק 300 גרם,נקניק נהריה כשר זוגל,IL,סלמי מעושן,גרמים,300.00,100 גרם,false,0,28.70,9.57,true,1,
7290006739445,false,שניצל תירס קלאסי 750 ג' זוגלובק,נקניק נהריה כשר זוגל,IL,שניצל תירס,גרמים,750.00,100 גרם,false,0,22.90,3.05,true,1,
7290006739544,false,נקניק כתף בקר 3% 300 גרם,זוגלובק,IL,כתף בקר,גרמים,300.00,100 גרם,false,0,29.90,9.97,true,1,
7290006742278,false,פסטרמה הודו צלויה על לבנים 330 ג' זוגלובק,נקניק נהריה כשר זוגל,IL,פסטרמה צלויה,גרמים,330.00,100 גרם,false,0,26.90,8.15,true,1,
7290006742292,false,פסטרמה הודו בדבש 330 ג' זוגלובק,נקניק נהריה כשר זוגל,IL,פסטרמה בדבש,גרמים,330.00,100 גרם,false,0,26.90,8.15,true,1,
7290006742315,false,פסטרמה חזה הודו ברביקיו 2% זוגלובק 330 גרם,נקניק נהריה כשר זוגל,IL,חזה הודו ברביקיו,גרמים,330.00,100 גרם,false,0,26.90,8.15,true,1,
7290006748072,false,זר פרחים צבעוני,פרחי ליידי דיאן,IL,1 ע צ י ץ,יחידה,1.00,יחידה,false,0,35.00,35.00,true,1,
7290006748096,false,"זר פרחים מפואר ""פרחי דיאן""",פרחי ליידי דיאן,IL,זר סחלב,יחידה,1.00,יחידה,false,0,50.00,50.00,true,1,
7290006748119,false,זר פרחים גרברה יחידה,שונות,IL,זר גרברה,יחידה,1.00,יחידה,false,0,59.00,59.00,true,1,
7290006748133,false,"זר פרחים רגיל ""פרחי דיאן""",פרחי ליידי דיאן,IL,זר פרחים בינוני,יחידה,1.00,יחידה,false,0,25.00,25.00,true,1,
7290006748157,false,יין סדרת סלע סוביניו,פרחי ליידי דיאן,IL,זר מיוחד,יחידה,1.00,יחידה,false,0,30.00,30.00,true,1,
7290006764065,false,בירה נשר מאלט ללא אלכוהול 500 מל,"טמפו משקאות בע""\ם.",IL,בירה נשר מאלט,מיליליטרים,500.00,"100 מ""ל",false,0,5.20,1.04,true,1,
7290006764485,false,"בירה שחורה נשר מאלט שישייה ח""פ 330*6 מ''ל","טמפו משקאות בע""\ם.",IL,נשר מאלט 6 יח,ליטרים,1.98,ליטר,false,0,30.30,15.30,true,1,
7290006788009,false,"שמפו לשיער רגיל 700 מ""ל קרליין",מיוצר עי : אמיליה קוסמטי,IL,שמפו 10 לשיער,מיליליטרים,700.00,"100 מ""ל",false,0,11.90,1.70,true,1,
7290006788498,false,"קרליין - נושם פיור דאודורנט ספריי לאישה ורוד 200 מ""ל",מיוצר עי : אמיליה קוסמטי,IL,דאודורנט קרליין,מיליליטרים,200.00,"100 מ""ל",false,0,11.90,5.95,true,1,
7290006822192,false,נקטר דיאט חמוציות אושן ספריי פריגת 1 ליטר,מבשלות בירה בינלאומיות ב,IL,אושן ספריי,ליטרים,1.00,ליטר,false,0,11.90,11.90,true,1,
7290006866363,false,מיץ סחוט אשכוליות אדומות פרימור 1 ליטר,"גניר (1992) בע""מ",IL,מיץ אשכולית סחוט,ליטרים,1.00,ליטר,false,0,15.80,15.80,true,1,
7290006960979,false,כיסונים בשר אורלסקי,"מאמא מרי בע""\מ",IL,כיסונים בשר אורל,גרמים,800.00,100 גרם,false,1,21.90,2.74,true,1,
7290006983152,false,קרוטונים מתובלים למרק אסם 400 גרם,עינת תעשיות מזון אגו,IL,קרוטונים מתובלים,גרמים,400.00,100 גרם,false,0,19.60,4.90,true,1,
7290006983176,false,אוסם - לחמית שיפון 250 גרם,"אסם השקעות בע""\מ",IL,לחמית שיפון אסם,גרמים,230.00,100 גרם,false,0,9.50,4.13,true,1,
7290006983770,false,עוגת הבית שיש אסם 400 גרם,מיוצר עי קונדיטוריית,IL,עוגת שיש,גרמים,400.00,100 גרם,false,0,11.90,2.98,true,1,
7290006983787,false,עוגת הבית שוקולד צ'יפס אסם 400 גרם,מיוצר עי קונדיטוריית,IL,עוגת שוקוצ'יפס,גרמים,400.00,100 גרם,false,0,11.90,2.98,true,1,
7290006983794,false,עוגת הבית בטעם תפוז אסם 400 גרם,מיוצר עי קונדיטוריית,IL,עוגת תפוז,גרמים,400.00,100 גרם,false,0,11.90,2.98,true,1,
7290006992161,false,מטרנה - דייסת קורנפלור פרוביוטי 200 גרם,מולינו ניקולי s.p.a,IL,דייסת מטרנה,גרמים,200.00,100 גרם,false,0,13.90,6.95,true,1,
7290008101356,false,קריספ פאנקו זהב 300 גרם מיימונס,א.ל ייצור ושיווק תבל,IL,פנקו זהוב קריספ,גרמים,300.00,100 גרם,false,1,8.90,2.97,true,1,
7290008102469,false,קריספ פירורי לחם זהוב 800 גרם מיימונס,מימונס,IL,פירורי לחם,גרמים,800.00,100 גרם,false,1,11.90,1.49,true,1,
7290008104050,false,"שטיפת אינטימית לקטופיל פמינה 220 מ""ל",כצט נוביס סעמ,IL,תחליב פמינה,מיליליטרים,220.00,"100 מ""ל",false,0,22.90,10.41,true,1,
7290008116541,false,"שטיפת פה ליסטרין קול מינט 500 מ""ל",ג'\ונסון אנד ג'\ונסון,IT,מי פה ליסטרין,מיליליטרים,500.00,"100 מ""ל",false,0,17.90,3.58,true,1,
7290008116565,false,ליסטרין שטיפת פה פרש 500 מל,ג'\ונסון אנד ג'\ונסון,IT,מי פה ליסטרין,מיליליטרים,500.00,"100 מ""ל",false,0,17.90,3.58,true,1,
7290008154222,false,שניצלונים עוף טוב 700 גרם,"מוצרי עוף טוב (2001) בע""",IL,שניצלונים 700ג,גרמים,700.00,100 גרם,false,0,12.90,1.84,true,1,
7290008175210,false,גבינת פרמזן מגורדת 90ג' ויליפוד,זנטי אס.איי.,IT,פרמזנו מגורדת,גרמים,90.00,100 גרם,false,0,16.90,18.78,true,1,
7290008175814,false,וילי פוד פטריות שמפיניון חתוך בדץ 400ג,"אוקצ'מפ אס, איי אויי",PL,פטריות חתוכות,גרמים,400.00,100 גרם,false,0,5.50,1.38,true,1,
7290008268455,false,קיווי ישראלי בראשית,בראשית,IL,קיווי במארז,יחידה,1.00,יחידה,false,1,16.90,16.90,true,1,
7290008340618,false,סלמון מעושן מצונן דלידג 100 ג',ויליגר תעשיות בעמ,IL,סלמון מעושן,גרמים,100.00,100 גרם,false,0,19.90,19.90,true,1,
7290008343466,false,בצק פילו 500 גרם שלושת האופים,שלושת האופים שגמור,IL,בצק פילו 500 גרם,גרמים,500.00,100 גרם,false,0,14.50,2.90,true,1,
7290008343558,false,"סיגרים בשר שלושת האופים 1 ק""ג","שלושת האופים בע""\מ",IL,סיגרים פיקנטי,קילוגרמים,1.00,"ק""ג",false,0,19.90,19.90,true,1,
7290008343565,false,"סיגרים תפו""א 1 ק""ג שלושת האופים","שלושת האופים בע""\מ",IL,"סיגרים תפו""א",קילוגרמים,1.00,"ק""ג",false,0,19.90,19.90,true,1,
7290008343602,false,"קובה בשר 1 ק""ג שלושת האופים","שלושת האופים בע""\מ",IL,קובה במילוי בשר,קילוגרמים,1.00,"ק""ג",false,0,21.90,21.90,true,1,
7290008345576,false,סלט איקרה ביתית לבנה 300 גרם דלידג,כלורוקס אוקלנד,IL,איקרה ביתית לבנה,גרמים,300.00,100 גרם,false,0,19.90,6.63,true,1,
7290008345583,false,איקרה ביתית ורוד 300 גרם דלידג,כלורוקס אוקלנד,IL,איקרה ביתית,גרמים,300.00,100 גרם,false,0,19.90,6.63,true,1,
7290008403238,false,גבינת ברי צרפתית32% משקל,קואופורטיב איסיני סנט מר,FR,גבינת ברי,קילוגרמים,0.00,"ק""ג",true,1,132.00,132.00,true,1,
7290008403863,false,גבינת גאודה חצי קשה משקל,הנרי וויליך,NL,גבינת גאודה,קילוגרמים,0.00,"ק""ג",true,1,110.00,110.00,true,1,
7290008403870,false,גאודה עיזים הולנדית משקל,הנרי וויליך,NL,גאודה עיזים,קילוגרמים,0.00,"ק""ג",true,1,139.00,139.00,true,1,
7290008409049,false,שניצלונים בציפוי שומשום מיני מיני דק מאמא עוף 500 גרם,תנובה גליל שותפות מוגבלת,IL,שניצל מיני דק,גרמים,500.00,100 גרם,false,0,27.90,5.58,true,1,
7290008409100,false,אצבעות שניצל בציפוי שומשום מאמא עוף 700 גרם,תנובה גליל שותפות מוגבלת,IL,אצבעות שניצל,גרמים,700.00,100 גרם,false,0,36.90,5.27,true,1,
7290008409124,false,מאמא עוף קפוא שניצל ג'ונגל פריך 700 גרם,תנובה גליל שותפות מוגבלת,IL,שניצל ג'ונגל,גרמים,700.00,100 גרם,false,0,36.90,5.27,true,1,
7290008409216,false,מאמא עוף קפוא שניצל דק פריך 700 גרם,תנובה גליל,IL,שניצל דק דק פריך,גרמים,700.00,100 גרם,false,0,39.90,5.70,true,1,
7290008409223,false,שניצל דק דק מתובל מאמא עוף 700 גרם,תנובה גליל שותפות מוגבלת,IL,שניצל דק מתובל,גרמים,700.00,100 גרם,false,0,39.90,5.70,true,1,
7290008409315,false,שניצלונים בציפוי פריך מיני מיני דק מאמא עוף 500 גרם,תנובה גליל,IL,מיני דק שניצלוני,גרמים,500.00,100 גרם,false,0,27.90,5.58,true,1,
7290008409407,false,שניצל דק צ'יפס מאמא עוף 700 גרם,תנובה גליל שותפות מוגבלת,IL,שניצל דק צ'יפס,גרמים,700.00,100 גרם,false,0,39.90,5.70,true,1,
7290008409551,false,שניצל עוף אמיתי בציפוי מעודן 700 ג' מאמא עוף,תנובה גליל שותפות מוגבלת,IL,שניצל עוף אמיתי,גרמים,700.00,100 גרם,false,0,41.70,5.96,true,1,
7290008409568,false,שניצל עוף אמיתי בציפוי שבבי ציפס 700 גר,תנובה גליל שותפות מוגבלת,IL,שניצל ציפס אמיתי,גרמים,700.00,100 גרם,false,0,41.70,5.96,true,1,
7290008409582,false,שניצל עוף אמיתי בציפוי ביתי מאמא עוף 700 גרם,תנובה גליל שותפות מוגבלת,IL,שניצל אמיתי ביתי,גרמים,700.00,100 גרם,false,0,41.70,5.96,true,1,
7290008409605,false,כוכבי עוף בציפוי מעודן מאמא עוף 700 גרם,תנובה גליל שותפות מוגבלת,IL,כוכבי עוף בציפוי,גרמים,700.00,100 גרם,false,0,36.90,5.27,true,1,
7290008409773,false,קציצות עוף אמיתיות מאמא עוף 700 גרם,תנובה גליל שותפות מוגבלת,IL,קציצות אמיתיות,גרמים,700.00,100 גרם,false,0,31.60,4.51,true,1,
7290008443616,false,"מרכך לשיער יבש אדום נקה 7 750 מ""ל","אמיליה קוסמטיקס בע""מ",IL,קונדישנר נקה 7,מיליליטרים,750.00,"100 מ""ל",false,0,8.90,1.19,true,1,
7290008443647,false,"מרכך לשיער מתולתל סגול, 750 מ""ל נקה 7","אמיליה קוסמטיקס בע""מ",IL,קונדישנר נקה 7,מיליליטרים,750.00,"100 מ""ל",false,0,8.90,1.19,true,1,
7290008461047,false,גב.ברי לה רוסטיק 31%משקל,נטו מלינדה סיימן,FR,גבינת ברי,קילוגרמים,0.00,"ק""ג",true,0,172.00,172.00,true,1,
7290008461283,false,גבינת טריפל צ'דר חצי קשה הגבינות של נני 200 גרם,דאוליי צ'סמייקרס,GB,גבינת טריפל צ'דר,גרמים,200.00,100 גרם,false,1,20.90,10.45,true,1,
7290008462310,false,גבינת סנט מור עיזים משקל,סואניון,FR,גבינת עיזים,קילוגרמים,0.00,"ק""ג",true,0,170.00,170.00,true,1,
7290008464130,false,"בירה גולדסטאר Unfiltered, בירה לא מסוננת, מארז שישייה, בקבוק 330 מ""ל",טמפו,IL,בירה גולדסטאר6יח,ליטרים,1.98,ליטר,false,0,29.90,15.10,true,1,
7290008464468,false,"בירה גולדסטאר, פחית 500 מ""ל","טמפו משקות בע""\מ",IL,בירה גולדסטאר,מיליליטרים,500.00,"100 מ""ל",false,0,8.60,1.72,true,1,
7290008464604,false,"בירה הייניקן פחית 500 מ""ל",טמפו משקאות בע''מ,NL,בירה היינקן פחית,מיליליטרים,500.00,"100 מ""ל",false,0,9.90,1.98,true,1,
7290008464611,false,"הסודה של טמפו, מי סודה בגיזוז חזק, 275 מל",טמפו משקאות בעמ,IL,הסודה של טמפו,מיליליטרים,275.00,"100 מ""ל",false,1,3.90,1.42,true,1,
7290008464673,false,"בירה גולדסטאר SLOWBREW פחית 10%, 500 מ""ל","טמפו משקאות בע""\מ",IL,גולדסטאר סלו ברו,מיליליטרים,500.00,"100 מ""ל",false,1,9.70,1.94,true,1,
7290008464697,false,"בירה מכבי 7.9%, בירה חזקה, מארז שישייה, בקבוק 330 מ""ל",טמפו,IL,בירה מכבי 6 יח,ליטרים,1.98,ליטר,false,0,29.90,15.10,true,1,
7290008464741,false,"בירה גולדסטאר, מארז שישייה, בקבוק 330 מ''ל","טמפו משקאות בע""\מ",IL,גולדסטאר 6 יח',ליטרים,1.98,ליטר,false,0,29.90,15.10,true,1,
7290008464796,false,"בירה היינקן, מארז שישייה, בקבוק 330 מ''ל",טמפו משקאות בע''מ,IL,בירה הייניקן 6יח,ליטרים,1.98,ליטר,false,0,36.90,18.63,true,1,
7290008469562,false,בשר מס' 5 מוכשר קפוא קג,שונות,XX,בשר מס' 5 מוכש,קילוגרמים,0.00,"ק""ג",true,0,59.90,59.90,true,1,
7290008493413,false,פירורי לחם מאיר בייגל פירורי גריסיני 200 גרם,מאיר את ביגל,IL,פירורי גריסיני,גרמים,200.00,100 גרם,false,0,6.20,3.10,true,1,
7290008614580,false,בשר לחמין מהדרין קג,לחוביץ,IL,בשר לחמין מהדרין,קילוגרמים,0.00,"ק""ג",true,1,24.90,24.90,true,1,
7290008614726,false,לשון בקר חלק קפוא,לחוביץ,IL,לשון קפוא,קילוגרמים,0.00,"ק""ג",true,0,39.90,39.90,true,1,
7290008645935,false,חומוס לניגוב אחלה 750 ג',"שטראוס גרופ בע""\מ",IL,חומוס אחלה,גרמים,750.00,100 גרם,false,0,9.80,1.31,true,1,
7290008670012,false,"יין אדום קברנה סוביניון רקנאטי 750 מ""ל",תות ממתקי איכות,IL,קברנה סוביניון,מיליליטרים,750.00,"100 מ""ל",false,0,53.50,7.13,true,1,
7290008670210,false,"יין אדום שירז רקנאטי אחים שקד 750 מ""ל",תות ממתקי איכות,IL,רקנאטי שיראז,מיליליטרים,750.00,"100 מ""ל",false,0,53.50,7.13,true,1,
7290008679428,false,כפפות הנדי לבית ולמטבח בינוני,קריות זול,TW,זוג כפפות בית,יחידה,1.00,יחידה,false,0,5.90,5.90,true,1,
7290008693134,false,מעדן גבינה ויוגורט בטעם תות 5% שומן 88 ג' דניאלה,"שטראוס בריאות בע""מ",IL,דניאלה תות מוקצף,גרמים,88.00,100 גרם,false,0,4.10,4.66,true,1,
7290008713900,false,לחם שיפון עגול פרוס אנג'ל 750 גרם,מאפיית אנג'\ל אורנים מאפ,IL,לחם שיפון עגול,גרמים,750.00,100 גרם,false,0,10.90,1.45,true,1,
7290008745239,false,תפוצ'יפס קראנצ' בטעם טבעי עלית 50 גרם,"שטראוס פריטו ליי בע""\מ )",IL,תפוצ'יפס קראנצ',גרמים,50.00,100 גרם,false,0,4.00,8.00,true,1,
7290008747547,false,תפוצ'יפס קראנץ' בטעם טבעי עלית 200 גרם,"שטראוס פריטו ליי בע""\מ )",IL,תפוצ'יפס קראנצ',גרמים,200.00,100 גרם,false,0,10.90,5.45,true,1,
7290008750264,false,"מסטיק מאסט ציקלס דובדבן 28 גרם לל""ס מגדים","שטראוס גרופ בע""מ",IL,מסטיק מאסט,גרמים,28.00,100 גרם,false,0,4.60,16.43,true,1,
7290008753111,false,תפוצ'יפס קראנץ' בטעם מקסיקני עלית 50 גרם,"שטראוס פריטו ליי בע""\מ )",IL,תפוצ'יפס קראנצ',גרמים,50.00,100 גרם,false,0,4.00,8.00,true,1,
7290008754415,false,גומי מאסט בטעם ספירמינט עדין פליפטופ 28 ג' עלית,"שטראוס גרופ בע""מ",IL,מסטיק מאסט LL,גרמים,28.00,100 גרם,false,0,4.60,16.43,true,1,
7290008757034,false,"שוופס סודה זכוכית 250 מ""ל",יפאורה שותפות מובגלת לשיווק,IL,מי סודה,מיליליטרים,250.00,"100 מ""ל",false,0,3.90,1.56,true,1,
7290008757980,false,קרטונית ספרינג נקטר רימונים 1 ליטר,יפאורה שותפות מובגלת לשיווק,IL,נקטר רימונים,ליטרים,1.00,ליטר,false,0,6.90,6.90,true,1,
7290008775816,false,ערגליות עוגיות במילוי שוקולד אסם 300 גרם,מיוצר עי קונדיטוריית,IL,ערגליות שוקו,גרמים,300.00,100 גרם,false,0,9.90,3.30,true,1,
7290008775823,false,ערגליות עוגיות תות שדה אסם 300 גרם,מיוצר עי קונדיטוריית,IL,ערגליות תות,גרמים,300.00,100 גרם,false,0,9.90,3.30,true,1,
7290008801119,false,"יין סוביניון בלאן סלקטד כרמל 750 מ""ל",אגודת הכורמים הקואופרטיב,IL,סובניון בלאן,מיליליטרים,750.00,"100 מ""ל",false,0,29.90,3.99,true,1,
7290008801157,false,"יין מרלו סלקטד כרמל כרמל 750 מ""ל",כרמל מזרחי,IL,מרלו סלקטד,מיליליטרים,750.00,"100 מ""ל",false,0,29.90,3.99,true,1,
7290008801522,false,יין קינג דויד קונקורד אדום מתוק 750 מל,אגודת הכורמים הקואופרטיב,IL,יין קונקורד,מיליליטרים,750.00,"100 מ""ל",false,0,21.90,2.92,true,1,
7290008801546,false,יין מוסקט מתוק קינג דיוויד יקבי כרמל,אגודת הכורמים הקואופרטיב,IL,מוסקט קינג דיווד,מיליליטרים,750.00,"100 מ""ל",false,0,21.90,2.92,true,1,
7290008801843,false,"יין קברנה סוביניון סלקטד כרמל 750 מ""ל","כד בני דרום בע""מ",IL,קברנה סוביניון,מיליליטרים,750.00,"100 מ""ל",false,0,29.90,3.99,true,1,
7290008801850,false,סלקטד אמרלד ריזלינג לבן חצי יבש 750 מל,אגודת הכורמים הקואופרטיב,IL,אמרלד ריזלינג,מיליליטרים,750.00,"100 מ""ל",false,0,29.90,3.99,true,1,
7290008802291,false,יין מרלו פרייבט קולקשן יקבי כרמל,אגודת הכורמים הקואופרטיב,IL,מרלו P.C,מיליליטרים,750.00,"100 מ""ל",false,0,32.50,4.33,true,1,
7290008802512,false,"יין וינו אדום ""כרמל מזרחי""","כד בני דרום בע""מ",IL,יין אדום יבש,מיליליטרים,750.00,"100 מ""ל",false,0,21.90,2.92,true,1,
7290008802529,false,"יין לבן חצי יבש וינו 750 מ""ל",כרמל מזרחי,IL,יין לבן יבש וינו,מיליליטרים,750.00,"100 מ""ל",false,0,21.90,2.92,true,1,
7290008802895,false,יין קברנה סוביניון פרייבט קולקשן יקבי כרמל,אגודת הכורמים הקאופורטיב,IL,קברנה סוביניון,מיליליטרים,750.00,"100 מ""ל",false,0,32.50,4.33,true,1,
7290008804332,false,שיראז אדום יבש פריווט קולקשיין 750מל,אגודת הכורמים הקואופרטיב,IL,שיראז אדום יבש,מיליליטרים,750.00,"100 מ""ל",false,0,32.50,4.33,true,1,
7290008805520,false,"יין קברנה/סוביניון סלקטד כרמל 750 מ""ל","כד בני דרום בע""מ",IL,קברנה מרלו סלקטד,מיליליטרים,750.00,"100 מ""ל",false,0,29.90,3.99,true,1,
7290008846219,false,"שמן זית כתית מעולה חלוצה 750 מ""ל",האי נאם סי או אל.טי.,IL,שמן זית כתית,מיליליטרים,750.00,"100 מ""ל",false,0,41.90,5.59,true,1,
7290008975780,false,"מזון לכלבים בונזו מזון כלבים גזע קטן 3 ק""ג","ביופט בע""מ",FR,בונזו גזע קטן,קילוגרמים,3.00,"ק""ג",false,0,44.90,14.97,true,1,
7290009011043,true,פילה אמנון טרי שופרסל קג,דגת הארץ,IL,פילה אמנון טרי,קילוגרמים,0.00,"ק""ג",true,1,89.90,89.90,true,1,
7290009011050,true,פילה בורי טרי שופרסל לקג,דגת הארץ,IL,פילה בורי טרי,קילוגרמים,0.00,"ק""ג",true,1,97.90,97.90,true,1,
7290009011098,true,פילה אדמונית טרי שופרסל,דגת הארץ,IL,פילה אדמונית טרי,קילוגרמים,0.00,"ק""ג",true,1,89.90,89.90,true,1,
7290009011111,true,דניס שלם טרי שופרסל לקג,דגת הארץ,IL,דניס שלם טרי,קילוגרמים,0.00,"ק""ג",true,1,84.90,84.90,true,1,
7290009011128,true,פילה סלמון טרי שופרסל לק,דגת הארץ,IL,נתחי סלמון טרי ש,קילוגרמים,0.00,"ק""ג",true,1,119.90,119.90,true,1,
7290009011142,true,דגקרפיון פרוס טרי שופר,דגת הארץ,IL,קרפיון פרוס טרי,קילוגרמים,0.00,"ק""ג",true,1,49.90,49.90,true,1,
7290009011159,true,אמנון שלם טרי שופרסל לקג,דגת הארץ,IL,אמנון שלם טרי,קילוגרמים,0.00,"ק""ג",true,1,49.90,49.90,true,1,
7290009011395,true,כרעיים פרימיום שופרסל לק,תנובה,IL,כרעיים פרימיום,קילוגרמים,0.00,"ק""ג",true,1,34.90,34.90,true,1,
7290009011531,true,כנפיים פרמיום שופרסל לקג,תנובה,IL,כנפיים פרימיום,קילוגרמים,0.00,"ק""ג",true,1,14.90,14.90,true,1,
7290009012828,true,חזה עוף טרי פרימיום קג,עוף עוז,IL,חזה עוף טרי פרימ,קילוגרמים,0.00,"ק""ג",true,1,39.90,39.90,true,1,
7290009013023,true,פילה דג דניס טרי,דגת הארץ,IL,פילה דניס טרי,קילוגרמים,0.00,"ק""ג",true,1,124.90,124.90,true,1,
7290009017038,true,נקניק סלמי צרפתי שופרסל,מעדני יחיעם,IL,סלמי צרפתי,קילוגרמים,0.00,"ק""ג",true,1,130.00,130.00,true,1,
7290009017045,true,כתף בקר מפולפל שופרסל,מעדני יחיעם,IL,כתף בקר מפולפל,קילוגרמים,0.00,"ק""ג",true,1,105.00,105.00,true,1,
7290009017052,true,איטלקי מפולפל שופרסל,מעדני יחיעם,IL,איטלקי מפולפל,קילוגרמים,0.00,"ק""ג",true,1,66.00,66.00,true,1,
7290009017069,true,נקניק סרוולד שופרסל קג,מעדני יחיעם,IL,סלמי סרוולד,קילוגרמים,0.00,"ק""ג",true,1,130.00,130.00,true,1,
7290009127584,true,הודו טחון לבן,שונות,IL,הודו טחון לבן,קילוגרמים,0.00,"ק""ג",true,0,34.90,34.90,true,1,
7290009129762,true,נשנושי טלה טרי קג,שונות,IL,נשנושי טלה טרי,קילוגרמים,0.00,"ק""ג",true,0,59.90,59.90,true,1,
7290009137293,true,גב.פרמזן30% שופרסל במשקל,אמברוסי,IT,גבינת פרמזן,קילוגרמים,0.00,"ק""ג",true,1,83.00,83.00,true,1,
7290009137309,true,גב.פרמזן 30% מגורד משקל,אמברוסי,IT,גב.פרמזן מגורדת,קילוגרמים,0.00,"ק""ג",true,1,83.00,83.00,true,1,
7290009137408,true,מיקס דונאטס 4 יח,סטוקסון,PL,מיקס דונאטס 4 יח,יחידה,1.00,יחידה,false,1,16.90,16.90,true,1,
7290009137415,true,מיקס דונאטס 6 יח,סטוקסון,PL,מיקס דונאטס 6 יח,יחידה,1.00,יחידה,false,1,23.90,23.90,true,1,
7290009137668,true,גאודה עזים ישון שנה משקל,הנרי ויליך,NL,גאודה עיזים,קילוגרמים,0.00,"ק""ג",true,1,109.00,109.00,true,1,
7290009137675,true,גאודה בקר מיושן שנה משקל,הנרי ויליך,NL,גאודה בקר מיושנת,קילוגרמים,0.00,"ק""ג",true,1,99.00,99.00,true,1,
7290009137705,true,סופגניה מיני ללא ריבה4י,גידרון,IL,סופגניה מיני 4יח,יחידה,1.00,יחידה,false,1,12.90,12.90,true,1,
7290009137712,true,סופגניה מיני ללא ריבה 8י,גידרון,IL,סופגניה מיני 8יח,יחידה,1.00,יחידה,false,1,19.90,19.90,true,1,
7290009137729,true,סופגניה גדולה ללא ריבה3י,גידרון,IL,סופגניה רגילה3יח,יחידה,1.00,יחידה,false,1,12.90,12.90,true,1,
7290009137736,true,סופגניה גדולה ללא ריבה6י,גידרון,IL,סופגניה רגילה6יח,יחידה,1.00,יחידה,false,1,19.90,19.90,true,1,
7290009137750,true,גבינה צהובה28% במשקל,MLEKOVITA,PL,גבינה צהובה 28%,קילוגרמים,0.00,"ק""ג",true,1,27.00,27.00,true,1,
7290009137767,true,גבינה צהובה28%מגורד משקל,MLEKOVITA,PL,גב.צהובה מגורדת,קילוגרמים,0.00,"ק""ג",true,1,27.00,27.00,true,1,
7290009137804,true,מוצרלה שופרסל במשקל,קיוסריה,ES,מוצרלה שופרסל,קילוגרמים,0.00,"ק""ג",true,1,55.00,55.00,true,1,
7290009137934,true,פייבוקס מיני סופגניה 5יח,גידרון,IL,פייבוקס 5 סופגנ.,יחידה,1.00,יחידה,false,1,19.50,19.50,true,1,
7290009139198,true,גב.מוצרלה מגורדת משקל,איבי,LT,מוצרלה מגורדת,קילוגרמים,0.00,"ק""ג",true,1,59.00,59.00,true,1,
7290009144772,true,בשר טחון טרי יבוא קג,,IL,בשר טחון טרי,קילוגרמים,0.00,"ק""ג",true,1,49.90,49.90,true,1,
7290009148060,true,חזה עוף טרי ארוז חזה עוף,מילועוף,IL,חזה עוף טרי,קילוגרמים,0.00,"ק""ג",true,1,31.90,31.90,true,1,
7290009148077,true,כרעיים עוף טרי ארוז קג,מילועוף,IL,כרעיים עוף טרי,קילוגרמים,0.00,"ק""ג",true,1,27.90,27.90,true,1,
7290009148091,true,שוקיים עוף טרי ארוז קג,מילועוף,IL,שוקקים עוף טרי,קילוגרמים,0.00,"ק""ג",true,1,32.90,32.90,true,1,
7290009148114,true,כבד עוף טרי ארוז קג,מילועוף,IL,כבד עוף טרי,קילוגרמים,0.00,"ק""ג",true,1,19.90,19.90,true,1,
7290009148190,true,שניצל דק טרי ארוז דיל קג,מילועוף,IL,שניצל דק טרי ארו,קילוגרמים,0.00,"ק""ג",true,1,39.90,39.90,true,1,
7290009391282,true,פילהאמנון7-9ע.עור100%דג,הויזונג ביילו גוושי,CN,פילה אמנון קפוא,קילוגרמים,0.00,"ק""ג",true,0,36.90,36.90,true,1,
7290009391336,true,פילה אמנון קפוא 80% קג,XINTAISHENG HAINAN,CN,פילה אמנון קפוא,קילוגרמים,0.00,"ק""ג",true,0,29.90,29.90,true,1,
7290009391381,true,המבורגר טרי מוכשר אנגוס,שופרסל,AR,המבורגר טרי,קילוגרמים,0.00,"ק""ג",true,0,59.90,59.90,true,1,
7290009391619,true,כרעיים עוף טרי פרמיום קג,מילועוף,IL,כרעיים עוף טרי,קילוגרמים,0.00,"ק""ג",true,1,34.90,34.90,true,1,
7290009391626,true,שוקיים עוף טרי פרמיום קג,מילועוף,IL,שוקיים פרמיום,קילוגרמים,0.00,"ק""ג",true,1,37.90,37.90,true,1,
7290009391633,true,פרגיות טרי פרימיום שופרס,מילועוף,IL,פרגיות פרמיום טר,קילוגרמים,0.00,"ק""ג",true,1,69.90,69.90,true,1,
7290009391640,true,כנפיים עוף פרמיום שופרסל,מילועוף,IL,כנפיים פרמיום טר,קילוגרמים,0.00,"ק""ג",true,1,14.90,14.90,true,1,
7290009391657,true,שניצל עוף דק פרימיום שופ,מילועוף,IL,שניצל דק פרמיום,קילוגרמים,0.00,"ק""ג",true,1,44.90,44.90,true,1,
7290009391664,true,פילה עוף טרי פרמיום שופר,מילועוף,IL,פילה פרמיום טרי,קילוגרמים,0.00,"ק""ג",true,1,49.90,49.90,true,1,
7290009391688,true,חזה עוף טרי פרמיום שופרס,מילועוף,IL,חזה פרמיום טרי,קילוגרמים,0.00,"ק""ג",true,1,39.90,39.90,true,1,
7290009391695,true,כתף בקר מעושן קג,מעדני יחיעם,IL,כתף בקר מעושן קג,קילוגרמים,0.00,"ק""ג",true,1,105.00,105.00,true,1,
7290009391701,true,סלמי קוניאק קג,מעדני יחיעם,IL,סלמי קוניאק קג,קילוגרמים,0.00,"ק""ג",true,1,66.00,66.00,true,1,
7290009391718,true,רוסט ביף קג,מעדני יחיעם,IL,רוסט ביף קג,קילוגרמים,0.00,"ק""ג",true,1,115.00,115.00,true,1,
7290009391954,true,המבורגר בלאק אנגוס טרי,,US,המבורגר בלאק טרי,קילוגרמים,0.00,"ק""ג",true,0,59.90,59.90,true,1,
7290009391985,true,פילה דג ברמונדי טרי קג,דגת הארץ,IL,פילה ברמונדי טרי,קילוגרמים,0.00,"ק""ג",true,0,124.90,124.90,true,1,
7290009392050,true,פילה אמנון ללא עור קפוא,,CN,פילה אמנון ללא ע,קילוגרמים,0.00,"ק""ג",true,0,19.90,19.90,true,1,
7290009392685,true,אנטריקוט טרי מוכשר יבוא,,XX,אנטריקוט טרי,קילוגרמים,0.00,"ק""ג",true,0,129.90,129.90,true,1,
7290009392692,true,צלעות טרי מוכשר יבוא קג,,XX,צלעות טרי,קילוגרמים,0.00,"ק""ג",true,0,59.90,59.90,true,1,
7290009392715,true,כתף טרי מוכשר יבוא קג,,XX,כתף טרי,קילוגרמים,0.00,"ק""ג",true,0,74.90,74.90,true,1,
7290009392722,true,צלי כתף טרי מוכשר יבוא ק,,XX,צלי כתף טרי,קילוגרמים,0.00,"ק""ג",true,0,89.90,89.90,true,1,
7290009392739,true,פ.מדומה טרי מוכשר יבוא ק,,XX,פילה מדומה טרי,קילוגרמים,0.00,"ק""ג",true,0,74.90,74.90,true,1,
7290009392746,true,שריר טרי מוכשר יבוא קג,,XX,שריר טרי,קילוגרמים,0.00,"ק""ג",true,0,59.90,59.90,true,1,
7290009392807,true,סינטה טרי מוכשר יבוא קג,,XX,סינטה טרי,קילוגרמים,0.00,"ק""ג",true,1,129.90,129.90,true,1,
7290009393019,true,סטייק דלמוניקו בלאק טרי,הרשי שוקולד,US,סטייק דלמוניקו,קילוגרמים,0.00,"ק""ג",true,0,99.90,99.90,true,1,
7290009393088,true,כתף טרי מוכשר אנגוס קג,,AR,כתף טרי אנגוס,קילוגרמים,0.00,"ק""ג",true,0,84.90,84.90,true,1,
7290009393125,true,אנטריקוט טרי מוכשר אנגוס,,AR,אנטריקוט טרי אנג,קילוגרמים,0.00,"ק""ג",true,0,159.90,159.90,true,1,
7290009393163,true,פילה מדומה טרי מוכשר אנג,,AR,פילה מדומה טרי,קילוגרמים,0.00,"ק""ג",true,0,84.90,84.90,true,1,
7290009393255,true,צלי כתף טרי מוכשר אנגוס,,AR,צלי כתף טרי אנג,קילוגרמים,0.00,"ק""ג",true,1,99.90,99.90,true,1,
7290009393262,true,צלעות טרי חלק אנגוס קג,,AR,צלעות טרי אנגוס,קילוגרמים,0.00,"ק""ג",true,1,79.90,79.90,true,1,
7290009393293,true,שריר טרי מוכשר אנגוס קג,,AR,שריר טרי אנגוס,קילוגרמים,0.00,"ק""ג",true,1,69.90,69.90,true,1,
7290009397642,true,חמישית מאפין שוקו 200גרם,גידרון,IL,חמישיית מאפין,גרמים,5.00,100 גרם,false,0,10.90,218.00,true,1,
7290009397697,true,מאפין שוק.צ'יפס 5י גדרון,גידרון,IL,חמישיית מאפין,גרמים,5.00,100 גרם,false,0,10.90,218.00,true,1,
7290009398021,true,לחמניית ביס באגט,גידרון,IL,לחמניית ביס באגט,יחידה,1.00,יחידה,false,0,1.70,1.70,true,1,
7290009398281,true,מארז פיתות אסלית100*10ג,מאפיית אנג'ל,IL,פיתות 10 יח,גרמים,1000.00,100 גרם,false,0,13.90,1.39,true,1,
7290009398618,true,סופגנ.מטוגנ.קפוא+ריבה80ג,גידרון,IL,סופגניה רגילה,גרמים,80.00,100 גרם,false,0,4.90,6.13,true,1,
7290009398687,true,דונטס מטוגן,גידרון,IL,דונאט,יחידה,1.00,יחידה,false,0,7.50,7.50,true,1,
7290009398786,true,מארז פיתות אסלית 5יח100*,מאפיית אנג'ל,IL,5 פיתות אסליות,גרמים,500.00,100 גרם,false,0,7.50,1.50,true,1,
7290009398847,true,לחמניית חלה מתוקה,גידרון,IL,לחמניית חלה מתוק,יחידה,1.00,יחידה,false,0,4.50,4.50,true,1,
7290009399165,true,לחמניה קלה,גידרון,IL,לחמניה קלה,יחידה,1.00,יחידה,false,0,3.20,3.20,true,1,
7290009399707,true,מארז 4יח לחמניה גידרול,גדרון סהרון,IL,לחמניה גידרול 4,יחידה,1.00,יחידה,false,0,13.90,13.90,true,1,
7290009399790,true,לחמניית קשר קלה,גידרון,IL,לחמניה קלה קשר,יחידה,1.00,יחידה,false,0,3.20,3.20,true,1,
7290009399868,true,לחמניית חלה קלה,גידרון,IL,לחמניה חלה קלה,יחידה,1.00,יחידה,false,0,4.50,4.50,true,1,
7290009401790,true,מארז פיתה כפרית 5יח100*ג,מאפיית אנג'ל,IL,פיתה קמח מלא 5יח,גרמים,500.00,100 גרם,false,0,8.90,1.78,true,1,
7290009803815,true,ירכי עוף טרי א.דיל עצמי,.,IL,ירכי עוף טרי,קילוגרמים,0.00,"ק""ג",true,1,27.90,27.90,true,1,
7290009807622,true,לב עוף טרי א.דיל ארוז,.,IL,לב עוף טרי,קילוגרמים,0.00,"ק""ג",true,1,23.90,23.90,true,1,
7290009950137,true,בירה גולדסטאר330,,,בירה גולדסטאר330,מיליליטרים,330.00,"100 מ""ל",false,0,10.80,3.27,true,1,
7290009950724,true,סופגניה מיני מצופה,גידרון,IL,סופגנ.מיני מצופה,יחידה,1.00,יחידה,false,0,5.90,5.90,true,1,
7290009951639,true,סופגניה גדולה מצופה 6יח',גידרון,IL,סופגניה מצופה6יח,יחידה,1.00,יחידה,false,0,32.90,32.90,true,1,
7290009951899,true,מאפה מלוח משקל,גידרון,IL,מאפה מלוח חלבי,קילוגרמים,0.00,"ק""ג",true,0,42.00,42.00,true,1,
7290009951912,true,מאפה מתוק משקל,גידרון,IL,מאפה מתוק,קילוגרמים,0.00,"ק""ג",true,0,42.00,42.00,true,1,
7290009952308,true,מארז 4יח לחמניית דגנים י,גידרון,IL,לחמניה דגנים 4יח,יחידה,1.00,יחידה,false,0,13.90,13.90,true,1,
7290009952339,true,מארז8 לחמניות אצבע יח,גידרון,IL,לחמניה אצבע 8יח,יחידה,1.00,יחידה,false,0,10.90,10.90,true,1,
7290009952346,true,מארז לחמניית חלה4יחי,גידרון,IL,לחמניה חלה 4יח,יחידה,1.00,יחידה,false,0,13.90,13.90,true,1,
7290009952377,true,מארז לחמנית קשר 5יח',גידרון,IL,לחמניה קשר 5יח,יחידה,1.00,יחידה,false,0,13.90,13.90,true,1,
7290009952988,true,מוצרלה מגורדת,,IL,מוצרלה מגורדת,קילוגרמים,0.00,"ק""ג",true,0,88.00,88.00,true,1,
7290009952995,true,מים מינרליים 1.5 ליטר,,,מים מינרליים,ליטרים,1.50,ליטר,false,0,3.20,2.13,true,1,
7290009953916,true,גבינת צ'דר כתומה,,GB,גבינת צ'דר כתומה,קילוגרמים,0.00,"ק""ג",true,0,109.00,109.00,true,1,
7290009954241,true,נועם ג.צהובה22%חריץ משקל,"טרופיקל דגיל תעשיות קוסמטיקה בע""מ",IL,גבינת נועם 22%,קילוגרמים,0.00,"ק""ג",true,0,42.58,42.58,true,1,
7290009954258,true,נועם ג.צהובה28%חריץ משקל,י. מלכי מוצרים,IL,גבינת נועם 28%,קילוגרמים,0.00,"ק""ג",true,0,44.79,44.79,true,1,
7290009954357,true,גב.עמק מגורדת במשקל,,IL,גבינת עמק מגורדת,קילוגרמים,0.00,"ק""ג",true,0,44.79,44.79,true,1,
7290009954371,true,עמק לייט מגורדת 9% במשקל,תנובה,IL,עמק לייט מגורדת,קילוגרמים,0.00,"ק""ג",true,0,75.00,75.00,true,1,
7290009954395,true,קולאז פרמזן מגורדת במשקל,תנובה,IL,פרמזן מגורדת,קילוגרמים,0.00,"ק""ג",true,0,113.00,113.00,true,1,
7290009954661,true,סופגניה גדולה מעל 25 יח,,IL,סופגניה עסקה25יח,יחידה,1.00,יחידה,false,0,100.00,100.00,true,1,
7290009954678,true,סופגניה מעל 25יח מיני,,IL,סופגניה עסקה25יח,יחידה,1.00,יחידה,false,0,87.50,87.50,true,1,
7290009954999,true,מים מצוננים500מל,,IL,מים מצוננים500מל,מיליליטרים,500.00,"100 מ""ל",false,0,5.90,1.18,true,1,
7290009955002,true,מים מצוננים1.5ל,,IL,מים מצוננים1.5ל,ליטרים,1.50,ליטר,false,0,4.80,3.20,true,1,
7290009955019,true,משקה מצונן 1.5ל,,IL,משקה מצונן 1.5ל,ליטרים,1.50,ליטר,false,0,11.00,7.33,true,1,
7290009956221,true,מים מצוננים 2 ליטר,,IL,מים מצוננים 2ל,ליטרים,2.00,ליטר,false,1,9.90,4.95,true,1,
7290009957174,true,סלמון מעושן פסקאדו במשקל,ויליגר,IL,סלמון מעושן פסקא,קילוגרמים,0.00,"ק""ג",true,1,229.00,229.00,true,1,
7290009957280,true,גרנה פדנו29% מגורדת משקל,זאנטי,IT,גרנה פדנו מגורדת,קילוגרמים,0.00,"ק""ג",true,1,109.00,109.00,true,1,
7290009957358,true,גרנו פדנו שופרסל 29%משקל,אמברוסי,IL,גרנו פדנו,קילוגרמים,0.00,"ק""ג",true,1,109.00,109.00,true,1,
7290009957365,true,מיקס מארז דונטס 2 יחידות,,PL,2 דנטס חלב נוכרי,יחידה,1.00,יחידה,false,1,10.90,10.90,true,1,
7290009957372,true,מיקס מארז דונטס 3 יחידות,,PL,3 דנטס חלב נוכרי,יחידה,1.00,יחידה,false,1,14.90,14.90,true,1,
7290009957396,true,גבינת שמנת25%שופרסל משקל,גבינות משק יעקבס,IL,גבינת שמנת במשקל,קילוגרמים,0.00,"ק""ג",true,1,45.00,45.00,true,1,
7290009957402,true,גב.שמנת שום שמיר במשקל,גבינות משק יעקבס,IL,גבינת שמנת במשקל,קילוגרמים,0.00,"ק""ג",true,1,45.00,45.00,true,1,
7290009957419,true,בייבי מוצרלה18%שופר משקל,גבינות משק יעקבס,IL,בייבי מוצרלה,קילוגרמים,0.00,"ק""ג",true,1,89.00,89.00,true,1,
7290009957426,true,כדור מוצרלה שופרסל במשקל,גבינות משק יעקבס,IL,כדור מוצרלה,קילוגרמים,0.00,"ק""ג",true,1,89.00,89.00,true,1,
7290009957433,true,לאבנה בקר5% שופרסל במשקל,גבינות משק יעקבס,IL,לאבנה בקר במשקל,קילוגרמים,0.00,"ק""ג",true,1,39.00,39.00,true,1,
7290009957525,true,סופגניה מיני מצופה 4יח,גידרון,IL,4סופגניה מיני,יחידה,1.00,יחידה,false,1,19.90,19.90,true,1,
7290009957532,true,סופגניה מיני רגילה 4יח',גידרון,IL,סופגניה מיני 4יח,יחידה,1.00,יחידה,false,1,12.90,12.90,true,1,
7290009958232,true,קשקבל שופרסל משקל,אל פסטור,ES,קשקבל שופרסל,קילוגרמים,0.00,"ק""ג",true,1,109.00,109.00,true,1,
7290009958256,true,איבריקו שופרסל משקל,אל פסטור,ES,איבריקו שופרסל,קילוגרמים,0.00,"ק""ג",true,1,109.00,109.00,true,1,
7290009958263,true,מנצגו שופרסל משקל,אל פסטור,ES,מנצגו שופרסל,קילוגרמים,0.00,"ק""ג",true,1,109.00,109.00,true,1,
7290009958522,true,גבינת ברי במשקל,פטור'ז,FR,גבינת ברי במשקל,קילוגרמים,0.00,"ק""ג",true,1,99.00,99.00,true,1,
7290009958584,true,בולגרית 5% שופרסל משקל,מחלבות רמת הגולן,IL,בולגרית 5% משקל,קילוגרמים,0.00,"ק""ג",true,1,58.00,58.00,true,1,
7290009958591,true,בולגרית 16% שופרסל משקל,מחלבות רמת הגולן,IL,בולגרית 16% משקל,קילוגרמים,0.00,"ק""ג",true,1,59.00,59.00,true,1,
7290010002078,false,פלפל שחור טחון תבליני מימון 100 גרם,א.ל ייצור ושיווק תבלינים,IL,פלפל שחור טחון,גרמים,100.00,100 גרם,false,0,15.50,15.50,true,1,
7290010002108,false,תבלין פלפל שחור גרוס גס תבליני מימון 90,א.ל ייצור ושיווק תבלינים,IL,פלפל שחור גרוס,גרמים,90.00,100 גרם,false,0,15.50,17.22,true,1,
7290010002122,false,פפריקה הונגרית מתוקה תבליני מימון 100 גרם,א.ל ייצור ושיווק תבלינים,IL,פפריקה הונגרית,גרמים,100.00,100 גרם,false,0,11.60,11.60,true,1,
7290010002139,false,פפריקה הונגרית חריפה תבליני מימון 100 גרם,א.ל ייצור ושיווק תבלינים,IL,פפריקה הונגרית,גרמים,100.00,100 גרם,false,0,11.60,11.60,true,1,
7290010002146,false,פפריקה מרוקאית מתוקה תבליני מימון 100 גרם,א.ל ייצור ושיווק תבלינים,IL,פפריקה מרוקאית,גרמים,100.00,100 גרם,false,0,11.60,11.60,true,1,
7290010002207,false,תבלין קינמון טחון תבליני מימון 100 גרם,א.ל ייצור ושיווק תבלינים,IL,קינמון טחון,גרמים,100.00,100 גרם,false,0,10.00,10.00,true,1,
7290010002214,false,תבלין צ'ילי גרוס תבליני מימון 80 גרם,א.ל ייצור ושיווק תבלינים,IL,צ'ילי מקסיקני,גרמים,70.00,100 גרם,false,0,11.60,16.57,true,1,
7290010023141,false,תה לימונענע הגן הקסום ויסוצקי 25 יחידות,תה ויסוצקי,IL,חליטת לימונענע,גרמים,55.00,100 גרם,false,0,18.90,34.36,true,1,
7290010045051,false,עוגיות מלבן שקדים 200 גרם לחמי,קונדטוריות לחמי,IL,עוגיות שקדים,גרמים,200.00,100 גרם,false,0,18.90,9.45,true,1,
7290010045068,false,עוגיות הנסיכה 250 גרם לחמי,קונדטוריות לחמי,IL,עוגיות הנסיכה,גרמים,250.00,100 גרם,false,0,18.90,7.56,true,1,
7290010065332,false,מחית תפוח עץ בננה ג'וניור פרינוק 190 גרם,פרוטה פודווין איי.אס,CZ,פריניוק ג'וניור,גרמים,190.00,100 גרם,false,0,5.90,3.11,true,1,
7290010066001,false,נתחי טונה בשמן צמחי 960ג,תעשיות פילטונה,IL,נתחי טונה בשמן,גרמים,960.00,100 גרם,false,0,36.90,3.84,true,1,
7290010066025,false,נתחי טונה בהירה בשמן158ג,תעשיות פילטונה,IL,נתחי טונה בשמן,גרמים,158.00,100 גרם,false,0,6.90,4.37,true,1,
7290010066513,false,נתחי טונה בשמן צמחי רביעיה *158ג' פילטונה,תעשיות פילטונה,IL,טונה בשמן 4 יח,גרמים,632.00,100 גרם,false,0,22.90,3.62,true,1,
7290010066575,false,נתחי טונה במים רביעיה *158ג' פילטונה,תעשיות פילטונה,IL,טונה במי מלח 4יח,גרמים,632.00,100 גרם,false,0,22.90,3.62,true,1,
7290010066582,false,נתחי טונה בשמן קנולה רביעיה * 158 ג' פילטונה,תעשיות פילטונה,IL,טונה בשמן 4 יח,גרמים,632.00,100 גרם,false,0,22.90,3.62,true,1,
7290010066599,false,מארז רביעיית טונה בשמן זית 4*160 גרם,תעשיות פילטונה,IL,טונה בשמן זית4יח,גרמים,632.00,100 גרם,false,0,27.90,4.41,true,1,
7290010066957,false,נתחי טונה קטנה בשמן צמחי 960ג' פרינס,תעשיות פילטונה,IL,נתחי טונה בשמן,גרמים,960.00,100 גרם,false,0,29.90,3.11,true,1,
7290010116980,false,אבקת שוקולית שקית עלית 850 ג',הנסיך- מפעל לייצור ט,IL,שוקולית עלית,גרמים,850.00,100 גרם,false,0,14.90,1.75,true,1,
7290010117864,false,דוריטוס חטיף תירס בטעם חריף אש עלית 70 גרם,"שטראוס פריטו ליי בע""\מ )",IL,דוריטוס חריף,גרמים,70.00,100 גרם,false,0,4.00,5.71,true,1,
7290010129027,false,עוגיות מרוקאיות 600 גרם,ק.א. ומשווק בבלעדיו על י,IL,עוגיות מרוקאיות,גרמים,600.00,100 גרם,false,0,18.90,3.15,true,1,
7290010129324,false,עוגיות מעמול 600 גרם,ק.א. ומשווק בבלעדיות על,IL,עוגיות מעמול,גרמים,600.00,100 גרם,false,0,18.90,3.15,true,1,
7290010129553,false,עוגיות רולדה תמרים 600 גרם,ק.א. ומשווק בבלעדיות על,IL,עוגיות רולדה,גרמים,600.00,100 גרם,false,1,18.90,3.15,true,1,
7290010154005,false,סחוג תימני יוחאי ביטון 250 גרם,תבליני יוחאי ביטון,IL,סחוג תימני,גרמים,250.00,100 גרם,false,0,13.90,5.56,true,1,
7290010154050,false,ממרח שיפקה כבוש חריף 250,תבליני יוחאי ביטון,IL,ממרח שיפקה כבוש,גרמים,250.00,100 גרם,false,1,13.90,5.56,true,1,
7290010154241,false,סלט חזרת ריף ביטון 250 ג',תבליני יוחאי ביטון,IL,סלט חזרת ביתית,גרמים,250.00,100 גרם,false,0,13.90,5.56,true,1,
7290010154265,false,פלפל צ'ומה תבליני ביטון 250 גרם,תבליני יוחאי ביטון,IL,פלפל צ'ומה,גרמים,250.00,100 גרם,false,0,13.90,5.56,true,1,
7290010154685,false,סלט שום כתוש 250 ג' ביטון יוחאי,תבליני יוחאי ביטון,IL,סלט שום כתוש,גרמים,250.00,100 גרם,false,1,13.90,5.56,true,1,
7290010163632,false,שזיף ללא גלעין400ג'שקדיה,שקדיה,IL,שזיף ללא גלעין,גרמים,400.00,100 גרם,false,0,26.70,6.68,true,1,
7290010163663,false,אגוזי קאשיו טבעיים 200ג,שקדיה,IL,אגוזי קאשיו טבעי,גרמים,200.00,100 גרם,false,0,23.70,11.85,true,1,
7290010163700,false,שקד קלוף טבעי200ג-'שקדיה,שקדיה,IL,שקד טבעי,גרמים,200.00,100 גרם,false,0,18.90,9.45,true,1,
7290010175857,false,פרוסות לבבות דקל במי מלח טעים 400 גרם,אינאקספו,EC,לבבות דקל פרוס,גרמים,400.00,100 גרם,false,0,10.90,2.73,true,1,
7290010192816,false,תמר מג'הול ללא גלעין 45,תימורת הערבה,IL,תמר מגהול 45ג,גרמים,45.00,100 גרם,false,1,4.90,10.89,true,1,
7290010237890,false,"בירה הייניקן בקבוק 500 מ""ל חוזר",טמפו משקאות בע''מ,IL,בירה הייניקן,מיליליטרים,500.00,"100 מ""ל",false,0,9.20,1.84,true,1,
7290010259359,false,וילי פוד נודלס אטר.ביצים להקפצה בדץ 200ג,פוג'יאן לונגהאי אנלי,CN,נודלס ביצים,גרמים,200.00,100 גרם,false,0,4.90,2.45,true,1,
7290010259366,false,וילי פוד נודלס אטר.ביצים מסולסל בדץ 200ג,פוג'יאן לונגהאי אנלי,CN,נודלס ביצים,גרמים,200.00,100 גרם,false,0,4.90,2.45,true,1,
7290010259823,false,מנת השף-מרק עם נודלס בטעם עוף ויליפוד,נמצ'או(תאילנד) בעמ,TH,מנת השף נודלס,גרמים,70.00,100 גרם,false,0,4.90,7.00,true,1,
7290010259830,false,מנת השף נודלס בסגנון סיני פיקנטי וילי פוד 70 גרם,נמצ'או(תאילנד) בעמ,TH,מנת השף נודלס,גרמים,70.00,100 גרם,false,0,4.90,7.00,true,1,
7290010259847,false,מנת השף מרק עם נודלס בטעם תירס ויליפוד 70 גרם,קריות זול,TH,מנת השף נודלס,גרמים,70.00,100 גרם,false,0,4.90,7.00,true,1,
7290010259854,false,מנת השף מרק עם נודלס בטעם פטריות ויליפוד 70 גרם,נמצ'או(תאילנד) בעמ,TH,מנת השף נודלס,גרמים,70.00,100 גרם,false,0,4.90,7.00,true,1,
7290010259977,false,שמן קנולה מזוכך ויליפוד 1 ליטר,בונגי פולין אס.פי.זד,PL,שמן קנולה מזוכך,ליטרים,1.00,ליטר,false,0,10.90,10.90,true,1,
7290010328505,false,"מארז מיני חלווה 15 יחידות לל""ס אחוה 150 גרם",אחדות ביחר לטחינה חל,IL,מיני חלווה,גרמים,150.00,100 גרם,false,0,9.90,6.60,true,1,
7290010429554,false,"שמן זית כתית מעולה יד מרדכי 2 קלאסי, 750 מ""ל",מכוורת יד מרדכי שטראוס ב,IL,שמן זית 2 קלאסי,מיליליטרים,750.00,"100 מ""ל",false,0,33.90,4.52,true,1,
7290010471669,false,יוגורט תות עם קורנפלקס מצופה שוקולד ללא גלוטן 3.9%,"שטראוס בריאות בע""\מ",IL,דנונה בר תות,גרמים,175.00,100 גרם,false,0,4.80,2.74,true,1,
7290010472390,false,מארז 8 יחידות מעדן דני בטעם שוקולד 1.5%,מיוצר עי קונדיטוריית,IL,דני שוקולד 8 יח',קילוגרמים,1.00,"ק""ג",false,0,14.90,14.90,true,1,
7290010513727,false,פנקו פרורי לחם 200 גרם (קינגדאו),קינגדאו גוניון פודס,CN,פנקו פרוי לחם,גרמים,200.00,100 גרם,false,0,7.90,3.95,true,1,
7290010627004,false,טחינה גולמית מסורתית ירושלים 500 ג',"בראשית ירושלים בע""מ",IL,טחינה ירושלים,גרמים,500.00,100 גרם,false,0,15.90,3.18,true,1,
7290010627844,false,טחינה גולמית שומשום מלא ירושלים 500גרם,"טחינה ירושליים בע""מ",IL,טחינה מלאה,גרמים,500.00,100 גרם,false,1,15.90,3.18,true,1,
7290010632787,false,צימרוני אוזניים מעץ 300 יח,הדקלאים אגודת שיתופי,CN,צמרוני אוזניים,יחידה,1.00,יחידה,false,0,3.90,3.90,true,1,
7290010650033,false,בצלצלי שאלוט תקוע אר,חוות פטריות תקוע,NL,בצלצלי שאלוט,גרמים,350.00,100 גרם,false,0,14.00,4.00,true,1,
7290010650040,false,פטריות שיטאקי חוות תקוע,ביכורי שדה דרום 2002,IL,פיטריות שיטאקי,גרמים,100.00,100 גרם,false,0,11.90,11.90,true,1,
7290010650194,false,זנגוויל (ג'ינג'ר)ארוז מגשית,"פסח בא בע""מ",CN,שורש גינגר טרי,גרמים,250.00,100 גרם,false,0,10.90,4.36,true,1,
7290010748518,false,"סרקל פורטה שמפו לילדים 750 מ""ל",פישר מעבדות פרמצבטיות בע,IL,שמפו סרקל פורטה,מיליליטרים,750.00,"100 מ""ל",false,0,25.20,3.36,true,1,
7290010748860,false,"ד""ר פישר - אפקטיב קר קרם ידיים אינטנסיב 150 מ""ל",פישר מעבדות פרמצבטיות בע,IL,קרם ידיים,מיליליטרים,150.00,"100 מ""ל",false,0,10.90,7.27,true,1,
7290010791552,false,לה-קט דליקטס טונה ברוטב 85 גר',"הייקיו, תאילנד",TH,לה קט דליקטס,גרמים,85.00,100 גרם,false,0,5.90,6.94,true,1,
7290010814244,false,שלשות שוקולד מריר 85 גרם*3 בלמינט *18 בקרטון,"כרמית תעשיות ממתקים בע""\",IL,שוקולד מריר 44%,גרמים,255.00,100 גרם,false,0,10.90,4.27,true,1,
7290010814251,false,שלשות שוקולד חלב 85 גר*3 בלמינט*18 בקרט בדצ,"כרמית תעשיות ממתקים בע""\",IL,שוקולד חלב 3 יח',גרמים,255.00,100 גרם,false,0,11.90,4.67,true,1,
7290010814695,false,שוקולד מריר פרווה ללא תוספת סוכר כרמית 85 גרם,כרמית תעשיות ממתקים בעמ,IL,שוקולד מריר,גרמים,85.00,100 גרם,false,0,5.90,6.94,true,1,
7290010814701,false,שוקולד חלב ללא תוספת סוכר וסטהיים,"כרמית תעשיות ממתקים בע""\",IL,שוקולד חלב,גרמים,85.00,100 גרם,false,0,5.90,6.94,true,1,
7290010838219,false,ממתיק על בסיס צמח הסטיביה - שקיות,"קיפל טבליות וממתיקים בע""מ",IL,ממתיק מרמולייט,גרמים,100.00,100 גרם,false,0,29.90,29.90,true,1,
7290010883370,false,כפפות אלוורה רב שימושיות בינוניות M סנו סושי,האי נאם סי או אל.טי.,CN,סנו סוש כפפות,יחידה,1.00,יחידה,false,0,9.90,9.90,true,1,
7290010931330,false,סלט מטבוחה אחלה 500 גרם,מיוצר עי קונדיטוריית,IL,סלט מטבוחה אחלה,גרמים,500.00,100 גרם,false,0,14.50,2.90,true,1,
7290010970100,false,שמן שומשום כבישה קרה 250 מיל טעמים,"ג.מ טעם הארץ בע""\ם",IL,שמן שומשום,מיליליטרים,250.00,"100 מ""ל",false,1,29.60,11.84,true,1,
7290010970254,false,חומץ בן יין לבן מונט,"ג.מ טעם הארץ בע""\ם",IL,חומץ יין לבן,מיליליטרים,500.00,"100 מ""ל",false,0,15.20,3.04,true,1,
7290010970261,false,טעמים-חומץ תפוחי עץ,"ג.מ טעם הארץ בע""\ם",IL,חומץ תפוחי עץ,מיליליטרים,500.00,"100 מ""ל",false,0,15.20,3.04,true,1,
7290010970575,false,שמן בוטנים כבישה קרה 250 מ`ל טעמים,"ג.מ טעם הארץ בע""\ם",IL,שמן בוטנים,מיליליטרים,250.00,"100 מ""ל",false,1,29.60,11.84,true,1,
7290010970766,false,"מי ורדים 250 מ""ל","ג.מ טעם הארץ בע""\ם",IL,מי ורדים,מיליליטרים,250.00,"100 מ""ל",false,1,10.90,4.36,true,1,
7290010970971,false,שמן זית בתרסיס 150 גרם טעמים,"ג.מ טעם הארץ בע""\ם",IL,תרסיס שמן זית,גרמים,150.00,100 גרם,false,1,12.90,8.60,true,1,
7290011017866,false,קוקה קולה קלאסי בפחית,החברה המרכזית לייצור משקאות,IL,קוקה קולה פחית,מיליליטרים,330.00,"100 מ""ל",false,0,5.40,1.64,true,1,
7290011017873,false,"פחיות קוקה קולה זירו 330 מ""ל",החברה המרכזית לייצור משקאות,IL,קולה זירו,מיליליטרים,330.00,"100 מ""ל",false,0,5.40,1.64,true,1,
7290011018184,false,פיוז טי תה קר בטעם אפרסק,מבשלות בירה בינלאומי,IL,פיוז תה אפרסק,מיליליטרים,500.00,"100 מ""ל",false,0,7.40,1.48,true,1,
7290011018832,false,"קוקה קולה פרידגפק סליק 330 מ""ל שישייה",החברה המרכזית לייצור משקאות,IL,קוקה קולה 6פחיות,ליטרים,1.98,ליטר,false,0,22.90,11.57,true,1,
7290011026301,false,"ד""ר פישר - שמפו לשיער כסוף 400 מ""ל",פישר מעבדות פרמצבטיות,IL,שמפו לשיער כסוף,מיליליטרים,400.00,"100 מ""ל",false,1,24.90,6.23,true,1,
7290011051358,false,"שוופס סודה לימון זכוכית 250 מ""ל",יפאורה תבורי בעמ,IL,שוופס סודה לימון,מיליליטרים,250.00,"100 מ""ל",false,1,3.90,1.56,true,1,
7290011081492,false,גלידה בטעם שלושה שוקולדים 1.33ל' קרמיסימו,"גלידת שטראוס בע""\מ, רחוב",IL,קרמיסימו שוקולדי,ליטרים,1.33,ליטר,false,0,18.90,14.21,true,1,
7290011113926,false,דאודורנט ספריי טיטניום בלאק Titanium Black,משווק: וסמופארם בעממ,IL,דאודורנט טיטניום,מיליליטרים,200.00,"100 מ""ל",false,0,14.90,7.45,true,1,
7290011115258,false,אל סבון מוצק מבושם בניחוח עדין קלאסיק - מארז רביעיה,"גליל כימיכלים בע""מ",IL,נקה 7 סבון 4 יח,גרמים,400.00,100 גרם,false,0,12.50,3.13,true,1,
7290011126209,false,הגן הקסום תה טעם תפוח וקינמון סיידר ויסוצקי 25 יח',תה ויסוצקי,IL,חליטת תפוח קנמון,גרמים,67.00,100 גרם,false,0,18.90,28.21,true,1,
7290011126452,false,הגן הקסום תה בטעם קמומיל ונענע ויסוצקי 25 יחידות,תה ויסוצקי,IL,חליטת קמומיל,גרמים,37.00,100 גרם,false,0,18.90,51.08,true,1,
7290011126469,false,חליטת צמחים וקמומיל הגן הקסום ויסוצקי 25 יחידות,תה ויסוצקי,IL,חליטת קמומיל+דבש,גרמים,37.00,100 גרם,false,0,18.90,51.08,true,1,
7290011131371,false,"מוזלי שקדים ואגוזים 1 ק""ג גרין",ויטליאה ניקולה דו,MK,מוזלי קראנצ'י,קילוגרמים,1.00,"ק""ג",false,0,21.90,21.90,true,1,
7290011131395,false,"מוזלי בתוספת 30% פירות 1 ק""ג גרין",ויטליאה ניקולה דו,MK,מוזלי 30% פירות,קילוגרמים,1.00,"ק""ג",false,0,21.90,21.90,true,1,
7290011133375,false,בירה שנדי בתוספת משקה אפרסק - שישייה,"טמפו משקאות בע""מ",IL,מכבי שנדי 6 יח,ליטרים,1.98,ליטר,false,0,27.90,14.09,true,1,
7290011148935,false,מלפפון בייבי יחידה,חקלאי,IL,מלפפון בייבי,גרמים,350.00,100 גרם,false,0,9.90,2.83,true,1,
7290011154035,false,"תרכיז תפוחים סחוט טעמי הגליל 500 מ""ל",טעמי הגליל,IL,תרכיז תפוחים,מיליליטרים,500.00,"100 מ""ל",false,1,20.50,4.10,true,1,
7290011154080,false,"תרכיז תפוחים צלול טעמי הגליל 500 מ""ל",טעמי הגליל,IL,תרכיז תפוחים,מיליליטרים,500.00,"100 מ""ל",false,0,20.50,4.10,true,1,
7290011154899,false,"תרכיז ענבים ותפוחים 500 מ""ל טעמי הגליל",טעמי הגליל,IL,תרכיז ענבים תפוח,מיליליטרים,500.00,"100 מ""ל",false,1,27.90,5.58,true,1,
7290011194215,false,מעדן גבינה ויוגורט בטעם בננה 5% שומן 88 ג' דניאלה,"שטראוס בריאות בע""מ",IL,דניאלה בננה,גרמים,88.00,100 גרם,false,0,4.10,4.66,true,1,
7290011194246,false,קוטג' 5% עם סידן 250 ג' שטראוס,מיוצר עי קונדיטוריית,IL,קוטג' 5% שומן,גרמים,250.00,100 גרם,false,0,5.90,2.36,true,1,
7290011235178,false,חסה אייסברג יחידה,קטיף.,IL,חסה אייסברג,יחידה,1.00,יחידה,false,1,6.90,6.90,true,1,
7290011239237,false,חטיף אגוזים ישראלי 250גר,בני ריאד מחרום,IL,חטיף אגוזים,גרמים,250.00,100 גרם,false,1,18.90,7.56,true,1,
7290011239404,false,חטיפים שונים ארוזים330ג,"בני ריאד מחרום בע""מ",IL,חטיפים ארוזים,גרמים,330.00,100 גרם,false,0,14.90,4.52,true,1,
7290011302962,false,ערמונים טריים אלטאי,מוצר חקלאי טרי,CN,ערמונים אלטאי,קילוגרמים,0.00,"ק""ג",true,1,29.90,29.90,true,1,
7290011378028,false,חלבה קלאסית וניל ללא תוספת סוכר בארכה 350 גרם,"רושדי תעשיות מזון בע""\מ",IL,"חלבה ללת""ס",גרמים,350.00,100 גרם,false,0,16.90,4.83,true,1,
7290011378233,false,"חטיפי חלווה בארכה 126 גרם מארז 7 יחידות לל""ס","רושדי תעשיות מזון בע""\מ",IL,"חט.חלבה ללת""ס",גרמים,126.00,100 גרם,false,0,12.90,10.24,true,1,
7290011438142,false,"משקה יטבתה אייס קפה בבקבוק אישי 350 מ""ל",שטראוס גרופ,IL,משקה חלב קפה,מיליליטרים,350.00,"100 מ""ל",false,0,6.20,1.77,true,1,
7290011447267,false,מטרנה פרימיום חלבי שלב 1 700 גרם חיסכון,מטרנה תעשיות ש.מ,IL,מטרנה חלבי,גרמים,700.00,100 גרם,false,0,49.90,7.13,true,1,
7290011447281,false,מטרנה פרימיום חלבי שלב 2 700 גרם חיסכון,מטרנה תעשיות ש.מ,IL,מטרנה חלבי שלב 2,גרמים,700.00,100 גרם,false,0,49.90,7.13,true,1,
7290011447304,false,מטרנה פרימיום חלבי שלב 3 700 גרם חיסכון,מטרנה תעשיות ש.מ,IL,מטרנה חלבי שלב 3,גרמים,700.00,100 גרם,false,0,49.90,7.13,true,1,
7290011489700,false,פרורי ביסקוויט בטעם שוקו 300 גר'.,אפיפית נצרת,IL,פירורי בסקוויט,גרמים,300.00,100 גרם,false,0,5.90,1.97,true,1,
7290011498962,false,שקד לבן בכבישה קרה 300 ג,"אלמונדס בע""מ",IL,שקד לבן כבישה קר,גרמים,300.00,100 גרם,false,0,32.90,10.97,true,1,
7290011499051,false,פטה כבשים מסורתית 20% בגביע 250 גרם - רובין,MKN עבור מחלבות גד ב,IL,פטה כבשים,גרמים,250.00,100 גרם,false,0,26.90,10.76,true,1,
7290011499105,false,בולגרית מסורתית 5% 250 גרם -רבנות,ג'נרל מילס סאן אדריא,IL,גבינה בולגרית 5%,גרמים,250.00,100 גרם,false,0,24.20,9.68,true,1,
7290011499112,false,בולגרית מסורתית 16% 250 גרם - רבנות,"מיוצר ע""י dsh",IL,גבינה בולגרית,גרמים,250.00,100 גרם,false,0,25.30,10.12,true,1,
7290011499129,false,בולגרית מעודנת קוביות קטנות 5% 200 גרם - רבנות,קוד יצרן DSH,IL,קוביות בולגרית,גרמים,200.00,100 גרם,false,0,22.40,11.20,true,1,
7290011499303,false,פטה עיזים מעודנת 5% בגביע 250 גרם - רבנות,ג'נרל מילס סאן אדריא,IL,פטה מעודנת עיזים,גרמים,250.00,100 גרם,false,0,31.80,12.72,true,1,
7290011499327,false,גבינה בולגרית מעודנת 5% 250 גרם - רבנות,מיוצר על ידי DSH עבו,IL,בולגרית מעודנת5%,גרמים,250.00,100 גרם,false,0,24.40,9.76,true,1,
7290011499358,false,פטה עיזים מסורתית 20% בגביע 200 גרם - רובין,מיוצר על ידי קוד יצר,IL,פטה עיזים20%,גרמים,200.00,100 גרם,false,0,27.80,13.90,true,1,
7290011499365,false,גד חלומי 24% 200 גרם רובין,"מחלבות גד בע""\מ",IL,חלומי גד 24%,גרמים,200.00,100 גרם,false,0,22.40,11.20,true,1,
7290011499419,false,גבינה במרקם שמנת בטעם טבעי 5% ניו יורק,גבינות מדף,IL,גבינת שמנת גד5%,גרמים,200.00,100 גרם,false,0,12.30,6.15,true,1,
7290011499525,false,גבינת לאבנה דרוזית 9% גד 500 גרם,מחלבות גד בעמ,IL,לאבנה דרוזית 9%,גרמים,500.00,100 גרם,false,0,21.90,4.38,true,1,
7290011499624,false,שמנת 30% ניו יורק טבעי 200 גרם רבנות,גבינות מדף,IL,גבינת שמנת 30%,גרמים,200.00,100 גרם,false,0,14.10,7.05,true,1,
7290011499853,false,גבינת שמנת זיתים 30אחוז 200גרם גד,מחלבות גד (שיווק 199,IL,גבינת שמנת,גרמים,200.00,100 גרם,false,0,14.10,7.05,true,1,
7290011501617,false,חמוציות ברכז תפוחים ללא תוספת סוכר 250 גרם,"דין שיווק וקלייה בע""",IL,חמוציות דל סוכר,גרמים,250.00,100 גרם,false,0,19.70,7.88,true,1,
7290011515911,false,שלגונים מופחתי קלוריות בטעם ריבת חלב - 6 יח',גלידות נסטלה )נגה גלידות,IL,מאגדת לייט,גרמים,312.00,100 גרם,false,0,29.90,9.58,true,1,
7290011518561,false,"אקטימל תות 1.51 ק""ג מארז 14 יחידות",מיוצר עי קונדיטוריית,IL,אקטימל מארז14יח',ליטרים,1.40,ליטר,false,0,29.90,21.36,true,1,
7290011530549,false,מיקס פירות קפואים שייק איט ורוד - 3*150 ג',"הבו-קדו בע""מ",IL,שייק איט ורוד,גרמים,450.00,100 גרם,false,1,29.90,6.64,true,1,
7290011587581,false,פילה אנשובי תומר צנצנת 100 גרם,אינוורסינס פריסקו,PE,פילה אנשובי,גרמים,100.00,100 גרם,false,1,10.90,10.90,true,1,
7290011598211,false,"סנו - אנטי קאלק מרסס ניקוי כללי 4 ב-1 700 מ""ל",מיוצר עי קונדיטוריית,IL,סנו אנטי קאלק,מיליליטרים,700.00,"100 מ""ל",false,0,17.90,2.56,true,1,
7290011607197,false,"קולון 101 אבקת כביסה 5 ק""ג",רקיט בנקיזר,IL,אבקת כביסה קולון,קילוגרמים,5.00,"ק""ג",false,0,39.90,7.98,true,1,
7290011618025,false,בייבי ביס הוט קידס נגיסי אורז לתינוק,גואנז'ו יונג וואנט פ,CN,בייבי ביס,גרמים,50.00,100 גרם,false,0,14.90,29.80,true,1,
7290011618216,false,נגיסי אורז בייבי ביס בננה 50 גרם,גואנז'ו יונג וואנט פ,CN,בייבי ביס,גרמים,50.00,100 גרם,false,0,14.90,29.80,true,1,
7290011622428,false,כתמטמינים-חטיף בריאות לתינוקות וילדים 45 ג',מיוצר עבור גולדן האר,IL,חטיף בריאות,גרמים,45.00,100 גרם,false,0,5.80,12.89,true,1,
7290011668570,false,בריא מהטבע גרנולה פירות יבשים 450 גרם פנינה רוזנבלום,בריא מהטבע פנינה רוזנבלום,IL,חגיגת גרנולה,גרמים,500.00,100 גרם,false,0,25.90,5.18,true,1,
7290011668587,false,בריא מהטבע גרנולה בטעם עשיר 500 גרם פנינה רוזנבלום,בריא מהטבע פנינה רוזנבלום,IL,גרנולה עשירה,גרמים,500.00,100 גרם,false,0,25.90,5.18,true,1,
7290011668594,false,בריא מהטבע תוספת בריאה לסלט 550 גרם פנינה רוזנבלום,בריא מהטבע פנינה רוזנבלום,IL,תוספת בריאה לסלט,גרמים,550.00,100 גרם,false,0,37.50,6.82,true,1,
7290011765446,false,משחת שיניים לילדים בוב ספוג בטעם מיץ ענבים עם פלואוריד למניעת עששת,טרופיקל דגיל תעשיות קוסמ,IL,משחת שיניים,גרמים,70.00,100 גרם,false,0,7.90,11.29,true,1,
7290011830007,false,"סוכר חום אורגני השדה מוצרים אורגנים 1 ק""ג",השדה מוצרים אורגניים,IN,סוכר קנים חום,קילוגרמים,1.00,"ק""ג",false,0,12.80,12.80,true,1,
7290011830243,false,אטריות אורג. ללא גלוטן מאורז תאילנדי 250,השדה מוצרים אורגניים,CN,אטריות אורז תאי,גרמים,250.00,100 גרם,false,0,16.50,6.60,true,1,
7290011877101,false,"סנומוד מטהר אוויר מאסק סנו 150 מ""ל",מיוצר עי קונדיטוריית,IL,סנומוד,מיליליטרים,150.00,"100 מ""ל",false,0,9.90,6.60,true,1,
7290011877859,false,סנו אינסטלטור חדש פותח סתימות 200ג',מיוצר עי קונדיטוריית,IL,סנו אינסטלטור,גרמים,200.00,100 גרם,false,0,13.90,6.95,true,1,
7290011947309,false,זיתים מצוננים סורי מבוקע ולימון כבוש זיתא 230 ג',זיתא – י.ט.ב תעשיות,IL,זית סורי,גרמים,230.00,100 גרם,false,0,13.90,6.04,true,1,
7290011947316,false,זיתא זיתי קלמטה בשמן זית כתית מעולה 215ג,זיתא - י.ט.ב תעשיות,IL,זיתי קלמטה,גרמים,215.00,100 גרם,false,1,13.90,6.47,true,1,
7290011947521,false,"שמן זית כתית מעולה 750 מ""ל טעם מודגש זיתא",זיתא - י.ט.ב תעשיות,IL,שמן זית כתית,מיליליטרים,750.00,"100 מ""ל",false,1,29.90,3.99,true,1,
7290011947743,false,זיתים זיתא מיקס זית ירוק וזית קלמטה 215 גרם,זיתא - י.ט.ב תעשיות,IL,מיקס זיתים,גרמים,215.00,100 גרם,false,1,13.90,6.47,true,1,
7290011947781,false,מיקס זית ירוק וזית קלמטה ללא גלעין עם שמן זית כתית מעולה,זיתא - י.ט.ב תעשיות,IL,מיקס זית ירוק,גרמים,190.00,100 גרם,false,1,13.90,7.32,true,1,
7290011947798,false,זית קלמטה ללא גלעין עם שמן זית כתית מעולה,זיתא - י.ט.ב תעשיות,IL,זית קלמטה,גרמים,190.00,100 גרם,false,1,13.90,7.32,true,1,
7290012001994,false,חרדל דיז'ון גרעינים 350 ג' ריין דיזון,ריין דיז'ון reine dijon,FR,חרדל דיז'ון ריין,גרמים,350.00,100 גרם,false,0,11.90,3.40,true,1,
7290012019265,false,רביעיית מחית תפוח עץ ללא תוספת סוכר תומר 113 גרם,אינדיאן סאמר קו אופ אינק,US,"רסק תפו""ע ללת""ס",גרמים,452.00,100 גרם,false,0,10.90,2.41,true,1,
7290012022005,false,פריכיות חיטה 60 גרם,דילייט,IL,קריספיות טבעי,גרמים,60.00,100 גרם,false,0,13.90,23.17,true,1,
7290012022050,false,קריספיות מרובה דגנים 75ג,דילייט,IL,קריספיות דגנים,גרמים,75.00,100 גרם,false,0,15.90,21.20,true,1,
7290012022067,false,קריספיות קידס 30 גרם,דילייט,IL,קריספיות קידס,גרמים,30.00,100 גרם,false,0,12.90,43.00,true,1,
7290012086113,false,עגבניות שרי צימן קופסא 500ג',מרינה,IL,שרי אשכולות,גרמים,460.00,100 גרם,false,0,9.90,2.15,true,1,
7290012116551,false,אנטי קאלק נוזל לניקוי כללי סנו 2 ליטר,מיוצר עי קונדיטוריית,IL,סנו אנטי קאלק,ליטרים,2.00,ליטר,false,0,20.90,10.45,true,1,
7290012116612,false,אורביטול מברשת שיניים מארז 4 יח',ג'נרל מילס סאן אדריא,CN,4 מברשות שיניים,יחידה,1.00,יחידה,false,0,11.90,11.90,true,1,
7290012117091,false,"אבקת כביסה סנסיטיב סנו מקסימה 6 ק""ג",סנו מקסימה,IL,אב.כביסה מקסימה,קילוגרמים,6.00,"ק""ג",false,0,44.90,7.48,true,1,
7290012117428,false,"ג'ל רחצה ושמפו מעיינות מנטה קרמה מן 700 מ""ל",טרופיקל דגיל תעשיות,IL,קרמה ג'ל רחצה,מיליליטרים,700.00,"100 מ""ל",false,0,14.90,2.13,true,1,
7290012117534,false,מרכך כביסה מרוכז תכלת קול סנו מקסימה 1 ליטר,"סנו מפעלי ברונוס בע""\מ",IL,מקסימה ס.מרוכז,ליטרים,1.00,ליטר,false,0,17.90,17.90,true,1,
7290012117558,false,מקסימה מרכך כביסה מרוכז ורוד בניחוח מאסק סנו 1 ליטר,"סנו מפעלי ברונוס בע""\מ",IL,מקסימה ס.מרוכז,ליטרים,1.00,ליטר,false,0,17.90,17.90,true,1,
7290012117732,false,מקסימה מרכך כביסה ארומתרפי קול סנו 4 ליטר,"סנו מפעלי ברונוס בע""\מ",IL,מרכך מקסימה COOL,ליטרים,4.00,ליטר,false,0,21.90,5.48,true,1,
7290012117916,false,אינסטלטור נוזל לפתיחת סתימות סנו 1 ליטר,"סנו מפעלי ברונוס בע""",IL,אינסטלטור נוזלי,ליטרים,1.00,ליטר,false,0,26.90,26.90,true,1,
7290012159275,false,מיונז אמיתי 430 גרם LINA,לינה,LT,מיונז לינה,גרמים,430.00,100 גרם,false,0,11.90,2.77,true,1,
7290012226120,false,"קבנוס 135 גרם ""זוגלובק""",נקניק נהריה כשר זוגל,IL,קבנוס,גרמים,135.00,100 גרם,false,0,11.20,8.30,true,1,
7290012226342,false,נקניקיה טבעונית למחבת או לתנור עשירה בחלבון,זוגלו'ס Zoglos,IL,נקניקיה טבעונית,גרמים,460.00,100 גרם,false,1,29.90,6.50,true,1,
7290012226922,false,קבנוס בטעם שום זוגלובק 135 גרם,נקניק נהריה כשר זוגל,IL,קבנוס בטעם שום,גרמים,135.00,100 גרם,false,0,11.20,8.30,true,1,
7290012226939,false,קבנוס עם צ'ילי חריף זוגלובק 135 גרם,נקניק נהריה כשר זוגל,IL,קבנוס בטעם צ'ילי,גרמים,135.00,100 גרם,false,0,11.20,8.30,true,1,
7290012226991,false,"נקניקיות עוף באריזת ג''מבו 1.5 ק""ג זוגלובק",נקניק נהריה כשר זוגל,IL,נקניקיות ג'מבו,גרמים,1500.00,100 גרם,false,0,28.90,1.93,true,1,
7290012227912,false,קבנוס מעודן זוגלובק 135 גרם,זוגלובק,IL,קבנוס מעודן,גרמים,135.00,100 גרם,false,1,11.20,8.30,true,1,
7290012227974,false,פסטרמה הודו בדבש טהור דק דק דק,זוגלובק,IL,פסטרמה בדבש דק,גרמים,120.00,100 גרם,false,1,13.90,11.58,true,1,
7290012227981,false,פסטרמה דק דק ברביקיו 120 ג' זוגלובק,זוגלובק,IL,פסטרמה ברביקיו,גרמים,120.00,100 גרם,false,1,13.90,11.58,true,1,
7290012227998,false,פסטרמה דק דק חזה בקר 120 ג' זוגלובק,זוגלובק,IL,חזה בקר דק דק,גרמים,120.00,100 גרם,false,1,13.90,11.58,true,1,
7290012228124,false,קבנוס סטיקס עם נגיעות מלח ים סדרת ריינהולד'ס,זוגלובק,IL,קבנוס סטיקס דק ד,גרמים,50.00,100 גרם,false,1,9.90,19.80,true,1,
7290012228261,false,נקנקיות קנקרס הודו ועוף ריינהולד'ס זוגלובק 300 ג',זוגלובק,IL,נקניקיות קנקרס ה,גרמים,300.00,100 גרם,false,1,21.90,7.30,true,1,
7290012228278,false,נקנקיות בוקוורסט עוף ובקר ריינהולד'ס 310 ג' זוגלובק,זוגלובק,IL,נקניקיות הודו-בק,גרמים,310.00,100 גרם,false,1,21.90,7.06,true,1,
7290012244056,false,עוגת גבינה ופירורים 900ג,"גידרון תעשיות בע""מ",IL,עוגת גבינה,יחידה,1.00,יחידה,false,0,69.90,69.90,true,1,
7290012244070,false,עוגת שכבות שוקולד 920גרם,"גידרון תעשיות בע""מ",IL,עוגת שכבות,יחידה,1.00,יחידה,false,0,69.90,69.90,true,1,
7290012244643,false,מארז פיתה תימנית5יח100*ג,מאפיית אנג'ל,IL,פיתה תימנית 5יח,גרמים,5.00,100 גרם,false,0,12.90,258.00,true,1,
7290012313141,false,מלפפונים פרוסות במלח קבוצת יבנה 330 גרם,אף.סי תבליני בגליל ב,IL,פרוסות מלפפונים,גרמים,540.00,100 גרם,false,0,6.90,1.28,true,1,
7290012313431,false,זיתים מרוקאיים יבשים 215 ג' יבנה,קבוצת יבנה,IL,זית מרוקאי המסיק,גרמים,215.00,100 גרם,false,1,12.90,6.00,true,1,
7290012367700,false,קרם גוף אינטנסיב רליף Intensive relief לעור יבש ומגורה,פישר מעבדות פרמצבטיות בע,IL,קרם גוף,מיליליטרים,700.00,"100 מ""ל",false,0,24.90,3.56,true,1,
7290012372100,false,"קמח מלא בהיר 80% רובינפלד 1 ק""ג","סופר קמח רובינפלד בע""מ",IL,קמח חיטה,קילוגרמים,1.00,"ק""ג",false,0,10.90,10.90,true,1,
7290012372124,false,"קמח מנופה כוסמין מלא רוביפנלד 1 ק""ג","סופר קמח רובינפלד בע""מ",IL,קמח כוסמין,קילוגרמים,1.00,"ק""ג",false,1,17.90,17.90,true,1,
7290012372155,false,"קמח מנופה כוסמין 80% רוביפנלד 1 ק""ג","סופר קמח רובינפלד בע""מ",IL,קמח כוסמין,קילוגרמים,1.00,"ק""ג",false,1,17.90,17.90,true,1,
7290012404955,false,נקטר חמוציות ספרינג קולקשן 1.25 ליטר,יפאורה שותפות מובגלת לשיווק,IL,ספרינג חמוציות,ליטרים,1.25,ליטר,false,0,12.90,10.32,true,1,
7290012413636,false,תה ירוק צ'אי מסאלה ויסוצקי 25 יחידות,ויסוצקי ירוק,IL,תה ירוק צ'אי,גרמים,38.00,100 גרם,false,0,24.90,65.53,true,1,
7290012413643,false,תה ירוק קמומיל ויסוצקי 25 יחידות,ויסוצקי ירוק,IL,תה ירוק קמומיל,גרמים,37.00,100 גרם,false,0,24.90,67.30,true,1,
7290012491405,false,"סבון טבעי לניקוי בקבוקים, מוצצים ומשאבות חלב",מאמי קר Mommy Care,IL,סבון ניקוי בקבוק,מיליליטרים,230.00,"100 מ""ל",false,0,21.00,9.13,true,1,
7290012522581,false,טבעול שניצל תירס ללא גלוטן טבעול 664 גרם,עיצובים 2020 (4.8),IL,שניצל תירס,גרמים,664.00,100 גרם,false,0,23.90,3.60,true,1,
7290012561337,false,כורכום טרי כתוש קפוא דורות 70 גר,מוצרי שום ותיבול דורות,IL,דורוכורכום כתוש,גרמים,70.00,100 גרם,false,1,10.40,14.86,true,1,
7290012576607,false,"יין קברנה סוביניון פרמייר מלבק אדום ברקן 750 מ""ל","ברקן שיווק והפצה בע""",IL,פרמייר קברנה,מיליליטרים,750.00,"100 מ""ל",false,0,26.90,3.59,true,1,
7290012642852,false,פלפל אדום על האש תומר 330 גרם,סאטקו,BG,פלל אדום קלוי,גרמים,540.00,100 גרם,false,0,11.90,2.20,true,1,
7290012645112,false,יוגורט עיזים 2.8% בדלי חלב הארץ 750 גרם,מחלבות סוסיא,IL,יוגורט עיזים,גרמים,750.00,100 גרם,false,1,20.50,2.73,true,1,
7290012645389,false,יוגורט עיזים 3.7%בבקבוק חלב הארץ 1 ליטר,מחלבות סוסיא,IL,יוגורט עיזים,ליטרים,1.00,ליטר,false,0,23.00,23.00,true,1,
7290012803222,false,וופל בלגי בטעם לימון ללא תוספת סוכר,בטר אנד דיפרנט,IL,וופל בלגי,גרמים,200.00,100 גרם,false,0,9.90,4.95,true,1,
7290012803451,false,טוסו שוקולד מריר 62% מוצקי קקאו ללא תוספת סוכר 100 גרם,אלטינמארקה,TR,שוקולד מריר62%,גרמים,100.00,100 גרם,false,0,9.90,9.90,true,1,
7290012803765,false,טוסו שוקולד מריר ללא תוספת סוכר 100 גרם,אלטינמארקה גידה סאן,TR,שוקולד מריר,גרמים,100.00,100 גרם,false,0,9.90,9.90,true,1,
7290012823923,false,"מקסימה מרכך כביסה מרוכז פרפיום גולדן סנרייז סנו 750 מ""ל",סנו מפעלי ברונוס בעמ,IL,מקסימה פרפיום,מיליליטרים,750.00,"100 מ""ל",false,0,16.90,2.25,true,1,
7290012823947,false,"סנו - מרכך כביסה מרוכז פרפיום קריסטל נואר 750 מ""ל",מיוצר עי קונדיטוריית,IL,מקסימה פרפיום,מיליליטרים,750.00,"100 מ""ל",false,0,16.90,2.25,true,1,
7290012868689,false,קמח כוסמין לבן - מהו,י.ש. חמד תעשיות,IL,קמח כוסמין לבן,קילוגרמים,1.00,"ק""ג",false,1,19.90,19.90,true,1,
7290012884986,false,תפוגן ציפס לתנור עד 4% שומן 1.5 קג,"תעשיות תפוגן בע""\מ",IL,ציפס לתנור,קילוגרמים,1.50,"ק""ג",false,0,24.90,16.60,true,1,
7290012901355,false,דודלס ארוחת אטריות עם גבינה 206 גרם,האי נאם סי או אל.טי.,US,ארוחת מקרוני,גרמים,206.00,100 גרם,false,1,11.90,5.78,true,1,
7290012901973,false,"שעועית אדומה, 400 גרם גאלה",יורוקום אס.אר.אל,IT,שעועית אדומה,גרמים,400.00,100 גרם,false,1,9.90,2.48,true,1,
7290012921025,false,"בקבוק בירה מלכה בהירה 330 מ""ל","בירה מלכה בע""מ",IL,בירה מלכה בהירה,מיליליטרים,330.00,"100 מ""ל",false,0,14.90,4.52,true,1,
7290012921032,false,"בקבוק בירה מלכה אדמונית 330 מ""ל","בירה מלכה בע""מ",IL,בירה מלכה,מיליליטרים,330.00,"100 מ""ל",false,0,14.90,4.52,true,1,
7290012938405,false,"רדיד אלומיניום עבה במיוחד לבישול,אפייה והקפאה.",ריינולדס,CN,רדיד אלומיניום,מטרים,7600.00,מטר,false,0,14.90,0.00,true,1,
7290012938580,false,"סנסודיין משחת שיניים להלבנה עדינה 75 מ""ל",גלקסוסמית'\קליין קונסיומ,GB,משחת סנסודיין,מיליליטרים,75.00,"100 מ""ל",false,0,22.90,30.53,true,1,
7290012938597,false,"סנסודיין משחת שיניים רפיד רליף 75 מ""ל","סמיתקליין ביצ'ם בע""מ",GB,משחת סנסודיין,מיליליטרים,75.00,"100 מ""ל",false,0,25.90,34.53,true,1,
7290012938924,false,אקוהפרש מי פה ללא אלכוהול 500 מל,מולינו ניקולי s.p.a,GB,מי פה אקווה פרש,מיליליטרים,500.00,"100 מ""ל",false,0,12.90,2.58,true,1,
7290012962561,false,קיסמי שיניים בחבית 500 יחידות,הוסטס Hostess,CN,קיסמי שיניים,יחידה,1.00,יחידה,false,0,3.50,3.50,true,1,
7290013027399,false,לחם קמח מלא קל בתוספת שיפון 750 ג' אנג'ל,מאפיית שלמה א. אנג'\ל בע,IL,אנג'ל -100קל,גרמים,750.00,100 גרם,false,0,13.90,1.85,true,1,
7290013027535,false,לחם שיפון קל 750 ג' אנג'ל,מאפיית שלמה א. אנג'ל,IL,לחם שיפון קל,גרמים,750.00,100 גרם,false,0,12.80,1.71,true,1,
7290013068361,false,שמן זית אליעד כתית מ,אליעד בית בד בגולן,IL,שמן זית,מיליליטרים,750.00,"100 מ""ל",false,0,36.90,4.92,true,1,
7290013068682,false,שמן זית כתית מעולה 750 מ,אליעד בית בד בגולן,IL,שמן זית כתית,מיליליטרים,750.00,"100 מ""ל",false,0,36.90,4.92,true,1,
7290013083661,false,"מטרנה אקסטרה קר שלב 1 חסכון 700 גרם תמ""ל",מטרנה תעשיות ש.מ,IL,מטרנה אקסטרה קר,גרמים,700.00,100 גרם,false,0,59.90,8.56,true,1,
7290013083678,false,תחליף חלב מטרנה אקסטרה קר שלב 2 700 גרם,מולינו ניקולי s.p.a,IL,מטרנה אקסטרה קר,גרמים,700.00,100 גרם,false,0,59.90,8.56,true,1,
7290013083685,false,תחליף חלב מטרנה אקסטרה קר שלב 3 חסכון 700 גרם,מטרנה תעשיות ש.מ,IL,מטרנה אקסטרה קר,גרמים,700.00,100 גרם,false,0,59.90,8.56,true,1,
7290013117212,false,בורקס פילו במילוי גבינה מעדנות 600 גר,מיוצר עי קונדיטוריית,IL,בורקס גבינה,גרמים,600.00,100 גרם,false,0,19.90,3.32,true,1,
7290013117229,false,"בורקס פילו במילוי תפו""א מעדנות 600 גר",מיוצר עי קונדיטוריית,IL,"בורקס תפו""א",גרמים,600.00,100 גרם,false,0,19.90,3.32,true,1,
7290013117236,false,בורקס פילו פיצה מעדנות 600 גרם,מיוצר עי קונדיטוריית,IL,בורקס פיצה,גרמים,600.00,100 גרם,false,0,20.70,3.45,true,1,
7290013117243,false,בורקס פילו בולגרית מעדנות 600 גרם,מיוצר עי קונדיטוריית,IL,בורקס בולגרית,גרמים,600.00,100 גרם,false,0,19.90,3.32,true,1,
7290013117410,false,בצק פריך מרודד למאפים מתוקים 900 ג' מעדנות,מיוצר עי קונדיטוריית,IL,בצק פריך,גרמים,900.00,100 גרם,false,0,24.80,2.76,true,1,
7290013117427,false,בצק פריך מרודד למאפים מלוחים מעדנות 2*450 גרם,מיוצר עי קונדיטוריית,IL,בצק פריך,גרמים,900.00,100 גרם,false,0,24.80,2.76,true,1,
7290013117526,false,בצק שמרים מרודד למאפים מתוקים מעדנות 900 גרם,"מעדנות בע""\מ",IL,בצק שמרים,גרמים,900.00,100 גרם,false,0,22.90,2.54,true,1,
7290013121752,false,לחם לבן ביתי ללא גלוטן 700 גר קפוא,אביב קונדיטוריה מעול,IL,לחם לבן ביתי,גרמים,700.00,100 גרם,false,0,20.90,2.99,true,1,
7290013121776,false,לחם כפרי ללא תוספת סוכר וללא גלוטן,אביב קונדיטוריה מעול,IL,"לחם כפרי ללת""ס",גרמים,700.00,100 גרם,false,0,19.90,2.84,true,1,
7290013144980,false,תרסיס שמן קנולה מימונס 170 גרם,מולינו ניקולי s.p.a,FI,תרסיס שמן קנולה,גרמים,170.00,100 גרם,false,1,15.90,9.35,true,1,
7290013145826,false,פודניג בטעם וניל לבן במיוחד מימונס 80 ג',א.ל ייצור ושיווק תבלינים,IL,פודינג וניל,גרמים,80.00,100 גרם,false,1,5.50,6.88,true,1,
7290013146724,false,אבקת אייס קפה 350 גרם מימונס,מימונס אפייה,IL,אייס קפה,גרמים,350.00,100 גרם,false,1,15.90,4.54,true,1,
7290013146755,false,"קצפת 24% שומן מימונס 500 מ""ל",מוצרי קפוא זן,BG,קצפת צמחית,מיליליטרים,500.00,"100 מ""ל",false,1,14.90,2.98,true,1,
7290013146762,false,"קצפת לזילוף 24% שומן מימונס 200 מ""ל",מוצרי קפוא זן,BG,קצפת צמחית,מיליליטרים,200.00,"100 מ""ל",false,1,7.90,3.95,true,1,
7290013153395,false,פריגת סחוט טרי רימונים 1ליטר,פריגת מצוננים,IL,מיץ רימונים,ליטרים,1.00,ליטר,false,1,22.80,22.80,true,1,
7290013153586,false,"משקה פירות יער קפוא פריגת 340 מ""ל",היינץ צפון אמריקה מק,IL,פריגת פירות יער,גרמים,340.00,100 גרם,false,1,13.90,4.09,true,1,
7290013169600,false,דגנ.מרובעים קינמון412*2ג,קוואקר אוטס קומפני,US,דגנים מרובעים2יח,גרמים,824.00,100 גרם,false,0,38.40,4.66,true,1,
7290013268020,false,מקסימה מרכך כביסה מרוכז בניחוח אולטרא פרש סנו 1 ליטר,"סנו מפעלי ברונוס בע""\מ",IL,מרכך כביסה,ליטרים,1.00,ליטר,false,0,17.90,17.90,true,1,
7290013268242,false,תרכיז ריחני לניקוי רצפות בריח מלון מפנק ריצפז פרש,"סנו מפעלו ברונוס בע""\מ",IL,ריצפז פרש הום,ליטרים,2.00,ליטר,false,1,17.90,8.95,true,1,
7290013268891,false,אוקסיג'ן ג'ל ללא אקונומיקה עם חמצן פעיל סנו 3 ליטר,"סנו מפעלי ברונוס בע""\מ",IL,אוקסיג'ן ג'ל,ליטרים,3.00,ליטר,false,0,28.90,9.63,true,1,
7290013268990,false,מרכך כביסה מרוכז לבן ביו סנו מקסימה 1 ליטר,"סנו מפעלי ברונוס בע""\מ",IL,מקסימה מרכך,ליטרים,1.00,ליטר,false,0,17.90,17.90,true,1,
7290013269003,false,מרכך כביסה סופר מרוכז בייבי לתינוקות ולעור רגיש,"סנו מפעלי ברונוס בע""\מ",IL,מקסימה מרכך,ליטרים,1.00,ליטר,false,0,17.90,17.90,true,1,
7290013269263,false,ג'ל כביסה מרוכז מקסימה בבישום קריסטל נואר,סנו מפעלי ברונוס בעמ,IL,מקסימה ג'ל,ליטרים,3.00,ליטר,false,0,29.60,9.87,true,1,
7290013269287,false,סנו - מקסימה ג'ל כביסה מרוכז מאסק 3 ליטר,"סנו מפעלי ברונוס בע""\מ",IL,ג'ל כביסה מרוכז,ליטרים,3.00,ליטר,false,0,29.60,9.87,true,1,
7290013269621,false,ריצפז פרש לניקוי רצפות בניחוח מלון בוטיק,מיוצר עי קונדיטוריית,IL,ריצפז פרש הום,ליטרים,2.00,ליטר,false,1,17.90,8.95,true,1,
7290013284112,false,פריניר זית חרוזית יר,פריניר ( הדס 1987) ב,IL,זיתים ירוקים,גרמים,560.00,100 גרם,false,0,7.90,1.41,true,1,
7290013284143,false,מלפפונים פריניר במלח,פריניר,IL,מלפפונים במלח,גרמים,560.00,100 גרם,false,0,6.80,1.21,true,1,
7290013284150,false,מלפפונים פריניר במלח,פריניר,IL,מלפפונים במלח,גרמים,560.00,100 גרם,false,0,9.50,1.70,true,1,
7290013284310,false,רוטב פסטה לילדים פריניר 240 גרם,פריניר ( הדס 1987) ב,IL,רוטב פסטה,גרמים,240.00,100 גרם,false,0,5.90,2.46,true,1,
7290013284662,false,רוטב פיצה פיתה לילדים 240 ג' פריניר,פריניר ( הדס 1987) ב,IL,רוטב פיצה פיתה,גרמים,240.00,100 גרם,false,0,5.90,2.46,true,1,
7290013310163,false,מדליק פחם מוצק LIGHT EASY 40 יחידות,הדקלאים אגודת שיתופי,DE,מדליק פחם מוצק,יחידה,1.00,יחידה,false,0,6.50,6.50,true,1,
7290013310385,false,כפפות ניטריל M כחולות ללא אבקה 80 יח' EASY TOUCH,איזי טאץ' Easy touch,TH,כפפות ניטריל,יחידה,1.00,יחידה,false,0,25.90,25.90,true,1,
7290013310392,false,כפפות ניטריל L כחולות ללא אבקה 80 יח' EASY TOUCH,איזי טאץ' Easy touch,TH,כפפות כחולות L,יחידה,1.00,יחידה,false,0,25.90,25.90,true,1,
7290013366085,false,תירס סופר סוויט ארוז,כרמלים שדות חדשים,IL,תירס מתוק במיוחד,גרמים,800.00,100 גרם,false,1,19.90,2.49,true,1,
7290013366665,false,חסה גמביט קראנצית יחידה,כרמלים שדות חדשים,IL,חסה גמביט יחידה,יחידה,1.00,יחידה,false,1,10.90,10.90,true,1,
7290013430083,false,"בירה אלכסנדר בלונד בקבוק 330 מ""ל",מנדלז סי.אר. פרודקשן,IL,בירה אלכסנדר,מיליליטרים,330.00,"100 מ""ל",false,0,12.90,3.91,true,1,
7290013430090,false,בירה אלכסנדר אמברה AMBREE בירה ישראלית,מנדלז סי.אר. פרודקשן,IL,בירה אלכסנדר,מיליליטרים,330.00,"100 מ""ל",false,0,12.90,3.91,true,1,
7290013531117,false,רוטב פסטה לילדים 240 גרם יכין,"זנלכל בע""\מ",IL,רוטב פסטה,גרמים,240.00,100 גרם,false,0,6.50,2.71,true,1,
7290013585233,false,"ספרייט זירו פחית סליק 330 מ""ל",החברה המרכזית לייצור משקאות,IL,ספרייט זירו,מיליליטרים,330.00,"100 מ""ל",false,1,5.40,1.64,true,1,
7290013585387,false,קוקה קולה זירו בקבוק,החברה המרכזית לייצור משקאות,IL,קולה זירו,ליטרים,1.00,ליטר,false,1,6.90,6.90,true,1,
7290013585394,false,קוקה קולה 1ליטר בודד,החברה המרכזית לייצור משקאות,IL,קוקה קולה,ליטרים,1.00,ליטר,false,1,7.20,7.20,true,1,
7290013608260,false,מיץ רימונים 100%מיץ סחוט טרי מצונן 1ליט,"גניר (1992) בע""מ",IL,מיץ רימונים,ליטרים,1.00,ליטר,false,0,24.10,24.10,true,1,
7290013608864,false,פרימור משקה פירות הדר 1 ליטר בתוספת ויטמין C,"גניר (1992) בע""מ",IL,משקה פירות הדר,ליטרים,1.00,ליטר,false,1,15.80,15.80,true,1,
7290013652157,false,"ד""ר פישר - נטורל קר מגבונים להסרת איפור לעור רגיל יבש 30 יח' * 3",פישר מעבדות פרמצבטיות בע,IL,מגבונים 3 יח,יחידה,1.00,יחידה,false,0,19.90,19.90,true,1,
7290013675545,false,"שניצל כלי תחבורה ""מאמא עוף"" 700 גרם",תנובה גליל שותפות מוגבלת,IL,שניצל כליתחבורה,גרמים,700.00,100 גרם,false,1,36.90,5.27,true,1,
7290013683595,false,עוגת פס שביל החלב 600 גר,"גידרון תעשיות בע""מ",IL,עוגת פס שביל חלב,גרמים,600.00,100 גרם,false,0,42.90,7.15,true,1,
7290013683632,false,עוגת קצפת עם אגוזים1.3קג,"גידרון תעשיות בע""מ",IL,עוגת קצפת,קילוגרמים,1.30,"ק""ג",false,0,94.90,73.00,true,1,
7290013847454,false,טונה סטארקיסט שמן קנולה רביעיות 4*160 גר,"טונה ויאטנם קו,. אל.טי.ד",VN,טונה בשמן 4 יח,גרמים,640.00,100 גרם,false,1,24.90,3.89,true,1,
7290013848017,false,תרסיס ניקוי והברקת נירוסטה,"סנו מפעלי ברונוס בע""מ",IL,סנו נירוסטה,מיליליטרים,500.00,"100 מ""ל",false,1,19.90,3.98,true,1,
7290013848345,false,מארז מטליות לחיטוי וניקוי יסודי אנטיבקטריאלי 99.9%,סנו מפעלי ברונוס בעמ,IL,מטליות ניקוי 3יח,יחידה,1.00,יחידה,false,1,17.90,17.90,true,1,
7290013848420,false,דאודורנט גל קרמה מן אנטיפרספירנט 70 מל,גוד פוד פרודקטס S.p,IL,דאו.ג'ל ספורט,מיליליטרים,70.00,"100 מ""ל",false,0,15.90,22.71,true,1,
7290013848758,false,מקסימה גל כביסה מרוכז בייבי 3ליטר סנסטיב,"סנו מפעלי ברונוס בע""\מ",IL,ג'ל לכביסה בייבי,ליטרים,3.00,ליטר,false,0,34.90,11.63,true,1,
7290013861955,false,תערובת פיצוחים 200גרם,שקדיה,IL,תערובת פיצוחים,גרמים,200.00,100 גרם,false,0,23.70,11.85,true,1,
7290013861962,false,פיסטוק חלבי קלוי 200גרם,שקדיה,IL,פיסטוק קלוי,גרמים,200.00,100 גרם,false,0,23.70,11.85,true,1,
7290013906052,false,נקניקיות פרגיות טירת צבי 300 גרם,הנסיך- מפעל לייצור ט,IL,נקניקיות פרגיות,גרמים,300.00,100 גרם,false,0,12.90,4.30,true,1,
7290013906212,false,"נקנקיות וינר טירת 1 ק""ג טירת צבי",הנסיך- מפעל לייצור ט,IL,נקניקיות וינר,קילוגרמים,1.00,"ק""ג",false,0,22.90,22.90,true,1,
7290013906441,false,קבנוס טירת צבי 120 גרם,הנסיך- מפעל לייצור ט,IL,קבנוס,גרמים,120.00,100 גרם,false,0,9.90,8.25,true,1,
7290013906489,false,חטיפי מיני קבנוס טירת צבי 120 גרם,הנסיך- מפעל לייצור ט,IL,חטיפי קבנוס,גרמים,120.00,100 גרם,false,0,11.90,9.92,true,1,
7290013906687,false,פסט' צמד כפרית ברביקיו ודבש 300X2ג' טירת צבי,הנסיך- מפעל לייצור ט,IL,צמד כפרי ברביקיו,גרמים,600.00,100 גרם,false,8,29.90,4.98,true,1,
7290013906694,false,נקניקיות שקית קילו וחצי טירת צבי,הנסיך- מפעל לייצור ט,IL,נקניקיות עוף 1.5,גרמים,1500.00,100 גרם,false,1,24.90,1.66,true,1,
7290014002197,false,חליטת קמומיל ולימונית הגן הקסום ויסוצקי 25 יחידות,תה ויסוצקי,IL,חליטת קמומיל,גרמים,75.00,100 גרם,false,0,18.90,25.20,true,1,
7290014002203,false,חליטת לימונית ולואיזה הגן הקסום ויסוצקי 25 יחידות,תה ויסוצקי,IL,חליטת לימונית,גרמים,75.00,100 גרם,false,0,18.90,25.20,true,1,
7290014002944,false,גן קסום חליטת פירות וצמחים חמדת שקד 25 שקיקים,תה ויסוצקי,IL,חליטת חמדת שקד,גרמים,57.00,100 גרם,false,0,18.90,33.16,true,1,
7290014002982,false,תה ירוק לימונית ולואיזה ויסוצקי 25 יחידות תוספת סטיביה,ויסוצקי ירוק,IL,תה ירוק סטיביה,גרמים,37.00,100 גרם,false,0,24.90,67.30,true,1,
7290014046016,false,פסטרמה של פעם דל שומן 2% רכיבים טבעיים,מעדני יחיעם,IL,פסטרמה של פעם,גרמים,250.00,100 גרם,false,0,25.90,10.36,true,1,
7290014046580,false,"פסטרמה מעודנת על האש 300 גרם ""יחיעם""",מעדני יחיעם 1993,IL,פסטרמה הודו מעוד,גרמים,300.00,100 גרם,false,1,19.90,6.63,true,1,
7290014059085,false,"משחת שיניים סנסודיין 75 מ""ל פרימיום לשיקום והגנה","סמית קליין ביצ'ם בע""",GB,משחת סנסודיין,מיליליטרים,75.00,"100 מ""ל",false,0,25.90,34.53,true,1,
7290014059436,false,"משחת שיניים סנסודיין 75 מ""ל פרימיום לשיקום והגנה מלבינה 75 מ""ל","סמית קליין ביצ'ם בע""",GB,משחת סנסודיין,מיליליטרים,75.00,"100 מ""ל",false,0,25.90,34.53,true,1,
7290014066366,false,לנדוור-קפסולות אספרסו ריסטרטו(08) - 10יח'12X יח,קפה לנדוור,IL,קפסולות לנדוור,גרמים,50.00,100 גרם,false,1,14.90,29.80,true,1,
7290014066526,false,לנדוור-קפסולות אספרסו תערובת הבית(11) - 10יח'12X יח,קפה לנדוור,IL,קפסולות לנדוור,גרמים,50.00,100 גרם,false,1,14.90,29.80,true,1,
7290014083479,false,גבינה פרוסה גאודה 27% שומן EURO CHEESE ויליפוד 150 גרם,ג.וילי פוד אינטרנשיו,IL,גבינת גאודה,גרמים,150.00,100 גרם,false,0,10.90,7.27,true,1,
7290014095021,false,אגוז מלך טבעי150ג שקדיה,שקדיה,IL,אגוז מלך קלוף,גרמים,150.00,100 גרם,false,0,13.90,9.27,true,1,
7290014217010,false,דגים T130 -BUL בקופ' 90 גר' טעם וריח,"תבליני טעם וריח בע""מ",IL,תערובת לדגים,גרמים,90.00,100 גרם,false,0,12.90,14.33,true,1,
7290014217201,false,"תערובת תיבול סומק 45 גרם ""טעם וריח""","תבליני טעם וריח בע""מ",IL,סומק במיכל,גרמים,45.00,100 גרם,false,1,7.00,15.56,true,1,
7290014217263,false,תיבול לפרגית בקופ' 100 גר' טעם וריח,"תבליני טעם וריח בע""מ",IL,תערובת לפרגיות,גרמים,100.00,100 גרם,false,1,10.00,10.00,true,1,
7290014217478,false,תערובת עשבי תיבול איטלקי ים תיכוני 30ג',"תבליני טעם וריח בע""מ",IL,תערובת תבלינים,גרמים,30.00,100 גרם,false,1,10.00,33.33,true,1,
7290014217492,false,תיבול פילדלפיה בקופ' 100 גר' טעם וריח,"תבליני טעם וריח בע""מ",IL,תערובת תבלינים,גרמים,100.00,100 גרם,false,1,10.00,10.00,true,1,
7290014218321,false,בורקס אישי יפו גבינה מעדנות 600 גרם,מיוצר עי קונדיטוריית,IL,בורקס יפו גבינה,גרמים,600.00,100 גרם,false,1,17.90,2.98,true,1,
7290014218338,false,"בורקס אישי יפו תפו""א מעדנות 600 גרם",מיוצר עי קונדיטוריית,IL,"בורקס יפו תפו""א",גרמים,600.00,100 גרם,false,1,15.90,2.65,true,1,
7290014218932,false,חטיפי פיצה בתוספ זיתים בשקית מעדנות 710 גרם,מיוצר עי קונדיטוריית,IL,חטיפי פיצה בתוספ,גרמים,710.00,100 גרם,false,1,33.90,4.77,true,1,
7290014256620,false,"יין מבעבע קריניאנו באזז יקבי כרמל 750 מ""ל",יקבי כרמל Carmel Winery,IL,קריניאנו באזז,מיליליטרים,750.00,"100 מ""ל",false,0,27.90,3.72,true,1,
7290014256637,false,"יין מבעבע מוסקטו באזז יקבי כרמל 750 מ""ל",יקבי כרמל Carmel Winery,IL,מוסקטו באזז,מיליליטרים,750.00,"100 מ""ל",false,0,27.90,3.72,true,1,
7290014258730,false,תרכובת מזון צמחי לתינוקות מגיל 12 חודשים ואילך,מטרנה תעשיות ש.מ,IL,מטרנה צמחית,גרמים,700.00,100 גרם,false,0,67.90,9.70,true,1,
7290014397507,false,מבשם אויר סנו פרש הום בניחוח מאסק מעודן 350 מ''ל,מיוצר עי קונדיטוריית,IL,סנופרש מאסק מעוד,מיליליטרים,350.00,"100 מ""ל",false,0,10.90,3.11,true,1,
7290014397729,false,אקונומיקה פיסגה,,IL,אקונומיקה פיסגה,ליטרים,2.00,ליטר,false,0,9.90,4.95,true,1,
7290014455252,false,גבינה קשה מגורדת גרנה פדנו 29% שומן,מחלבות גד שיווק 1992,IT,גבינה גרנה פדנו,גרמים,100.00,100 גרם,false,1,12.70,12.70,true,1,
7290014455320,false,גבינה כדורי מוצרלה פרסקה גד 100ג',מחלבות גד בעמ,IL,מוצרלה פרסקה,גרמים,100.00,100 גרם,false,1,10.40,10.40,true,1,
7290014455467,false,ירח מתוק מעדן חלב 2% ושיבולת שועל גד 150ג',גבינות מדף,IL,מעדן שיבולת שועל,גרמים,150.00,100 גרם,false,1,6.00,4.00,true,1,
7290014459373,false,"צ'יפס קראנצ'י לתנור קפוא תפוגן 1.5ק""ג","תעשיות תפוגן בע""\מ",IL,ציפס קראנצי,גרמים,1500.00,100 גרם,false,1,26.90,1.79,true,1,
7290014466463,false,"יין הר חרמון מסקטו עברית 750 מ""ל",יקבי רמת הגולן קצרין,IL,הר חרמון מוסקטו,מיליליטרים,750.00,"100 מ""ל",false,0,35.90,4.79,true,1,
7290014466609,false,יין מרלו גמלא 2020 750 מל,יקבי רמת הגולן קצרין,IL,גמלא מרלו,מיליליטרים,750.00,"100 מ""ל",false,1,59.40,7.92,true,1,
7290014503137,false,"יין כנען אדום ""דלתון"" 750 מ""ל","יקב דלתון בע""\מ",IL,כנען אדום גליל,מיליליטרים,750.00,"100 מ""ל",false,0,44.90,5.99,true,1,
7290014503144,false,יין כנען לבן דלתון 750 מל,"יקב דלתון בע""\מ",IL,כנען לבן גליל,מיליליטרים,750.00,"100 מ""ל",false,0,44.90,5.99,true,1,
7290014525313,false,חטיפי סלים דליס קריספי שוקולד מרבה 125 גרם,סלים דליס Slim Delis,NL,סלים דליס חטיפים,גרמים,125.00,100 גרם,false,1,10.90,8.72,true,1,
7290014547322,false,סנסודין זוג מברשות שיניים שיקום כחול+תכל,סנסודיין,CN,מברשות שיניים2יח,יחידה,1.00,יחידה,false,0,29.90,29.90,true,1,
7290014692299,false,גבינת ברי EURO CHEESE ויליפוד 125 גרם,יורו צ'יז Euro Cheese,DK,גבינת ברי,גרמים,125.00,100 גרם,false,0,20.90,16.72,true,1,
7290014712546,false,"יוגורט בקבוק בטעם פירות יער 500 מ""ל הכפר",מחלבת בת הרים,IL,יוגורט פירות יער,מיליליטרים,500.00,"100 מ""ל",false,1,15.90,3.18,true,1,
7290014748651,false,פילה אמנון מצופה נתח שלם דג טוב 360 גרם,מוצרי עוף טוב (2001) בע\,IL,פילה אמנון מצופה,גרמים,360.00,100 גרם,false,1,34.90,9.69,true,1,
7290014749078,false,עוף טוב מקלוני קבנוס 200 גר',עוף טוב,IL,מקלוני קבנוס,גרמים,200.00,100 גרם,false,1,17.90,8.95,true,1,
7290014749245,false,ספיישל רצועות שניצל שומשום עוף טוב 600 גרם,מוצרי עוף טוב (2001) בע\,IL,צ'ונגו רצועות,גרמים,600.00,100 גרם,false,1,34.90,5.82,true,1,
7290014749863,false,עוף טוב שניצל דק ענק קריספי צ'יפס 720 גרם,מוצרי עוף טוב (2001) בע\,IL,שניצל עוף דקענק,גרמים,720.00,100 גרם,false,1,39.90,5.54,true,1,
7290014758100,false,מאגדת יוגורט ביו 3% שומן 8 יח' *150ג' תנובה,מיוצר עי קונדיטוריית,IL,יוגורט ביו 8 יח,קילוגרמים,1.20,"ק""ג",false,0,16.90,14.08,true,1,
7290014758117,false,מאגדת יוגורט ביו 1.5% שומן 8 יח' *150 ג' תנובה,מיוצר עי קונדיטוריית,IL,יוגורט ביו 8 יח,קילוגרמים,1.20,"ק""ג",false,0,16.90,14.08,true,1,
7290014758162,false,חלב עיזים מלא 3.6% קרטון 1 ל' תנובה,תנובה מרכז שיתופי לש,IL,חלב עיזים מלא 1ל,ליטרים,1.00,ליטר,false,0,15.60,15.60,true,1,
7290014758681,false,קוטג תנובה 1% גביע 250 גרם,מיוצר עי קונדיטוריית,IL,קוטג 1% שומן,גרמים,250.00,100 גרם,false,0,5.50,2.20,true,1,
7290014759978,false,גבינת קצקבל גלעד 27% תנובה 200 גרם,תנובה חלב,IL,גב.קשקבל / גלעד,גרמים,200.00,100 גרם,false,0,27.90,13.95,true,1,
7290014760448,false,גבינה צהובה גלבוע 400 גרם 22% שומן תנובה,מחלבת בית יצחק,IL,גבינת גלבוע,גרמים,400.00,100 גרם,false,1,25.10,6.28,true,1,
7290014761056,false,מעדן שוקולד חלב יולו תנובה 123 גרם,מיוצר עי קונדיטוריית,IL,יולו שוקולד חלב,גרמים,123.00,100 גרם,false,0,4.90,3.98,true,1,
7290014761063,false,מעדן שוקולד מריר יולו תנובה 123 גרם,מיוצר עי קונדיטוריית,IL,יולו שוקולד מריר,גרמים,123.00,100 גרם,false,0,4.90,3.98,true,1,
7290014762800,false,מעדן סויה שוקולד גביע 125 גרם אלטרנטיב,תנובה מרכז שיתופי לש,IL,מעדן סויה ט.שוקו,גרמים,125.00,100 גרם,false,1,4.40,3.52,true,1,
7290014763272,false,יוגורט סויה BIO לשתייה תות ובננה אלטרנטיב,תות תעשיות מזון (201,IL,משקה סויה ביו,מיליליטרים,250.00,"100 מ""ל",false,1,6.20,2.48,true,1,
7290014791626,false,"שוופס סודה נענע ליים 250 מ""ל זכוכית",יפאורה תבורי בעמ,IL,שוופס סודה נענע,מיליליטרים,250.00,"100 מ""ל",false,1,3.90,1.56,true,1,
7290014855434,false,מגבונים בייביסיטר פרפורמנס מבושם רביעיה,בייביסיטר Babysitter,IL,מגבונים לחים 4יח,יחידה,1.00,יחידה,false,1,16.90,16.90,true,1,
7290014855458,false,מגבוני בייביסיטר פרפורמנס ללא בישום מארז 72X4יח',בייביסיטר Babysitter,IL,מגבונים לחים 4יח,יחידה,1.00,יחידה,false,1,16.90,16.90,true,1,
7290014860087,false,"מקלוני אורז ללא גלוטן 5מ""מ 250גר' (אור)",Oriental food co. lt,TH,מקלוני אורז,גרמים,250.00,100 גרם,false,0,7.50,3.00,true,1,
7290014860155,false,מחצלת במבו שטוחה 24X24 ס'מ,גולין פנגזו,CN,מחצלת סושי,יחידה,1.00,יחידה,false,0,8.90,8.90,true,1,
7290014890176,false,ריקוטה סגנון איטלק5% 250,מחלבת משק יעקובס,IL,גבינת ריקוטה,גרמים,250.00,100 גרם,false,1,14.90,5.96,true,1,
7290014890206,false,קרם פרש 250גרם יעקוב,מחלבת משק יעקובס,IL,קרם פרש,גרמים,250.00,100 גרם,false,1,15.50,6.20,true,1,
7290014890572,false,"יוגורט עיזים משק יעקבס 850 מ""ל",גבינות משק יעקבס,IL,יוגורט עיזים,גרמים,850.00,100 גרם,false,1,24.50,2.88,true,1,
7290014901247,false,"שמפו קרטין לאחר החלקה ועיצוב בחום סטייל 750 מ""ל",א.ל. ארמן ייצור תמרו,IL,שמפו קרטין,מיליליטרים,750.00,"100 מ""ל",false,0,24.90,3.32,true,1,
7290014910515,false,שימורי דגים שפרוטים מעושנים בשמן צמחי 250 גרם,סיא אונדה,LV,שפרוטים מעושנים,גרמים,250.00,100 גרם,false,1,11.90,4.76,true,1,
7290014940901,false,לחם פשוט מלא אנג'ל 750 גרם,מאפיית שלמה א. אנג'\ל בע,IL,לחם מלא,גרמים,750.00,100 גרם,false,1,11.90,1.59,true,1,
7290014962521,false,"טפטפים משחת שיניים לילדים מגיל 2-6 50 מ""ל",כצט CTS,IL,משחת שיניים,מיליליטרים,50.00,"100 מ""ל",false,0,10.90,21.80,true,1,
7290014962538,false,משחת שיניים ג'וניור מנטה מעודן לגילאי 6+,כצט CTS,IL,משחת שיניים,מיליליטרים,50.00,"100 מ""ל",false,0,10.90,21.80,true,1,
7290015009317,false,נאצו'ס תירס טבעי 200 גרם,אוקי סנייקס,DK,נאצ'וס תירס טבעי,גרמים,200.00,100 גרם,false,1,12.90,6.45,true,1,
7290015009324,false,נאצו'ס תירס ברביקיו 200 גרם,אוקיי סנקס,DK,נאצ'וס ברביקיו,גרמים,200.00,100 גרם,false,1,12.90,6.45,true,1,
7290015009393,false,זיתים שחורים מגולענים מזן קלמטה בחיי מלח,אידיאל סנייק,GR,זית שחור מגולען,גרמים,430.00,100 גרם,false,1,16.90,3.93,true,1,
7290015009409,false,זיתים שחורים מזן טאסוס במלח 250 גרם,אידיאל סנייק,GR,זיתים שחור מיובש,גרמים,250.00,100 גרם,false,1,16.90,6.76,true,1,
7290015039246,false,נתחי טונה בשמן צמחי רביעיה * 160 ג' וילי פוד,וילי פוד,TH,נתחי טונה בשמן,גרמים,640.00,100 גרם,false,0,21.90,3.42,true,1,
7290015039253,false,עלי גפן במי מלח ויליפוד 620 גרם,קוראהן פזלרמה וי דיס,TR,עלי גפן,גרמים,620.00,100 גרם,false,0,9.90,1.60,true,1,
7290015039338,false,נתחי טונה במי מלח רביעיה * 160 ג' וילי פוד,וילי פוד,TH,נתחי טונה במים,גרמים,640.00,100 גרם,false,0,21.90,3.42,true,1,
7290015129145,false,אטריות קונג'אק בתוספת טפיוקה בצורת ספגטי,הוויזאי וואנגייה פוד,CN,אטריות קונגאק,גרמים,270.00,100 גרם,false,0,9.90,3.67,true,1,
7290015150088,false,מחית עגבניות קלה גרנד איטליה 700 גרם,שוורצקוף& הנקל דיסלד,IT,מחית עגבניות,גרמים,700.00,100 גרם,false,1,12.30,1.76,true,1,
7290015150118,false,שלישיית עגבניות חתוכות דק גרנד איטליה 400 גרם,אמיליאנה קונסרב ס.פ.,IT,עגבניות חתוכות,קילוגרמים,1.20,"ק""ג",false,1,17.60,14.67,true,1,
7290015150200,false,עגבניות חתוכות דק גרנד איטליה ויסוצקי,HIQ FOOD PRODUCTS,IT,עגבניות חתוכות,גרמים,400.00,100 גרם,false,1,5.90,1.48,true,1,
7290015155823,false,מחית תפוחי עץ חטיפטף ללא תוספת סוכר,פרוטה פודיווין איי.א,CZ,חטיפטף פרינוק,גרמים,120.00,100 גרם,false,1,5.90,4.92,true,1,
7290015156769,false,מחית פרינוק פאוץ' תפוח ואוכמניות 120 גרם,פרוטה פודווין איי.אס,CZ,פאוץ' פרינוק תפו,גרמים,120.00,100 גרם,false,1,5.90,4.92,true,1,
7290015156790,false,מחית לפתן פירות חטיפטף ללא תוספת סוכר,פרוטה פודווין איי.אס,CZ,חטיפטף פרינוק,גרמים,120.00,100 גרם,false,1,5.90,4.92,true,1,
7290015164832,false,מחית קארי ירוק 400 גרם SUREE כשר,טאפאדונגפורן קוקינט,TH,מחית קארי ירוקה,גרמים,400.00,100 גרם,false,0,19.90,4.98,true,1,
7290015164856,false,רוטב קארי אדומה 400 גרם SUREE כשר,טאפאדונגפורן קוקינט,TH,מחית קארי אדומה,גרמים,400.00,100 גרם,false,0,19.90,4.98,true,1,
7290015194228,false,מולטי שוקו וניל 600 גרXL,אשבול,IL,מולטי שוקו וניל,גרמים,600.00,100 גרם,false,1,12.90,2.15,true,1,
7290015194235,false,דגני מולטי שוקולד600גXL,אשבול,IL,מולטי שוקולד600ג,גרמים,600.00,100 גרם,false,1,12.90,2.15,true,1,
7290015324007,false,פלפל שחור גרוס 80 גר' טעם וריח,"תבליני טעם וריח בע""מ",IL,פלפל שחור גרוס,גרמים,80.00,100 גרם,false,0,9.90,12.38,true,1,
7290015324014,false,"פלפל שחור טחון בשקית 80 גרם ""טעם וריח""","תבליני טעם וריח בע""מ",IL,פלפל שחור טחון,גרמים,80.00,100 גרם,false,0,9.90,12.38,true,1,
7290015324038,false,פפריקה מתוקה בשמן 100 גרם טעם וריח,"תבליני טעם וריח בע""מ",IL,פפריקה בשמן,גרמים,80.00,100 גרם,false,0,6.00,7.50,true,1,
7290015324052,false,פפריקה מתוקה 80 גר' טעם וריח,"תבליני טעם וריח בע""מ",IL,פפריקה מתוקה,גרמים,80.00,100 גרם,false,0,5.90,7.38,true,1,
7290015324083,false,מלח לימון 80 גר' טעם וריח,"תבליני טעם וריח בע""מ",IL,מלח לימון,גרמים,80.00,100 גרם,false,0,5.90,7.38,true,1,
7290015324090,false,כמון טחון 80 גר' טעם וריח,"תבליני טעם וריח בע""מ",IL,כמון,גרמים,80.00,100 גרם,false,0,6.00,7.50,true,1,
7290015324106,false,כורכום טחון 80 גר' טעם וריח,"תבליני טעם וריח בע""מ",IL,כורכום,גרמים,80.00,100 גרם,false,0,6.00,7.50,true,1,
7290015599023,false,VEGA צהובה טבעונית בטעם קלאסי 200 גרם,וגה מוצרים טבעוניים VEGA,GR,צהובה טבעונית,גרמים,200.00,100 גרם,false,0,24.30,12.15,true,1,
7290015599504,false,VEGA ממרח בטעם חמאה אורגני 225 גרם,גוד פוד פרודקטס S.p,DK,ממרח טעם חמאה,גרמים,225.00,100 גרם,false,1,18.90,8.40,true,1,
7290015599740,false,אמפנדה במילוי טחון מהצומח 400 גרם,,IL,אמפנדה מן הצומח,גרמים,400.00,100 גרם,false,1,29.90,7.48,true,1,
7290015603188,false,אטריות ביצים 454ג' (כ) (fu),פוגיאן לונגהי אנלידה אינ,CN,איטריות ביצים,גרמים,454.00,100 גרם,false,1,9.90,2.18,true,1,
7290015603546,false,"שימורי קרם קוקוס 17-19% 400 מ""ל (ASIATIC)(כ)",אסיאטיק אגרו אינדסטר,TH,קרם קוקוס 19%,מיליליטרים,400.00,"100 מ""ל",false,1,9.90,2.48,true,1,
7290015603560,false,"שימורי קרם קוקוס 20-22% 400 מ""ל (ASIATIC)(כ)",אסיאטיק אגרו אינדוסטרי,TH,קרם קוקוס,מיליליטרים,400.00,"100 מ""ל",false,1,9.90,2.48,true,1,
7290015603584,false,ג'ינגר לבן כבוש ללא מונוסודיום 190 גרם (כ),לאיווי איפנג פודס קו,CN,ג'ינג'ר לבן כבוש,גרמים,160.00,100 גרם,false,1,7.90,4.94,true,1,
7290015644297,false,שישיית לחמניות פשוט מלא אנג'ל 450 גרם,מאפיית שלמה א. אנג'\ל בע,IL,לחמניות 6 יח',גרמים,450.00,100 גרם,false,1,10.90,2.42,true,1,
7290015644426,false,"לחם צרפתי חיטה מלאה ודגנים 600 גרם ""אנג'ל""",מאפיית שלמה א. אנג'\ל בע,IL,לחם מחמצת,גרמים,600.00,100 גרם,false,1,17.90,2.98,true,1,
7290015644433,false,"לחם צרפתי שיפון 100% קל 600 גרם ""אנג'ל""",מאפיית שלמה א. אנג'\ל בע,IL,לחם מחמצת,גרמים,600.00,100 גרם,false,1,17.90,2.98,true,1,
7290015726085,false,לחם שאור שיפון יח אפוי,מאפ גדרון,IL,לחם שאור שיפון,יחידה,1.00,יחידה,false,12,18.90,18.90,true,1,
7290015726108,false,לחם מקמח מלא עם תמרים יח,מאפ גדרון,IL,לחם שאור תמרים,יחידה,1.00,יחידה,false,11,18.90,18.90,true,1,
7290015726115,false,לחם שאור קמח מלא אפוי670,מאפ גדרון,IL,לחם שאור קמח מלא,גרמים,670.00,100 גרם,false,11,18.90,2.82,true,1,
7290015726504,false,עוגת פס מוס ריבת חלב650ג,גידרון,IL,עוגת פס מוס,גרמים,650.00,100 גרם,false,1,47.90,7.37,true,1,
7290015726764,false,עוגיות כעכים מלוחים 500ג,,IL,עוגיות כעכים,גרמים,500.00,100 גרם,false,1,15.90,3.18,true,1,
7290015726788,false,עוגת גבינה פירור ללתס400,גידרון,IL,עוגת גבינה פירור,גרמים,400.00,100 גרם,false,1,42.90,10.73,true,1,
7290015733120,false,מטרנה גולד שלב 1 תרכובת מזון על בסיס חלבי,נסטלה,IL,מטרנה גולד,גרמים,700.00,100 גרם,false,1,74.90,10.70,true,1,
7290015733977,false,תרכובת מזון קומפורט על בסיס חלבי דל לקטוז,מטרנה תעשיות ש.מ.,IL,מטרנה קומפורט עם,גרמים,700.00,100 גרם,false,1,69.90,9.99,false,1,
7290015781008,false,"יין VISION מרלו אדום טפרברג 750 מ""ל","יקב טפרברג 1870 בע""מ",IL,יין ויז'ן מרלו,מיליליטרים,750.00,"100 מ""ל",false,1,39.90,5.32,true,1,
7290015781015,false,"יין VISION מלבק טפרברג 750 מ""ל","יקב טפרברג 1870 בע""מ",IL,יין ויז'ין מלבק,מיליליטרים,750.00,"100 מ""ל",false,1,39.90,5.32,true,1,
7290015781046,false,"יין VISION לבן חצי יבש טפרברג 750 מ""ל","יקב טפרברג 1870 בע""מ",IL,יין ויז'ן לבן,מיליליטרים,750.00,"100 מ""ל",false,1,39.90,5.32,true,1,
7290015781091,false,"יין VISION קברנה סוביניון טפרברג 750 מ""ל","יקב טפרברג 1870 בע""מ",IL,קברנה ויז'ן,מיליליטרים,750.00,"100 מ""ל",false,1,39.90,5.32,true,1,
7290015781121,false,"יין IMPRESSION קברנה סוביניון יבש טפרברג 750 מ""ל","יקב טפרברג 1870 בע""מ",IL,יין קברנה,מיליליטרים,750.00,"100 מ""ל",false,1,49.90,6.65,true,1,
7290015781152,false,"יין IMPRESSION רוזה טפרברג 750 מ""ל","יקב טפרברג 1870 בע""מ",IL,יין רוזה,מיליליטרים,750.00,"100 מ""ל",false,1,49.90,6.65,true,1,
7290015781169,false,"יין IMPRESSION קברנה סוביניון חצי יבש טפרברג 750 מ""ל","יקב טפרברג 1870 בע""מ",IL,יין חצי יבש,מיליליטרים,750.00,"100 מ""ל",false,1,49.90,6.65,true,1,
7290015781268,false,"יין מוסקטו אדום 750 מ""ל MOSCATO","יקב טפרברג 1870 בע""מ",IL,מוסקטו אדום מתוק,מיליליטרים,750.00,"100 מ""ל",false,1,39.90,5.32,true,1,
7290015781275,false,"יין מוסקטו לבן 750 מ""ל MOSCATO","יקב טפרברג 1870 בע""מ",IL,מוסקטו לבן מתוק,מיליליטרים,750.00,"100 מ""ל",false,1,39.90,5.32,true,1,
7290015781299,false,"יין VISION שיראז אדום טפרברג 750 מ""ל","יקב טפרברג 1870 בע""מ",IL,יין ויז'ן שיראז,מיליליטרים,750.00,"100 מ""ל",false,1,39.90,5.32,true,1,
7290015790000,false,גרגירי רימונים בקופס,רון שיווק,IL,גרגירי רימונים,גרמים,250.00,100 גרם,false,0,15.90,6.36,true,1,
7290015790017,false,פלחי פומלה מוכנים לא,רון שיווק,IL,פלחי פומלה,גרמים,250.00,100 גרם,false,1,15.90,6.36,true,1,
7290015856621,false,ביסקויט תירוש בטעם קרמל[לוטוס]175 גרם,אפיפית נצרת תעשיות ב,IL,ביסקוויט תירוש,גרמים,175.00,100 גרם,false,1,5.90,3.37,true,1,
7290015858106,false,"ממרח פסטו ביתי 180 גרם ""עללחם""","מדשא תעשיות מזון בע""\מ",IL,פסטו ביתי,גרמים,180.00,100 גרם,false,1,16.90,9.39,true,1,
7290015858113,false,"ממרח עגבניות מיובשות 180 גרם ""טריטרי""","מדשא תעשיות מזון בע""\מ",IL,ממרח עגבניות,גרמים,180.00,100 גרם,false,1,16.90,9.39,true,1,
7290015858144,false,ממרח ארטישוק עללחם 180 גרם,"מדשא תעשיות מזון בע""\מ",IL,ממרח ארטישוק,גרמים,180.00,100 גרם,false,1,16.90,9.39,true,1,
7290015858175,false,ממרח פלפלים קלויים עללחם 180 גרם,"מדשא תעשיות מזון בע""\מ",IL,ממרח פלפלים קלוי,גרמים,180.00,100 גרם,false,1,16.90,9.39,true,1,
7290015858328,false,עללחם ממרח איולי פסטו 295 גרם,"מדשא תעשיות מזון בע""\מ",IL,איולי פסטו,גרמים,295.00,100 גרם,false,1,13.90,4.71,true,1,
7290015858441,false,עללחם ממרח איולי פלפלים 295 גרם,"מדשא תעשיות מזון בע""\מ",IL,איולי פלפלים,גרמים,295.00,100 גרם,false,1,13.90,4.71,true,1,
7290015858687,false,עללחם ממרח איולי שום 295 גרם,"מדשא תעשיות מזון בע""\מ",IL,איולי שום,גרמים,295.00,100 גרם,false,1,13.90,4.71,true,1,
7290015968102,false,קיסמי שיניים רפויים עם חוט דנטאלי 100 יחידות,W.H.J.C. Co,CN,קיסמי שיניים,יחידה,1.00,יחידה,false,1,14.90,14.90,true,1,
7290016006346,false,שוופס סודה 0.5 ליטר מארז שישייה,יפאורה שותפות מובגלת לשיווק,IL,שוופס סודה,ליטרים,3.00,ליטר,false,1,14.50,4.83,true,1,
7290016087116,false,רוטב עגבניות מתובל לפסטה 240 ג',פריניר,IL,רוטב עגבניות,גרמים,240.00,100 גרם,false,1,5.90,2.46,true,1,
7290016087123,false,רוטב מתובל לפסטה בסגנון קלאסי פריניר 240 גרם,פריניר,IL,רוטב עגבניות,גרמים,240.00,100 גרם,false,1,5.90,2.46,true,1,
7290016087499,false,עגבניות חתוכות מארז 400X3ג' אריזות ירושלים,פריניר ) הדס (1987 בעמ,IL,עגבניות חתוכ3.יח,קילוגרמים,1.20,"ק""ג",false,1,11.90,9.92,true,1,
7290016150117,false,סלק אדום מבושל 500 ג' בוואקום,ג'ואבג'י יואייבי,LE,סלק ואקום 500גרם,גרמים,500.00,100 גרם,false,1,7.90,1.58,true,1,
7290016197488,false,מטליות מיקרופייבר למשטחים ניקול 3יח',חוגלה קימברלי,CN,מטלית למשטחים,יחידה,1.00,יחידה,false,1,11.90,11.90,true,1,
7290016197495,false,ניקול זוג מטליות הקסם מיקרופייבר לרצפה,חוגלה קימברלי,CN,מטלית לרצפה 2יח,יחידה,1.00,יחידה,false,1,22.90,22.90,true,1,
7290016197600,false,דיפנד - תחבושת לנשים נורמל 12 יח',קימברלי קלארק,VN,תחבושות דיפנד,יחידה,1.00,יחידה,false,1,19.90,19.90,true,1,
7290016197617,false,תחבושת לנשים אקסטרה דיפנד 10 יחידות,קימברלי קלארק,VN,תחבושות דיפנד,יחידה,1.00,יחידה,false,1,19.90,19.90,true,1,
7290016197624,false,תחבושות לנשים סופר דיפנד 8 יחידות,קימברלי קלארק,VN,תחבושות דיפנד,יחידה,1.00,יחידה,false,1,19.90,19.90,true,1,
7290016217711,false,איקרה לבנה 200 גרם,סלטי שמיר,IL,איקרה לבנה,גרמים,200.00,100 גרם,false,1,16.90,8.45,true,1,
7290016217728,false,איקרה אדומה 200 גרם,סלטי שמיר,IL,איקרה אדומה,גרמים,200.00,100 גרם,false,1,16.90,8.45,true,1,
7290016246711,false,בארכה - טחינה מתובלת גולמית מעודנת משומשום מלא אריסה 310 גרם,"רושדי תעשיות מזון בע""\מ",IL,טחינה מעודנת,גרמים,310.00,100 גרם,false,1,11.90,3.84,true,1,
7290016273090,false,סוכריה על מקל בטעם תות בננה 31 גרם,אוריגינל גורמה,US,סוכריה על מקל,גרמים,31.00,100 גרם,false,1,5.00,16.13,true,1,
7290016304404,false,לחם קוביות 100% כוסמין 600 גרם,מאפיית דוידוביץ ובניו בע,IL,לחם כוסמין,גרמים,600.00,100 גרם,false,1,18.50,3.08,true,1,
7290016304596,false,לחמניות לסנדביץ 75 גרם,מאפית דוידוביץ ובניו,IL,לחמניות לסנדביץ',גרמים,750.00,100 גרם,false,1,14.90,1.99,true,1,
7290016314762,false,פרובנציאל מטיאס 200 גרם,סלטי שמיר,IL,פרובנציאל מטיאס,גרמים,200.00,100 גרם,false,1,21.90,10.95,true,1,
7290016314779,false,פילה מטיאס הולנדי 200גרם,סלטי שמיר,IL,פילה מטיאס,גרמים,200.00,100 גרם,false,1,21.90,10.95,true,1,
7290016314786,false,הרינג כבוש במרינדה 220גר,סלטי שמיר,IL,הרינג כבוש,גרמים,220.00,100 גרם,false,1,21.90,9.95,true,1,
7290016314793,false,מקרל מעושן פרוס בשמן190ג,סלטי שמיר,IL,מקרל מעושן,גרמים,190.00,100 גרם,false,1,21.90,11.53,true,1,
7290016314809,false,סלט סלמון עם מיונז 200 ג,סלטי שמיר,IL,סלט סלמון,גרמים,200.00,100 גרם,false,1,21.90,10.95,true,1,
7290016314816,false,סלט הרינג עם מיונז 200 ג,,IL,סלט הרינג,גרמים,200.00,100 גרם,false,1,21.90,10.95,true,1,
7290016314830,false,גרבדלקס סלמון 100 גרם,,IL,גרבדלקס סלמון,גרמים,100.00,100 גרם,false,1,19.90,19.90,true,1,
7290016314847,false,סלמון מעושן 100 גרם,סלטי שמיר,IL,סלמון מובחר,גרמים,100.00,100 גרם,false,1,19.90,19.90,true,1,
7290016319118,false,מגע הדבש שעווה מתקלפת לפנים 100 גרם,המאפיה של הרמן,IL,שעווה לאזור פנים,מיליליטרים,100.00,"100 מ""ל",false,1,29.90,29.90,true,1,
7290016319187,false,טוסו עוגיות סנדוויץ שוקו במילוי קרם שוקולד *זוג* 300 גרם,בטר אנד דיפרנט,IL,עוגיות סנדוויץ,גרמים,300.00,100 גרם,false,1,17.90,5.97,true,1,
7290016321555,false,מגע המשי רצועות שעווה לביקיני קמומיל 12+2,ש.שוורץ,ES,רצועות שעווה,יחידה,1.00,יחידה,false,1,24.90,24.90,true,1,
7290016321661,false,פרש וואנס SENSITIVE מגבונים ללא בישום רביעייה 72 יחידות,עלבד משואות יצחק,IL,פרש וואנס 4יח,יחידה,1.00,יחידה,false,1,15.90,15.90,true,1,
7290016329278,false,קמיל בלו מגבונים מילוי 64 יח רביעייה,פישר מעבדות פרמצבטיות בע,IL,מגבונים קמיל בלו,יחידה,1.00,יחידה,false,1,19.90,19.90,true,1,
7290016370904,false,זית חרוזית ירוק ‏400‏ ג' יבנה,קבוצת יבנה,IL,זיתים חרוזית,גרמים,430.00,100 גרם,false,1,6.90,1.60,true,1,
7290016370959,false,חציל קלוי (פירה) בצנצנת קבוצת יבנה 530 גרם,תאי פרזידנט פוד פאבל,GR,חציל קלוי על האש,גרמים,530.00,100 גרם,false,1,9.90,1.87,true,1,
7290016370973,false,פלפל קלוי (גמביה) בצנצנת קבוצת יבנה 390 גרם,קוזט אס.אי. פיין פודס,GR,פלפל אדום קלוי,גרמים,540.00,100 גרם,false,1,9.90,1.83,true,1,
7290016372342,false,עגבניות חתוך קוביות גראנד איטליה מארז 400X3ג',גרנד איטליה Grand Italia,IT,עגבניות חתוכ3.יח,קילוגרמים,1.20,"ק""ג",false,1,17.60,14.67,true,1,
7290016372373,false,רסק עגבניות ללא תוספת סוכר ומלח - מארז זוג,גרנד איטליה Grand Italia,IT,רסק עגבניות 2 יח,גרמים,280.00,100 גרם,false,1,7.90,2.82,true,1,
7290016437607,false,קוטקס - תחתונים סופגים לנשים לאחר לידה לארג' 8 יח',חוגלה קימברלי,KR,תחתונים סופגים,יחידה,1.00,יחידה,false,0,32.90,32.90,true,1,
7290016497243,false,בייגל בסגנון רומני ק,גידרון,IL,ביגלה רומני,גרמים,150.00,100 גרם,false,1,5.50,3.67,true,1,
7290016497526,false,בגט אותנטי לבן אפוי 280ג,מאפ גדרון,IL,בגט אותנטי לבן,גרמים,280.00,100 גרם,false,1,8.50,3.04,true,1,
7290016509342,false,סוד מארז טריו כדוריות לאסלה כחול אקטיבי אקונומיקה,הנקל סוד,HU,סבון אסלה 3 יח,גרמים,150.00,100 גרם,false,1,16.90,11.27,true,1,
7290016509786,false,פרסיל גל לכביסה לבנה וצבעונית-ירוק 2.5 ל,"הנקל סוד בע""\מ",IL,ג'ל כביסה פרסיל,ליטרים,2.50,ליטר,false,1,34.90,13.96,true,1,
7290016509809,false,ג'ל מרוכז לכביסה קולור 2.5 ל' פרסיל,"הנקל סוד בע""\מ",IL,ג'ל כביסה פרסיל,ליטרים,2.50,ליטר,false,1,34.90,13.96,true,1,
7290016509830,false,ג'ל כביסה לבגדי תינוקות ובעלי עור רגיש Sensitive,"הנקל סוד בע""\מ",IL,ג'ל כביסה בייבי,ליטרים,2.50,ליטר,false,1,34.90,13.96,true,1,
7290016510904,false,"הוואי מרכך תמצית הדובדבן 700 מ""ל",שוורצקוף& הנקל דיסלד,IL,מרכך הוואי,מיליליטרים,700.00,"100 מ""ל",false,1,7.90,1.13,true,1,
7290016524994,false,פילה דג ברבוניה ארוז 400 גרם,,VN,ברבוניה מנוקדת,גרמים,400.00,100 גרם,false,1,24.90,6.23,true,1,
7290016682038,false,"מיץ תפוזים סחוט 100% טבעי. מפוסטר, מקורר",פרי ניב,IL,מיץ תפוזים סחוט,מיליליטרים,400.00,"100 מ""ל",false,1,9.30,2.33,true,1,
7290016682052,false,"משקה קל לימונענע. מפוסטר, מקורר",פרי ניב,IL,משקה קל לימונענע,מיליליטרים,400.00,"100 מ""ל",false,1,9.30,2.33,true,1,
7290016682083,false,"פריניב נקטר תות בננה 400 מ""ל",פרי ניב,IL,שייק תות בננה,מיליליטרים,400.00,"100 מ""ל",false,1,9.30,2.33,true,1,
7290016682168,false,"פריניב מיץ תפוזים ולנסיה סחוט 100% 400 מ""ל",פרי ניב,IL,מיץ תפוזים סחוט,מיליליטרים,400.00,"100 מ""ל",false,1,9.30,2.33,true,1,
7290016682182,false,שייק תמר בננה מופחת סוכר 1 ליטר פרי ניב,פריניב בעמ,IL,שייק תמר בננה,מיליליטרים,1000.00,"100 מ""ל",false,1,15.30,1.53,true,1,
7290016682199,false,פריניב שייק תות בננה מופחת סוכר 1 ליטר,פריניב בעמ,IL,שייק תות בננה,מיליליטרים,1000.00,"100 מ""ל",false,1,15.30,1.53,true,1,
7290016682243,false,פריניב אשכולית אדומה סחוט 100% 1 ליטר,פריניב,IL,מיץ אשכולית אדומ,ליטרים,1.00,ליטר,false,1,15.10,15.10,true,1,
7290016682250,false,מיץ תפוז גזר פרי ניב 1 ליטר,פרי ניב,IL,מיץ תפוגזר,מיליליטרים,1000.00,"100 מ""ל",false,1,15.30,1.53,true,1,
7290016682335,false,מיץ תפוזים סחוט פריניב 2 ליטר,פרי ניב,IL,מיץ תפוזים סחוט,ליטרים,2.00,ליטר,false,0,19.90,9.95,true,1,
7290016682342,false,מיץ תפוזים וולנסיה פרי ניב 2 ליטר-,פרי ניב,IL,מיץ תפוזים סחוט,ליטרים,2.00,ליטר,false,0,26.90,13.45,true,1,
7290016682359,false,מיץ תפוזים שמוטי פרי ניב 2 ליטר-,פרי ניב,IL,מיץ תפוזים סחוט,ליטרים,2.00,ליטר,false,0,26.90,13.45,true,1,
7290016682366,false,מיץ תפוח צלול פרי ניב 2 ליטר-,פריניב,IL,מיץ תפוח עץ,ליטרים,2.00,ליטר,false,0,19.90,9.95,true,1,
7290016682380,false,מיץ טבעי לימונדה ולואיזה פרי ניב 2 ליטר-,פרי ניב,IL,משקה קל מצנון,ליטרים,2.00,ליטר,false,0,19.90,9.95,true,1,
7290016682397,false,מיץ חמוציות פרי ניב 2 ליטר-,פרי ניב,IL,נקטר חמוציות,ליטרים,2.00,ליטר,false,0,19.90,9.95,true,1,
7290016717631,false,יין מוסקטו בעל חוזק אלכוהול נמוך פרייבט קולקשן,אגודת הכורמים הקואופרטיב,IL,מוסקטו P.C,מיליליטרים,750.00,"100 מ""ל",false,1,32.50,4.33,true,1,
7290016717976,false,"יין סלקטד באז אפרסק כרמל 750 מ""ל",כרמל מזרחי,IL,ספארקלינג אפרסק,מיליליטרים,750.00,"100 מ""ל",false,1,27.90,3.72,true,1,
7290016866643,false,פרודונטקס מ.שיניים אקסטרה פרש 75 מל,פרודונטקס Parodontax,SK,משחה פרודונטקס,מיליליטרים,75.00,"100 מ""ל",false,1,30.90,41.20,true,1,
7290016866650,false,"פרודונטקס - משחת שיניים אוריג'ינל 75 מ""ל",פרודונטקס Parodontax,SK,משחה פרודונטקס,מיליליטרים,75.00,"100 מ""ל",false,1,30.90,41.20,true,1,
7290016967074,false,לחם חיטה מלאה עם גרעינים ודגנים,מאפיית שלמה א. אנג'\ל בע,IL,אנג'ל חיטה מלאה,גרמים,750.00,100 גרם,false,1,16.90,2.25,true,1,
7290016967456,false,לחם צרפתי מחמצת 100% כוסמין 600 ג' אנג'ל,"מאפיית אנג'\ל בעמ, מקבוצ",IL,לחם מחמצת,גרמים,600.00,100 גרם,false,1,17.90,2.98,true,1,
7290017023212,false,"שוויפס מוגז פירות תפוח מארז רביעייה* 330 מ""ל",יפאורה תבורי בעמ,IL,שוופס מוגז4פחיות,ליטרים,1.32,ליטר,false,1,13.50,10.23,true,1,
7290017023229,false,רביעיית פחיות שוופס מוגז פירות תות ליים 330 מל.,יפאורה תבורי בעמ,IL,שוופס מוגז4פחיות,ליטרים,1.32,ליטר,false,1,13.50,10.23,true,1,
7290017023236,false,רביעיית פחיות שוופס מוגז פירות ענבים 330 מל.,יפאורה תבורי בעמ,IL,שוופס מוגז4פחיות,ליטרים,1.32,ליטר,false,1,13.50,10.23,true,1,
7290017023854,false,מי סודה בקבוקים אישיים - מארז 4 יח',יפאורה תבורי בעמ,IL,שוופס סודה 4 יח,ליטרים,1.00,ליטר,false,1,11.90,11.90,true,1,
7290017023861,false,סודה בטעם לימון בקבוקים אישיים - מארז 4 יח',יפאורה תבורי בעמ,IL,שוופס סודה 4 יח,ליטרים,1.00,ליטר,false,1,11.90,11.90,true,1,
7290017023878,false,סודה בטעם נענע ליים בקבוקים אישיים - מארז 4 יח',יפאורה תבורי בעמ,IL,שוופס סודה 4 יח,ליטרים,1.00,ליטר,false,1,11.90,11.90,true,1,
7290017040325,false,פיצה איטלקית טבעוניתכשלפ,קריות זול,IT,פיצה איטלקית טבע,גרמים,360.00,100 גרם,false,1,24.90,6.92,true,1,
7290017046044,false,עוגיות מרוקאיות עגולות,,IL,עוגיות מרוקאיות,גרמים,500.00,100 גרם,false,1,15.90,3.18,true,1,
7290017046068,false,עוגיות שיבולת שועל 500 ג,,IL,עוגיות ש.שועל,גרמים,500.00,100 גרם,false,1,17.90,3.58,true,1,
7290017046082,false,עוגיות פרפריות שוקו 500,,IL,עוגיות פרפריות,גרמים,500.00,100 גרם,false,1,15.90,3.18,true,1,
7290017046099,false,עוגיות פרפריות 500 גרם,,IL,עוגיות פרפריות,גרמים,500.00,100 גרם,false,1,15.90,3.18,true,1,
7290017046105,false,עוגיות עניבה קינמון,,IL,עגיות קינמון,גרמים,500.00,100 גרם,false,1,15.90,3.18,true,1,
7290017046112,false,עוגיות כתר 500 גרם,גידרון,IL,עוגיות כתר,גרמים,500.00,100 גרם,false,1,15.90,3.18,true,1,
7290017046129,false,עוגיות דמקה 500 גרם,גידרון,IL,עוגיות דמקה,גרמים,500.00,100 גרם,false,1,15.90,3.18,true,1,
7290017046136,false,עוגיות פרסה 500 גרם,גידרון,IL,עוגיות פרסה,גרמים,500.00,100 גרם,false,1,15.90,3.18,true,1,
7290017065007,false,פרוסות גבינה מוצרלה חצי קשה 22% שומן 200 ג' גד,מחלבות גד בעמ,IL,מוצרלה פרוסות,גרמים,150.00,100 גרם,false,1,19.80,13.20,true,1,
7290017065137,false,ריקוטה למריחה 5% טבעית 200 גרם - רובין,האי נאם סי או אל.טי.,IL,ריקוטה למריחה,גרמים,200.00,100 גרם,false,1,10.40,5.20,true,1,
7290017065236,false,גבינה בולגרית מעודנת 24% גד 250 גרם,הנסיך- מפעל לייצור ט,IL,בולגרית מעודנת,גרמים,250.00,100 גרם,false,1,25.30,10.12,true,1,
7290017065526,false,קוואטרו פורמאג'י 4 גבינות מגוררות 26%,"מחלבות גד בע""\מ",IL,קוואטרו פורמאגי,גרמים,300.00,100 גרם,false,1,30.80,10.27,true,1,
7290017065731,false,גבינת שמנת 30% ניו יורק +כמהין 200 גרם רבנות,פ.פ.ח. שאביט,IL,גבינת שמנת,גרמים,200.00,100 גרם,false,1,14.10,7.05,true,1,
7290017065762,false,מאנורי גבינה בסגנון יווני לצליה 30% שומן 100 גרם,מחלבות גד,IL,גבינה מאנורי,גרמים,100.00,100 גרם,false,1,11.20,11.20,true,1,
7290017065861,false,רוטב פקורינו ופלפל שחור קאצ'יו אה פפה 200 ג' גד,גבינות מדף,IL,רוטב פקורינו,גרמים,200.00,100 גרם,false,1,17.20,8.60,true,1,
7290017065878,false,רוטב לפסטה מק אנד צ'יז גד 200 גרם,גבינות מדף,IL,רוטב לפסטה צ'דר,גרמים,200.00,100 גרם,false,1,17.20,8.60,true,1,
7290017065960,false,רוטב פורצ'יני מחלבות גד 200 גרם,גבינות מדף,IL,רוטב פורצ'יני,גרמים,200.00,100 גרם,false,1,17.20,8.60,true,1,
7290017086057,false,כדורי פלאפל קציצות טבעוני 400 גרם,פייס אוף ביין,IL,כדורי פלאפל,גרמים,400.00,100 גרם,false,1,22.90,5.73,true,1,
7290017088815,false,בריז תחבושות לבריחת שתן נורמל 12 יח,ניאופארם,IT,בריז תחבושות שתן,יחידה,1.00,יחידה,false,1,18.90,18.90,true,1,
7290017105468,false,מארז שלישייה אפונה קטנה יכין 3*200 גר,קשקמט קונסרב הונגריה,IL,אפונה קטנה 3 יח,גרמים,600.00,100 גרם,false,1,14.90,2.48,true,1,
7290017105550,false,רביעיית רסק עגבניות 100% יכין 4X100 גרם,היינץ צפון אמריקה מק,IL,רסק עגבניות 4 יח,גרמים,400.00,100 גרם,false,1,11.90,2.98,true,1,
7290017105895,false,גרגרי חומוס להכנת חומוס משובח יכין 560 ג,זנלכל,IL,גרגרי חומוס,גרמים,560.00,100 גרם,false,1,8.90,1.59,true,1,
7290017129495,false,אגו מיקס כדורי תירס מצופים שוקולד חלב כרמית 55 גרם,כרמית תעשיות ממתקים בעמ,IL,אגו מיקס כ.תירס,גרמים,55.00,100 גרם,false,1,4.90,8.91,true,1,
7290017129501,false,אגו מיקס כדורי תירס מצופים שוקולד לבן כרמית 55 גרם,כרמית,IL,אגו מיקס 55 גרם,גרמים,55.00,100 גרם,false,1,4.90,8.91,true,1,
7290017129518,false,אגו מיקס כדורי תירס מצופים שוקולד חלב ולבן כרמית 55 גרם,כרמית תעשיות ממתקים,IL,אגו מיקסים,גרמים,55.00,100 גרם,false,1,4.90,8.91,true,1,
7290017129884,false,חמישיות שוקולד מריר 44% 85 גר*5*12 בקרטון,"כרמית תעשיות ממתקים בע""\",IL,מארז שוקולד מריר,גרמים,425.00,100 גרם,false,1,16.90,3.98,true,1,
7290017142005,false,"שמן קוקוס אורגני עץ הזית צנצנת 320מ""ל",אקספלונקה,LK,שמן קוקוס אורגני,מיליליטרים,320.00,"100 מ""ל",false,1,23.90,7.47,true,1,
7290017142029,false,שמן קוקוס אורגני כתית1 ליטר עץ הזית,אקספולנקה,LK,שמן קוקוס אורגני,ליטרים,1.00,ליטר,false,1,69.90,69.90,true,1,
7290017142166,false,"פילה טונה פרוס עם שמן זית 120 גרם ""עץ הזית""","יוניקורד ח.צ בע""מ",TH,פילה טונה פרוס,גרמים,120.00,100 גרם,false,1,14.90,12.42,true,1,
7290017142180,false,פילה פרוס ושמן זית בנגיעות טעם לימון ופלפל שחור,"יוניקורד ח.צ בע""מ",TH,פילה טונה פרוס,גרמים,120.00,100 גרם,false,1,14.90,12.42,true,1,
7290017142289,false,"תרסיס שמן חמניות לל""ת גז עץ הזית 200מ""ל",י.ב טכנולוגיות אריזה בעמ,IT,תרסיס שמן חמניות,מיליליטרים,200.00,"100 מ""ל",false,1,15.90,7.95,true,1,
7290017142371,false,"שמן שומשום לא מזוכך עץ הזית 250 מ""ל",גאה די. או. או.,SI,שמן שומשום,מיליליטרים,250.00,"100 מ""ל",false,1,29.90,11.96,true,1,
7290017142401,false,"LUNCH TO GO קינואה לבנה ואדומה טונה בשמן זית 160 גרם ""עץ הזית""",ג'נרל מילס סאן אדריא,TH,קינואה עם טונה,גרמים,160.00,100 גרם,false,1,13.90,8.69,true,1,
7290017142418,false,"LUNCH TO GO אורז עם עדשים טונה בשמן זית 160 גרם ""עץ הזית""",יוניקורד ח.צ בעמ,TH,אורז ועדשים+טונה,גרמים,160.00,100 גרם,false,1,13.90,8.69,true,1,
7290017142456,false,מארז נתחי טונה בהירה בשמן זית 2 * 160 ג' עץ הזית,יוניקורד ח.צ בעמ,TH,טונה בשמן זית2יח,גרמים,320.00,100 גרם,false,1,20.90,6.53,true,1,
7290017142487,false,"LUNCH TO GO בורגול עם חומוס טונה בשמן זית 160 גרם ""עץ הזית""",יוניקורד ח.צ בעמ,TH,בורגול עם טונה,גרמים,160.00,100 גרם,false,1,13.90,8.69,true,1,
7290017142500,false,תרסיס שמן זית כתית מעולה בטעם שום 150מל,קומטמפ קומפניה פורטו,IT,תרסיס שמן זית,מיליליטרים,150.00,"100 מ""ל",false,1,17.90,11.93,true,1,
7290017142609,false,תרסיס שמן זית כתית בטעם לימון 150,קונפניה,IT,תרסיס שמן זית,מיליליטרים,150.00,"100 מ""ל",false,1,17.90,11.93,true,1,
7290017142623,false,תרסיס שמן זית כתית מעולה בטעם צ'ילי 150 מל',קונפניה,IT,תרסיס שמן זית,מיליליטרים,150.00,"100 מ""ל",false,1,17.90,11.93,true,1,
7290017217321,false,נרות חימום ריחניים בניחות לוונדר 50יח',הוסטס,CN,נרות חימום,יחידה,1.00,יחידה,false,1,10.00,10.00,true,1,
7290017232218,false,לחם קלאסי מופחת פחמימות איטסיין 430 גרם,,IL,לחם איטסיין,גרמים,430.00,100 גרם,false,1,24.90,5.79,true,1,
7290017232225,false,לחם גלילי מופחת פחמימות איטסיין 450 גרם,דבידוביץ,IL,לחם איטסיין,גרמים,450.00,100 גרם,false,1,24.90,5.53,true,1,
7290017239101,false,סלמון אטלנטי מעושן מצונן,סלטי שמיר,IL,סלמון אטלנטי,גרמים,100.00,100 גרם,false,1,21.90,21.90,true,1,
7290017266787,false,קרם קישוט עוג.צבע אדום75,גילרו,IL,קרם לקישוט,גרמים,75.00,100 גרם,false,1,17.90,23.87,true,1,
7290017266824,false,קרם קישוט עוג.צבע לבן75ג,גילרו,IL,קרם לקישוט,גרמים,75.00,100 גרם,false,1,17.90,23.87,true,1,
7290017266848,false,קרם קישוט עוג.צבע חום75ג,גילרו,IL,קרם לקישוט,גרמים,75.00,100 גרם,false,1,17.90,23.87,true,1,
7290017291116,false,ערמונים יחידה,JINING,CN,ערמונים יחידה,יחידה,1.00,יחידה,false,1,18.90,18.90,true,1,
7290017296159,false,גרנולה תפוח וקינמון 400 גר',אפקט טבעי,IL,גרנולה תפוח,גרמים,400.00,100 גרם,false,1,25.90,6.48,true,1,
7290017303802,false,אריאל מלוואח 600 גרם,מאפיית אריאל,IL,"מלוואח כשל""פ",גרמים,600.00,100 גרם,false,1,22.90,3.82,true,1,
7290017304885,false,לחם שיפון מחיטה מלאה ללא תוספת סוכר 750 ג' אנג'ל,מאפיית שלמה א. אנג'\ל בע,IL,לחם שיפון מלא,גרמים,750.00,100 גרם,false,1,16.90,2.25,true,1,
7290017334080,false,שמ.זית כתית כבישה קרה750,שמן זית אליעד,IL,שמן זית כתית,מיליליטרים,750.00,"100 מ""ל",false,1,29.90,3.99,true,1,
7290017440279,false,"ד""ר פישר - קידס אל סבון ויטמינים 750 מ""ל",פישר תעשיות,IL,אל סבון ויטמינים,מיליליטרים,750.00,"100 מ""ל",false,1,16.90,2.25,true,1,
7290017440682,false,ד.פישר בלונד שמפו לשיער בהיר,"ד""ר פישר Dr fischer",IL,שמפו,מיליליטרים,400.00,"100 מ""ל",false,1,29.90,7.48,true,1,
7290017513485,false,מחית עגבניות רוסטיקה גרנד איטליה 680 גרם,היצרן: ס.פ. פודנצנו -10,IT,מחית עגבניות,גרמים,680.00,100 גרם,false,1,12.30,1.81,true,1,
7290017513775,false,פליפז בייגלה מצופה שוקולד חלב מקוויטיס 140 גרם,שוורצקוף& הנקל דיסלד,TR,בייגלה מצופה,גרמים,140.00,100 גרם,false,1,8.90,6.36,true,1,
7290017513829,false,תה ירוק לימונית ג'ינג'ר 25 שקיקים בתוספת ויטמין Cּּ+D,ויסוצקי ירוק,IL,תה ירוק+ויטמינים,גרמים,37.00,100 גרם,false,1,24.90,67.30,true,1,
7290017589633,false,"רזרב גולד אדישיין קברנה סוביניון 750 מ""ל",יקבי ברקן Barkan,IL,קברנה רזרב גולד,מיליליטרים,750.00,"100 מ""ל",false,1,49.90,6.65,true,1,
7290017599267,false,סוכרלוז 120 שקיות ממתיק שולחני,סוכרזית Sucrazit,IL,סוכרזית סוכרלוז,גרמים,120.00,100 גרם,false,1,24.90,20.75,true,1,
7290017617046,false,נתחי טונה בשמן זית כתית מעולה רביעיה * 140 ג',סטארקיסט,TR,טונה בשמן זית4יח,גרמים,560.00,100 גרם,false,1,24.90,4.45,true,1,
7290017617091,false,סטארקיסט מיקס טוגו טונה עם פתיתים 185 גרם,דרדנל אוננטאס גידה,TR,מיקס טו גו טונה,גרמים,185.00,100 גרם,false,1,12.90,6.97,true,1,
7290017617107,false,סטארקיסט מיקס טוגו טונה עם 4 דגנים 185 גרם,"איטיליאן פוד, אס.פי.",TR,מיקס טו גו טונה,גרמים,185.00,100 גרם,false,1,12.90,6.97,true,1,
7290017617428,false,"סטארקיסט נתחי סלמון עם פסטה, עגבניות וזיתים פיקנטי",סטארקיסט Starkist,PL,מיקס סלמון,גרמים,160.00,100 גרם,false,1,14.90,9.31,true,1,
7290017617435,false,סטארקיסט מיקס סלמון עם עדשים קינואה וירק 160 גרם,סטארקיסט Starkist,PL,מיקס סלמון,גרמים,160.00,100 גרם,false,1,14.90,9.31,true,1,
7290017637563,false,שמפו לתלתלים מושלמים 500 מל מיקי בוגנים,סאסא קוסמטיקס,IL,MB שמפו לשיער,מיליליטרים,500.00,"100 מ""ל",false,1,23.90,4.78,true,1,
7290017637624,false,מרכך יומיומי יסמין קסום 500 מל בוגנים,סאסא קוסמטיקס,IL,MB שמפו יסמין,מיליליטרים,500.00,"100 מ""ל",false,1,23.90,4.78,true,1,
7290017637655,false,שמפו קרטין ללא מלח מיקי בוגנים 500 מל,סאסא קוסמטיקס,IL,MB שמפו קרטין,מיליליטרים,500.00,"100 מ""ל",false,1,23.90,4.78,true,1,
7290017677804,false,"רוטב סויה ללא חומרים משמרים קיקומן 444 מ""ל",קיקומן פודז אינק,US,רוטב סויה קיקומן,מיליליטרים,444.00,"100 מ""ל",false,1,19.90,4.48,true,1,
7290017677811,false,"רוטב סויה קיקומן ללא חומרים משמרים 296 מ""ל",קיקומן פודז אינק,NL,רוטב סויה קיקומן,מיליליטרים,296.00,"100 מ""ל",false,1,13.50,4.56,true,1,
7290017746128,false,מיני פיתות קלאסי50*10 גר,מאפיית דוידוביץ ובני,IL,מיני פיתות 10 יח,גרמים,500.00,100 גרם,false,1,14.50,2.90,true,1,
7290017746197,false,לחמניות המבורגר 6יחידות,מאפיית דוידוביץ ובניו בע,IL,לחמניות המבורגר,יחידה,1.00,יחידה,false,1,18.90,18.90,true,1,
7290017812052,false,יין שיראז-קברנה סוביניון אקסלנס יקבי כרמל,יקבי כרמל Carmel Winery,IL,שיראז-קברנה,מיליליטרים,750.00,"100 מ""ל",false,1,26.90,3.59,true,1,
7290017812069,false,יין אמרלד ריזלינג שרדונה אקסלנס Excellence,יקבי כרמל Carmel Winery,IL,ריזלינג-שרדונה,מיליליטרים,750.00,"100 מ""ל",false,1,26.90,3.59,true,1,
7290017812571,false,מיץ ענבים תירוש אדום 100% טבעי כרמל 1 ליטר,יקבי כרמל Carmel Winery,IL,תירוש כרמל אדום,ליטרים,1.00,ליטר,false,1,19.90,19.90,true,1,
7290017812588,false,מיץ ענבים תירוש לבן 100% טבעי כרמל 1 ליטר,יקבי כרמל Carmel Winery,IL,מיץ תירוש לבן,ליטרים,1.00,ליטר,false,1,19.90,19.90,true,1,
7290017812656,false,"תירוש אדום מיץ ענבים מבעבע כרמל 750 מ""ל",ג'\קובז'\י איי.אי פיגלי,IL,תירוש מבעבע אדום,מיליליטרים,750.00,"100 מ""ל",false,1,21.90,2.92,true,1,
7290017812663,false,"תירוש לבן מיץ ענבים מבעבע כרמל 750 מ""ל",ג'\קובז'\י איי.אי פיגלי,IL,תירוש מבעבע לבן,מיליליטרים,750.00,"100 מ""ל",false,1,21.90,2.92,true,1,
7290017871707,false,חטיף פיצפוצי אורז וקוקוס מצופה שוקולד מריר ללא תוספת סוכר,תות תעשיות מזון (2014) ב,IL,חטיף פצפוצי אורז,גרמים,105.00,100 גרם,false,1,16.90,16.10,true,1,
7290017872179,false,טוסו - עוגיות טחינה ללא סוכר 200 גרם,"הגביע מוצרי וופלים בע""\מ",IL,עוגיות טחינה,גרמים,200.00,100 גרם,false,1,14.90,7.45,true,1,
7290017872193,false,טוסו עוגיות שקדים וקינמון ללא סוכר 200 גרם,"הגביע מוצרי וופלים בע""\מ",IL,עוגיות שקדים,גרמים,200.00,100 גרם,false,1,14.90,7.45,true,1,
7290017872872,false,בייביביס חטיפי דגנים אפויים לתינוקות בטעם גזר וסלק,טאטא גלובל בוורג'ס,IL,כוכבים דגנים,גרמים,35.00,100 גרם,false,1,12.90,36.86,true,1,
7290017873381,false,תח.גוף פנג'ל אינטנסיב400,אינטרקוסמא,IL,תחליב גוף פנג'ל,מיליליטרים,400.00,"100 מ""ל",false,1,22.90,5.73,true,1,
7290017888026,false,"משקה אננס תפוח גזר פרות & ווג 350 מ""ל",פרוט אנד וג' Fruit & Veg,IL,משקה פרוט&וג',מיליליטרים,350.00,"100 מ""ל",false,1,7.60,2.17,true,1,
7290017888033,false,"משקה בננה מלון נענע פרות &ווג 350 מ""ל",פרוט אנד וג' Fruit & Veg,IL,משקה פרוט&ווג',מיליליטרים,350.00,"100 מ""ל",false,1,7.60,2.17,true,1,
7290017888095,false,"רביעיית פחיות שוופס מוגז עדין פירות יער 330 מ""ל.",יפאורה תבורי בעמ,IL,שוופס מוגז 4 יח,ליטרים,1.32,ליטר,false,1,12.20,9.24,true,1,
7290017888644,false,"משקה אננס בננה כורכום פרות & ווג 350 מ""ל",פרוט אנד וג' Fruit & Veg,IL,משקה פרוט&וג',מיליליטרים,350.00,"100 מ""ל",false,1,7.60,2.17,true,1,
7290017888729,false,שוופס סודה בקבוק 1 ל',"יפאורה תבורי בע""\מ",IL,סודה שוופס,ליטרים,1.00,ליטר,false,1,3.90,3.90,true,1,
7290017888972,false,בקבוק מי עדן פקק ספורט 1 ליטר,"מופק ממקור בזלתי עדן ,1",IL,מי עדן ספורט,ליטרים,1.00,ליטר,false,1,5.20,5.20,true,1,
7290017917467,false,קמיל בלו סנסטי בשיבולת שועל אל סבון טיפולי לתינוק,"ד""ר פישר Dr fischer",IL,אל סבון ש.שועל,ליטרים,1.00,ליטר,false,1,23.90,23.90,true,1,
7290017928036,false,מקלות גריסיני שומשום מאיר בייגל 175 גרם,מאיר את בייגל,IL,גריסיני שומשום,גרמים,175.00,100 גרם,false,1,11.90,6.80,true,1,
7290017928043,false,מקלות גריסיני קראנץ' מלח מאיר בייגל 175 גרם,מאיר את בייגל,IL,גריסיני קראנץ,גרמים,175.00,100 גרם,false,1,11.90,6.80,true,1,
7290017928098,false,שטוחלה מלח מאיר בייגל 330 גרם,מאיר את בייגל,IL,בייגלה שטוחל'ה,גרמים,330.00,100 גרם,false,1,11.90,3.61,true,1,
7290017928227,false,מאיר בייגל שטוחהלה פינוקים 300 גר',מאיר את בייגל,IL,בייגלה שטוחלה,גרמים,300.00,100 גרם,false,1,11.90,3.97,true,1,
7290017928463,false,מאיר בייגל -סמאש-שבורים בטעם דבש חרדל ובצל 300 גרם,מאיר בייגל,BG,שברי בייגלה,יחידה,1.00,יחידה,false,0,10.00,10.00,true,1,
7290017928616,false,מאיר בייגל שטוחהלה שומשום 300 גר',מאיר את בייגל,IL,בייגלה שטוחלה,גרמים,300.00,100 גרם,false,1,11.90,3.97,true,1,
7290017928661,false,מאיר בייגל -סמאש-שבורים בטעם צ'דר 300 גרם,מאיר בייגל,BG,שברי בייגלה,יחידה,1.00,יחידה,false,0,10.00,10.00,true,1,
7290017928685,false,בייגלה שמיניות מלוח מאיר בייגל 400 גרם.,מאיר את בייגל,IL,בייגלה שמיניות,גרמים,400.00,100 גרם,false,1,11.90,2.98,true,1,
7290017928807,false,בייגלה אצבעות שומשום מאיר בייגל 300 גרם,מאיר את בייגל,IL,בייגלה אצבעות,גרמים,300.00,100 גרם,false,1,11.90,3.97,true,1,
7290017928821,false,מקלות גריסיני קלאסי מאיר בייגל 200 גרם,מאיר את בייגל,IL,גריסיני קלאסי,גרמים,200.00,100 גרם,false,1,11.90,5.95,true,1,
7290017932231,false,"סירופ מייפל טהור גאלה 250 מ""ל",בולדוק מייפל פרודקס,CA,סירופ מייפל טהור,מיליליטרים,250.00,"100 מ""ל",false,1,34.90,13.96,true,1,
7290017941073,false,סוכר לבן פולסקי 1קג,פולסקי,PL,סוכר,קילוגרמים,1.00,"ק""ג",false,1,4.60,4.60,true,1,
7290017947105,false,לחם אנג'ל בסגנון אמריקה 500 גרם,מאפיית שלמה א. אנג'\ל בע,IL,לחם סגנון אמריקה,גרמים,500.00,100 גרם,false,1,14.90,2.98,true,1,
7290017947464,false,שמיניית פיתות כוסמין אנג'ל 8*50 גרם,מאפיית שלמה א.אנג'\ל בע\,IL,פיתות כוסמין,גרמים,400.00,100 גרם,false,1,16.90,4.23,true,1,
7290017947495,false,6 לחמניות כוסמין 450 גרם אנג'ל,מאפיית שלמה א.אנג'\ל,IL,לחמניות כוסמין6*,יחידה,1.00,יחידה,false,0,15.90,15.90,true,1,
7290017947891,false,לחם אנג'ל כוסמין וחיטה מלאה 750 גרם,מאפיית שלמה א. אנג'\ל בע,IL,אנג'ל כוסמין,גרמים,750.00,100 גרם,false,1,16.90,2.25,true,1,
7290017947921,false,לחמניות המבורגר בסגנון אמריקאי מארז 6 יח',מאפיית שלמה א. אנג'\ל בע,IL,לחמניות המבורגר,גרמים,450.00,100 גרם,false,1,14.90,3.31,true,1,
7290018043196,false,פראוד - חטיף חלבון בטעם שוקולד לבן עוגיות 60 גרם,הרת'סייד פוד סולושיי,NL,פראוד חטיף בטעם,גרמים,60.00,100 גרם,false,1,13.90,23.17,true,1,
7290018045084,false,BON&BON דגנים במילוי קרם בטעם בראוניז 480 גרם,monday,DE,דגנים במילוי קרם,גרמים,480.00,100 גרם,false,1,23.90,4.98,true,1,
7290018045695,false,דגנים במילוי קרם קרמל מלוח 480 ג' BON & BON,מונדיי Monday,DE,דגנים במילוי,גרמים,480.00,100 גרם,false,1,23.90,4.98,true,1,
7290018045893,false,בון בון דגנים במילוי קרם נוגט 480 גרם,מונדיי Monday,DE,דגנים במילוי קרם,גרמים,480.00,100 גרם,false,1,23.90,4.98,true,1,
7290018091029,false,מקלות פילו תפוחי אדמה מעדנות 450 ג',תנובה מעדנות,IL,מקלותפילו ת.אדמה,גרמים,450.00,100 גרם,false,1,19.90,4.42,true,1,
7290018131534,false,מאגדת מיני בייטס מילקה נסטלה 201 גרם,שוורצקוף& הנקל דיסלד,PL,מאגדת מיני בייטס,גרמים,162.00,100 גרם,false,1,19.90,12.28,true,1,
7290018131855,false,אקסטרים טילון בראוניז בדצ מאגדת 6*72 גרם נסטלה,גלידות נסטלה )נגה גלידות,IL,מאגדת אקסטרים בר,גרמים,432.00,100 גרם,false,1,33.90,7.85,true,1,
7290018131893,false,אקסטרים טילון פקאן בדצ מאגדת 6*72 גרם נסטלה,גלידות נסטלה )נגה גלידות,IL,מאגדת אקסטרים,גרמים,432.00,100 גרם,false,1,33.90,7.85,true,1,
7290018132388,false,מטרנה גולד שלב 2 תרכובת מזון על בסיס חלבי,מטרנה תעשיות ש.מ.,IL,מטרנה גולד שלב 2,גרמים,700.00,100 גרם,false,1,74.90,10.70,true,1,
7290018237281,false,עוף טוב נקניק סלמי ירדן 550 גר',מוצרי עוף טוב (2001) בע\,IL,נקניק סלמי ירדן,גרמים,550.00,100 גרם,false,1,21.90,3.98,true,1,
7290018237410,false,עוף טוב פסטרמה במעשנה נתח שלם 8*300 גרם,מוצרי עוף טוב (2001) בע\,IL,פסטרמה במעשנה,גרמים,300.00,100 גרם,false,1,27.90,9.30,true,1,
7290018237922,false,שניצלונים ציפוי צ'יפס עוף טוב 700 גרם,מוצרי עוף טוב (2001) בע\,IL,שניצלונים בציפוי,גרמים,700.00,100 גרם,false,1,12.90,1.84,true,1,
7290018237939,false,שניצלונים ציפוי שומשום עוף טוב 700 גרם,מוצרי עוף טוב (2001) בע\,IL,שניצלונים בציפוי,גרמים,700.00,100 גרם,false,1,12.90,1.84,true,1,
7290018249154,false,ממרח קקאו עם אגוזי לוז 350 גר,"אחדות ביח""ר לטחינה ח",IL,ממרח קקאו,גרמים,350.00,100 גרם,false,1,32.90,9.40,true,1,
7290018249260,false,סוכר חום סוויטנגו 400 גר,,IL,סוכר חום,גרמים,400.00,100 גרם,false,1,39.90,9.98,true,1,
7290018249802,false,ממתיק סוויטאנגו צנצנת 280 גרם,מתבל תעשיות מזון,IL,סוויטאנגו,גרמים,280.00,100 גרם,false,1,27.90,9.96,true,1,
7290018294208,false,"סלקטדאדום ישראלי יבש כרמל 750 מ""ל","כד בני דרום בע""מ",IL,יין אדום סלקטד,מיליליטרים,750.00,"100 מ""ל",false,1,29.90,3.99,true,1,
7290018294352,false,"ארק יקבי כרמל 700 מ""",יקבי כרמל Carmel Winery,ES,ארק כרמל,מיליליטרים,700.00,"100 מ""ל",false,1,49.90,7.13,true,1,
7290018294901,false,"יין מונלייט אדום יבש 750 מ""ל כרמל",יקבי כרמל Carmel Winery,IL,מונלייט אדום,מיליליטרים,750.00,"100 מ""ל",false,1,29.90,3.98,true,1,
7290018343487,false,אלכו ג'ל בשפורפרת H 75מ,CHEMIPAL FISHER (BIO,IL,"אלכו ג'ל H 75מ""ל",מיליליטרים,75.00,"100 מ""ל",false,1,7.90,10.53,true,1,
7290018359495,false,תירס מהשדה בלי תוספת סוכר יכין 550 גרם,היינץ צפון אמריקה מק,IL,"תירס מהשדה ללת""ס",גרמים,550.00,100 גרם,false,1,9.90,1.80,true,1,
7290018359686,false,יכין חומוס גדול 550 גר A2,היינץ צפון אמריקה מק,IL,חומוס ענק,גרמים,550.00,100 גרם,false,1,8.90,1.62,true,1,
7290018359952,false,רוטב עגבניות לפסטה יכין 400 גרם,זנלכל,IL,רוטב עגבניות,גרמים,400.00,100 גרם,false,1,11.50,2.88,true,1,
7290018400661,false,לקט פאייה בסגנון ספרדי סנפרוסט 800 גרם,"סנפרוסט בע""\מ",IL,לקט פאייה,גרמים,800.00,100 גרם,false,1,22.90,2.86,true,1,
7290018400807,false,טברנה יוונית סנפרוסט 800 גרם,"סנפרוסט בע""מ",IL,טברנה יוונית,גרמים,800.00,100 גרם,false,1,22.90,2.86,true,1,
7290018440209,false,פליפז בייגלה בציפוי פאדג' לבן מקוויטיס 140 גרם,שוורצקוף& הנקל דיסלד,TR,בייגלה מצופה,יחידה,1.00,יחידה,false,0,8.90,8.90,true,1,
7290018440247,false,תה צ'אי שקדים0 25 שקיקים ויסוצקי,תה ויסוצקי,IL,צ'אי שקדים,גרמים,50.00,100 גרם,false,1,16.90,33.80,true,1,
7290018440254,false,תה צ'אי קרמל מלוח 25 שקיקים ויסוצקי,תה ויסוצקי,IL,צ'\אי קרמל מלוח,גרמים,50.00,100 גרם,false,1,16.90,33.80,true,1,
7290018440391,false,תה ירוק מאטה נענע גוארנה ויסוצקי 25 יחידות,תה ויסוצקי,IL,תה ירוק ויסוצקי,גרמים,38.00,100 גרם,false,1,24.90,65.53,true,1,
7290018440438,false,Calvo טונה בשמן זית פתיחה קלה 3 * 65 גרם,"קאלוו קונסרבס ס.ל.יו. ,",ES,טונה בשמן זית3יח,גרמים,195.00,100 גרם,false,1,22.90,11.74,true,1,
7290018468319,false,נקניקיה טבעונית בסגנון צוריסוס טירת צבי 400 גרם,טירת צבי - מדף,IL,נקניקיות צמחוניו,גרמים,400.00,100 גרם,false,1,39.90,9.98,true,1,
7290018468401,false,פסטרמה צמחונית בטעם גריל 100 גר טירת צבי,טיב טירת צבי 2000,IL,פסטרמה צמחונית,גרמים,120.00,100 גרם,false,1,18.90,15.75,true,1,
7290018471029,false,"סודה בטעם לימון - מארז 6 בקבוקים 500 מ""ל",יפאורה תבורי בעמ,IL,שוופס סודה 6 יח,ליטרים,3.00,ליטר,false,1,14.50,4.83,true,1,
7290018471180,false,משקה פרוט& ווג' אננס תפוח גזר 1 ליטר,פרוט אנד וג' Fruit & Veg,IL,מיץ פרוט & ווג',ליטרים,1.00,ליטר,false,1,13.10,13.10,true,1,
7290018471210,false,קרטונית נקטר ספרינג תפוח סברס 1 ליטר,"יפאורה תבורי בע""\מ",IL,ספרינג 1 ליטר,ליטרים,1.00,ליטר,false,1,6.90,6.90,true,1,
7290018471401,false,משקה פרוט& ווג' אננס בננה כורכום 1 ליטר,פרוט אנד וג' Fruit & Veg,IL,מיץ פרוט & ווג',ליטרים,1.00,ליטר,false,1,13.10,13.10,true,1,
7290018471449,false,קרטונית ספרינג שייק בננה תמר תפוז 1 ליטר,"יפאורה תבורי בע""\מ",IL,ספרינג שייק,ליטרים,1.00,ליטר,false,1,13.10,13.10,true,1,
7290018471470,false,תפוזינה נקטר תפוז פסיפלורה קרטונית 1 ליטר,"יפאורה תבורי בע""\מ",IL,תפוזינה enjoy,ליטרים,1.00,ליטר,false,1,7.40,7.40,true,1,
7290018471487,false,תפוזינה נקטר תפוז אננס קרטונית 1 ליטר,"יפאורה תבורי בע""\מ",IL,תפוזינה תפוז אננ,ליטרים,1.00,ליטר,false,1,7.40,7.40,true,1,
7290018471616,false,שוופס אינדיאן טוניק 1 ליטר,"יפאורה תבורי בע""\מ",IL,שוופס טוניק אינד,ליטרים,1.00,ליטר,false,1,9.30,9.30,true,1,
7290018471623,false,שוופס טוניק אשכוליות ליצ'י 1 ליטר,"יפאורה תבורי בע""\מ",IL,שוופס טוניק,ליטרים,1.00,ליטר,false,1,9.30,9.30,true,1,
7290018471906,false,שוופס מוגז פירות לימונדה ורודה 1.5 ליטר פיקדון,"יפאורה תבורי בע""\מ",IL,שוופס לימונדה,ליטרים,1.50,ליטר,false,0,9.20,6.13,true,1,
7290018471913,false,משקה מוגז פירות תפוחים שוופס 1.5 ליטר,"יפאורה תבורי בע""\מ",IL,שוופס תפוחים,ליטרים,1.50,ליטר,false,0,9.20,6.13,true,1,
7290018471920,false,שוופס מוגז פירות ענבים 1.5 ליטר פיקדון,"יפאורה תבורי בע""\מ",IL,שוופס ענבים,ליטרים,1.50,ליטר,false,0,9.20,6.13,true,1,
7290018471937,false,שוופס מוגז פירות תות ליים 1.5 ליטר פיקדון,"יפאורה תבורי בע""\מ",IL,שוופס מוגז תו,ליטרים,1.50,ליטר,false,0,9.20,6.13,true,1,
7290018471944,false,שוופס מוגז פירות לימונייד 1.5 ליטר פיקדון,"יפאורה תבורי בע""\מ",IL,שוופס לימוניי,ליטרים,1.50,ליטר,false,0,9.20,6.13,true,1,
7290018471951,false,שוופס מוגז פירות אשכולית אדומה 1.5 ליטר פיקדון,"יפאורה תבורי בע""\מ",IL,שוופס אשכולית,ליטרים,1.50,ליטר,false,0,9.20,6.13,true,1,
7290018516331,false,פאוץ' פרינוק תפוח בננה ושיבולת שועל 120 גרם,פרוטה פודווין איי.אס,CZ,פרינוק,גרמים,120.00,100 גרם,false,1,5.90,4.92,true,1,
7290018516355,false,מחיט תפוח עץ ושבולות שועל 190 ג' פרינוק גוניור,פרוטה פודווין איי.אס,CZ,פרינוק ארוחה,גרמים,190.00,100 גרם,false,1,5.90,3.11,true,1,
7290018516379,false,מחיט סלט פירות ושבולות שועל 190 ג' פרינוק גוניור,פרוטה פודווין איי.אס,CZ,פרינוק ארוחת סלט,גרמים,190.00,100 גרם,false,1,5.90,3.11,true,1,
7290018540329,false,שקית פיתה פיתה בלדי 800 ג' אנג'ל,מאפיית שלמה א. אנג'\ל בע,IL,פיתה פיתה 8 יח,גרמים,800.00,100 גרם,false,1,12.90,1.61,true,1,
7290018540817,false,ארטיזנל לחם מחמצת כוסמין אנג'ל 500 גרם,מאפיית אורנים,IL,לחם מחמצת כוסמין,גרמים,500.00,100 גרם,false,1,18.90,3.78,true,1,
7290018540824,false,ארטיזנל לחם מחמצת כפרי אנג'ל 500 גרם,מאפיית אורנים,IL,לחם מחמצת כפרי,גרמים,500.00,100 גרם,false,1,17.90,3.58,true,1,
7290018540831,false,ארטיזנל לחם מחמצת חיטה מלאה ודגנים אנג'ל 500 גרם,מאפיית אורנים,IL,לחם מחמצת,גרמים,500.00,100 גרם,false,1,17.90,3.58,true,1,
7290018583203,false,מכונת קפה אוטומטית טוחנת,,CN,מכונת קפה זירו,יחידה,1.00,יחידה,false,1,999.00,999.00,true,1,
7290018652213,false,מאגדת חטיפי גלידה קראנץ בר 41X6 גרם,פרונרי איטליה,IT,מאגדת חטיפי גליד,גרמים,246.00,100 גרם,false,1,21.90,8.90,true,1,
7290018652657,false,פרוייקט סער-מאגת לייט מנגו נסטלה 6*52 גרם,גלידות נסטלה,IL,מאגדת מנגו-יוגור,גרמים,312.00,100 גרם,false,1,26.90,8.62,true,1,
7290018652671,false,"לה קרמריה שוקולד וניל 1.4 ליטר [תו אי""ל]",גלידות נסטלה,IL,לה קרמריה שוקו ו,ליטרים,1.40,ליטר,false,1,18.90,13.50,true,1,
7290018703311,false,פראוד - חטיף חלבון קרם עוגיות קראנצ' 60ג,v.s.i,NL,חטיף חלבון,גרמים,60.00,100 גרם,false,1,12.90,21.50,true,1,
7290018720110,false,מעדני המלך- יאמי עוגיות ממולאות בקרם אגוזים 30% 150 גרם,"הגביע מוצרי ופלים בע""\מ",IL,עוגיות יאמי,גרמים,150.00,100 גרם,false,1,6.90,4.60,true,1,
7290018792841,false,אבקת קקאו טבעי גאנה 150 גר,אברמוביץ עזר קקאו וש,IL,אבקת קקאו טבעי,גרמים,150.00,100 גרם,false,1,8.90,5.93,true,1,
7290018825020,false,תפוח אדמה גורמה דוד משה,חבל מעון,IL,"תפו""א לבן גורמה",קילוגרמים,0.00,"ק""ג",true,1,6.90,6.90,true,1,
7290018825419,false,תפוח אדמה אדום לאפיה ארוז,חבל מעון,IL,"תפו""א אדום קטן",קילוגרמים,0.00,"ק""ג",true,1,6.90,6.90,true,1,
7290018825433,false,תפוח אדמה אדום,חבל מעון,IL,תפוח אדמה אדום,קילוגרמים,0.00,"ק""ג",true,1,4.90,4.90,true,1,
7290018825617,false,תפוח אדמה לבן קטן לאפייה,חבל מעון,IL,"תפו""א לבן קטן",קילוגרמים,0.00,"ק""ג",true,1,6.90,6.90,true,1,
7290018825631,false,תפוחי אדמה לבן,חבל מעון,IL,תפוח אדמה לבן,קילוגרמים,0.00,"ק""ג",true,1,3.90,3.90,true,1,
7290018825815,false,תפוח אדמהלבן בייבי גורמה,חבל מעון,IL,"תפו""א בייבי גורמ",קילוגרמים,0.00,"ק""ג",true,1,6.90,6.90,true,1,
7290018835029,false,מרק בטעם עוף פרווה 400 ג,תבליני מימון,IL,מרק בטעם עוף,גרמים,400.00,100 גרם,false,1,9.90,2.48,true,1,
7290018893708,false,עוגיות סנדוויץ' במילוי קרם בטעם שוקולד,צ'וקטה Chocketa,ES,עוגיות סנדביץ,גרמים,250.00,100 גרם,false,1,6.90,2.76,true,1,
7290018893852,false,חטיפי בייגלה דקיקים ופריכים שומשום צ'וקטה 200 ג',צ'וקטה Chocketa,RO,בייגלה עם שומשום,גרמים,200.00,100 גרם,false,1,6.90,3.45,true,1,
7290018894644,false,חטיף קוקוס בציפוי שוק400,נטרה,ES,חטיף קוקוס,גרמים,400.00,100 גרם,false,1,17.90,4.48,true,1,
7290018894842,false,חטיף בוטנים ציפוי שוק400,נטרה,ES,חטיף בוטנים,גרמים,400.00,100 גרם,false,1,17.90,4.48,true,1,
7290018921456,false,"ד""ר פישר - אפקטיב קר תחליב רחצה שמן כותנה 700 מ""ל",פישר מעבדות פרמצבטיות בע,IL,תחליב רחצה כותנה,מיליליטרים,700.00,"100 מ""ל",false,1,13.90,1.98,true,1,
7290018925072,false,משקה קל לימונים ונענע 2 ל פרימור,"גניר (1992) בע""מ",IL,משקה קל לימונים,ליטרים,2.00,ליטר,false,1,26.90,13.45,true,1,
7290018925089,false,"מיץ פרימור תפו""ע צלול סחוט 2 ליטר-","גניר (1992) בע""מ",IL,מיץ תפוחי עץ,ליטרים,2.00,ליטר,false,1,26.90,13.45,true,1,
7290018989128,false,סירופ בטעם ענבים יכין 1 ליטר,"זנלכל בע""\מ",IL,סירופ בטעם ענבים,ליטרים,1.00,ליטר,false,1,19.90,19.90,true,1,
7290018989135,false,סירופ בטעם פטל יכין 1 ליטר,"זנלכל בע""\מ",IL,סירופ בטעם פטל,ליטרים,1.00,ליטר,false,1,19.90,19.90,true,1,
7290019014614,false,"מרכך כביסה בלו 900 מ""ל",סאסא טק,IL,מרכך כביסה בלו,מיליליטרים,900.00,"100 מ""ל",false,1,19.90,2.21,true,1,
7290019014621,false,"מרכך כביסה לגונה 900 מ""ל",סאסא טק,IL,מרכך כביסה לגונה,מיליליטרים,900.00,"100 מ""ל",false,1,19.90,2.21,true,1,
7290019014652,false,מרכך כביסה בייבי לאב900מ,סאסא טק,IL,מרכך כביסה בייבי,מיליליטרים,900.00,"100 מ""ל",false,1,23.90,2.66,true,1,
7290019014669,false,ג'ל לכביסה צבעונית 1.35ל,סאסא טק,IL,ג'ל לכביסה ירוק,ליטרים,1.35,ליטר,false,1,29.90,22.15,true,1,
7290019014676,false,ג'ל לכביסה לבנה 1.35 ל,סאסא טק,IL,ג'ל לכביסה לבנה,ליטרים,1.35,ליטר,false,1,29.90,22.15,true,1,
7290019014751,false,ניקוי כלים24% פלאוור750מ,סאסא טק,IL,ניקוי כלים 24%,מיליליטרים,750.00,"100 מ""ל",false,1,14.90,1.99,true,1,
7290019014768,false,"ניקוי כלים 24% 750מ""ל",סאסא טק,IL,ניקוי כלים 24%,מיליליטרים,750.00,"100 מ""ל",false,1,14.90,1.99,true,1,
7290019014782,false,מרסס אקונומיקה לבנדר750מ,סאסא טק,IL,מרסס אקונומיקה,מיליליטרים,750.00,"100 מ""ל",false,1,14.90,1.99,true,1,
7290019014805,false,"מרסס מנקה ריפודים 500מ""ל",סאסא טק,IL,מרסס מנקה ריפוד,מיליליטרים,500.00,"100 מ""ל",false,1,24.90,4.98,true,1,
7290019014867,false,"תרסיס מסיר דיו+דבק400מ""ל",סאסא טק,IL,תרסיס מסיר דיו,מיליליטרים,400.00,"100 מ""ל",false,1,26.90,6.73,true,1,
7290019014874,false,נוזל רצפות אוריאנטל1.35ל,סאסא טק,IL,נוזל רצפות,ליטרים,1.35,ליטר,false,1,24.90,18.44,true,1,
7290019014973,false,מבשם בדים בייבי לאב500מ,סאסא טק,IL,מבשם בדים בייבי,מיליליטרים,500.00,"100 מ""ל",false,1,19.90,3.98,true,1,
7290019031741,false,"סוכר לבן 1 ק""ג",פולסקי,PL,סוכר לבן,קילוגרמים,1.00,"ק""ג",false,1,4.60,4.60,true,1,
7290019056027,false,שוופס מוגז פירות תפוחים ללא סוכר 1.5 ליטר פיקדון,"יפאורה תבורי בע""\מ",IL,שוופס ללא סוכ,ליטרים,1.50,ליטר,false,0,8.70,5.80,true,1,
7290019056034,false,שוופס מוגז פירות אננס ללא סוכר 1.5 ליטר פיקדון,"יפאורה תבורי בע""מ",IL,שוופס אננס,ליטרים,1.50,ליטר,false,0,8.70,5.80,true,1,
7290019056041,false,שוופס מוגז פירות לימונייד ללא סוכר 1.5 ליטר פיקדון,"יפאורה תבורי בע""מ",IL,שוופס למונייד,ליטרים,1.50,ליטר,false,0,8.70,5.80,true,1,
7290019056058,false,שוופס מוגז עדין תפוח ליים 1.5 ליטר פיקדון,"יפאורה תבורי בע""\מ",IL,שוופס מוגז תפוח,ליטרים,1.50,ליטר,false,0,8.70,5.80,true,1,
7290019056065,false,שוופס מוגז עדין פירות יער 1.5 ליטר פיקדון,"יפאורה תבורי בע""\מ",IL,שוופס מוגז,ליטרים,1.50,ליטר,false,0,8.70,5.80,true,1,
7290019056072,false,שוופס מוגז עדין אננס 1.5 ליטר פיקדון,"יפאורה תבורי בע""מ",IL,שוופס מוגז עד,ליטרים,1.50,ליטר,false,0,8.70,5.80,true,1,
7290019056089,false,שוופס מוגז עדין ענבי ריזלינג 1.5 ליטר פיקדון,"יפאורה תבורי בע""\מ",IL,שוופס מוגז,ליטרים,1.50,ליטר,false,0,8.70,5.80,true,1,
7290019056096,false,שוופס מוגז עדין אפרסק 1.5 ליטר פיקדון,"יפאורה תבורי בע""\מ",IL,שוופס אפרסק,ליטרים,1.50,ליטר,false,0,8.70,5.80,true,1,
7290019056119,false,שוופס סודה 1.5 ליטר פיקדון,"יפאורה תבורי בע""\מ",IL,שוופס מי סודה,ליטרים,1.50,ליטר,false,0,3.70,2.47,true,1,
7290019056164,false,שוופס סודה 1.5 ליטר רביעייה פיקדון,"יפאורה תבורי בע""\מ",IL,שוופס סודה1.5*4ל,ליטרים,6.00,ליטר,false,0,12.20,2.03,true,1,
7290019056171,false,שוופס סודה לימון 1.5 ליטר רביעייה פיקדון,"יפאורה תבורי בע""\מ",IL,סודה לימון 1.5*4,ליטרים,6.00,ליטר,false,0,12.20,2.03,true,1,
7290019056188,false,שוופס סודה נענע ליים 1.5 ליטר רביעייה פיקדון,"יפאורה תבורי בע""\מ",IL,שוופס סודה1.5*4ל,ליטרים,6.00,ליטר,false,0,12.20,2.03,true,1,
7290019056201,false,שוופס סודה פירות יער 1.5 ליטר רביעייה פיקדון,"יפאורה תבורי בע""\מ",IL,שוופס סודה1.5*4ל,ליטרים,6.00,ליטר,false,0,12.20,2.03,true,1,
7290019056232,false,משקה מוגז בטעם ליים מוחיטו 1.5 ל' שוופס,"יפאורה תבורי בע""\מ",IL,שוופס ליים מו,ליטרים,1.50,ליטר,false,0,9.20,6.13,true,1,
7290019056249,false,שוופס מים בטעמים ענבים 1.5 ליטר פיקדון,"יפאורה תבורי בע""מ",IL,מים בטעם ענבי,ליטרים,1.50,ליטר,false,0,8.30,5.53,true,1,
7290019056256,false,שוופס מים בטעמים תפוחים 1.5 ליטר פיקדון,"יפאורה תבורי בע""מ",IL,שוופס מים תפו,ליטרים,1.50,ליטר,false,0,8.30,5.53,true,1,
7290019056263,false,שוופס מים בטעמים אפרסק 1.5 ליטר פיקדון,"יפאורה תבורי בע""מ",IL,שוופס מים אפר,ליטרים,1.50,ליטר,false,0,8.30,5.53,true,1,
7290019056270,false,שוופס מים בטעמים פירות יער 1.5 ליטר פיקדון,"יפאורה תבורי בע""\מ",IL,מים פירות יער,ליטרים,1.50,ליטר,false,0,8.30,5.53,true,1,
7290019056294,false,שוופס ג'ינג'ר אייל 1.5 ליטר פיקדון,"יפאורה תבורי בע""\מ",IL,שוופס ג'ינג'ר,ליטרים,1.50,ליטר,false,0,12.20,8.13,true,1,
7290019056300,false,משקה בטעם ביטר לימון 1.5 ל' שוויפס,"יפאורה תבורי בע""\מ",IL,שוופס ביטר לי,ליטרים,1.50,ליטר,false,0,12.20,8.13,true,1,
7290019056317,false,שוופס ראשן 1.5 ליטר פיקדון,"יפאורה תבורי בע""\מ",IL,שוופס ראש'ן,ליטרים,1.50,ליטר,false,0,12.20,8.13,true,1,
7290019056324,false,שוופס טוניק 1.5 ליטר פיקדון,"יפאורה תבורי בע""\מ",IL,שוופס מי טוני,ליטרים,1.50,ליטר,false,0,12.20,8.13,true,1,
7290019056331,false,שוופס טוניק ללא סוכר 1.5 ליטר פיקדון,"יפאורה תבורי בע""מ",IL,מי טוניק ל.סו,ליטרים,1.50,ליטר,false,0,11.90,7.93,true,1,
7290019056355,false,תפוזינה לימונדה MIX לימונענע 1.5 ליטר,"יפאורה תבורי בע""\מ",IL,תפוזינה לימונ,ליטרים,1.50,ליטר,false,0,8.50,5.67,true,1,
7290019056362,false,תפוזינה ענבים 1.5 ליטר פיקדון,"יפאורה תבורי בע""\מ",IL,תפוזינה ענבים,ליטרים,1.50,ליטר,false,0,8.50,5.67,true,1,
7290019056379,false,תפוזינה תפוזים 1.5 ליטר פיקדון,"יפאורה תבורי בע""\מ",IL,תפוזינה תפוזי,ליטרים,1.50,ליטר,false,0,8.50,5.67,true,1,
7290019056393,false,תפוזינה תות בננה 1.5 ליטר פיקדון,"יפאורה תבורי בע""\מ",IL,תפוזינה תות ב,ליטרים,1.50,ליטר,false,0,8.50,5.67,true,1,
7290019056409,false,תפוזינה מנגו 1.5 ליטר פיקדון,"יפאורה תבורי בע""\מ",IL,תפוזינה מנגו,ליטרים,1.50,ליטר,false,0,8.50,5.67,true,1,
7290019056416,false,מיץ בטעם לימונדה ורודה 1.5 ל' תפוזינה,"יפאורה תבורי בע""\מ",IL,תפוזינה לימונדה,ליטרים,1.50,ליטר,false,0,8.50,5.67,true,1,
7290019056478,false,ספרינג טי קר אפרסק 1.5ליטר פיקדון,"יפאורה תבורי בע""\מ",IL,ספרינג תה אפר,ליטרים,1.50,ליטר,false,0,8.10,5.40,true,1,
7290019056485,false,ספריג תה ירוק לימון לואיזה 1.5 ליטר פיקדון,"יפאורה תבורי בע""\מ",IL,תה ספרינג ירו,ליטרים,1.50,ליטר,false,0,8.10,5.40,true,1,
7290019056508,false,פרוט ווטר ענבים 1.5 ליטר פיקדון,"יפאורה תבורי בע""\מ",IL,פרוט ווטר ענב,ליטרים,1.50,ליטר,false,0,8.90,5.93,true,1,
7290019056539,false,פרוט ווטר אפרסק 1.5 ליטר פיקדון,"יפאורה תבורי בע""\מ",IL,פרוט ווטר אפר,ליטרים,1.50,ליטר,false,0,8.90,5.93,true,1,
7290019056546,false,פרוט ווטר אבטיח 1.5 ליטר פיקדון,"יפאורה תבורי בע""\מ",IL,פרוט ווטר אבט,ליטרים,1.50,ליטר,false,0,8.90,5.93,true,1,
7290019056553,false,שישיית מים מינרלים עין גדי 2 ליטר,עין גדי מים מינרליים,IL,מים עין גדי2*6ל,ליטרים,12.00,ליטר,false,0,13.30,1.11,true,1,
7290019056577,false,משקה קל מנגו ספרינג 1.5 ליטר,"יפאורה תבורי בע""\מ",IL,ספרינג מנגו,ליטרים,1.50,ליטר,false,0,8.50,5.67,true,1,
7290019056584,false,משקה קל תפוזים ספרינג 1.5 ליטר,"יפאורה תבורי בע""\מ",IL,ספרינג תפוזים,ליטרים,1.50,ליטר,false,0,8.50,5.67,true,1,
7290019056591,false,משקה קל ענבים ספרינג 1.5 ליטר,"יפאורה תבורי בע""\מ",IL,ספרינג ענבים,ליטרים,1.50,ליטר,false,0,8.50,5.67,true,1,
7290019056607,false,משקה קל תפוחים ספרינג 1.5 ליטר,"יפאורה תבורי בע""\מ",IL,ספרינג תפוחים,ליטרים,1.50,ליטר,false,0,8.50,5.67,true,1,
7290019056614,false,משקה קל אפרסק ספרינג 1.5 ליטר,"יפאורה תבורי בע""\מ",IL,ספרינג אפרסק,ליטרים,1.50,ליטר,false,0,8.50,5.67,true,1,
7290019056621,false,משקה קל פירות טרופיים ספרינג 1.5 ליטר,"יפאורה תבורי בע""\מ",IL,משקה ספרינג,ליטרים,1.50,ליטר,false,0,8.50,5.67,true,1,
7290019056638,false,משקה קל תות בננה ספרינג 1.5 ליטר,"יפאורה תבורי בע""\מ",IL,ספרינג תות בנ,ליטרים,1.50,ליטר,false,0,8.50,5.67,true,1,
7290019056645,false,משקה קל אגס תפוח סברס ספרינג 1.5 ליטר,"יפאורה תבורי בע""\מ",IL,משקה ספרינג,ליטרים,1.50,ליטר,false,0,8.50,5.67,true,1,
7290019056652,false,משקה קל אננס בננה ספרינג 1.5 ליטר,"יפאורה תבורי בע""\מ",IL,ספרינג אננס ב,ליטרים,1.50,ליטר,false,0,8.50,5.67,true,1,
7290019056669,false,משקה קל תפוחים דיאט ספרינג 1.5 ליטר,"יפאורה תבורי בע""\מ",IL,ספרינג תפוח ל,ליטרים,1.50,ליטר,false,0,7.90,5.27,true,1,
7290019056676,false,משקה קל אשכולית אננס דיאט ספרינג 1.5 ליטר,"יפאורה תבורי בע""\מ",IL,ספרינג לייט,ליטרים,1.50,ליטר,false,0,7.90,5.27,true,1,
7290019056959,false,מי עדן 1.5 ליטר בק' בודד פיקדון,"מופק ממקור בזלתי עדן ,1",IL,מי עדן 1.5 לי,ליטרים,1.50,ליטר,false,0,4.20,2.80,true,1,
7290019056973,false,שישיית מי עדן 1.5 ליטר משפחתי,"מופק ממקור בזלתי עדן ,1",IL,מי עדן 1.5*6ל,ליטרים,9.00,ליטר,false,0,13.90,1.54,true,1,
7290019075103,false,קמיל בלו אקסטרה סופט שמפו לתינוק 1 ליטר,פישר מעבדות פרמצבטיות בע,IL,שמפו קמיל בלו,ליטרים,1.00,ליטר,false,1,33.90,33.90,true,1,
7290019075479,false,"ד""ר פישר - קמיל בלו קלאסיק שמפו לתינוק 1 ליטר",פישר מעבדות פרמצבטיות בע,IL,שמפו לתינוק,ליטרים,1.00,ליטר,false,1,22.90,22.90,true,1,
7290019075899,false,קמיל בלו אקסטרה סופט אל סבון לתינוק 1 ליטר,פישר מעבדות פרמצבטיות בע,IL,א.סבון קמיל בלו,ליטרים,1.00,ליטר,false,1,33.90,33.90,true,1,
7290019153078,false,"שוופס ביטר למון לייט, 1.5 ליטר פקדון","יפאורה תבורי בע""\מ",IL,שוופס ביטר למון,ליטרים,1.50,ליטר,false,1,11.90,7.93,true,1,
7290019153085,false,שוופס מוגז ליים מוחיטו ללא סוכר 1.5 ליטר-,"יפאורה תבורי בע""\מ",IL,שוופס מוחיטו ללס,ליטרים,1.50,ליטר,false,1,8.90,5.93,true,1,
7290019153252,false,שוופס סודה תפוח 1.5 ליטר רביעייה פיקדון,"יפאורה תבורי בע""\מ",IL,שוופס סודה 4 בק,ליטרים,6.00,ליטר,false,1,12.20,2.03,true,1,
7290019153344,false,מיץ בטעם סנגרייה 1.5 ל' תפוזינה,"יפאורה תבורי בע""\מ",IL,תפוזינה סנגרייה,ליטרים,1.50,ליטר,false,1,8.50,5.67,true,1,
7290019153351,false,מיץ בטעם פינק אוזו 1.5 ל' תפוזינה,"יפאורה תבורי בע""\מ",IL,תפוזינה פינק,ליטרים,1.50,ליטר,false,1,8.50,5.67,true,1,
7290019153375,false,מיץ בטעם מוחיטו 1.5 ל' תפוזינה,"יפאורה תבורי בע""\מ",IL,תפוזינה מוחיטו,ליטרים,1.50,ליטר,false,1,8.50,5.67,true,1,
7290019196280,false,ממרח טונה זוג פילטונ,תעשיות פילטונה,IL,ממרח טונה 2 יח,גרמים,320.00,100 גרם,false,1,10.90,3.41,true,1,
7290019204107,false,עוף טוב פסטרמה בטעם אווז 320 גרם,עיצובים 2020 (4.9),IL,פסטרמה בטעם אווז,גרמים,320.00,100 גרם,false,1,24.90,7.78,true,1,
7290019204206,false,עוף טוב פסטרמה בסגנון רומני 320 גרם,עיצובים 2020 (4.9),IL,פסטרמה בסגנון ר,גרמים,320.00,100 גרם,false,1,24.90,7.78,true,1,
7290019204305,false,חזה הודו פסטרמה ברביקיו 350 גר',עיצובים 2020 (4.9),IL,פסטרמה ברביקיו,גרמים,350.00,100 גרם,false,1,24.90,7.11,true,1,
7290019232155,false,"חליטת ""לילה טוב"" קמומיל לבנדר ו25 שקיקים ויסוצקי",תה ויסוצקי,IL,חליטת קמומיל,גרמים,50.00,100 גרם,false,1,20.90,41.80,true,1,
7290019232162,false,"חליטת ""לילה טוב"" קמומיל מליסה 25 שקיקים ויסוצקי",תה ויסוצקי,IL,חליטת קמומיל,גרמים,50.00,100 גרם,false,1,20.90,41.80,true,1,
7290019232179,false,חליטת לילה טוב נענע 25 שקיקים ויסוצקי,תה ויסוצקי,IL,תה ירוק נענע,גרמים,37.00,100 גרם,false,1,23.90,64.59,true,1,
7290019232186,false,תה ירוק לימונית לואיזהSTAY WELL 25 שקיקים ויסוצקי,תה ויסוצקי,IL,תה ירוק לימונית,גרמים,37.00,100 גרם,false,1,23.90,64.59,true,1,
7290019232377,false,חווית הצ'איתה שחור בטעם וניל והל 25 יח' ויסוצקי,תה ויסוצקי,IL,צ'אי וניל והל,גרמים,55.00,100 גרם,false,1,16.90,30.73,true,1,
7290019232384,false,חווית הצ'אי תה שחור בטעם מוקה 25*50 ג' ויסוצקי,תה ויסוצקי,IL,חווית הצ'אי מוקה,גרמים,50.00,100 גרם,false,1,16.90,33.80,true,1,
7290019232407,false,תה ירוק נענע 25 שק5+שק,ויסוצקי,IL,תה ירוק נענע,גרמים,45.00,100 גרם,false,1,24.90,55.33,true,1,
7290019232803,false,הולגריין ביסקוויט+קרם חלב ושוקולד חלב 300 גרם רבנות,"אולקר ביסקווי סנאי, א.ס.",TR,ביסקוויט עם קרם,גרמים,300.00,100 גרם,false,1,11.90,3.97,true,1,
7290019232827,false,הולגריין ביסקוויט במילוי אגוזי לוז 300 גרם רבנות,"אולקר ביסקווי סנאי, א.ס.",TR,ביסקוויט עם קרם,גרמים,300.00,100 גרם,false,1,11.90,3.97,true,1,
7290019233015,false,רוטב שקשוקה תבשיל ירקות עם שמן זית כתית מעולה 420ג זיתא,זיתא,IT,רוטב לשקשוקה,גרמים,420.00,100 גרם,false,1,13.90,3.31,true,1,
7290019233039,false,שקשוקה קלאסית- רוטב עגבניות עם קוביות פלפלים צלויים,דליציה דורה אס.אר.אל,IT,רוטב לשקשוקה,גרמים,420.00,100 גרם,false,1,13.90,3.31,true,1,
7290019274315,false,קוקהנומיקה לבנדר 1.25 ל,,IL,קוקנומיקה לבנדר,ליטרים,1.25,ליטר,false,1,12.90,10.32,true,1,
7290019279051,false,בדיקת קורונה ביתית 5יח,פארמה דיל,CN,בדיקת קורונה בית,יחידה,1.00,יחידה,false,1,39.90,39.90,true,1,
7290019297215,false,"פולי סויה אדממה 1ק""ג",שקדיה,IL,פולי סויה אדממה,גרמים,1000.00,100 גרם,false,0,19.90,1.99,true,1,
7290019297222,false,פולי סויה אדממה 450גרם,שקדיה,IL,פולי סויה אדממה,גרמים,450.00,100 גרם,false,0,11.90,2.64,true,1,
7290019302377,false,"למברוסקו וילה אדום750מ""ל",ג'קובזי איי. אי פיגילי ג,IT,למברוסקו וילה,מיליליטרים,750.00,"100 מ""ל",false,1,29.90,3.99,true,1,
7290019302384,false,"למברוסקו וילה רוזה750מ""ל",ג'קובזי איי. אי פיגילי ג,IT,למברוסקו וילה,מיליליטרים,750.00,"100 מ""ל",false,1,29.90,3.99,true,1,
7290100240144,false,"תרסיס ריחני למייבש ורוד בדין 500 מ""ל","זוהר דליה, קיבוץ דליה, 1",IL,תרסיס למייבש,מיליליטרים,500.00,"100 מ""ל",false,0,16.90,3.38,true,1,
7290100249598,false,"רוטב לעוף שום ודבש קנור 320 גרם בד""צ",יוניליוור ישראל מזון בע\,IL,רוטב לעוף,גרמים,320.00,100 גרם,false,0,10.90,3.41,true,1,
7290100412800,false,"תחליב רחצה לעור יבש וילד פלאור דר עור 700 מ""ל","אמיליה קוסמטיקס בע""מ",IL,תחליב רחצה,מיליליטרים,700.00,"100 מ""ל",false,1,16.90,2.41,true,1,
7290100680650,false,מנה חמה נודלס-אטריות ירקות טעם תאילנדי אסם 76 ג',PUB FOODS PRESIDENT THAI,TH,מנה חמה אסם,גרמים,76.00,100 גרם,false,0,5.90,7.76,true,1,
7290100680667,false,מנה חמה נודלס-אטריות+ירקות טעם סצ'ואן,PUB FOODS PRESIDENT THAI,TH,מנה חמה נודלס,גרמים,76.00,100 גרם,false,0,5.90,7.76,true,1,
7290100680711,false,פירורית זהב אסם זהב 350ג',עינת תעשיות מזון אגו,IL,פירורית זהב אסם,גרמים,350.00,100 גרם,false,0,8.80,2.51,true,1,
7290100681015,false,אינסטנט פודינג בטעם ריבת חלב אסם 84 גרם,מיוצר עי קונדיטוריית,IL,אינסטנט פודינג,גרמים,84.00,100 גרם,false,0,5.50,6.55,true,1,
7290100681503,false,עסיס סירופ לימונענע דיאטטי 1 ליטר,בית-השיטה עסיס תעשיות מז,IL,סירופ דיאט,ליטרים,1.00,ליטר,false,0,16.90,16.90,true,1,
7290100685334,false,אבקת מרק עוף אמיתי בשרי רכיבים טבעיים אסם 400 גרם,"אסם השקעות בע""\מ",IL,מרק עוף אמיתי,גרמים,400.00,100 גרם,false,0,21.70,5.43,true,1,
7290100685341,false,אבקת מרק טעם עוף זך רכיבים טבעיים אסם 400 גרם,"אסם השקעות בע""\מ",IL,מרק טעם עוף,גרמים,400.00,100 גרם,false,0,15.80,3.95,true,1,
7290100686164,false,מארז מולטיפק ביסלי ברביקיו 6 יח 35 גר יח,מיוצר עי קונדיטוריית,IL,ביסלי מארז 6 יח,גרמים,210.00,100 גרם,false,0,9.90,4.71,true,1,
7290100686171,false,מארז מולטיפק ביסלי גריל 6 יח 35 גר ליח,"אסם השקעות בע""\מ",IL,ביסלי מארז 6 יח,גרמים,210.00,100 גרם,false,0,9.90,4.71,true,1,
7290100687109,false,במבה במילוי קרם נוגט 60ג' אסם,"אסם השקעות בע""\מ",IL,במבה נוגט,גרמים,60.00,100 גרם,false,0,4.30,7.17,true,1,
7290100689301,false,אבקת מרק בטעם עוף זך עדיף אסם 400 גרם,"אסם השקעות בע""\מ",IL,מרק בטעם עוף זך,גרמים,400.00,100 גרם,false,0,14.20,3.55,true,1,
7290100700020,false,סוגת גריסי פנינה 500 גרם,האי נאם סי או אל.טי.,IL,גריסי פנינה,גרמים,500.00,100 גרם,false,0,5.90,1.18,true,1,
7290100700242,false,"סוגת אורז מלא עגול 1 ק""ג","סוגת תעשיות בע""\מ",IL,אורז מלא עגול,קילוגרמים,1.00,"ק""ג",false,0,9.90,9.90,true,1,
7290100700372,false,"סוגת אורז בסמטי מלא 1 ק""ג",האי נאם סי או אל.טי.,IL,אורז בסמטי מלא,קילוגרמים,1.00,"ק""ג",false,0,13.90,13.90,true,1,
7290100700389,false,"אורז אדום 1 ק""ג ""סוגת""","סוגת תעשיות בע""\מ",IL,אורז אדום סוגת,קילוגרמים,1.00,"ק""ג",false,0,9.90,9.90,true,1,
7290100700396,false,"סוגת אורז יסמין קלאסי 1 ק""ג",האי נאם סי או אל.טי.,IL,אורז יסמין סוגת,קילוגרמים,1.00,"ק""ג",false,0,11.90,11.90,true,1,
7290100700419,false,"סוגת בורגול 1 ק""ג","סוגת תעשיות בע""\מ",IL,"בורגול 1 ק""ג",קילוגרמים,1.00,"ק""ג",false,0,7.90,7.90,true,1,
7290100700587,false,"בורגול ""סוגת"" 500 גרם",האי נאם סי או אל.טי.,IL,בורגול 500 גרם,גרמים,500.00,100 גרם,false,0,5.90,1.18,true,1,
7290100701157,false,"אורז להכנת סושי סוגת 1 ק""ג","סוגת תעשיות בע""\מ",IL,אורז להכנת סושי,קילוגרמים,1.00,"ק""ג",false,0,12.80,12.80,true,1,
7290100701300,false,קינואה אדומה סוגת 500 גרם,"סוגת תעשיות בע""\מ",IL,קינואה אדומה,גרמים,500.00,100 גרם,false,0,12.90,2.58,true,1,
7290100701331,false,קמח רב תכליתי שטיבל קמח חיטה לבן בהיר,"שטיבל בע""\מ - טחנות קמח",IL,קמח רב תכליתי,קילוגרמים,1.00,"ק""ג",false,0,7.50,7.50,true,1,
7290100701577,false,קמח לחם קמח חיטה לבן שטיבל,טחנות קמח שטיבל באר שבע,IL,"קמח לחם 1 ק""ג",קילוגרמים,1.00,"ק""ג",false,0,7.50,7.50,true,1,
7290100702260,false,קוסקוס דק סוגת 350 גרם,"אסיף תעשיות מזון בע""\מ",IL,קוסקוס דק,גרמים,350.00,100 גרם,false,0,4.90,1.40,true,1,
7290100702383,false,קמח תופח מס' 13 סוגת,"שטיבל בע""\מ - טחנות קמח",IL,"קמח תופח 1 ק""ג",קילוגרמים,1.00,"ק""ג",false,0,7.50,7.50,true,1,
7290100702611,false,פתיתים אפויים אורז סוגת 500 גרם,"אסיף תעשיות מזון בע""\מ",IL,פתיתים סוגת,גרמים,500.00,100 גרם,false,0,4.90,0.98,true,1,
7290100702628,false,פתיתים אפויים קוסקוס סוגת 500 גרם,"אסיף תעשיות מזון בע""\מ",IL,פתיתים סוגת,גרמים,500.00,100 גרם,false,0,4.90,0.98,true,1,
7290100703861,false,"תערובת קסם לחלה ללא צורך בניפוי סוגת 1 ק""ג","שטיבל בע""\מ - טחנות קמח",IL,קמח קסם,קילוגרמים,1.00,"ק""ג",false,1,7.90,7.90,true,1,
7290100704578,false,"קמח כוסמין לבן תופח סוגת 1 ק""ג","שטיבל בע""\מ - טחנת קמח",IL,קמח כוסמין לבן,קילוגרמים,1.00,"ק""ג",false,1,15.90,15.90,true,1,
7290100850909,false,דוריטוס נאצ'ו מקסיקני 70 גרם,"שטראוס פריטו ליי בע""\מ",IL,דוריטוס נאצ'ו,גרמים,70.00,100 גרם,false,0,4.00,5.71,true,1,
7290100850916,false,דוריטוס חמוץ חריף מעודן 70 גרם כשר לפסח,"שטראוס פריטו ליי בע""\מ )",IL,דוריטוס חמוץ ח,גרמים,70.00,100 גרם,false,0,4.00,5.71,true,1,
7290100850923,false,דוריטוס בטעם גריל 70 גרם,"שטראוס פריטו ליי בע""\מ )",IL,דוריטוס גריל,גרמים,70.00,100 גרם,false,0,4.00,5.71,true,1,
7290100852606,false,קפה טורקי 100*4 גרם,שטראוס קפה בי.ויn\.,IL,קפה טורקי 4 יח,גרמים,400.00,100 גרם,false,0,30.90,7.73,true,1,
7290100858592,false,אבקת קקאו עלית שקית 150 ג',הנסיך- מפעל לייצור ט,IL,קקאו עלית,גרמים,150.00,100 גרם,false,0,9.90,6.60,true,1,
7290100858608,false,אבקת קקאו עלית שקית 500 ג',שטראוס קפה בי.ויn\.,IL,קקאו עלית,גרמים,500.00,100 גרם,false,0,23.90,4.78,true,1,
7290100921418,false,"הוואי - מרכך קרטין מחזק 700 מ""ל",תאי פרזידנט פוד פאבל,IL,מרכך הוואי,מיליליטרים,700.00,"100 מ""ל",false,0,7.90,1.13,true,1,
7290100921623,false,מנקה אסלה סוד 4 כדוריות נתלה אקונומיקה נתלה 50 ג',"הנקל סוד בע""\מ",HU,סבון אסלה סוד,גרמים,50.00,100 גרם,false,0,8.90,17.80,true,1,
7290100924457,false,שלישיית כדוריות סבון לאסלה לימון סוד 50 גרם,הנקל סוד,RS,סבון אסלה 3 יח,גרמים,150.00,100 גרם,false,1,16.90,11.27,true,1,
7290100925676,false,קולור קאצר 20 דפים לוכדי צבע למכונת כביס,"הנקל סוד בע""\מ",IE,דפי קולור קאצ'ר,יחידה,1.00,יחידה,false,1,14.90,14.90,true,1,
7290100947968,false,מרלו טורס דה אספניה750מל,בומד,ES,מרלו,מיליליטרים,750.00,"100 מ""ל",false,1,42.90,5.72,true,1,
7290101112228,false,גלידל פרי קרחון מופחת קלוריות בטעם אננס - 8 יח',הגלידות של פלדמן,IL,מאגדת גלידל פרי,גרמים,640.00,100 גרם,false,48,23.90,3.73,true,1,
7290101112921,false,גלידל פרי קרחון מופחת קלוריות פירות טרופיים - 8 יח',הגלידות של פלדמן,IL,מאגדת גלידל פרי,גרמים,640.00,100 גרם,false,1,23.90,3.73,true,1,
7290101113454,false,מאגדת גלידל יוגורט אפרסק 8 יח 480 גרם,הגלידות של פלדמן,IL,גלידל יוגורט אפר,גרמים,480.00,100 גרם,false,1,31.90,6.65,true,1,
7290101113751,false,מאגדת שלגון קרמל ושוקולד בלונדי רביעיה * 50 ג' יולו,הגלידות של פלדמן,IL,מאגדת שלגון יולו,גרמים,200.00,100 גרם,false,1,19.90,9.95,true,1,
7290101113768,false,מאגדת שלגון עוגיות ושוקולד חלב רביעיה * 50 ג' יולו,הגלידות של פלדמן,IL,מאגדת שלגון יולו,גרמים,200.00,100 גרם,false,1,19.90,9.95,true,1,
7290101113904,false,מארז מנבו וניל 12 יח' פלדמן,הגלידות של פלדמן,IL,מנבו וניל,גרמים,288.00,100 גרם,false,1,23.80,8.26,true,1,
7290101113911,false,מארז מנבו מוקה 12 יח' פלדמן,הגלידות של פלדמן,IL,מנבו מוקה,גרמים,288.00,100 גרם,false,1,23.80,8.26,true,1,
7290101488286,false,"ליידי ספיד סטיק - דאודורנט ספריי לאישה 24/7 פרש פיוזן ורוד 150 מ""ל",ליידי ספיד סטיק Lady Speed Stick,RU,ליידי ספיד סטיק,מיליליטרים,150.00,"100 מ""ל",false,0,13.90,9.27,true,1,
7290101488323,false,ליידי ספיד סטיק - דאודורנט סטיק לאישה ללא סימן ירוק סטיק 65 גרם,ליידי ספיד סטיק Lady Speed Stick,US,ליידי ספיד סטיק,גרמים,65.00,100 גרם,false,0,16.90,26.00,true,1,
7290101551539,false,יוגורט PRO בטעם אפרסק 0% 20 גרם חלבון בגביע,"שטראוס בריאות בע""מ",IL,דנונה פרו אפרסק,גרמים,200.00,100 גרם,false,1,6.20,3.10,true,1,
7290101551614,false,חטיף צ'יטוס קראנץ בטעם גבינה - מארז 8 יח',"שטראוס פריטו ליי בע""מ )פ",IL,צ'יטוס גבינה 8יח,גרמים,240.00,100 גרם,false,1,15.30,6.38,true,1,
7290101551645,false,מארז ציטוס טעם פיצה איקס עיגול 10* 20 גר,"שטראוס פריטו ליי בע""מ )פ",IL,צ'יטוס 10 יח',גרמים,200.00,100 גרם,false,1,14.20,7.10,true,1,
7290101863410,false,"סיליט באנג ספריי ניקוי עוצמתי מכיל אקונומיקה 750 מ""ל",סיליט באנג Cillit Bang,PL,סילים ספריי,מיליליטרים,750.00,"100 מ""ל",false,0,14.50,1.93,true,1,
7290101864127,false,"ספריי להסרת כתמים 750 מ""ל וניש קליה",קליה וניש Kalia Vanish,IL,קליה ספריי,מיליליטרים,750.00,"100 מ""ל",false,0,17.90,2.39,true,1,
7290101865261,false,"פיניש נוזל הברקה למדיח 800 מ""ל",רקיט בנקיזר,PL,פיניש נוזל הברקה,מיליליטרים,800.00,"100 מ""ל",false,0,19.90,2.49,true,1,
7290101866633,false,וניש קליה גל להסרת כתמים 3 ליטר אוקסיפרש,קליה וניש Kalia Vanish,IL,מסיר כתמים וניש,ליטרים,3.00,ליטר,false,0,29.90,9.97,true,1,
7290101866787,false,וניש קליה נוזל מסיר כתמים לכביסה לבנה 3 ליטר,קליה וניש Kalia Vanish,IL,וניש לכביסה לבנה,ליטרים,3.00,ליטר,false,0,29.90,9.97,true,1,
7290101868958,false,"פיניש נוזל הברקה למדיח בניחוח לימון 500 מ""ל",רקיט בנקיזר,PL,פיניש נוזל הברקה,מיליליטרים,800.00,"100 מ""ל",false,0,19.90,2.49,true,1,
7290101869726,false,ג'ל מרוכז למדיח הכל ב-1 פיניש 1 ליטר,רקיט בנקיזר,PL,פיניש ג'ל למדיח,ליטרים,1.00,ליטר,false,1,42.90,42.90,true,1,
7290101869733,false,פיניש ג'ל למדיח כלים בניחוח לימון 1 ליטר ALL IN 1,רקיט בנקיזר,PL,פיניש ג'ל למדיח,ליטרים,1.00,ליטר,false,1,42.90,42.90,true,1,
7290101869818,false,"אירוויק מכשיר חשמלי+מילוי בניחוח חלום ליל קיץ 19 מ""ל",איירוויק Air Wick,HU,אירויק מכשיר,מיליליטרים,19.00,"100 מ""ל",false,1,24.90,131.05,true,1,
7290101982470,false,ממתק רולר 30 מל' בטעמים,טייפן פאן טיים,CN,ממתק רולר,מיליליטרים,30.00,"100 מ""ל",false,0,5.90,19.67,true,1,
7290102031276,false,מארז 8 יחידות אקטימל משקה יוגורט בטעם תות בננה,מיוצר עי קונדיטוריית,IL,אקטימל 8 יח,מיליליטרים,800.00,"100 מ""ל",false,0,19.90,2.49,true,1,
7290102060764,false,מרידול מברשת שיניים אריזת זוג,יבואן ומשווק: ש. שסט,CH,2 מברשות שיניים,יחידה,1.00,יחידה,false,0,34.90,34.90,true,1,
7290102060979,false,"אלמקס משחת שיניים למניעת עששת 100מ""ל",יבואן ומשווק: ש. שסט,PL,משחת שיניים,מיליליטרים,100.00,"100 מ""ל",false,0,18.90,18.90,true,1,
7290102300822,false,גבינה צ'דר אנגלית כתומה 200 גרם,דאולי צ'יסמייקרס,GB,גבינת צ'דר כתום,גרמים,200.00,100 גרם,false,0,21.90,10.95,true,1,
7290102302826,false,רוברט פילה דג סרדין בשמן זית 120 גרם,רמירז אנד קה פילהאוס,PT,פילה סרדינים,גרמים,100.00,100 גרם,false,1,13.90,13.90,true,1,
7290102398065,false,חלב טרה בקרטון 2 ליטר מהדרין 3% - מוצר בפיקוח,הפריט בפיקוח,IL,חלב 3% בקרטון,ליטרים,2.00,ליטר,false,1,12.46,6.23,true,1,
7290103120658,false,דאודורנט ספיד סטיק גל שחור 85 גרם,הנסיך- מפעל לייצור ט,US,דאודורנט,גרמים,85.00,100 גרם,false,0,16.90,19.88,true,1,
7290103121600,false,"ספיד סטיק - דאודורנט ספריי לגבר 24/7 קול פיוזן 150 מ""ל",קולגייט פלמוליב,RU,דאו.ספיד סטיק,מיליליטרים,165.00,"100 מ""ל",false,0,13.90,8.42,true,1,
7290103124601,false,"תחליב רחצה נוזל חלב ודבש משאבה 750מ""ל פלמוליב",הנסיך- מפעל לייצור ט,TR,סבון פלמוליב,מיליליטרים,750.00,"100 מ""ל",false,0,19.90,2.65,true,1,
7290103126797,false,"משחת שיניים קולגייט סנסיטיב פרו רליף 75 מ""ל",הנסיך- מפעל לייצור ט,BR,משחת קולגייט,מיליליטרים,75.00,"100 מ""ל",false,0,15.90,21.20,true,1,
7290103129378,false,ספיד סטיק - דאודורנט ג'ל לגבר איקס 5 85 גרם,הנסיך- מפעל לייצור ט,US,דאו. ספיד סטיק,גרמים,85.00,100 גרם,false,0,15.90,18.70,true,1,
7290103401429,false,קפה קצב ברזילאי אוריגינס 200 גר,הנסיך- מפעל לייצור ט,IL,קפה פלטינום,גרמים,200.00,100 גרם,false,0,19.90,9.95,true,1,
7290103404758,false,סלט כרוב אדום במיונז אחלה 120 גרם,מיוצר עי קונדיטוריית,IL,כרוב אדום אחלה,גרמים,120.00,100 גרם,false,0,4.80,4.00,true,1,
7290103681210,false,"יין הר שרדונה מיתוג תנשמת 750 מ""ל",מיוצר על ידי יקב תבור,IL,שרדונה הר תבור,מיליליטרים,750.00,"100 מ""ל",false,1,35.90,4.79,true,1,
7290103681227,false,"יין הר גוורצטרמינר מיתוג תנשמת 750 מ""ל",מיוצר על ידי יקב תבור,IL,גוורצטרמינר הר,מיליליטרים,750.00,"100 מ""ל",false,1,35.90,4.79,true,1,
7290103681241,false,"יין הר מוסקטו מיתוג תנשמת 750 מ""ל",יקב תבור,IL,מוסקטו הר תבור,מיליליטרים,750.00,"100 מ""ל",false,1,35.90,4.79,true,1,
7290103681364,false,יין אדום יבש קברנה סובניון 2016,מיוצר על ידי יקב תבור,IL,קברנה תבור,מיליליטרים,750.00,"100 מ""ל",false,1,59.50,7.93,true,1,
7290103681371,false,יין תבור מרלו 750 מל,מיוצר על ידי יקב תבור,IL,מרלו תבור,מיליליטרים,750.00,"100 מ""ל",false,1,59.50,7.93,true,1,
7290103704957,false,מגבות נייר 3 שכבות ענק3ג,,IL,מגבות 3גלילי ענק,מטרים,57.00,מטר,false,1,19.90,0.35,true,1,
7290103704964,false,נייר טואלט 3 שכבות 9 גל,,IL,נייר טואלט 9 גל,מטרים,277.00,מטר,false,1,32.90,0.12,true,1,
7290104061424,false,סלט חומוס עם זעתר אחלה 400 גרם,מיוצר עי קונדיטוריית,IL,חומוס זעתר אחלה,גרמים,400.00,100 גרם,false,0,10.90,2.73,true,1,
7290104061431,false,סלט חומוס עם צנובר אחלה 400 גרם,"שטראוס גרופ בע""\מ",IL,חומוס צנובר אחלה,גרמים,400.00,100 גרם,false,0,10.90,2.73,true,1,
7290104061448,false,סלט חומוס עם חריף אחלה 400 גרם,מיוצר עי קונדיטוריית,IL,חומוס חריף אחלה,גרמים,400.00,100 גרם,false,0,10.90,2.73,true,1,
7290104064012,false,חטיף פסק זמן GOOD שוקולד לבן גוד 36 גרם,SOLEN CIKOLATA GIDA,TR,פסק זמן טו גוד,גרמים,36.00,100 גרם,false,0,4.90,13.61,true,1,
7290104066566,false,טחינה שומשום מלא אחלה 500 גר',מיוצר עי קונדיטוריית,IL,טחינה אחלה 500גר,גרמים,500.00,100 גרם,false,0,15.60,3.12,true,1,
7290104068539,false,מאסט פליפטופ מלון ואבטיח ללא גרעינים,"שטראוס גרופ בע""מ",IL,מסטיק מאסט,גרמים,28.00,100 גרם,false,0,4.60,16.43,true,1,
7290104068546,false,גומי מאסט בטעם לימון קולה ללא סוכר 28 ג' עלית,"שטראוס גרופ בע""מ",IL,מסטיק מאסט,גרמים,28.00,100 גרם,false,0,4.60,16.43,true,1,
7290104500572,false,אפרופו חטיף תירס איטליאנו אסם 50 גרם,מיוצר עי קונדיטוריית,IL,אפרופו איטליאנו,גרמים,50.00,100 גרם,false,0,5.00,10.00,true,1,
7290104504228,false,מיני דובונים אסם 100 גרם מארז 5 יחידות,"אסם השקעות בע""\מ",IL,מיני דובונים 5יח,גרמים,100.00,100 גרם,false,0,13.90,13.90,true,1,
7290104720499,false,מארז 8 יחידות מעדן דני בטעם וניל 1.5%,מיוצר עי קונדיטוריית,IL,דני וניל 8 יח',קילוגרמים,1.00,"ק""ג",false,0,14.90,14.90,true,1,
7290104721533,false,רצועות פלפלים קלויים אחלה 400 ג',מיוצר עי קונדיטוריית,IL,פלפלים קלויים,גרמים,400.00,100 גרם,false,0,16.70,4.18,true,1,
7290104722530,false,תפוצ'יפס בטעם שמנת בצל עלית 200 גרם,"שטראוס פריטו ליי בע""\מ )",IL,תפוצ'יפס שמנת,גרמים,200.00,100 גרם,false,0,10.90,5.45,true,1,
7290104726262,false,רביעייה מעדן דני שוקולד דיסני לבנים 125 גרם,מיוצר עי קונדיטוריית,IL,דני שלוק 4 יח,גרמים,500.00,100 גרם,false,0,11.50,2.30,true,1,
7290104726712,false,מארז 8 יחידות מעדן מילקי בטעם שוקולד עם קצפת,"שטראוס גרופ בע""\מ",IL,מארז מילקי 8 יח',ליטרים,1.36,ליטר,false,0,20.70,15.22,true,1,
7290104728310,false,"שמנת מתוקה עמידה 38% שומן ""יטבתה"" -מוצר בפיקוח",שטראוס גרופ,IL,שמנת לקצפת 38%,גרמים,250.00,100 גרם,false,0,6.47,2.59,true,1,
7290104961878,false,"שמפו לשיער קרטין אינטנס פורמולה 400 מ""ל נטורל",נטורל פורמולה Natural Formula,IL,שמפו קרטין,מיליליטרים,400.00,"100 מ""ל",false,0,29.90,7.48,true,1,
7290104961885,false,מרכך קרטין טהור לשיער שעבר החלקה או עיצוב בחום,נטורל פורמולה Natural Formula,IL,מרכך קרטין,מיליליטרים,400.00,"100 מ""ל",false,0,29.90,7.48,true,1,
7290104962073,false,דאודורנט ספריי גוף טיטניום גולד Titanium Gold,"אמיליה קוסמטיקס בע""מ",IL,דאו.טיטניום,מיליליטרים,180.00,"100 מ""ל",false,0,14.90,8.28,true,1,
7290104963001,false,סופטקר מגבונים לחים רביעייה בניחוח עדין,החברה הדרומית,IL,מגבונים סופטקר,יחידה,1.00,יחידה,false,1,16.90,16.90,true,1,
7290104963223,false,סופטקר - אל סבון עדין לתינוק לעור רגיש 1 ליטר,קוסמופארם בע'\'\מ,IL,סופטקר אל סבון,ליטרים,1.00,ליטר,false,1,19.90,19.90,true,1,
7290104963650,false,נקה 7 שמפו אל דמע סופטקר 1 ליטר,קוסמופארם בע'\'\מ,IL,סופטקר שמפו,ליטרים,1.00,ליטר,false,1,19.90,19.90,true,1,
7290105360250,false,קפסולות 09 עשיר וארומטי למכונת נספרסו עלית 10יח',הנסיך- מפעל לייצור ט,IL,קפסולות קפה,גרמים,50.00,100 גרם,false,0,16.50,33.00,true,1,
7290105360328,false,קפסולות אספרסו חזק למכונות נספרסו 10 יח',הנסיך- מפעל לייצור ט,IL,קפסולות מס' 10,גרמים,50.00,100 גרם,false,0,16.50,33.00,true,1,
7290105360335,false,קפסולות אספרסו למכונות נספרסו 50 גר,הנסיך- מפעל לייצור ט,IL,קפסולות מס' 7,גרמים,50.00,100 גרם,false,0,16.50,33.00,true,1,
7290105360755,false,"שמן זית 3 חזק 750 מ""ל יד מרדכי",מכוורת יד מרדכי שטראוס ב,IL,שמו זית 3 חזק,מיליליטרים,750.00,"100 מ""ל",false,0,33.90,4.52,true,1,
7290105360762,false,"שמן זית 1 עדין 750 מ""ל יד מרדכי",מכוורת יד מרדכי שטראוס ב,IL,שמן זית 1 עדין,מיליליטרים,750.00,"100 מ""ל",false,0,33.90,4.52,true,1,
7290105362339,false,"שמנת לבישול 15% 250 מ""ל יטבתה מהדרין",שטראוס גרופ,IL,שמנת לבישול 15%,מיליליטרים,250.00,"100 מ""ל",false,0,8.80,3.52,true,1,
7290105363602,false,מקלות כיף כף קלאסי עלית 40 גרם,שולן צ'\יקולטה גידה סאן.,TR,כיף כף מקלות,גרמים,40.00,100 גרם,false,0,5.10,12.75,true,1,
7290105364289,false,מקלות כיף כף פצפוצים עלית 40 גרם,שולן צ'\יקולטה גידה סאן.,TR,כיף כף מקלות,גרמים,40.00,100 גרם,false,0,5.10,12.75,true,1,
7290105364302,false,"עלית חטיף שוקולד כיף כף מקלות אגוזים, 40 גרם",שולן צ'\יקולטה גידה סאן.,TR,כיף כף מקלות,גרמים,42.00,100 גרם,false,0,5.10,12.14,true,1,
7290105364678,false,"אקטיביה משקה יוגורט בטעם אפרסק שטראוס 250 מ""ל",מיוצר עי קונדיטוריית,IL,משקה אקטיביה,מיליליטרים,250.00,"100 מ""ל",false,0,5.20,2.08,true,1,
7290105366023,false,סלט חצילים בטעם כבד אחלה 400 גרם,מיוצר עי קונדיטוריית,IL,חציל בטעם כבד,גרמים,400.00,100 גרם,false,0,16.70,4.18,true,1,
7290105366047,false,טחינה לבנה אחלה 400 גרם,מיוצר עי קונדיטוריית,IL,טחינה לבנה,גרמים,400.00,100 גרם,false,0,16.70,4.18,true,1,
7290105366993,false,סימפוניה גבינת שמנת פלפל שיפקה 5% שטראוס 200 גרם,"שטראוס בריאות בע""מ",IL,סימפוניה פלפל,גרמים,200.00,100 גרם,false,0,10.00,5.00,true,1,
7290105368331,false,מעדן מילקי בטעם תות עם קצפת,מחלבת אחיהוד,IL,מילקי טעם תות,מיליליטרים,170.00,"100 מ""ל",false,0,3.00,1.76,true,1,
7290105368904,false,"שמנת מתוקה להקצפה 32% שומן 250 מ""ל יוטבתה",שטראוס גרופ,IL,שמנת מתוקה32%,מיליליטרים,250.00,"100 מ""ל",false,0,8.00,3.20,true,1,
7290105368928,false,"שמנת 9% שומן 200 מ""ל יוטבתה",שטראוס גרופ,IL,שמנת 9% יטבתה,מיליליטרים,200.00,"100 מ""ל",false,0,3.30,1.65,true,1,
7290105430458,false,תחליב רחצה מועשר בשקדים וקרם לחות Naturals משאבה,הנסיך- מפעל לייצור ט,TR,סבון פלמוליב,מיליליטרים,750.00,"100 מ""ל",false,0,19.90,2.65,true,1,
7290105431516,false,מארז חטיף פריי תמרים ובוטנים ללא גלוטן ותוספת סוכר 125 גרם,טבעית מוצרים מן הטבע בעמ,IL,חטיפי FREE,גרמים,125.00,100 גרם,false,0,16.90,13.52,true,1,
7290105439499,false,מאסטר שף מאסטר שף מיונז 480 גר כשלפ,רמיה סי.וי. הולנד,NL,מיונז מאסטר שף,גרמים,481.00,100 גרם,false,1,11.90,2.47,true,1,
7290105439505,false,מאסטר שף קרם בטעם מיונז לייט 479 גר כשלפ,רמיה סי.וי. הולנד,NL,ממרח מופחת,גרמים,521.00,100 גרם,false,1,11.90,2.28,true,1,
7290105500151,false,וודקה פינלנדיה בקבוק,"אלטיה קורפ, הלסינקי,",FI,וודקה פינלנדיה,מיליליטרים,700.00,"100 מ""ל",false,0,64.90,9.27,true,1,
7290105691224,false,אסם חטיפי פריכונים טורטייה שום בצל 60 גרם,"פרח תעשיות מזון בע""מ.",IL,קריספי טורטיה,גרמים,60.00,100 גרם,false,0,7.50,12.50,true,1,
7290105691248,false,אסם חטיפי פריכונים טורטייה תירס 60 גרם,"פרח תעשיות מזון בע""מ.",IL,קריספי טורטיה,גרמים,60.00,100 גרם,false,0,7.50,12.50,true,1,
7290105693341,false,מארז עשיריית במבה אסם 25*10 גרם,"אסם השקעות בע""\מ",IL,במבה 10 יח,גרמים,250.00,100 גרם,false,0,14.90,5.96,true,1,
7290105695024,false,פתיתים אפויים אורז עם אטריות אסם 500 גרם,"אסם השקעות בע""\מ",IL,פתיתים אפויים,גרמים,500.00,100 גרם,false,0,6.90,1.38,true,1,
7290105962331,false,סחוג תימני אדום חריף מאוד זהבי הכרם 220 גרם,קריניסה ויטמין אס אי,IL,סחוג חריף זהבי,גרמים,220.00,100 גרם,false,0,11.50,5.23,true,1,
7290105964564,false,סלט חומוס אחלה 400גר,מיוצר עי קונדיטוריית,IL,סלט חומוס אחלה,גרמים,400.00,100 גרם,false,1,8.80,2.20,true,1,
7290105965738,false,יוגורט לשתיה בטעם תות בננה267 ג' דנונה,מיוצר עי קונדיטוריית,IL,דנונה לשתיה,גרמים,267.00,100 גרם,false,0,5.20,1.95,true,1,
7290105966469,false,"חומץ בלסמי ממודנה יד מרדכי 250 מ""ל",אצטייה ג'וזפה קרמוני,IT,חומץ בלסמי,גרמים,250.00,100 גרם,false,0,10.90,4.36,true,1,
7290105968098,false,"סלט קולסלאו 500 גרם ""אחלה""",שטראוס גרופ סלטים,IL,סלט קולסלאו אחלה,גרמים,500.00,100 גרם,false,0,16.70,3.34,true,1,
7290105968654,false,רביולי בטטה פרווה פסטה נונה 400 ג',מיוצר עי קונדיטוריית,IL,רביולי בטטה 400ג,גרמים,400.00,100 גרם,false,0,16.90,4.23,true,1,
7290106268937,false,"אנג'ל לגבר א.ד.ט 100 מ""ל",טרי מוגלר,FR,בושם אנג'ל לגבר,מיליליטרים,100.00,"100 מ""ל",false,1,249.00,249.00,true,1,
7290106520066,false,"רבע לשבע שוקולד חלב במילוי אגוזים עלית 160 גרם בד""צ","הגביע מוצרי וופלים בע""\מ",IL,רבע לשבע 160 גרם,גרמים,160.00,100 גרם,false,0,9.80,6.13,true,1,
7290106520288,false,יוגורט פרו חלבון עם תות 2.4% שומן 150 ג' דנונה,"שטראוס בריאות בע""מ",IL,דנונה WOW תות,גרמים,150.00,100 גרם,false,1,5.10,3.40,true,1,
7290106520813,false,תפוצ'יפס בטעם טבעי 50*6ג,"שטראוס פריטו ליי בע""\מ )",IL,תפוצ'יפס 6 יח,גרמים,300.00,100 גרם,false,0,16.40,5.47,true,1,
7290106520912,false,"שמנת 9% לבישול יטבתה 250 מ""ל מהדרין",שטראוס גרופ,IL,שמנת לבישול 9%,מיליליטרים,250.00,"100 מ""ל",false,0,8.80,3.52,true,1,
7290106521049,false,אחלה טעמי השוק קוביות סלק 400 גר,מיוצר עי קונדיטוריית,IL,סלט קוביות סלק,גרמים,400.00,100 גרם,false,0,16.70,4.18,true,1,
7290106524439,false,"תפוצ'יפס פופס 60 גרם ""עלית""","שטראוס פריטו ליי בע""\מ )",IL,תפוצ'יפס פופס,גרמים,60.00,100 גרם,false,1,4.00,6.67,true,1,
7290106528628,false,"דוריטוס טבעי 185 גרם ""עלית""","שטראוס פריטו ליי בע""\מ )",IL,דוריטוס Dippas,גרמים,185.00,100 גרם,false,1,8.10,4.38,true,1,
7290106574977,false,בייגלה שטוחים כעכים שטוחים עם מלח,מיוצר עי קונדיטוריית,IL,בייגלה שטוחים,גרמים,300.00,100 גרם,false,0,10.90,3.63,true,1,
7290106575257,false,עוגת הבית סופלה בטעם שוקולד 340 ג' אסם,מיוצר עי קונדיטוריית,IL,עוגת סופלה הבית,גרמים,340.00,100 גרם,false,0,11.90,3.50,true,1,
7290106575332,false,פתיתים אפויים פלוס בורגול 400 ג' אסם,"מיוצר ע""י קוד יצרן K",IL,פתיתים פלוס,גרמים,400.00,100 גרם,false,0,6.90,1.73,true,1,
7290106576513,false,סלט חומוס צבר 400 גר,סלטי צבר,IL,חומוס צבר,גרמים,400.00,100 גרם,false,0,9.90,2.48,true,1,
7290106576537,false,חומוס מסעדות צבר 700 גרם,סלטי צבר,IL,חומוס מסעדה צבר,גרמים,700.00,100 גרם,false,0,10.90,1.56,true,1,
7290106576797,false,"לה קרמריה גלידת וניל איטלקי כשל""פ 1.4ל'",תות תעשיות מזון (201,IL,לה קרמריה וניל,ליטרים,1.40,ליטר,false,0,18.90,13.50,true,1,
7290106576810,false,גלידה לה קרמריה ריבת חלב 1.4 ל' נסטלה,לה קרמריה- נסטלה,IL,לה קרמריה צמחי,ליטרים,1.40,ליטר,false,0,18.90,13.50,true,1,
7290106576834,false,גלידה לה קרמריה פונטש בננה1.4 ל' נסטלה,תות תעשיות מזון (201,IL,לה קרמריה,ליטרים,1.40,ליטר,false,0,18.90,13.50,true,1,
7290106576858,false,גלידה לה קרמריה תותים בשמנת 1.4 ל' נסטלה,גלידות נסטלה )נגה גלידות,IL,לה קרמריה,ליטרים,1.40,ליטר,false,0,18.90,13.50,true,1,
7290106576919,false,גלידה קרמריה סורבה תות לימון 1.4 ליטר,גלידות נסטלה )נגה גלידות,IL,לח קרמריה,ליטרים,1.40,ליטר,false,0,18.90,13.50,true,1,
7290106576957,false,"לה קרמריה גלידת שוקו וניל פליק פרווה כשל""פ 1.4",תות תעשיות מזון (201,IL,לה קרמריה,ליטרים,1.40,ליטר,false,0,18.90,13.50,true,1,
7290106576995,false,גלידה סורבה לה קרמריה תות מנגו לייט 1.4 ל' נסטלה,גלידות נסטלה )נגה גלידות,IL,לה קרמריה לייט,ליטרים,1.40,ליטר,false,0,18.90,13.50,true,1,
7290106577039,false,גלידה לה קרמריה שוקו וניל פליק 1.4 ל' נסטלה,תות תעשיות מזון (201,IL,לא קרמריה,ליטרים,1.40,ליטר,false,0,18.90,13.50,true,1,
7290106652996,false,מקלות כיף כף קוקוס עלית 40 גרם,סולן בעבור שטראוס,TR,כיף כף מקלות,יחידה,1.00,יחידה,false,0,5.10,5.10,true,1,
7290106654099,false,מילקי CAKE עוגות אישיות במילוי קרם חלב,בובארד איטליה אס.פי.איי,IT,מילקי קייק 8 יח',גרמים,272.00,100 גרם,false,1,20.80,7.65,true,1,
7290106656727,false,עוגיות חיוכים שוקו 600 ג' עלית,אפיפית נצרת תעשיות ב,IL,חיוכים שוקולד,גרמים,600.00,100 גרם,false,0,19.20,3.20,true,1,
7290106658479,false,עלית וופל בטעם טורטית אגוזים 40ג,"שטראוס גרופ בע""\מ",IL,טורטית מגדים,גרמים,40.00,100 גרם,false,1,3.90,9.75,true,1,
7290106663558,false,"רוטב טריאקי ורימון יד מרדכי 280מ""ל",אף.סי תבליני בגליל ב,IL,רוטב טריאקי,גרמים,320.00,100 גרם,false,1,12.90,4.03,true,1,
7290106664555,false,"רוטב שמנת עם עגבניות 9% שומן 250 מ""ל יוטבתה",שטראוס גרופ,IL,רוטב שמנת,מיליליטרים,250.00,"100 מ""ל",false,1,11.50,4.60,true,1,
7290106667266,false,"דוריטוס חמוץ חריף 185 גרם ""עלית""","שטראוס פריטו ליי בע""\מ )",IL,דוריטוס,גרמים,185.00,100 גרם,false,1,8.10,4.38,true,1,
7290106668713,false,יוגורט עם פירות יער 3% שומן 150 ג' דנונה,מיוצר עי קונדיטוריית,IL,דנונה פירות יער,גרמים,150.00,100 גרם,false,1,4.10,2.73,true,1,
7290106720626,false,צ'יטוס קראנצ' בטעם גבינה - חלבי,"שטראוס פריטו ליי בע""\מ )",IL,ציטוס גבינה,גרמים,80.00,100 גרם,false,1,4.50,5.63,true,1,
7290106721913,false,מסטיק מאסט MUST ללא סוכר בטעם מנטה מרעננת,"שטראוס גרופ בע""מ",IL,מסטיק מרעננת,גרמים,66.00,100 גרם,false,1,10.50,15.91,true,1,
7290106721920,false,צנצנת מסטיק מאסט בטעם ספירמינט עדין 66 ג' עלית,"שטראוס גרופ בע""\מ.",IL,מסטיק ספירמינט,גרמים,66.00,100 גרם,false,1,10.50,15.91,true,1,
7290106725874,false,"סירופ מייפל טבעי 236 מ""ל ""יד מרדכי""",יד מרדכי,CA,סירופ מייפל,מיליליטרים,236.00,"100 מ""ל",false,1,41.90,17.75,true,1,
7290106726178,false,יוגורט PRO עם פירות יער 2.4% 10 גרם חלבון בגביע,מיוצר עי קונדיטוריית,IL,דנונה WOW פ.יער,גרמים,150.00,100 גרם,false,1,5.10,3.40,true,1,
7290106727984,false,"כיף כף פצפצים בגביע 135 גרם ""עלית""",שולן צ'\יקולטה גידה סאן.,TR,כיף כף פצפצים,גרמים,135.00,100 גרם,false,1,10.50,7.78,true,1,
7290106770577,false,גרוסליין- בלגה ממרח חלבה 350 גרם.,"אלמונדס בע""מ",IL,ממרח חלבה,גרמים,350.00,100 גרם,false,1,13.90,3.97,true,1,
7290106772472,false,גרוסליין - בלגה ממרח שוקולד 350 גרם,"אלמנדוס בע""מ",IL,ממרח אגוזי לוז,גרמים,350.00,100 גרם,false,1,13.90,3.97,true,1,
7290106774315,false,שוקולד לבן לאפיה אלמ,"אלמונדס בע""מ",IL,שוקולד לבן,גרמים,500.00,100 גרם,false,1,34.90,6.98,true,1,
7290106775053,false,מחית נוגט פרווה אלמנדוס,"אלמנדוס בע""מ",IL,מחית נוגט פרווה,גרמים,400.00,100 גרם,false,1,24.90,6.23,true,1,
7290106775091,false,מחית פיסטוק אלמנדוס,שקד תבור,IL,מחית פיסטוק,גרמים,200.00,100 גרם,false,1,39.90,19.95,true,1,
7290107280020,false,שלישיית מטליות לחות לניקוי כללי סנו סושי 50 יחידות,טרופיקל דגיל- תעשיות,IL,מטליות לחות מארז,יחידה,1.00,יחידה,false,0,16.90,16.90,true,1,
7290107280099,false,שלישיית מגובנים נשטפים באסלה סופט סוד 48 יחידות,טרופיקל דגיל- תעשיות,IL,מגבוני נייר לחים,יחידה,1.00,יחידה,false,0,15.90,15.90,true,1,
7290107280341,false,ריצפז מטליות לחות לניקוי הרצפה בניחוח מלון מפנק,"סנו מפעלי ברונוס סע""",IL,מטליות ריצפז,יחידה,1.00,יחידה,false,1,10.90,10.90,true,1,
7290107280389,false,"סנו - ג'ט מרסס לניקוי בחדר האמבטיה 750 מ""ל","איי, בי, אינבוו",IL,מתז ג'ט לאמבט,מיליליטרים,750.00,"100 מ""ל",false,0,14.90,1.99,true,1,
7290107280518,false,"סנו מקסימה אפקט ז'אוול 8 ק""ג",סנו,IL,מקסימה ג'אוול,קילוגרמים,8.00,"ק""ג",false,0,59.90,7.49,true,1,
7290107280563,false,ג'ל אוקסיג'ן בייבי סנו 3 ליטר,"איי, בי, אינבוו",IL,אוקסיג'ן בייבי,ליטרים,3.00,ליטר,false,0,28.90,9.63,true,1,
7290107280600,false,טבליות למדיח סנו ספארק 100 טבליות במארז,גרופה אינקו,PL,ספארק טב' למדיח,יחידה,1.00,יחידה,false,1,59.90,59.90,true,1,
7290107280655,false,"אבקת כביסה בייבי סנו מקסימה 3.25 ק""ג",סנו מקסימה,IL,מקסימה בייבי,קילוגרמים,3.25,"ק""ג",false,0,31.60,9.72,true,1,
7290107280709,false,"סנו ספארק נוזל הברקה למדיח 700 מ""ל","סנו מפעלי ברונוס בע""\מ",IL,נוזל הברקה למדיח,מיליליטרים,700.00,"100 מ""ל",false,1,15.90,2.27,true,1,
7290107280716,false,מלח למדיח להגנה מפני אבנית סנו ספארק Spark,סנו ספארק,IL,ספארק מלח למדיח,קילוגרמים,2.00,"ק""ג",false,1,10.90,5.45,true,1,
7290107280723,false,נוזל לניקוי כלים סנו ספארק Spark בניחוח לימון רענן,סנו כימיקלים,IL,נוזל לכלים לימון,מיליליטרים,700.00,"100 מ""ל",false,0,9.90,1.41,true,1,
7290107280747,false,נוזל לניקוי כלים סנו ספארק Spark קלאסי,סנו כימיקלים,IL,נוזל לכלים קלאסי,מיליליטרים,700.00,"100 מ""ל",false,0,9.90,1.41,true,1,
7290107280761,false,נוזל לניקוי כלים בניחוח לימון רענן סנו ספארק Spark,מיוצר עי קונדיטוריית,IL,נוזל כלים לימון,ליטרים,1.00,ליטר,false,0,10.90,10.90,true,1,
7290107646062,false,אבקת מרק בצל רכיבים טבעיים קנור 400 ג',יוניליוור ישראל מזון בע\,IL,מרק בצל,גרמים,400.00,100 גרם,false,1,25.00,6.25,true,1,
7290107646918,false,רוטב עגבניות ופלפלים לשקשוקה 415 ג' קנור,קונסורזיו קאסאלאסקו דל פ,IT,רוטב לשקשוקה,גרמים,415.00,100 גרם,false,1,12.90,3.11,true,1,
7290107647731,false,קוקומן חום לבן 20% פחות סוכר 375 גרם,יוניליוור ישראל מזון בעמ,IL,קוקומן חום לבן,גרמים,375.00,100 גרם,false,1,19.90,5.31,true,1,
7290107871990,false,"פסטה צינורות 500 גרם ""אסם""",פסטה זארה,IT,פסטה צינורות,גרמים,500.00,100 גרם,false,0,5.90,1.18,true,1,
7290107875400,false,גלידה לה קרמריה פיסטוק מוקה 1.4 ל' נסטלה,גלידות נסטלה )נגה גלידות,IL,להקרמריה,ליטרים,1.40,ליטר,false,0,18.90,13.50,true,1,
7290107877619,false,מארז במבה במילוי קרם נוגט 5*30ג' אסם,"אסם השקעות בע""\מ",IL,במבה נוגט 5 יח,גרמים,150.00,100 גרם,false,1,13.90,9.27,true,1,
7290107879569,false,קרחון לה פרוטה שרבט מנגו מאגדת 5יח',גלידות נסטלה )נגה גלידות,IL,מאגדת לה פרוטה,גרמים,350.00,100 גרם,false,1,24.90,7.11,true,1,
7290107930321,false,קונפיטורת יד מרדכי דובדובן 340 גרם,"בית אל מזון בע""מ",IL,קונפיטורה דובדבן,גרמים,340.00,100 גרם,false,1,9.90,2.91,true,1,
7290107932080,false,חלב מועשר יוטבתה בבקבוק 3% 1 ליטר,מחלבת יטבתה,IL,חלב מועשר 3%,ליטרים,1.00,ליטר,false,1,8.10,8.10,true,1,
7290107932134,false,חלב מועשר יוטבתה בבקבוק 1% 1 ליטר,מחלבת יטבתה,IL,חלב מועשר 1%,ליטרים,1.00,ליטר,false,1,8.10,8.10,true,1,
7290107934473,false,שמינייה יוגורט לבן אקטיביה 1.5% דנונה 150 גרם,"שטראוס גרופ בע""\מ",IL,אקטביה 1.5% 8 יח,ליטרים,1.20,ליטר,false,1,20.90,17.42,true,1,
7290107936309,false,דנונה יוגורט 7% יווני לבן 130 ג',"שטראוס בריאות בע""מ",IL,יוגורט יווני,גרמים,130.00,100 גרם,false,1,3.70,2.85,true,1,
7290107936958,false,עד חצות ביסקוויט אצבעות שוקולד 125 גרם,ביסקוויטס טור ד'\אלבון,FR,עד חצות אצבעות,גרמים,125.00,100 גרם,false,1,10.60,8.48,true,1,
7290107936965,false,עיגולים עד חצות עם שוקולד חלב 225 גר,ביסקווטרי עוגיות סנט,FR,עד חצות עיגולים,גרמים,230.00,100 גרם,false,1,13.90,6.04,true,1,
7290107937627,false,מסטיק מאסט Must קוביות ללא סוכר בטעם מנטה עדינה,אסקום קונפקשיין,DE,קוביות מסטיק,גרמים,58.00,100 גרם,false,1,10.50,18.10,true,1,
7290107937634,false,צנצנית מסטיק מאסט קוביות פפירמינט 58 ג' עלית,אסקום קונפקשיין,DE,קוביות מסטיק,גרמים,58.00,100 גרם,false,1,10.50,18.10,true,1,
7290107937641,false,צנצנת מסטיק בזוקה קוביות ללא סוכר,אסקום קונפקשיין,DE,קוביות מסטיק,גרמים,58.00,100 גרם,false,1,10.50,18.10,true,1,
7290107937856,false,קפסולות 11חזק למכונות נספרסו עלית 10יח',הנסיך- מפעל לייצור ט,IL,קפסולות עלית,גרמים,50.00,100 גרם,false,1,16.50,33.00,true,1,
7290107938396,false,שמיניית אקטימל תות דיסני בנים 108 גרם,מיוצר עי קונדיטוריית,IL,אקטימל תות 8יח',מיליליטרים,800.00,"100 מ""ל",false,1,19.90,2.49,true,1,
7290107943192,false,"שמנת חמוצה מהערבה 27% שומן 200 מ""ל יטבתה",מחלבת יטבתה,IL,שמנת חמוצה 27%,מיליליטרים,200.00,"100 מ""ל",false,1,4.10,2.05,true,1,
7290107944243,false,אפיפיות בטעם שוקולד 200 גרם כשר לפסח,"שטראוס גרופ בע""\מ",IL,אפיפיות טעם שוקו,גרמים,200.00,100 גרם,false,1,8.40,4.20,true,1,
7290107944472,false,סימפוניה גבינה במרקם שמנת 5% שום שמיר,"שטראוס בריאות בע""\מ",IL,גבינת סימפוניה,גרמים,200.00,100 גרם,false,1,10.00,5.00,true,1,
7290107950190,false,מעדן חלב דל קלוריות בטעם שוקולד מריר 0.5% שומן,מיוצר עי קונדיטוריית,IL,מעדן דיאט שוקולד,גרמים,130.00,100 גרם,false,1,3.50,2.69,true,1,
7290107950206,false,מעדן חלב דל קלוריות בטעם שוקולד 0% שומן,מיוצר עי קונדיטוריית,IL,מעדן דיאט שוקולד,גרמים,130.00,100 גרם,false,1,3.50,2.69,true,1,
7290107951104,false,בפלות ופלים ארוכים בטעם שוקולד,"שטראוס גרופ בע""\מ",IL,בפלות טעם שוקולד,גרמים,200.00,100 גרם,false,1,5.20,2.60,true,1,
7290107951111,false,בפלות ופלים ארוכים בטעם לימון,"א.ג. גילרו בע""\מ",IL,בפלות בטעם לימון,גרמים,200.00,100 גרם,false,1,5.20,2.60,true,1,
7290107953559,false,"מארז קפה טורקי עלית לדרך כשל""פ 168 גרם",הנסיך- מפעל לייצור ט,IL,קפה טורקי לדרך,גרמים,168.00,100 גרם,false,1,18.90,11.25,true,1,
7290107956642,false,"תרסיס שמן זית 150 מ""ל יד מרדכי כשלפ",פארייפאבה אגרואינדוס,ES,תרסיס שמן זית,מיליליטרים,150.00,"100 מ""ל",false,1,17.90,11.93,true,1,
7290107956901,false,קפסולות בטעם אגוזים למכונת נספרסו עלית 10 יחידות,שטראוס קפה בי.וי.,IL,קפסולות אספרסו,גרמים,50.00,100 גרם,false,1,16.50,33.00,true,1,
7290107956925,false,קפסולות 13 אוגנדה למכונת נספרסו עלית 10יח',שטראוס קפה בי.וי.,IL,קפסולות קפה,גרמים,50.00,100 גרם,false,1,16.50,33.00,true,1,
7290107957113,false,גבינת סימפוניה 5% עם זיתים פיקנטים 200 גרם,"שטראוס בריאות בע""\מ",IL,סימפוניה זיתים,גרמים,200.00,100 גרם,false,1,10.00,5.00,true,1,
7290107957991,false,מילקי CAKE מיניס קרם חלב בציפוי שוקולד חלב שקית 16X9ג',בובארד איטליה אס.פי.איי,IT,מילקי קייק מיניס,גרמים,144.00,100 גרם,false,1,14.50,10.07,true,1,
7290107958035,false,יוגורט במתיקות מעודנת 2% ללא תוספת סוכר- מארז 8 יח,"שטראוס בריאות בע""\מ",IL,דנונה מעודן 8 יח,קילוגרמים,1.20,"ק""ג",false,1,19.40,16.17,true,1,
7290107958639,false,"מטבוחה מרוקאית חריפה 400 גרם ""אחלה""",מיוצר עי קונדיטוריית,IL,מטבוחה,גרמים,400.00,100 גרם,false,1,16.70,4.18,true,1,
7290107971522,false,חטיף בוטנים ושקדים עם שוקולד מריר ופיסטוק,אמקו סאם מילס ספול.,CZ,חטיף FREE,גרמים,140.00,100 גרם,false,1,16.90,12.07,true,1,
7290107971751,false,מי פה קולגייט טוטל ללא אלכוהול פפרמינט,יבואן ומשווק: ש. שסט,PL,מי פה קולגייט,מיליליטרים,500.00,"100 מ""ל",false,1,15.90,3.18,true,1,
7290107973014,false,"סבון ידיים משאבה פלמוליב חלב ודבש 300 מ""ל",הנסיך- מפעל לייצור ט,TR,סבון ידיים,מיליליטרים,300.00,"100 מ""ל",false,1,10.90,3.63,true,1,
7290107973861,false,מאסטר שף עגבניות קצוצות דק שלישיה 400ג*3 כשלפ,קונסרזיו קאסאלאסקו ד,IT,עגבניות קצוצות3י,קילוגרמים,1.20,"ק""ג",false,1,16.90,14.08,true,1,
7290107974073,false,מנה עלי טורטיה קמח לבן מ.שף 20 סמ 320 גר,אלקאטי קורביישיסי גי,ES,עלי טורטיה,גרמים,320.00,100 גרם,false,1,10.90,3.41,true,1,
7290107974301,false,ליידי ספיד סטיק - דאודורנט ג'ל לאישה אלוורה 45 גרם,ליידי ספיד סטיק Lady Speed Stick,US,ליידי ספיד סטיק,גרמים,45.00,100 גרם,false,1,16.90,37.55,true,1,
7290107974820,false,ממרח בטעם ספייסי מיונז מאסטר שף 250 גרם,רמיה סי.וי.הולנד,NL,ממרח מתובל ספייס,גרמים,250.00,100 גרם,false,1,7.90,3.16,true,1,
7290107975360,false,ליידי ספיד סטיק פיור פרשנס ג'ל נשים 65ג',ליידי ספיד סטיק Lady Speed Stick,US,ליידי ספיד סטיק,גרמים,45.00,100 גרם,false,1,16.90,37.55,true,1,
7290107978347,false,איטריות בינוניות מאסטר שף 400 גרם,הדקלאים אגודת שיתופי,PL,איטריות בינוניות,גרמים,400.00,100 גרם,false,1,5.90,1.48,true,1,
7290107978637,false,"מרידול משחת שיניים 75 מ""ל כשל""פ-מרכז",קולגייט פלמוליב,PL,משחת מרידול,מיליליטרים,75.00,"100 מ""ל",false,1,19.90,26.53,true,1,
7290108350210,false,סנו סושי 30 שקיות אשפה XL חזקות במיוחד,מיוצר עי קונדיטוריית,IL,שקיות אשפה חזקות,יחידה,1.00,יחידה,false,1,24.90,24.90,true,1,
7290108350531,false,סנו ספארק נוזל כלים בניחוח קלאסי עם משאבה 1 ל',מיוצר עי קונדיטוריית,IL,ספארק לכלים,ליטרים,1.00,ליטר,false,1,10.90,10.90,true,1,
7290108350586,false,נוזל לניקוי כלים סנו ספארק Spark בניחוח לימון רענן,"סנו מפעלי ברונוס בע""\מ",IL,ספארק נוזל לכלים,ליטרים,1.50,ליטר,false,1,13.90,9.27,true,1,
7290108350616,false,סנו - מקסימה מרכך כביסה מרוכז פריחה כחולה 1 ליטר,"סנו מפעלי ברונוס בע""\מ",IL,מרכך מקסימה,ליטרים,1.00,ליטר,false,1,17.90,17.90,true,1,
7290108350623,false,מרכך כביסה סופר מרוכז סופט סילק מקסימה 1 ל' סנו,"סנו מפעלי ברונוס בע""\מ",IL,מרכך מקסימה,ליטרים,1.00,ליטר,false,1,17.90,17.90,true,1,
7290108351156,false,ג'ל ניקוי כללי בתוספת חומץ בריח לבנדר סנו ג'ט 1.5 ליטר,"סנו מפעלי ברונוס בע""\מ",IL,סנו ג'ט פלוס,ליטרים,1.50,ליטר,false,1,14.90,9.93,true,1,
7290108351507,false,מרכך כביסה אינספרישיין סנו מקסימה 4 ליטר,סנו מקסימה,IL,מרכך מקסימה,ליטרים,4.00,ליטר,false,1,21.90,5.48,true,1,
7290108351514,false,מרכך כביסה בלו בלוסום סנו מקסימה 4 ליטר,סנו מקסימה,IL,מרכך מקסימה,ליטרים,4.00,ליטר,false,1,21.90,5.48,true,1,
7290108351552,false,"סנו - ג'ט לניקוי כללי בתוספת חומץ בניחוח לבנדר 750 מ""ל","סנו מפעלי ברונוס בע""\מ",IL,סנו ג'ט עם חומץ,מיליליטרים,750.00,"100 מ""ל",false,1,15.90,2.12,true,1,
7290108351569,false,מבשם ומרכך למייבש כביסה Baby לתינוקות ולעור רגיש,"סנו מפעלי ברונוס בע""\מ",IL,מקסימה למייבש,מיליליטרים,750.00,"100 מ""ל",false,1,16.30,2.17,true,1,
7290108351590,false,"סנופרש הום בלו בלוסון בניחוח מרכך כביסה 350 מ""ל",סנו פרש Fresh,IL,סנופרש בלוסם,מיליליטרים,350.00,"100 מ""ל",false,1,10.90,3.11,true,1,
7290108351613,false,סנו ריצפז פרש הום 2 ליטר בניחוח מלון חלומי,"סנו מפעלי ברונוס בע""\מ",IL,ריצפז פרש הום,ליטרים,2.00,ליטר,false,1,17.90,8.95,true,1,
7290108351699,false,סנו - ג'ט מטליות לחות לניקוי כללי בתוספת חומץ לבנדר שלישיה,סנו מפעלי ברונוס על,IL,סנו ג'ט מטליות3*,יחידה,1.00,יחידה,false,1,19.90,19.90,true,1,
7290108352061,false,משחת שיניים Go White אורביט 145 גרם עם פחם,טרופיקל דגיל תעשיות קוסמ,IL,משחת אורביטול,גרמים,145.00,100 גרם,false,1,10.90,7.52,true,1,
7290108352085,false,"מי פה אורביטול רעננות חריפה 500 מ""ל",טרופיקל דגיל תעשיות,IL,אורביטול שטיפה,מיליליטרים,500.00,"100 מ""ל",false,1,15.00,3.00,true,1,
7290108352214,false,סנו - מקסימה קפסולות כביסה בניחוח בריזה מרעננת 40 יח',טרופיקל דגיל תעשיות,IL,קפסולות לכביסה,יחידה,1.00,יחידה,false,1,39.90,39.90,true,1,
7290108352252,false,נוזל לניקוי כלים מתאים לניקוי ירקות ופירות סנו ספארק,"סנו מפעלי ברונוס בע""\מ",IL,ספארק נוזל כלים,ליטרים,1.00,ליטר,false,1,10.90,10.90,true,1,
7290108352290,false,שלישיית מטליות לחיטוי ולניקוי יסודי לחדר האמבטיה סדרת 99.9%,מיוצר עי קונדיטוריית,IL,מטליות חיטוי99%,יחידה,1.00,יחידה,false,1,19.90,19.90,true,1,
7290108352320,false,"מבשם אויר סנו פרש הום בניחוח כותנה מלטפת 350 מ""ל",מיוצר עי קונדיטוריית,IL,סנופרש הום,מיליליטרים,350.00,"100 מ""ל",false,1,10.90,3.11,true,1,
7290108352511,false,ניקוי וחיטוי מכונת הכביסה בתוספת חומץ סנו מקסימה,"סנו מפעלי ברונוס בע""\מ",IL,מנקה מכונת כביסה,מיליליטרים,500.00,"100 מ""ל",false,1,12.90,2.58,true,1,
7290108352573,false,מרכך כביסה סנו מקסימה בבישום עוצמתי 4 ליטר,"סנו מפעלי ברונוס בע""\מ",IL,מרכך כביסה קאלם,ליטרים,4.00,ליטר,false,1,21.90,5.48,true,1,
7290108352641,false,סנו סושי מטלית הפלא לניקוי כללי במארז שלישייה,סנו מפעלי ברונוס.,IL,מטליות הפלא 3 יח,יחידה,1.00,יחידה,false,1,14.90,14.90,true,1,
7290108352795,false,סנו סושי שקיות M זיפר 50 יחידות,פיין ונטג,CN,שקיות מזון זיפר,יחידה,1.00,יחידה,false,1,10.00,10.00,true,1,
7290108353068,false,ספוג הפלא נירוסטה עם סיבי קירצוף סנו סושי 2 יח',מיוצר עי קונדיטוריית,IL,כריות קרצוף 2 יח,יחידה,1.00,יחידה,false,1,9.90,9.90,true,1,
7290108353372,false,אורביטול צמד מברשות שיניים 12000 סיבי פחם,"קוסמופארם בע""\מ",IL,מברשות שיניים2יח,יחידה,1.00,יחידה,false,1,29.90,29.90,true,1,
7290108353389,false,"אורביטול - מי פה ג'וניור לגילאי 8+ 250 מ""ל",קוסמופארם בעמ,IL,מי פה ג'וניור,מיליליטרים,250.00,"100 מ""ל",false,1,10.00,4.00,true,1,
7290108353501,false,"שקיות אשפה ענקיות עם ידיות ענקיות 75*90 ס""מ סנו סושי 25 יחידות",טרופיקל דגיל תעשיות,TR,שקיות אשפה XXL,יחידה,1.00,יחידה,false,1,20.00,20.00,true,1,
7290108353549,false,נייר אפייה סנו סושי 100 יח,"טופ פלסט 2002 בע""\מ",IL,סנו סושי נייר,יחידה,1.00,יחידה,false,1,21.90,21.90,true,1,
7290108353723,false,"קרמה - תחליב רחצה חימר תה ירוק 500 מ""ל","קוסמופארם בע""\מn\",IL,תחליב רחצה קרמה,מיליליטרים,500.00,"100 מ""ל",false,1,12.90,2.58,true,1,
7290108353761,false,"תחליב רחצה זן, בניחוח קשמיר 600 מ""ל קרימה","קוסמופארם בע""\מ",IL,קרמה תחליב רחצה,מיליליטרים,600.00,"100 מ""ל",false,1,18.90,3.15,true,1,
7290108353815,false,"תחליב רחצה מדיטציה, בניחוח פצ'ולי לבנדר 600 מ""ל קרימה","קוסמופארם בע""\מ",IL,קרמה תחליב רחצה,מיליליטרים,600.00,"100 מ""ל",false,1,18.90,3.15,true,1,
7290108353907,false,"קרמה - דאודורנט רול און לאישה קרמה קלאסי 75 מ""ל","קוסמופארם בע""\מ",IL,דאודורנט קרמה,מיליליטרים,75.00,"100 מ""ל",false,1,13.90,18.53,true,1,
7290108353990,false,"קרמה - קרם גוף קרמה מאסק 500 מ""ל",טרופיקל דגיל תעשיות,IL,קרם גוף מאסק,מיליליטרים,500.00,"100 מ""ל",false,1,21.90,4.38,true,1,
7290108354430,false,"שמפו כיף לשיקום והזנה שמן קוקוס וקרטין 700 מ""ל",קוסמופארם בעמ,IL,שמפו כיף,מיליליטרים,700.00,"100 מ""ל",false,1,12.90,1.84,false,1,
7290108354492,false,"קרליין שמפו 10 לשיער שמן ארגן 700 מ""ל","קוסמופארם בע""\מ",IL,שמפו 10 ארגן,מיליליטרים,700.00,"100 מ""ל",false,1,13.90,1.99,true,1,
7290108354607,false,"שמפו בניחוח מי קקטוס ושמן באבאסו 750 מ""ל נקה 7","אמיליה קוסמטיקס בע""מ",IL,שמפו נקה 7 קקטוס,מיליליטרים,750.00,"100 מ""ל",false,1,8.90,1.19,true,1,
7290108354614,false,"מרכך בניחוח מי קקטוס ושמן באבאסו 750 מ""ל נקה 7","אמיליה קוסמטיקס בע""מ",IL,מרכך נקה 7 קקטוס,מיליליטרים,750.00,"100 מ""ל",false,1,8.90,1.19,true,1,
7290108354706,false,"קרמה - תחליב רחצה מאסק 500 מ""ל","קוסמופארם בע""\מ",IL,תחליב רחצה קרמה,מיליליטרים,500.00,"100 מ""ל",false,1,12.90,2.58,true,1,
7290108354751,false,"סנו - ג'ט מרסס לניקוי כללי בתוספת אבקת סודה 750 מ""ל","סנו מפעלי ברונוס בע""\מ",IL,סנו ג'ט עם סודה,מיליליטרים,750.00,"100 מ""ל",false,1,15.90,2.12,true,1,
7290108355055,false,לחו.לשיער מקצועי גלייז נטורל פורמולה 400,נטורל פורמולה Natural Formula,IL,לחות נט.פורמולה,מיליליטרים,400.00,"100 מ""ל",false,1,29.90,7.48,true,1,
7290108355178,false,"קרמה - קרם ידיים חמאת שיאה וקוקוי 100 מ""ל",החברה הדרומית,IL,קרמה קרם ידיים,מיליליטרים,100.00,"100 מ""ל",false,1,9.90,9.90,true,1,
7290108355185,false,"נטורל מסיכת קרטין אינטנס למניעת קשקשים 350 מ""ל",נטורל פורמולה Natural Formula,IL,מסכה נטורל פורמו,מיליליטרים,350.00,"100 מ""ל",false,1,39.90,11.40,true,1,
7290108355802,false,"תחליב רחצה קרמה ורד ווניל 700 מ""ל",גוד פוד פרודקטס S.p,IL,תחליב רחצה קרמה,מיליליטרים,700.00,"100 מ""ל",false,1,14.90,2.12,true,1,
7290108356106,false,כיף תחליב רחצה חלב שקדים 700 מל,החברה הדרומית,IL,כיף תחליב רחצה,מיליליטרים,700.00,"100 מ""ל",false,1,10.90,1.56,true,1,
7290108356113,false,"כיף תחליב רחצה דבש 700 מ""ל-מרכז",קוסמופארם בעמ,IL,כיף תחליב רחצה,מיליליטרים,700.00,"100 מ""ל",false,1,10.90,1.56,true,1,
7290108356229,false,ג'ל גילוח לכל סוגי העור מועשר בפחם פעיל,טרופיקל דגיל תעשיות,TR,ג'ל גילוח מטהר,מיליליטרים,200.00,"100 מ""ל",false,1,14.90,7.45,true,1,
7290108356519,false,קרליין שמפו 10למניעת קשקשים 700מל,"קוסמופארם בע""\מ",IL,שמפו 10 קרליין,מיליליטרים,700.00,"100 מ""ל",false,1,13.90,1.99,true,1,
7290108356526,false,"קרליין - שמפו 10 לשיער יבש 700 מ""ל","קוסמופארם בע""\מ",IL,שמפו 10 קרליין,מיליליטרים,700.00,"100 מ""ל",false,1,13.90,1.99,true,1,
7290108356540,false,קרוליין 10 שמפו לשיער צבוע 700 מל,"קוסמופארם בע""\מ",IL,שמפו 10 קרליין,מיליליטרים,700.00,"100 מ""ל",false,1,13.90,1.99,true,1,
7290108356564,false,"קרליין - מרכך 10 לשיער רגיל 700 מ""ל","קוסמופארם בע""\מn\",IL,מרכך 10 קרליין,מיליליטרים,700.00,"100 מ""ל",false,1,13.90,1.99,true,1,
7290108356571,false,"קרליין - מרכך 10 לשיער יבש 700 מ""ל","קוסמופארם בע""\מ",IL,מרכך 10 קרליין,מיליליטרים,700.00,"100 מ""ל",false,1,13.90,1.99,true,1,
7290108356816,false,"סבון בוטני גרניום ופטצ'ולי לניקוי וטיפוח הידיים, טבעוני 1 ל' כיף",קוסמופארם בע'\'\מ,IL,כיף סבון פטצ'ולי,ליטרים,1.00,ליטר,false,1,12.90,12.90,true,1,
7290108356861,false,מגבוני בייבי כיף ללא בישום מארז חמישייה,"טרופיקל דגיל בע""\מ",IL,מגבוני בייבי כיף,יחידה,1.00,יחידה,false,1,22.90,22.90,true,1,
7290108357004,false,כיף שמפו ורד ושמן קוקוי לרכות וברק,טרופיקל דגיל תעשיות,IL,שמפו כיף,מיליליטרים,700.00,"100 מ""ל",false,1,12.90,1.84,true,1,
7290108357189,false,"מבשם ומרכך למייבש הכביסה מקסימה פלורל 750 מ""ל סנו","סנו מפעלי ברונוס בע""\מ",IL,מקסימה למייבש,מיליליטרים,750.00,"100 מ""ל",false,1,16.30,2.17,true,1,
7290108357226,false,"אוקסיגן POWER אבקה לכביסה לבנה והסרת כתמים 1.4 ק""ג סנו",החברה הדרומית,IL,אוקסיג'ן פאואר,קילוגרמים,1.40,"ק""ג",false,1,34.90,24.93,true,1,
7290108357240,false,"אוקסיג'ן פאוור תוסף להסרת כתמים קשים 1.4 ק""ג",החברה הדרומית,IL,אוקסיג'ן פאואר,קילוגרמים,1.40,"ק""ג",false,1,34.90,24.93,true,1,
7290108357653,false,סנובון ג'ל לאסלה שלישיה בניחוח אוקיינוס,החברה הדרומית,IL,סנובון באבלס,קילוגרמים,1.20,"ק""ג",false,1,15.90,13.25,true,1,
7290108357660,false,סנובון Bubbles שלישיית כדוריות ג'ל אסלה ניחוח לבנדר,סנו סנובון,CZ,סבון אסלה לבנדר,קילוגרמים,1.20,"ק""ג",false,1,15.90,13.25,true,1,
7290108357707,false,"כיף שמפו לשיער רגיל- תפוח זרעי צ'יה 700 מ""ל",גוד פוד פרודקטס S.p,IL,כיף שמפו,מיליליטרים,700.00,"100 מ""ל",false,1,12.90,1.84,true,1,
7290108357714,false,"כיף שמפו לשיער יבש -רימונים ושמן ארגן 700 מ""ל",גוד פוד פרודקטס S.p,IL,כיף שמפו,מיליליטרים,700.00,"100 מ""ל",false,1,12.90,1.84,true,1,
7290108357769,false,"מרכך לשיער רגיל תפוח וזרעי צ'יה 700 מ""ל כיף",גוד פוד פרודקטס S.p,IL,כיף מרכך שיער,מיליליטרים,700.00,"100 מ""ל",false,1,12.90,1.84,true,1,
7290108357776,false,"כיף מרכך לשיער יבש -רימונים ושמן ארגן 700 מ""ל",גוד פוד פרודקטס S.p,IL,כיף מרכך שיער,מיליליטרים,700.00,"100 מ""ל",false,1,12.90,1.84,true,1,
7290108357875,false,"כיף - שמפו לחות מוגברת עם אפרסק וחמאת מורומורו 700 מ""ל",קוסמופארם בעמ,IL,כיף שמפו אפרסק,מיליליטרים,700.00,"100 מ""ל",false,1,12.90,1.84,true,1,
7290108357882,false,"כיף - מרכך לחות מוגברת עם אפרסק וחמאת מורומורו 700 מ""ל",קוסמופארם בעמ,IL,כיף מרכך לשיער,מיליליטרים,700.00,"100 מ""ל",false,1,12.90,1.84,true,1,
7290108358087,false,"תחליב רחצה קרמה מאסק 700 מ""ל",גוד פוד פרודקטס S.p,IL,תחליב רחצה קרמה,מיליליטרים,700.00,"100 מ""ל",false,1,14.90,2.12,true,1,
7290108358124,false,דפי בישום לחים למייבש הכביסה בניחוח מרכך כביסה 20 יח' מקסימה,טרופיגל דגיל תעשיות קוסמ,IL,דפי בישום למייבש,יחידה,1.00,יחידה,false,1,13.90,13.90,true,1,
7290108359077,false,סנו - סופט לושן ממחטות אף בקופסא 3 שכבות 120 יח',"סנו מפעלו ברונוס בע""\מ",EG,סופט לושן ממחטות,יחידה,1.00,יחידה,false,1,12.90,12.90,true,1,
7290108359121,false,שקיות אשפה חזקות וגדולות 100 יח' בקופסא,סנו סושי,IL,שקיות אשפה,יחידה,1.00,יחידה,false,1,19.90,19.90,true,1,
7290108359138,false,סנו סושי שקיות אשפה עם שרוך 200 יח' L,סנו סושי,IL,שקיות אשפה 200יח,יחידה,1.00,יחידה,false,1,19.90,19.90,true,1,
7290108359879,false,"אלסבון בייבי כיף+משאבה 750 מ""ל",קוסמופארם בעמ,IL,בייבי כיף אלסבון,מיליליטרים,750.00,"100 מ""ל",false,1,17.90,2.39,true,1,
7290108359893,false,"תחליב רחצה בייבי כיף+משאבה 750 מ""ל",גוד פוד פרודקטס S.p,IL,תחליב רחצה בייבי,מיליליטרים,750.00,"100 מ""ל",false,1,17.90,2.39,true,1,
7290108359985,false,סנו - ז'אוול מרסס קצף לניקוי וחינו בניחוח פריחה לבנה 1 ליטר,סנו ז'אוול Javel,IL,ג'אוול קצף ניקוי,ליטרים,1.00,ליטר,false,1,18.90,18.90,true,1,
7290108500677,false,כבד דג שיבוט בשמן דג וילי פוד 115 גרם,"איטיליאן פוד, אס.פי.",IS,כבד גד שיבוט,גרמים,115.00,100 גרם,false,1,9.50,8.26,true,1,
7290108501346,false,גבינה מגורדת גאודה 28% שומן EURO CHEESE ויליפוד 500 גרם,ג. וילי פוד אינטרנשיונל,IL,גאודה מגורדת,גרמים,500.00,100 גרם,false,1,25.90,5.18,true,1,
7290108501360,false,גבינת צ'דר בשלה ויליפוד 200 גרם,ווייקה פארמס,GB,גבינת צ'דר,גרמים,200.00,100 גרם,false,1,19.90,9.95,true,1,
7290108501827,false,קדאיף שערות בצק ויליפוד 450 גרם,הנסיך- מפעל לייצור ט,GR,קדאיף שערות בצק,גרמים,450.00,100 גרם,false,1,19.90,4.42,true,1,
7290108502725,false,גבינת גאודה פרוסות ויליפוד 400 גרם,ג.וילי פוד אינטרנשיונל ב,IL,גבינת גאודה,גרמים,400.00,100 גרם,false,1,20.90,5.23,true,1,
7290108503159,false,גבינה כחולה עם עובש 31% ויליפוד 100 גרם,קסוס אל פסטור,ES,גבינה כחולה,גרמים,100.00,100 גרם,false,1,14.90,14.90,true,1,
7290108505207,false,יוגורט עם אוכמניות 0% שומן ויליפוד 150 גרם,Euro יורו מחלבות אירופה,GR,יוגורט יווני,גרמים,150.00,100 גרם,false,1,5.90,3.93,true,1,
7290108506426,false,בייגלה קראנצ'י טורקי אותנטי - מוקפא,וילי פוד,TR,סימיט בייגלה,גרמים,400.00,100 גרם,false,1,19.90,4.98,true,1,
7290108506495,false,"כנאפה מאפה בצק ""שערות"" קדאיף וגבינה",ארמה גרופ,TR,כנאפה קפוא,גרמים,192.00,100 גרם,false,1,14.90,7.76,true,1,
7290108508130,false,עגבניות איטלקיות מרוסקות 390 גרם,וילי פוד,IT,עגבניות מרוסקות,גרמים,390.00,100 גרם,false,1,8.90,2.28,true,1,
7290108509052,false,מאפה פילו במילוי גבינת פטה ויליפוד 400 גרם,וילי פוד,GR,מאפה פילו גבינת,גרמים,400.00,100 גרם,false,1,17.90,4.48,true,1,
7290108509106,false,"גבינה בולגרית מעודנת בקוביות 13% שומן 200 ג' חת""ס פ""ת","היצרן: קוליוס אס. איי, ג",TR,בולגרית מעודנת,גרמים,200.00,100 גרם,false,1,12.90,6.45,true,1,
7290108509113,false,"גבינה בולגרית מעודנת 18% שומן 250 גרם חת""ס פ""ת",Euro יורו מחלבות אירופה,TR,בולגרית מעודנת,גרמים,250.00,100 גרם,false,1,11.90,4.76,true,1,
7290108509199,false,גבינת פטה 17% שומן יורו 500 ג',מבגל אס.איי,TR,גבינת פטה,גרמים,500.00,100 גרם,false,1,22.90,4.58,true,1,
7290108509571,false,גבינה מלוחה עם צילי ופפריקה 24% שומן 153,,GR,גבינה מלוחה,גרמים,153.00,100 גרם,false,1,15.90,10.39,true,1,
7290108509588,false,גבינה פטה 24% עם עשבי תיבול 153 גרם ויליפוד,,GR,גבינה מלוחה,גרמים,153.00,100 גרם,false,1,15.90,10.39,true,1,
7290108509700,false,"אורז פרסי DAAWAT מהדרין 1 ק""ג",אל.טי.פודס לימיטד,IN,אורז פרסי דאווט,קילוגרמים,1.00,"ק""ג",false,1,10.00,10.00,true,1,
7290109351025,false,מלך החומוס חומוסטחינה 40% טחינה גולמית,סלטי צבר,IL,חומוסטחינה צבר,גרמים,400.00,100 גרם,false,1,13.90,3.48,true,1,
7290109351971,false,פריכיות דגנים פיטנס מצופות שוקולד חלב,פרח תעשיות,IL,פיטנס בר פריכיות,גרמים,84.00,100 גרם,false,1,12.90,15.36,true,1,
7290109352916,false,פריכיות דגנים פיטנס מצופות שוקולד לבן,פרח תעשיות,IL,פיטנס בר פריכיות,גרמים,84.00,100 גרם,false,1,12.90,15.36,true,1,
7290109354057,false,קרחוני לה פרוטה La Frutta בטעמי אננס תפוז- 5 יח',תות תעשיות מזון (201,IL,מאגדת לה פרוטה,גרמים,350.00,100 גרם,false,1,24.90,7.11,true,1,
7290109354101,false,"לחמית ללא גלוטן 200 גר' ""אסם""","אסם תעשיות בע""מ",IL,לחמית ללא גלוטן,גרמים,200.00,100 גרם,false,1,9.90,4.95,true,1,
7290109354996,false,פתי בר ללא גלוטן שוקו 200 גרם אסם,מיוצר עי קונדיטוריית,IL,פתי בר ללא גלוטן,גרמים,200.00,100 גרם,false,1,9.90,4.95,true,1,
7290109358482,false,עוגיות קרמוגית במילוי קרם בטעם חלבה,"הגביע מוצרי וופלים בע""\מ",IL,קרמוגית חלבה,גרמים,200.00,100 גרם,false,1,10.90,5.45,true,1,
7290109580036,false,"שניצל תירס 1.25 ק""ג זוגלובק",,IL,שניצל תירס 1.25,קילוגרמים,1.25,"ק""ג",false,1,39.90,31.92,true,1,
7290109580050,false,נקניקיות צ'וריסוס וונדרס 0% בשר טבעוני ללא גלוטן,"וונדרס ע""י זוגלובק 2000",IL,וונדרס נקנקיות צ,גרמים,226.00,100 גרם,false,1,29.90,13.23,true,1,
7290109580067,false,"טחון וונדרס 0% בשר , טבעוני","וונדרס ע""י זוגלובק 2000",IL,וונדרס טחון,גרמים,340.00,100 גרם,false,1,29.90,8.79,true,1,
7290109580104,false,רוסטביף פרימיום זוגלובק 150 גרם,זוגלובק,IL,רוסטביף פרימיום,גרמים,150.00,100 גרם,false,1,22.90,15.27,true,1,
7290109580111,false,צלעות אסאדו מעושנות פרימיום זוגלובק 120 גרם,זוגלובק,IL,צלעות אסאדו מעוש,גרמים,120.00,100 גרם,false,1,22.90,19.08,true,1,
7290109580135,false,קורנדביף פרימיום 180 גרם זוגלובק,זוגלובק,IL,קורנדביף פרימיו,גרמים,180.00,100 גרם,false,1,22.90,12.72,true,1,
7290109580166,false,סרוולד קלאסי פרימיום זוגלובק 150 גרם,זוגלובק,IL,סרוולד קלאסי,גרמים,150.00,100 גרם,false,1,22.90,15.27,true,1,
7290109580241,false,נאגטס מן הצומח זוגלובק 500 גרם,זוגלובק טבע,IL,נאגטס מן הצומח,קילוגרמים,0.50,"ק""ג",false,1,23.90,47.80,true,1,
7290109580432,false,פסטרמה חזה הודו מעושן דק דק זוגלובק 120 גרם,זוגלובק,IL,פסטרמה אקסטרה מע,גרמים,120.00,100 גרם,false,1,13.90,11.58,true,1,
7290109580449,false,סלמי בטעם כמהין פרימיום זוגלובק 180 גרם,זוגלובק,IL,סלמי בטעם כמהין,גרמים,180.00,100 גרם,false,1,22.90,12.72,true,1,
7290109923147,false,אסטוניש מהדורה פרימיום פלא של אקונומיקה,יעקבי- אסטוניש Astonish,GB,אסטוניש מרסס,מיליליטרים,750.00,"100 מ""ל",false,1,14.90,1.99,true,1,
7290110000493,false,חמאת בוטנים טבעית קראנצ'י 350 גר',"בטר אנד דיפרנט בע""מ",IL,חמאת בוטנים,גרמים,350.00,100 גרם,false,1,14.20,4.06,true,1,
7290110110277,false,"סומרסבי סיידר תפוחים אלכוהולי 4*300 מ""ל","קרלסברג קרואטיה , יב",HR,סומרסבי 4 יח',ליטרים,1.32,ליטר,false,1,29.90,22.65,true,1,
7290110110574,false,"פחיות קוקה קולה זירו לימון 330 מ""ל",החברה המרכזית לייצור משק,IL,פחית קולה זירו,מיליליטרים,330.00,"100 מ""ל",false,1,5.40,1.64,true,1,
7290110114787,false,נביעות+ מים מינרליים בטעם תפוח 1.5 ליטר,נביעות טבע הגליל בעמ,IL,נביעות+תפוח,ליטרים,1.50,ליטר,false,0,9.50,6.33,true,1,
7290110114794,false,נביעות+ מים מינרליים בטעם אפרסק 1.5 ליטר,"נביעות טבע הגליל בע""\מ ,",IL,נביעות+אפרסק,ליטרים,1.50,ליטר,false,0,9.50,6.33,true,1,
7290110114800,false,נביעות+ מים מינרליים בטעם ענבים 1.5 ליטר,"נביעות טבע הגליל בע""\מ",IL,נביעות+ענבים,ליטרים,1.50,ליטר,false,0,9.50,6.33,true,1,
7290110114855,false,"נביעות מים מינרליים, שישיה 6 * 1.5 ליטר פקדון",נביעות טבע הגליל בעמ,IL,מים נביעות1.5*6ל,ליטרים,9.00,ליטר,false,0,12.50,1.39,true,1,
7290110114893,false,פריגת סחוט טרי תפוז 2 ליטר,פריגת מצוננים,IL,מיץ תפוזים,ליטרים,2.00,ליטר,false,0,23.80,11.90,true,1,
7290110114954,false,מיץ תפוזים מתקתקים פריגת 2 ליטר,פריגת מצוננים,IL,מיץ תפוזים,ליטרים,2.00,ליטר,false,0,22.90,11.45,true,1,
7290110114961,false,משקה קל תפוזים פריגת 1.5 ליטר,מבשלות בירה בינלאומיות ב,IL,פריגת תפוזים,ליטרים,1.50,ליטר,false,0,8.90,5.93,true,1,
7290110114985,false,משקה קל אשכוליות פריגת 1.5 ליטר,מבשלות בירה בינלאומיות ב,IL,פריגת אשכוליו,ליטרים,1.50,ליטר,false,0,8.90,5.93,true,1,
7290110114992,false,משקה קל לייט אשכוליות פריגת 1.5 ליטר,מבשלות בירה בינלאומיות ב,IL,פריגת אשכולי,ליטרים,1.50,ליטר,false,0,8.50,5.67,true,1,
7290110115005,false,משקה קל ענבים פריגת 1.5 ליטר,מבשלות בירה בינלאומיות ב,IL,פריגת ענבים,ליטרים,1.50,ליטר,false,0,8.90,5.93,true,1,
7290110115012,false,מיץ ענבים בניחוח מרלו 1.5 ל' פריגת,פריגת,IL,פריגת ענבים,ליטרים,1.50,ליטר,false,0,8.90,5.93,true,1,
7290110115029,false,"פריגת משק""ל תפוח 1.5 ליטר פיקדון",מבשלות בירה בינלאומיות ב,IL,פריגת תפוחים,ליטרים,1.50,ליטר,false,0,8.90,5.93,true,1,
7290110115036,false,משקה קל מנגו פריגת 1.5 ליטר,מבשלות בירה בינלאומיות ב,IL,פריגת מנגו,ליטרים,1.50,ליטר,false,0,8.90,5.93,true,1,
7290110115043,false,משקה קל לימונענע פריגת 1.5 ליטר,מבשלות בירה בינלאומיות ב,IL,"משק""ל פריגת",ליטרים,1.50,ליטר,false,0,8.90,5.93,true,1,
7290110115050,false,פריגת מיקס תות בננה 1.5 ליטר פיקדון,מבשלות בירה בינלאומיות ב,IL,פריגת תות בננ,ליטרים,1.50,ליטר,false,0,8.90,5.93,true,1,
7290110115074,false,פריגת תפוח דובדבן 1.5 ליטר פיקדון,מבשלות בירה בינלאומיות ב,IL,פריגת דובדבן,ליטרים,1.50,ליטר,false,0,8.90,5.93,true,1,
7290110115081,false,פריגת צלול ענבים 1.5 ליטר פיקדון,"מבשלות בירה לישראל בע""\מ",IL,פריגת צלול ענ,ליטרים,1.50,ליטר,false,0,8.50,5.67,true,1,
7290110115111,false,פריגת צלול אננס 1.5 ליטר פיקדון,"מבשלות בירה לישראל בע""\מ",IL,פריגת צלול אנ,ליטרים,1.50,ליטר,false,0,8.50,5.67,true,1,
7290110115203,false,קוקה קולה 1.5 ליטר פיקדון,החברה המרכזית לייצור משק,IL,קוקה קולה,ליטרים,1.50,ליטר,false,0,8.90,5.93,true,1,
7290110115210,false,דיאט קוקה קולה 1.5 ליטר פיקדון,החברה המרכזית לייצור משק,IL,קוקה קולה דיא,ליטרים,1.50,ליטר,false,0,8.50,5.67,true,1,
7290110115227,false,קוקה-קולה זירו בקבוק 1.5 ליטר,החברה המרכזית לייצור משק,IL,קוקה קולה זיר,ליטרים,1.50,ליטר,false,0,8.50,5.67,true,1,
7290110115234,false,קוקה-קולה זירו נטול בקבוק 1.5 ליטר,החברה המרכזית לייצור משק,IL,קולה זירו נטו,ליטרים,1.50,ליטר,false,0,8.50,5.67,true,1,
7290110115241,false,קוקה-קולה זירו לימון בקבוק 1.5 ליטר,החברה המרכזית לייצור משק,IL,קולה זירו לימ,ליטרים,1.50,ליטר,false,0,8.50,5.67,true,1,
7290110115258,false,קוקה קולה זירו מנגו 1.5 ליטר -,החברה המרכזית לייצור משק,IL,קולה זירו מנג,ליטרים,1.50,ליטר,false,0,8.50,5.67,true,1,
7290110115265,false,ספרייט לימון ליים 1.5 ליטר-,החברה המרכזית לייצור משק,IL,ספרייט ליים,ליטרים,1.50,ליטר,false,0,8.90,5.93,true,1,
7290110115272,false,ZERO ספרייט זירו 1.5 ליטר פיקדון,החברה המרכזית לייצור משק,IL,ספרייט זירו,ליטרים,1.50,ליטר,false,0,8.90,5.93,true,1,
7290110115289,false,ספרייט 19 קל' לימון-נענע 1.5 ליטר פיקדון,החברה המרכזית לייצור משק,IL,ספרייט נענע,ליטרים,1.50,ליטר,false,0,8.90,5.93,true,1,
7290110115296,false,משקה מוגז אורנג' פאנטה 1.5 ליטר,החברה המרכזית לייצור משק,IL,פאנטה אורנג',ליטרים,1.50,ליטר,false,0,8.90,5.93,true,1,
7290110115302,false,משקה מוגז אורנג' זירו פאנטה 1.5 ליטר,החברה המרכזית לייצור משק,IL,פאנטה זירו או,ליטרים,1.50,ליטר,false,0,8.90,5.93,true,1,
7290110115319,false,פאנטה אקזוטיק 1.5 ליטר פיקדון,החברה המרכזית לייצור משק,IL,פאנטה אקזוטי,ליטרים,1.50,ליטר,false,0,8.90,5.93,true,1,
7290110115333,false,פאנטה תות 1.5 ליטר פיקדון,החברה המרכזית לייצור משק,IL,פאנטה תות,ליטרים,1.50,ליטר,false,0,8.90,5.93,true,1,
7290110115340,false,פאנטה ענבים 1.5 ליטר פיקדון,החברה המרכזית לייצור משק,IL,פאנטה ענבים,ליטרים,1.50,ליטר,false,0,8.90,5.93,true,1,
7290110115364,false,שישייה קוקה קולה 1.5 ליטר פיקדון,החברה המרכזית לייצור משק,IL,קוקה קולה1.5*6ל,ליטרים,9.00,ליטר,false,0,49.90,5.54,true,1,
7290110115371,false,דיאט קוקה קולה שישיות 1.5 ליטר פיקדון,החברה המרכזית לייצור משק,IL,קולה דיאט1.5*6ל,ליטרים,9.00,ליטר,false,0,46.90,5.21,true,1,
7290110115388,false,ספרייט ליים שישיות 1.5 ליטר פיקדון,החברה המרכזית לייצור משק,IL,ספרייט ליים1.5*6,ליטרים,9.00,ליטר,false,0,49.90,5.54,true,1,
7290110115395,false,ZERO ספרייט שישיות 1.5 ליטר פיקדון,החברה המרכזית לייצור משק,IL,ספרייט זירו1.5*6,ליטרים,9.00,ליטר,false,0,46.90,5.21,true,1,
7290110115418,false,מארז שישייה קוקה קולה זירו 1.5 ל',החברה המרכזית לייצור משק,IL,קולה זירו1.5*6ל,ליטרים,9.00,ליטר,false,0,46.90,5.21,true,1,
7290110115425,false,FUZE TEA גרין לימונענע -נענע 1.5 ליטר פיקדון,מבשלות בירה בינלאומיות ב,IL,פיוז תה לימון,ליטרים,1.50,ליטר,false,0,8.90,5.93,true,1,
7290110115449,false,אייס תה בטעם מנגו אננס 1.5ל' FUZE TEA,מבשלות בירה בינלאומיות ב,IL,תה מנגו אננס,ליטרים,1.50,ליטר,false,0,9.20,6.13,true,1,
7290110115456,false,"תה קר בטעם אפרסק 19 קלוריות ב- 100 מ""ל",מבשלות בירה בינלאומיות ב,IL,פיוז תה אפרסק,ליטרים,1.50,ליטר,false,0,8.90,5.93,true,1,
7290110115463,false,פיוז טי אפרסק 1.5 ליטר פיקדון,מבשלות בירה בינלאומיות ב,IL,פיוז תה אפרסק,ליטרים,1.50,ליטר,false,0,9.20,6.13,true,1,
7290110115470,false,פיוז תה אפרסק דיאט 1.5ל',מבשלות בירה בינלאומיות ב,IL,פיוז תה אפרסק,ליטרים,1.50,ליטר,false,0,8.90,5.93,true,1,
7290110115487,false,FUZE TEA רביעיות אפרסק 1.5 ליטר פיקדון,מבשלות בירה בינלאומיות ב,IL,פיוז תה 1.5*4ל,ליטרים,6.00,ליטר,false,0,35.90,5.98,true,1,
7290110115494,false,תה קר בטעם ענבים פיוז טי 1.5 ליטר,מבשלות בירה בינלאומית בע,IL,פיוז תה ענבים,ליטרים,1.50,ליטר,false,0,9.20,6.13,true,1,
7290110115531,false,משקה מוגז תפוח זירו פאנטה 1.5 ליטר,החברה המרכזית לייצור משק,IL,פאנטה זירו תפ,ליטרים,1.50,ליטר,false,0,8.90,5.93,true,1,
7290110115593,false,פריגת אשכוליות 40% פחות סוכר 1.5 ליטר פיקדון,מבשלות בירה בינלאומיות ב,IL,פריגת אשכוליו,ליטרים,1.50,ליטר,false,0,8.50,5.67,true,1,
7290110115609,false,פריגת ענבים 40% פחות סוכר 1.5 ליטר פיקדון,מבשלות בירה בינלאומיות ב,IL,פריגת ענבים,ליטרים,1.50,ליטר,false,0,8.50,5.67,true,1,
7290110115623,false,משקה פיוז טי זירו ZERO בטעם אפרסק,מבשלות בירה בינלאומיות ב,IL,פיוז תה אפרסק,ליטרים,1.50,ליטר,false,1,8.90,5.93,true,1,
7290110116125,false,"סירופ בטעם פטל פריגת 750 מ""ל",סירופ - גבעת חיים,IL,סירופ בטעם פטל,מיליליטרים,750.00,"100 מ""ל",false,1,23.90,3.19,true,1,
7290110116217,false,נביעות+ סדרת 0 קלוריות אשכוליות 1.5 ליטר,"נביעות טבע הגליל בע""\מ",IL,נביעות+אשכולית,ליטרים,1.50,ליטר,false,1,9.90,6.60,true,1,
7290110116392,false,"סירופ בטעם תפוזים פריגת 750 מ""ל",סירופ - גבעת חיים,IL,סירופ תפוזים,מיליליטרים,750.00,"100 מ""ל",false,1,23.90,3.19,true,1,
7290110116484,false,פריגת סחוט מיקס תות בננה 1ליטר,פריגת מצוננים,IL,פריגת תות בננה,מיליליטרים,1000.00,"100 מ""ל",false,1,13.90,1.39,true,1,
7290110116552,false,ספרייט לימון היט 1.5 ליטר LIME פיקדון,החברה המרכזית לייצור משק,IL,ספרייט למון היט,ליטרים,1.50,ליטר,false,1,8.90,5.93,true,1,
7290110116569,false,"ספרייט זירו ZERO בק LEMON HIT, 1.5 ליטר",החברה המרכזית לייצור משק,IL,ספרייט זירו למון,ליטרים,1.50,ליטר,false,1,8.90,5.93,true,1,
7290110320867,false,פתיתים גבינה חצי קשה מגורדת 28% שומן,תנובה מרכז שיתופי לש,IL,פתיתי עמק,גרמים,500.00,100 גרם,false,1,36.60,7.32,true,1,
7290110321277,false,קוטג' בקטנה 5% תנובה 100 גרם מהדרין,פארייפאבה אגרואינדוס,IL,קוטג' בקטנה 5%,גרמים,100.00,100 גרם,false,1,2.60,2.60,true,1,
7290110321284,false,קוטג' בקטנה 9% תנובה 100 גרם מהדרין,פארייפאבה אגרואינדוס,IL,קוטג' בקטנה 9%,גרמים,100.00,100 גרם,false,1,2.60,2.60,true,1,
7290110321604,false,קוביות פיראוס בולגרית מעודנת 5% 200 גרם - רבנות,תנובה חלב,IL,קוביות מעודנת 5%,גרמים,200.00,100 גרם,false,1,21.60,10.80,true,1,
7290110322014,false,טופו בטעם טבעי תנובה ALTERNATIVE,שוורצקוף& הנקל דיסלד,IL,טופו טבעי300 גרם,גרמים,300.00,100 גרם,false,1,13.10,4.37,true,1,
7290110322946,false,יופלה טיוב יוגורט במרקם חלק בטעם תות בננה כשרות רבנות 348 ג',תנובה חלב,IL,יופלה טיוב 6 יח,גרמים,348.00,100 גרם,false,1,12.40,3.56,true,1,
7290110324551,false,יופלה טיוב יוגורט במרקם חלק תות כשרות מהדרין,"תנובה בע""\מ",IL,יופלה טיוב תות,גרמים,348.00,100 גרם,false,1,12.40,3.56,true,1,
7290110324872,false,גבינה צהובה גלבוע 5% שומן 200 גרם,גלבוע - תנובה,IL,גלבוע 5%פרוסות,גרמים,200.00,100 גרם,false,1,18.80,9.40,true,1,
7290110324926,false,משקה סויה ללא תוספת סוכר E אלטרנטיב,תנובה מרכז שיתופי לש,IL,"משקה סויה ללת""ס",ליטרים,1.00,ליטר,false,1,11.40,11.40,true,1,
7290110325305,false,יופלה GO סויה 20 גרם חלבון במתיקות מעודנת תנובה 200 גרם,מיוצר עי קונדיטוריית,IL,מעדן גו סויה,גרמים,200.00,100 גרם,false,1,6.00,3.00,true,1,
7290110325312,false,יופלה GO סויה 20 גרם חלבון בטעם תות תנובה 200 גרם,"תנובה בע""\מ",IL,מעדן סויה ביו,גרמים,200.00,100 גרם,false,1,6.00,3.00,true,1,
7290110325619,false,משקה שיבולת שועל תנובה E אלטרנטיב,מיוצר עי קונדיטוריית,IL,משקה שיבולת שועל,ליטרים,1.00,ליטר,false,1,13.50,13.50,true,1,
7290110325701,false,פיראוס צזיקי יווני 9% שומן בשיטת יצור מסורתית על בסיס יוגורט,גוד פוד פרודקטס S.p,IL,צזיקי יווני,גרמים,250.00,100 גרם,false,1,12.90,5.16,true,1,
7290110325879,false,פתיתי גאודה תנובה 200 גרם,תנובה- השף הלבן,IL,פתיתי גאודה,גרמים,200.00,100 גרם,false,1,15.90,7.95,true,1,
7290110326210,false,יופלה און טופ פצפוצים תנובה 157 גרם,מיוצר עי קונדיטוריית,IL,יופלה און טופ,גרמים,157.00,100 גרם,false,1,5.10,3.25,true,1,
7290110326227,false,יופלה און טופ קורנפלקס תנובה 157 גרם,מיוצר עי קונדיטוריית,IL,יופלה און טופ,גרמים,157.00,100 גרם,false,1,5.10,3.25,true,1,
7290110326906,false,חלב נטול לקטוז 3% שומן תנובה 1 ליטר,מיוצר עי קונדיטוריית,IL,חלב נטול לקטוז,ליטרים,1.00,ליטר,false,1,7.40,7.40,true,1,
7290110327033,false,משקה סויה תנובה גו מועשר בחלבון במתיקות מופחתת,מיוצר עי קונדיטוריית,IL,משקה סויה מועשר,ליטרים,1.00,ליטר,false,1,13.50,13.50,true,1,
7290110327514,false,alternative משקה שיבולת שועל בטעם אגוזי לוז תנובה 1 ליטר,תנובה מרכז שיתופי לש,IL,משקה ש.שועל,ליטרים,1.00,ליטר,false,1,13.50,13.50,true,1,
7290110327804,false,חטיף חלבון GO - עוגיות 60 ג' חלב נוכרי - רבנות,"בלמונט קונפקציות בע""\מ.",US,חטיף חלבון,גרמים,60.00,100 גרם,false,1,12.90,21.50,true,1,
7290110327811,false,חטיף חלבון GO - קוקוס 60 ג' חלב נוכרי - רבנות,"בלמונט קונפקציות בע""\מ.",US,חטיף חלבון,גרמים,60.00,100 גרם,false,1,12.90,21.50,true,1,
7290110328221,false,יוגורט נטול לקטוז תנובה 200 גרם,מיוצר עי קונדיטוריית,IL,יוגורט תנובה,גרמים,200.00,100 גרם,false,1,3.90,1.95,true,1,
7290110328627,false,יוגורט יופלה GO במרקם סמיך בטעם בננה קרמל 0%,מיוצר עי קונדיטוריית,IL,יוגורט גו קרמי,גרמים,200.00,100 גרם,false,1,5.00,2.50,true,1,
7290110328764,false,יוגורט יופלה GO במרקם סמיך עם תות 0%,מיוצר עי קונדיטוריית,IL,יוגורט גו קרמי,גרמים,200.00,100 גרם,false,1,5.00,2.50,true,1,
7290110328771,false,יוגורט יופלה GO במרקם סמיך עם פירות יער 0%,מיוצר עי קונדיטוריית,IL,יוגורט גו קרמי,גרמים,200.00,100 גרם,false,1,5.00,2.50,true,1,
7290110329266,false,יוגורט תנובה מחלב עיזים מלא תנובה 140 ג',קריות זול,IL,יוגורט עיזים מלא,גרמים,140.00,100 גרם,false,1,6.20,4.43,true,1,
7290110329303,false,פרוסות בטעם צהובה קלאסית אלטרנטיב 200 גר,תנובה Alternative,IL,פרוסות צהובה,גרמים,200.00,100 גרם,false,1,22.90,11.45,true,1,
7290110329730,false,"משקה חלב עם שוקולד וקפה בסגנון לאטה 2.7%  230 מ""ל תנובה",תנובה מרכז שיתופי לש,IL,משקה חלב שוקולד,גרמים,230.00,100 גרם,false,1,7.90,3.43,true,1,
7290110329808,false,יוגורט סויה BIO Alternative תות 150 ג' תנובה,מיוצר עי קונדיטוריית,IL,מעדן סויה ביו,גרמים,150.00,100 גרם,false,1,5.10,3.40,true,1,
7290110329822,false,יוגורט סויה BIO Alternative פירות יער 150 ג' תנובה,מיוצר עי קונדיטוריית,IL,מעדן סויה ביו,גרמים,150.00,100 גרם,false,1,5.10,3.40,true,1,
7290110329839,false,פרוסות צהובה בטעם זיתים 200 ג' אלטרנטיב אלטרנטיב,מיוצר עי קונדיטוריית,IL,פרוסות צהובה,גרמים,200.00,100 גרם,false,1,21.90,10.95,true,1,
7290110329846,false,יוגורט סויה BIO Alternative בטעם טבעי 150 ג' תנובה,תנובה Alternative,IL,מעדן ביו טבעי,גרמים,150.00,100 גרם,false,1,5.10,3.40,true,1,
7290110550202,false,מטבעות שוקולד חלב לאפיה 400 גרם עלית,"פוליבה בע""\מ",IL,מטבעות שוקולד,גרמים,400.00,100 גרם,false,1,31.10,7.78,true,1,
7290110550219,false,מטבעות שוקולד לבן לאפיה 400 גרם עלית,"פוליבה בע""\מ",IL,מטבעות שוקולד,מיליליטרים,400.00,"100 מ""ל",false,1,31.10,7.78,true,1,
7290110552121,false,יוגורט בתוספת סידן וויטמין ד 100 ג' דנונה,תנובה מרכז שיתופי לש,IL,היוגורט הראשון,גרמים,100.00,100 גרם,false,1,2.40,2.40,true,1,
7290110552220,false,יוגורט PRO בטעם תות 0% סוכר לבן 20 גרם חלבון בגביע,"שטראוס בריאות בע""\מ",IL,דנונה פרו חלבון,גרמים,200.00,100 גרם,false,1,6.20,3.10,true,1,
7290110552237,false,יוגורט פרו בטעם אפרסק מנגו ללא סוכר 200 ג' דנונה,"שטראוס בריאות בע""\מ",IL,דנונה פרו חלבון,גרמים,200.00,100 גרם,false,1,6.20,3.10,true,1,
7290110554095,false,דבש לחיץ 440 גרם,מכוורת יד מרדכי שטראוס ב,IL,דבש לחיץ,גרמים,440.00,100 גרם,false,1,23.90,5.43,true,1,
7290110554583,false,מארז חטיפי צ'יטוס פאפס בטעם גבינה - 10 יחידות,"שטראוס פריטו ליי בע""\מ )",IL,צ'יטוס פאפס 10יח,גרמים,200.00,100 גרם,false,1,14.20,7.10,true,1,
7290110554699,false,"קפה עולה קפסולות אספרסו קלייה איטית וכהה מאוד, 10 * 50 ג'",שטראוס קפה בי.וי.,IL,קפסולות בית קליה,גרמים,50.00,100 גרם,false,1,18.90,37.80,true,1,
7290110554705,false,קפסולות נספרסו לקפה יוניקו סדרת בתי הקלייה 10יח,שטראוס קפה בי.וי.,IL,קפסולות בית קליה,גרמים,50.00,100 גרם,false,1,18.90,37.80,true,1,
7290110554712,false,"קפסולות קפה אספרסו קלייה איטית ובהירה, 10 * 50 ג'",שטראוס קפה בי.וי.,IL,קפסולות בית קליה,גרמים,50.00,100 גרם,false,1,18.90,37.80,true,1,
7290110554798,false,פולי אספרסו עשירים וארומטיים עוצמה 8 עלית 250 גרם,שטראוס קפה בי. וי.,IL,פולי קפה אספרסו,גרמים,250.00,100 גרם,false,1,21.90,8.76,true,1,
7290110555306,false,רבע לשבע טבעוני סינמון באן עלית 125 גרם,"הגביע מוצרי וופלים בע""\מ",IL,רב לשבע טבעוני,גרמים,125.00,100 גרם,false,1,9.80,7.84,true,1,
7290110555603,false,ספלנדיד אבקה להכנת משקה בטעם שוקולטה,"ג'אלוסיס י. בע""\מ",GR,שוקולוטה ספלנדיד,גרמים,360.00,100 גרם,false,1,24.10,6.69,true,1,
7290110555665,false,קקאו דל שומן עלית בקופסא 220 גרם,"ג'אלוסיס י. בע""\מ",GR,קקאו דל שומן,גרמים,220.00,100 גרם,false,1,19.90,9.05,true,1,
7290110556242,false,"שוקולד מריר פרווה 100 גר' בד""ץ תוצרת חוץ","שטראוס גרופ בע""מ.",FR,שוקולד פרה מריר,גרמים,100.00,100 גרם,false,1,5.90,5.90,true,1,
7290110557027,false,חומוס עשיר 50% טחינה גולמית 400 ג' אחלה,מיוצר עי קונדיטוריית,IL,חומוס עשיר 50% ט,גרמים,400.00,100 גרם,false,1,13.90,3.48,true,1,
7290110557102,false,מעדן חלב עם שוקולד מועשר בחלבון 150 ג' שטראוס,מיוצר עי קונדיטוריית,IL,מעדן שוקולד פרו,גרמים,150.00,100 גרם,false,1,5.60,3.73,true,1,
7290110557133,false,מעדן הגולן וניל 125 ג' שטראוס,מיוצר עי קונדיטוריית,IL,מעדן הגולן וניל,גרמים,125.00,100 גרם,false,1,3.40,2.72,true,1,
7290110557317,false,יוגורט בתוספת סידן וויטמין ד עם שיבולת שועל 100 ג' דנונה,תנובה מרכז שיתופי לש,IL,היוגורט הראשון,גרמים,100.00,100 גרם,false,1,2.40,2.40,true,1,
7290110557478,false,חומוס גלילי במרקם מעודן 600 גרם,"שטראוס גרופ בע""\מ",IL,חומוס גלילי,גרמים,600.00,100 גרם,false,1,13.60,2.27,true,1,
7290110558130,false,יוגורט אקטיביה עם שיבולת שועל ודבש 150 גרם,"שטראוס בריאות בע""\מ",IL,אקטיביה,גרמים,150.00,100 גרם,false,1,4.80,3.20,true,1,
7290110558215,false,"דנונה קראנצ`פיסטוק עם פיצפוץ לבן קראנצי פיסטוק, 173 גרם","שטראוס בריאות בע""\מ",IL,דנונה קראנצ',גרמים,173.00,100 גרם,false,1,4.80,2.77,true,1,
7290110558284,false,דנונה ביו מולטי שטראוס 200 גרם,"שטראוס בריאות בע""\מ",IL,דנונה ביו מולטי,גרמים,200.00,100 גרם,false,1,4.50,2.25,true,1,
7290110558307,false,יוגורט דנונה PRO עם שיבולת שועל במתיקות מעודנת,"שטראוס בריאות בע""\מ",IL,דנונה פרו פלוס,גרמים,200.00,100 גרם,false,1,6.70,3.35,true,1,
7290110558314,false,דנונה פרו 20 גרם חלבון ללא סוכר פיסטוק 200 גרם,"שטראוס בריאות בע""\מ",IL,דנונה פרו,גרמים,200.00,100 גרם,false,1,6.20,3.10,true,1,
7290110558741,false,"גמדים פאוץ תפוח בננה, 100 ג' שטראוס","שטראוס בריאות בע""\מ",IL,גמדים לדרך תפוח,גרמים,100.00,100 גרם,false,1,5.90,5.90,true,1,
7290110559939,false,נתחי סויה בסגנון שווארמה ומג'דרה 350 גרם,אוכל ביתי ניר עציון,IL,שווארמה מנתחי סו,גרמים,350.00,100 גרם,false,1,23.90,6.83,true,1,
7290110560324,false,"הפריכיות הטעימות תפו""א, אורז, אפונה ומלח ים","פרח תעשיו מזון בע""מ",IL,פריכיות אנרג'י,גרמים,30.00,100 גרם,false,1,5.30,17.67,true,1,
7290110560836,false,"מילקי טעם פסק זמן שטראוס 133 מ""ל",מיוצר עי קונדיטוריית,IL,מילקי פסק זמן,גרמים,133.00,100 גרם,false,1,3.00,2.26,true,1,
7290110561352,false,דנונה יוגורט ביו פרוביוטי 3% דל לקטוז 150ג',"שטראוס בריאות בע""\מ",IL,דנונה דל לקטוז,גרמים,200.00,100 גרם,false,1,3.90,1.95,true,1,
7290110561604,false,מארז 8 יחידות מעדן גמדים בטעם תות בננה,"שטראוס בריאות בע""\מ",IL,גמדים תות בננה8י,גרמים,800.00,100 גרם,false,1,19.80,2.48,true,1,
7290110563448,false,"משקה קפה קר בסגנון מעודן 230 מ""ל 1.6% יוטבתה",האי נאם סי או אל.טי.,AT,משקה אייס קפה,מיליליטרים,230.00,"100 מ""ל",false,1,8.30,3.61,true,1,
7290110563462,false,חלב 2% דל לקטוז בבקבוק יטבתה 1 ליטר.,מחלבת יטבתה,IL,חלב נטול לקטוז,ליטרים,1.00,ליטר,false,1,8.60,8.60,true,1,
7290110564339,false,חומוס אחלה הסידרה המובחר 30% טחינה 400 גר',מיוצר עי קונדיטוריית,IL,חומוס בטחינה,גרמים,400.00,100 גרם,false,1,13.90,3.48,true,1,
7290110564360,false,חומוס אחלה הסידרה המובחר 40% טחינה 400 גר',מיוצר עי קונדיטוריית,IL,חומוס בטחינה,גרמים,400.00,100 גרם,false,1,13.90,3.48,true,1,
7290110564742,false,"משקה קפה קר בסגנון חזק 230 מ""ל 1.2% יוטבתה",האי נאם סי או אל.טי.,AT,משקה אייס קפה,מיליליטרים,230.00,"100 מ""ל",false,1,8.30,3.61,true,1,
7290110565435,false,"לימבו ג'לי פטל 125 גרם חלבי ""שטראוס""","שטראוס גרופ בע""\מ",IL,לימבו פטל,גרמים,125.00,100 גרם,false,1,2.10,1.68,true,1,
7290110565527,false,יוגורט PRO פרו 1.5% 20 גרם חלבון בגביע,"שטראוס בריאות בע""מ",IL,דנונה פרו חלבון,גרמים,200.00,100 גרם,false,1,6.20,3.10,true,1,
7290110566623,false,קפסולות קולומביה עלית 08 למכונת נספרסו מארז 5X10ג',שטראוס קפה בי.וי.,IL,קפסולות מס' 8,גרמים,50.00,100 גרם,false,1,16.50,33.00,true,1,
7290110566975,false,דנונה פרו יוגורט 0% תות עשיר בחלבון 200ג',"שטראוס בריאות בע""\מ",IL,דנונה פרו חלבון,גרמים,200.00,100 גרם,false,1,6.20,3.10,true,1,
7290110568276,false,משקה וניל פרו Pro מועשר בחלבון 1.5%,מחלבת יטבתה,DE,משקה פרו וניל,גרמים,350.00,100 גרם,false,1,6.80,1.94,true,1,
7290110570224,false,"משקה קפה קר בטעם עוגיות יטבתה 230 מ""ל",אנסטל מילק kg,AT,משקה קפה קר,מיליליטרים,230.00,"100 מ""ל",false,1,8.30,3.61,true,1,
7290110571382,false,מעדן חלב בטעם וניל מעושר בחלבון 150 ג' שטראוס,"שטראוס בריאות בע""\מ",IL,מעדן פרו,גרמים,150.00,100 גרם,false,1,5.60,3.73,true,1,
7290110572129,false,כיף כף מקלות שוקולד לבן 40 ג' עלית,סולן בעבור שטראוס,TR,כיף כף מקלות,גרמים,40.00,100 גרם,false,1,5.10,12.75,true,1,
7290110572884,false,"קפסולות קפה מספר 20 למכונת אספרס אספרסו, 50 גרם",שטראוס קפה בי.וי.,IL,קפסולות קפה,גרמים,50.00,100 גרם,false,1,16.50,33.00,true,1,
7290110572969,false,כיף כף פצפצים עקרם לבן 40ג' עלית,שולן צ'\יקולטה גידה סאן.,TR,כיף כף פצפצים,גרמים,40.00,100 גרם,false,1,5.20,13.00,true,1,
7290110576387,false,מאגדת שלישיית שוקולד אגוז חלב 300 ג' עלית,שטראוס,FR,שוקולד אגוז 3 יח,גרמים,300.00,100 גרם,false,1,27.40,9.13,true,1,
7290110576752,false,טבלאות שוקולד ספלנדיד מריר 70% 100 ג' עלית,קימ'ס גריפלנן,BE,שוקולד ספלנדיד,גרמים,100.00,100 גרם,false,1,10.00,10.00,true,1,
7290110576776,false,טבלאות שוקולד ספלנדיד מריר 85% 100 ג' עלית,קימ'ס גריפלנן,BE,שוקולד ספלנדיד,גרמים,100.00,100 גרם,false,1,10.00,10.00,true,1,
7290110576851,false,"שמיניית משקה גמדים סלט פירות 108 מ""ל","שטראוס בריאות בע""\מ",IL,גמדים לשתיה 8 יח,גרמים,864.00,100 גרם,false,1,17.90,2.07,true,1,
7290110576868,false,רבעיית גמדים סלט פירוט * 100 ג' שטראוס,"שטראוס בריאות בע""\מ",IL,גמדים 4 יח,גרמים,400.00,100 גרם,false,1,12.30,3.08,true,1,
7290110577711,false,"משקה שייק חלבון מי גבינה עם אפרסק ומנגו350מ""ל יטבתה",מחלבת יטבתה,IL,שייק חלבון,מיליליטרים,350.00,"100 מ""ל",false,1,7.90,2.26,true,1,
7290110577728,false,"משקה שייק חלבון מי גבינה עם פירות יער 350מ""ל יטבתה",מחלבת יטבתה,IL,שייק חלבון,מיליליטרים,350.00,"100 מ""ל",false,1,7.90,2.26,true,1,
7290111341984,false,לילי - מגבוני נייר טואלט לח פיור רביעייה,קימברלי,IL,נייר טואלט לח4יח,יחידה,1.00,יחידה,false,1,20.00,20.00,true,1,
7290111341991,false,מגבוני טואלט לח סופרים לילי 48 יח',חוגלה קימברלי,IL,נייר טואלט לח,יחידה,1.00,יחידה,false,1,7.90,7.90,true,1,
7290111342042,false,ניקול כריות יפניות אנטיבקטריאלי 4 יחידות,פלסטו פוליש,IL,כריות יפניות,יחידה,1.00,יחידה,false,1,11.90,11.90,true,1,
7290111343117,false,"קלינקס לושן סופט פק זוגות 140 דף ""חדש""",קימברלי קלארק,IL,קלינקס ממחטות,יחידה,1.00,יחידה,false,1,14.90,14.90,true,1,
7290111343483,false,קוטקס יאנג נייט תחבושות עם כנפיים 20 יח,חוגלה,CZ,תחבושות קוטקס,יחידה,1.00,יחידה,false,1,19.90,19.90,true,1,
7290111343797,false,מטליות לחות לניקוי חלונות 48 יח' ניקול,חוגלה קימברלי,IL,מטליות לחלונות,יחידה,1.00,יחידה,false,1,11.90,11.90,true,1,
7290111343841,false,ספוגית הקסם נירוסטה - מארז 3 יחידות,ניקול,CN,ספוגית הקסם,יחידה,1.00,יחידה,false,1,11.90,11.90,true,1,
7290111344145,false,ניקול זוג מטליות מיקרופייבר אנטיבקטריאליות לרצפה,ניקול,CN,מטלית רצפה,יחידה,1.00,יחידה,false,1,29.90,29.90,true,1,
7290111344206,false,האגיס נטורל קר מגבונים לחים בבישום עדין רביעייה,חוגלה קימברלי,IL,מגבונים האגיס 4*,יחידה,1.00,יחידה,false,1,21.90,21.90,true,1,
7290111344459,false,קוטוקס תחבושות נייט אקסטרא לונג 20 יח',חוגלה קימברלי,CN,תחבושות נייט,יחידה,1.00,יחידה,false,1,19.90,19.90,true,1,
7290111344732,false,קלינקס - טיישו אלרג'י קומפורט ניילון זוגות 140 דף,קימברלי קלארק,IL,קלינקס זוג,יחידה,1.00,יחידה,false,1,15.90,15.90,true,1,
7290111344831,false,קוטקס - מגיני יום אקסטרא פרוטקט נורמל ביג 60 יח',חוגלה קימברלי,CN,מגן תחתון קוטקס,יחידה,1.00,יחידה,false,1,21.00,21.00,true,1,
7290111344879,false,קוטקס מגיני תחתון 2IN1 מחזור+שתן 44 יחיד,חוגלה,CN,מגן תחתון קוטקס,יחידה,1.00,יחידה,false,1,21.00,21.00,true,1,
7290111350719,false,חטיף נאצוס הוטפופ בסגנון מסעדות 322 גר,ליימן מותגים,US,חטיף נאצ'וס,גרמים,322.00,100 גרם,false,1,16.90,5.25,true,1,
7290111350726,false,חטיף נאצוס הוטפופ בסגנון מקסיקני 322 גר,ליימן מותגים,US,חטיף נאצ'וס,גרמים,322.00,100 גרם,false,1,16.90,5.25,true,1,
7290111352966,false,יוגטה סוכריות ממולאות בטעם פירות 250 גרם ללא ג'לטין,ליימן שליסל,TR,סוכריות ממולאות,גרמים,250.00,100 גרם,false,1,6.90,2.76,true,1,
7290111564277,false,פריכיות דקות ונימוחות 3 דגנים פיטנס Fitness,פרח תעשיות בעמ,IL,פריכיות פיטנס,גרמים,120.00,100 גרם,false,1,10.90,9.08,true,1,
7290111564291,false,פריכיות דקות ונימוחות 3 דגנים וקינואה פיטנס Fitness,פרח תעשיות בעמ,IL,פריכיות פיטנס,גרמים,120.00,100 גרם,false,1,10.90,9.08,true,1,
7290111564956,false,"ביסלי במבה מיקס 200 גרם ""אסם""",פרו מן יו פתרונות אריזה,IL,ביסלי במבה מיקס,גרמים,200.00,100 גרם,false,1,8.90,4.45,true,1,
7290111566240,false,שניצל דק מן הצומח בטעם צ'ילי חריף 700 גרם,עיצובים 2020 (4.8),IL,שניצל דק בטעם צי,גרמים,564.00,100 גרם,false,1,31.90,5.66,true,1,
7290111566271,false,חטיפי תירס טבעול 657 גרם,עיצובים 2020 (4.8),IL,חטיפי תירס טבעול,גרמים,657.00,100 גרם,false,1,29.90,4.55,true,1,
7290111566318,false,שניצל דק מן הצומח בטעם ביתי 700 גרם,עיצובים 2020 (4.8),IL,שניצל דק מן הצומ,גרמים,564.00,100 גרם,false,1,31.90,5.66,true,1,
7290111566332,false,"נקניקיות וינר מן הצומח 680 גרם ""טבעול""",עיצובים 2020 (4.8),IL,נקנ' וינר צמחוני,גרמים,680.00,100 גרם,false,1,31.90,4.69,true,1,
7290111566417,false,טבעול טחון מן הצומח משופר 400 גרם,עיצובים 2020 (4.8),IL,טחון צמחוני טבעו,גרמים,500.00,100 גרם,false,1,31.90,6.38,true,1,
7290111566547,false,טבעול חזה בגריל צמחוני 99 קלוריות 560ג',עיצובים 2020 (4.8),IL,חזה בגריל צמחוני,גרמים,560.00,100 גרם,false,1,31.90,5.70,true,1,
7290111566585,false,"שניצל צמחוני 99 קלוריות 650 גר' ""טבעול""",עיצובים 2020 (4.8),IL,שניצל צמחוני,גרמים,650.00,100 גרם,false,1,31.90,4.91,true,1,
7290111566691,false,"שניצל תרד 99 קלוריות 560 גרם ""טבעול""",עיצובים 2020 (4.8),IL,שניצל תרד 99 קלו,גרמים,560.00,100 גרם,false,1,31.90,5.70,true,1,
7290111566714,false,טבעול המבורגר צמחוני 99 קלוריות 600 גרם,עיצובים 2020 (4.8),IL,המבורגר צמחוני,גרמים,600.00,100 גרם,false,1,31.90,5.32,true,1,
7290111566752,false,טבעול שניצל תירס 99 קלוריות 693 גרם,עיצובים 2020 (4.8),IL,שניצל תירס 99,גרמים,693.00,100 גרם,false,1,31.90,4.60,true,1,
7290111568275,false,אטריות נודלס אורז רחבות אסם אסייתי 300גרם,תאי פרזידנט,TH,נודלס אטריות,גרמים,300.00,100 גרם,false,1,9.90,3.30,true,1,
7290111568466,false,רוטב אסייתי למוקפץ הסדרה האסייתית,אסיף תעשיות מזון בעמ,IL,רוטב אסיאתי,מיליליטרים,290.00,"100 מ""ל",false,1,12.90,4.45,true,1,
7290111930911,false,חטיף פוף לבבות קלאסי 40 גרם,פוף POOF,IL,פוף לבבות רגיל,גרמים,40.00,100 גרם,false,1,3.90,9.75,true,1,
7290111930935,false,חטיף פוף טבעות קלאסי 40 גרם,פוף POOF,IL,פוף טבעות,גרמים,40.00,100 גרם,false,1,3.90,9.75,true,1,
7290111932502,false,"משחת שיניים קולגייט אופטיק וייט אקספרט וויט 75 מ""ל",קולגייט Colgate,MX,משחת שיניים,מיליליטרים,75.00,"100 מ""ל",false,1,24.90,33.20,true,1,
7290111933554,false,שלישייה עגבניות קוביות מאסטר שף 400 גרם,קונסוריזיו קאסאלסקו,IT,עגבניות קוביות,קילוגרמים,1.20,"ק""ג",false,1,16.90,14.08,true,1,
7290112000736,false,פיניש טבליות aio 80 יח אריזת חסכון,רקיט בנקיזר,PL,פיניש 80 טבליות,יחידה,1.00,יחידה,false,1,59.90,59.90,true,1,
7290112000798,false,"דיטול תרסיסי חיטוי וניקוי אנטי בקטריאלי 750 מ""ל",רקיט בנקיזר,US,דטול מחטא משטחים,מיליליטרים,750.00,"100 מ""ל",false,1,11.90,1.59,true,1,
7290112001023,false,"אירוויק ספרי אוטמטי מילוי תענוגות האביב 250 מ""ל","יצרן המכשיר: זובלה, שנזן",HU,אירוויק מילוי,מיליליטרים,250.00,"100 מ""ל",false,1,15.90,6.36,true,1,
7290112001221,false,מנקה מכונת כביסה בניחוח נקי ורענן,רקיט בנקיזר,PT,קולון למכונה,מיליליטרים,250.00,"100 מ""ל",false,1,14.91,5.96,true,1,
7290112001733,false,ויט רצועות שעווה לעור רגיל 40 יחידות,רקיט בנקיזר,FR,רצועות שעווה,יחידה,1.00,יחידה,false,1,44.90,44.90,true,1,
7290112002044,false,טבליות פיניש מנקה מדיח 3 יח,רקיט בנקיזר,HU,פיניש מנקה מדיח,יחידה,1.00,יחידה,false,1,20.40,20.40,true,1,
7290112002099,false,קולון גל כביסה מרוכז 2.5 ליטר קלאסי,רקיט בנקיזר,IL,ג'ל כביסה קולון,ליטרים,2.50,ליטר,false,1,25.90,10.36,true,1,
7290112002136,false,ג'ל כביסה מרוכז קולון 101 קלאסי,רקיט בנקיזר,IL,ג'ל כביסה קולון,ליטרים,4.00,ליטר,false,1,35.90,8.98,true,1,
7290112004208,false,פיניש טבליות למדיח הכל ב 1 לימון 50 יחידות,רקיט בנקיזר,PL,פיניש לימון AIO,יחידה,1.00,יחידה,false,1,39.90,39.90,true,1,
7290112005052,false,וניש תוסף כביסה רב תכליתי לבגדים לבנים,קליה וניש Kalia Vanish,IT,וניש אבקה לכביסה,קילוגרמים,1.50,"ק""ג",false,1,39.90,26.60,true,1,
7290112005083,false,וניש תוסף כביסה רב תכליתי לכביסה צבעונית,קליה וניש Kalia Vanish,IT,וניש אבקה לכביסה,קילוגרמים,1.50,"ק""ג",false,1,39.90,26.60,true,1,
7290112192875,false,"סנסודיין - משחת שיניים רגישות וחניכיים 75 מ""ל",סנסודיין Sensodyne,GB,משחת סנסודיין,מיליליטרים,75.00,"100 מ""ל",false,1,33.90,45.20,true,1,
7290112330352,false,"יוגורט PRO בטעם וניל 0% , 20 גרם חלבון בגביע","שטראוס בריאות בע""\מ",IL,דנונה פרו20 וניל,גרמים,200.00,100 גרם,false,1,6.20,3.10,true,1,
7290112330390,false,דנונה פרו פירות יער 20 גרם חלבון 0% שומן 200 גרם,"שטראוס בריאות בע""\מ",IL,דנונה פרו 0%,גרמים,200.00,100 גרם,false,1,6.20,3.10,true,1,
7290112332585,false,פריכיות משולש תפוא אורז בתיבול סלק ומלח ים אנרג'י 30 גרם,"פרח תעשיו מזון בע""מ",IL,"פריכיות תפו""א",גרמים,30.00,100 גרם,false,1,5.30,17.67,true,1,
7290112332691,false,פינוקיות עוגיות קרם פסק זמן אגוזים 200 גרם,"הגביע מוצרי וופלים בע""\מ",IL,פינוקיות פסק זמן,גרמים,200.00,100 גרם,false,1,11.50,5.75,true,1,
7290112334305,false,סלט כרובית בטחינה אחלה 330 ג',"שטראוס גרופ בע""\מ",IL,סלט כרובית טחינה,גרמים,330.00,100 גרם,false,1,16.70,5.06,true,1,
7290112336712,false,יוגורט PRO לבן 0% 21 גרם חלבון בגביע,"שטראוס בריאות בע""מ",IL,דנונה פרו 21,גרמים,200.00,100 גרם,false,1,6.20,3.10,true,1,
7290112337474,false,סוכריות מאסט ללא סוכר פטל לימון 80 ג' עלית,שטראוס גרופ,PL,סוכריות מאסט,גרמים,80.00,100 גרם,false,1,7.50,9.38,true,1,
7290112338877,false,מעדן גבינה בטעם תות 3% 125ג' סקי,"שטראוס בריאות בע""\מ",IL,סקי תות,גרמים,125.00,100 גרם,false,1,3.90,3.12,true,1,
7290112339171,false,מילקי מוס עם שוקולד וקצפת,מיוצר עי קונדיטוריית,IL,מילקי מוס שוקולד,גרמים,81.00,100 גרם,false,1,3.70,4.57,true,1,
7290112339362,false,דנונה לייט אנד פריי בטעם קפוצ'ינו 150 גרם,"שטראוס בריאות בע""\מ",IL,דנונה לייט,גרמים,150.00,100 גרם,false,1,4.50,3.00,true,1,
7290112339867,false,גמדים לדרך גבינה לבנה עם מחית תות,"שטראוס בריאות בע""\מ",IL,גמדים לדרך,גרמים,100.00,100 גרם,false,1,5.90,5.90,true,1,
7290112339874,false,גמדים לדרך גבינה לבנה עם מחיות תות ובננה,"שטראוס בריאות בע""\מ",IL,גמדים לדרך,גרמים,100.00,100 גרם,false,1,5.90,5.90,true,1,
7290112340245,false,צנצנת מסטיק מאסט בטעם דובדבן 66 ג' עלית,"שטראוס גרופ בע""\מ",IL,מסטיק דובדבן,גרמים,66.00,100 גרם,false,1,10.50,15.91,true,1,
7290112340252,false,צנצנת מסטיק מאסט בטעם אבטיח מלון 66 ג' עלית,"שטראוס גרופ בע""\מ",IL,מסטיק אבטיח מלון,גרמים,66.00,100 גרם,false,1,10.50,15.91,true,1,
7290112340276,false,פינוקיות עוגיות קרם קפה 200 גרם,"הגביע מוצרי וופלים בע""\מ",IL,פינוקיות קרם קפה,גרמים,200.00,100 גרם,false,1,11.50,5.75,true,1,
7290112340900,false,קפה טורקי האג נטול קפאין 200 גרם,הנסיך- מפעל לייצור ט,IL,קפה טורקי האג,יחידה,1.00,יחידה,false,0,24.90,24.90,true,1,
7290112341556,false,יוגורט אקטיביה עם צ'יה ותות 150 גרם,"שטראוס בריאות בע""\מ",IL,אקטיביה פרי,גרמים,150.00,100 גרם,false,1,4.80,3.20,true,1,
7290112341679,false,דנונה אקטיביה 3% שומן 200 גרם,מיוצר עי קונדיטוריית,IL,אקטיביה 3%,גרמים,200.00,100 גרם,false,1,4.20,2.10,true,1,
7290112341686,false,שמינייה יוגורט לבן אקטיביה 3% דנונה 150 גרם.,מיוצר עי קונדיטוריית,IL,אקטיביה מארז 8יח,קילוגרמים,1.20,"ק""ג",false,1,20.90,17.42,true,1,
7290112342270,false,קפה פלטינום אינטנס מחוזק ב- 10% אספרסו,שטראוס קפה בי.וי,IL,קפה פלטינום,גרמים,125.00,100 גרם,false,1,18.20,14.56,true,1,
7290112343420,false,"משקה חלב עם דגנים מלאים ובננה פרו יטבתה 350מ""ל",מחלבת יטבתה,IL,יטבתה פרו משקה,מיליליטרים,350.00,"100 מ""ל",false,1,7.90,2.26,true,1,
7290112343499,false,חטיף צ'יטוס פאפס אפוי בטעם גבינה,"שטראוס פריטו ליי בע""\מ )",IL,חטיף צ'יטוס puff,גרמים,55.00,100 גרם,false,1,3.50,6.36,true,1,
7290112343512,false,צ'יטוס puffs בטעם גבינה 180 גרם,"שטראוס פריטו ליי בע""\מ )",IL,חטיף ציטוסpuffs,גרמים,160.00,100 גרם,false,1,8.70,5.44,true,1,
7290112344410,false,דבש טהור 400 גרם,מכוורת יד מרדכי שטראוס ב,IL,דבש טהור,גרמים,400.00,100 גרם,false,1,22.90,5.73,true,1,
7290112344724,false,מעדן בטעם שוקולד בלונדי 170 ג' מילקי,מיוצר עי קונדיטוריית,IL,מילקי בלונדי,גרמים,133.00,100 גרם,false,1,3.70,2.78,true,1,
7290112344755,false,מילקי שוקולד 26% פחות סוכר 135 גרם,מיוצר עי קונדיטוריית,IL,מילקי,גרמים,135.00,100 גרם,false,1,3.00,2.22,true,1,
7290112344786,false,קפה פלטינום קלאסיק עלית 200 גרם,שטראוס קפה בי.וי.,IL,קפה נמס פלטינום,גרמים,200.00,100 גרם,false,1,19.90,9.95,true,1,
7290112346360,false,בפלות אחת אחת ופל בטעם שוקולד מצופה שוקולד,הגביע מוצרי וופלים ב,GR,בפלות אחת אחת,גרמים,180.00,100 גרם,false,1,14.70,8.17,true,1,
7290112346537,false,עוגיות פינוקיות בטעם טורטית 200 ג' עלית,"הגביע מוצרי ופלים בע""\מ",IL,פינוקיות טורטית,גרמים,200.00,100 גרם,false,1,11.50,5.75,true,1,
7290112346629,false,דנונה בר יוגורט+קורנפלקס מצופה שוקולד חלב ולבן 172 גרם,"שטראוס בריאות בע""\מ",IL,דנונה בר,גרמים,172.00,100 גרם,false,1,4.80,2.79,true,1,
7290112346773,false,יוגורט בטעם וניל 0% לייט אנד פרי 10 גרם חלבון בגביע,מיוצר עי קונדיטוריית,IL,דנונה לייט וניל,גרמים,150.00,100 גרם,false,1,4.50,3.00,false,1,
7290112346797,false,יוגורט אקטיביה שיבולת שועל ושזיף 150 גרם,מיוצר עי קונדיטוריית,IL,אקטיביה שזיף,גרמים,150.00,100 גרם,false,1,4.80,3.20,true,1,
7290112346827,false,שמיניית אקטימל ויטמין C פטל 108 גרם,"שטראוס בריאות בע""\מ",IL,אקטימל ויטמין C,מיליליטרים,800.00,"100 מ""ל",false,1,19.90,2.49,true,1,
7290112348142,false,שעועית לבנה 380 גר' בקופסה טעם הטבע,שטראוס טעם הטבע,IT,שעועית לבנה,גרמים,380.00,100 גרם,false,1,7.60,2.00,true,1,
7290112349538,false,קפה עלית טורקי 160 גרם,שטראוס קפה בי.וי.,IL,קפה טורקי עלית,גרמים,160.00,100 גרם,false,1,12.60,7.88,true,1,
7290112349606,false,מעדן גבינה ויוגורט תות בננה 88 ג' דניאלה,"שטראוס בריאות בע""\מ",IL,דניאלה תות בננה,גרמים,88.00,100 גרם,false,1,4.10,4.66,true,1,
7290112350312,false,קפסולות 15 קפה יותר למכונות נספרסו עלית 10יח',הנסיך- מפעל לייצור ט,IL,קפסולות קפה,גרמים,50.00,100 גרם,false,1,16.50,33.00,true,1,
7290112351258,false,עוגיית קקאו פינוקיות שחור לבן 200 גר,"הגביע מוצרי ופלים בע""\מ",IL,פינוקיות שחור לב,גרמים,200.00,100 גרם,false,1,11.50,5.75,true,1,
7290112353887,false,"משקה קפה קר בטעם אגוזים יטבתה 230 מ""ל",אנסטל מילק kg,AT,קפה קר יטבתה,מיליליטרים,230.00,"100 מ""ל",false,1,8.30,3.61,true,1,
7290112354174,false,"פסטה רוזה 280 ג""ר ""דלישס"" שטראוס",גסטרונומיה פרוסט אס. אר.,IT,דלישס פסטה רוזה,גרמים,280.00,100 גרם,false,1,21.90,7.82,true,1,
7290112354242,false,"קונוס פיצה ""דלישס"" שטראוס",סקרלינפיצה אס. אר. אל. א,IT,דלישס קונוס פיצה,גרמים,280.00,100 גרם,false,1,25.90,9.25,true,1,
7290112355027,false,דנונה פרו 20 גרם חלבון בטעם קרמל מלוח 200 גרם,"שטראוס בריאות בע""\מ",IL,דנונה פרו קרמל,גרמים,200.00,100 גרם,false,1,6.20,3.10,true,1,
7290112355393,false,"יטבתה רוטב שמנת+בטטה 9% שומן 250 מ""ל",שטראוס גרופ,IL,רוטב שמנת בטטה,גרמים,257.00,100 גרם,false,1,11.50,4.47,true,1,
7290112355812,false,מעדן מילקי עם טופ קורנפלקס מצופה שוקולד,"שטראוס גרופ בע""\מ",IL,מילקי טופ,גרמים,141.00,100 גרם,false,1,5.00,3.55,true,1,
7290112355867,false,מילקי קצפת טופ פיצפוצים 86 גרם,"שטראוס גרופ בע""\מ",IL,מילקי קצפת,גרמים,86.00,100 גרם,false,1,4.40,5.12,true,1,
7290112357106,false,שעועית אדומה 380 גר' בקופסה טעם הטבע,שטראוס טעם הטבע,IT,שעועית אדומה,גרמים,380.00,100 גרם,false,1,7.60,2.00,true,1,
7290112357113,false,גרגרי חומוס בקופסה 380 גר' טעם הטבע,שטראוס טעם הטבע,IT,גרגרי חומוס,גרמים,380.00,100 גרם,false,1,7.60,2.00,true,1,
7290112358240,false,רוטב גריל יד מרדכי 300 גרם,"בית אל מזון בע""מ",IL,רוטב גריל,גרמים,300.00,100 גרם,false,1,12.90,4.30,true,1,
7290112490735,false,מרק עשיר עגבניות עם פסטה ר.טבעיים 105 גרם קנור,יוניליוור ישראל מזון בעמ,IL,מרק עשיר עגבניות,גרמים,105.00,100 גרם,false,1,11.90,11.33,true,1,
7290112494382,false,פירה בטעם ביתי 260 גרם-קופסא,יוניליוור ישראל מזון בע\,IL,פירה בטעם ביתי,גרמים,260.00,100 גרם,false,1,11.90,4.58,true,1,
7290112495754,false,"רטבי הלמנס לסלט 300 מ""ל אלף האיים",יוניליוור ישראל מזון בעמ,IL,רוטב אלף האיים,גרמים,305.00,100 גרם,false,1,10.90,3.57,true,1,
7290112495792,false,הלמנס רוטב לסלט שום לייט 300 גר',יוניליוור ישראל מזון בעמ,IL,רוטב שום לייט,גרמים,300.00,100 גרם,false,1,10.90,3.63,true,1,
7290112495815,false,"רוטב חרדל ודבש לייט הלמנס 305 גרם בד""צ.",יוניליוור ישראל מזון בעמ,IL,רוטב חרדל ודבש,גרמים,305.00,100 גרם,false,1,10.90,3.57,true,1,
7290112496270,false,"פתית צ'יפס תפו""א בתוספת עגבניות ועשבי תיבול 22 גרם",JLM גלובל פודסn37\ דרך א,GB,פתית צ'יפס,גרמים,22.00,100 גרם,false,1,4.90,22.27,true,1,
7290112497123,false,סחלב תערובת להכנת מעדן בטעם סחלב 112גרם,יוניליוור ישראל מזון בע\,IL,תערובת לסחלב,גרמים,112.00,100 גרם,false,1,11.90,10.63,true,1,
7290112499219,false,שלגון שמנת מופחת שומן וקלוריות בטעם פיסטוק עם ריפל בטעם שוקולד מריר וציפוי חלקי של שוקולד חלב מעולה,"גלידת שטראוס בע""\מ, רחוב",IL,גודיז גלידה פיסט,גרמים,235.00,100 גרם,false,1,24.90,10.60,true,1,
7290112499509,false,"רקסונה - דאודורנט ספריי לאישה בניחוח אפרסק ולמון גראס 150 מ""ל","ארנסט, רחוב קומבינצקיה 6",RU,דאו ספריי רקסונה,מיליליטרים,150.00,"100 מ""ל",false,1,13.90,9.27,true,1,
7290112962287,false,טבעול שווארמה טבעונית 6*450 גרם,"טבעול תעשיות מזון בע""\מ",IL,שווארמה צמחונית,גרמים,450.00,100 גרם,false,1,31.90,7.09,true,1,
7290112963918,false,פיטנס חטיפי קרקר דק רוזמרין 140 גרם,נסטלה Nestle,IL,קרקר דק פיטנס,גרמים,140.00,100 גרם,false,1,11.90,8.50,true,1,
7290112964410,false,אסם רוטב אלף האיים חדש לסלט 290 גרם,"אסם תעשיות בע""מ",IL,רוטב אלף האיים,גרמים,290.00,100 גרם,false,1,10.90,3.76,true,1,
7290112964564,false,"רוטב אלף האיים לייט לסלט אסם 295 מ""ל","אסם תעשיות בע""מ",IL,רוטב אלף האיים,גרמים,295.00,100 גרם,false,1,10.90,3.69,true,1,
7290112964724,false,המבורגר צמחוני עם המון חלבון 580 גר,מיוצר עי קונדיטוריית,IL,המבורגר צמחוני,גרמים,580.00,100 גרם,false,1,31.90,5.50,true,1,
7290112965165,false,מרק נמס פטריות אסם בדצ 48 גרם מארז זוגי,"אסם תעשיות בע""מ",IL,זוג מרק נמס,גרמים,48.00,100 גרם,false,1,5.90,12.29,true,1,
7290112965288,false,מרק נמס ירקות אסם בדצ 56 גרם מארז זוגי,"אסם תעשיות בע""מ",IL,זוג מרק נמס,גרמים,56.00,100 גרם,false,1,5.90,10.54,true,1,
7290112965325,false,תבשיל אורז ספרדי אוסם 140 גרם,"אסם תעשיות בע""מ",IL,תבשיל אורז,גרמים,140.00,100 גרם,false,1,11.50,8.21,true,1,
7290112965660,false,פיטנס - חטיף מולטיגריין מלח פלפל 25 גרם,מיוצר עי קונדיטוריית,IL,חטיף פיטנס מלח,גרמים,25.00,100 גרם,false,1,4.90,19.60,true,1,
7290112965684,false,פיטנס - חטיף מולטיגריין עשבי תיבול 25 גרם,מיוצר עי קונדיטוריית,IL,חטיף פיטנס,גרמים,25.00,100 גרם,false,1,4.90,19.60,true,1,
7290112965707,false,פיטנס - חטיף מולטיגריין צילי מעודן 25 גרם,"אסם השקעות בע""\מ",IL,חטיף פיטנס צ'ילי,גרמים,25.00,100 גרם,false,1,4.90,19.60,true,1,
7290112965783,false,אוסם - ביסלי פריסטייל על האש 60 גרם,"אסם השקעות בע""\מ",IL,ביסלי פריסטייל,גרמים,60.00,100 גרם,false,1,4.40,7.33,true,1,
7290112965943,false,טבעול נאגטס ירקות ירוקים 6*500גרם,"טבעול תעשיות מזון בע""\מ",IL,נאגטס ירקות ירוק,גרמים,500.00,100 גרם,false,1,31.90,6.38,true,1,
7290112965967,false,טבעול נאגטס ירקות כתומים 6*500גרם,"טבעול תעשיות מזון בע""\מ",IL,נאגטס ירקות כתומ,גרמים,500.00,100 גרם,false,1,31.90,6.38,true,1,
7290112966803,false,אסם פודינג אינסטנט שוקולד 95 גרם,"אסם השקעות בע""\מ",IL,פודינג שוקולד,גרמים,88.00,100 גרם,false,1,5.50,6.25,true,1,
7290112968807,false,פיטנס - קרקר דק סלק 140 גרם,מפעל אסם יקנעם,IL,קרקר דק פיטנס,גרמים,140.00,100 גרם,false,1,11.90,8.50,true,1,
7290112968821,false,פיטנס - קרקר דק בטטה 140 גרם,מפעל אסם יקנעם,IL,קרקר דק פיטנס,גרמים,140.00,100 גרם,false,1,11.90,8.50,true,1,
7290113192324,false,זיתים ירוקים שלמים בינוניים בית השיטה,בית-השיטה עסיס תעשיות מז,IL,זיתים ירוקים,גרמים,560.00,100 גרם,false,1,10.60,1.89,true,1,
7290113192331,false,זיתים ירוקים מנזנילו 340 גר' בית השיטה,בית-השיטה עסיס תעשיות מז,IL,זיתים ירוק גדול,גרמים,560.00,100 גרם,false,1,9.70,1.73,true,1,
7290113192348,false,בית השיטה זיתים ירוקים גדול מאודבטעם שום,בית-השיטה עסיס תעשיות מז,IL,זיתים טעם שום,גרמים,560.00,100 גרם,false,1,9.70,1.73,true,1,
7290113192355,false,חרוזית זיתים ירוקים ללא גלעין 275 ג' בית השיטה,בית-השיטה עסיס תעשיות מז,IL,זיתים חרוזית,גרמים,560.00,100 גרם,false,1,10.30,1.84,true,1,
7290113192362,false,זיתים ירוקים טבעות A2 בית השיטה 280 גרם,בית-השיטה עסיס תעשיות מז,IL,טבעות זיתים ירוק,גרמים,560.00,100 גרם,false,1,10.60,1.89,true,1,
7290113192393,false,בית השיטה קוקטייל זיתים א2 336 גרם,בית-השיטה עסיס תעשיות מז,IL,קוקטייל זיתים,גרמים,560.00,100 גרם,false,1,11.90,2.13,true,1,
7290113192478,false,בית השיטה מלפפונים במלח בינוני 10-12 320 גרם,בית-השיטה עסיס תעשיות מז,IL,מלפפונים במלח,גרמים,560.00,100 גרם,false,1,7.60,1.36,true,1,
7290113192485,false,בית השיטה מלפפונים בחומץ בינוני 10-12 290 גרם,בית-השיטה עסיס תעשיות מז,IL,מלפפונים בחומץ,גרמים,560.00,100 גרם,false,1,7.60,1.36,true,1,
7290113192508,false,בית השיטה מלפפונים במלח קטן 1317 320 גרם,בית-השיטה עסיס תעשיות מז,IL,מלפפונים מלח קטן,גרמים,560.00,100 גרם,false,1,10.90,1.95,true,1,
7290113192515,false,בית השיטה מלפפונים במלח קטן מאוד 1825 320 גרם,בית-השיטה עסיס תעשיות מז,IL,מלפפון במלח,גרמים,560.00,100 גרם,false,1,12.90,2.30,true,1,
7290113192522,false,בית השיטה מלפפונים בחומץ קטן מאוד 1825 290 גרם,בית-השיטה עסיס תעשיות מז,IL,מלפפונים בחומץ,גרמים,560.00,100 גרם,false,1,12.90,2.30,true,1,
7290113192539,false,בית השיטה מלפפונים במלח גדול 79 320 גרם,בית-השיטה עסיס תעשיות מז,IL,מלפפון במלח,גרמים,560.00,100 גרם,false,1,6.90,1.23,true,1,
7290113192553,false,מלפפונים במלח 13-17 פיקנטי בית השיטה 320 גרם,בית-השיטה עסיס תעשיות מז,IL,מלפפונים במלח,גרמים,560.00,100 גרם,false,1,10.70,1.91,true,1,
7290113192560,false,בית השיטה פלפל שיפקה חריף כבוש 230 גרם,בית-השיטה עסיס תעשיות מז,IL,פלפל שיפקה חריף,גרמים,560.00,100 גרם,false,1,7.50,1.34,true,1,
7290113192577,false,בית השיטה כרוב כבוש א2 12*430גרם חדש,"בית-השיטה תעשיות בע""\מ",IL,כרוב כבוש,גרמים,560.00,100 גרם,false,1,8.20,1.46,true,1,
7290113193369,false,"תרסיס שמן קנולה מזוכך בית השיטה 150מ""ל",פוד אירוסולס ספיין,ES,תרסיס שמן קנולה,מיליליטרים,150.00,"100 מ""ל",false,1,14.90,9.93,true,1,
7290113193406,false,"קוקטייל טבעות זיתים - זיתים ירוקים, שחורים מרינד","בית השיטה תעשיות בע""\מ",IL,טבעות זיתים,גרמים,560.00,100 גרם,false,1,10.70,1.91,true,1,
7290113194090,false,בית השיטה טבעות זיתים קלמטה 280 גרם,בית השיטה תעשיות בעמ,IL,טבעות זיתי קלמטה,גרמים,560.00,100 גרם,false,1,12.90,2.30,true,1,
7290113560055,false,פרודונטקס מי פה טיפול יומי לחניכיים 500,"מאסטרפוד אוסטריה בע""מ",GB,פרודונטקס מי פה,מיליליטרים,500.00,"100 מ""ל",false,1,29.90,5.98,true,1,
7290113560109,false,פרודונטקס מ.שיניים בטעם צמחי 75 מל,פרודונטקס Parodontax,SK,משחה פרודונטקס,מיליליטרים,75.00,"100 מ""ל",false,1,30.90,41.20,true,1,
7290114320207,false,מאמא קיו קרמאמה זיתי,מאמא קיו,IL,קראמאמא זיתים,גרמים,240.00,100 גרם,false,1,15.90,6.63,true,1,
7290114320238,false,גליל טבעוני גב.עיזים160ג,מאמא קיו,IL,גליל טבעוני,גרמים,160.00,100 גרם,false,1,15.90,9.94,true,1,
7290114320276,false,גליל טבעוני תוספת עגבניה,מאמא קיו,IL,גליל טבעוני,גרמים,160.00,100 גרם,false,1,15.90,9.94,true,1,
7290114603768,false,"מארז אג'קס כלורון נוזל לניקוי אסלות 750 מ""ל*2 יח'",קולגייט פלמוליב,FR,אג'קס לאסלה 2 יח,מיליליטרים,1500.00,"100 מ""ל",false,1,24.90,1.66,true,1,
7290114604895,false,מאסטר שף ממרח לחיץ ספייסי לחיץ 446 גרם,מאסטר שף,NL,ממרח ספייסי לחיץ,גרמים,446.00,100 גרם,false,1,13.90,3.12,true,1,
7290114604901,false,ממרח שום לחיץ מאסטר שף 444 גרם,מאסטר שף,NL,ממרח שום לחיץ,גרמים,444.00,100 גרם,false,1,13.90,3.13,true,1,
7290114606547,false,מיונז פטריות כמהין לחיץ מאסטר שף 242 גרם,מאסטר שף,NL,מיונז עם כמהין,גרמים,242.00,100 גרם,false,1,12.90,5.33,true,1,
7290114606554,false,מיונז מופחת קלוריות בקבוק לחיץ,מאסטר שף,NL,ממרח מיונז לייט,גרמים,470.00,100 גרם,false,1,13.90,2.96,true,1,
7290114607025,false,גונסונס מארז ילדים- הקץ לקשרים,שסטוביץ,IT,מארז לסירוק קל,יחידה,1.00,יחידה,false,1,49.90,49.90,true,1,
7290114607391,false,"קולגייט משחת לילדים ברבי 2-5 שנים, 75 מ""ל",קולגייט פלמוליב,PL,קולגייט מינייוני,מיליליטרים,75.00,"100 מ""ל",false,1,15.90,21.20,true,1,
7290114659949,false,מסכה לפנים חד-פעמי 50 יחי,נ'יאנג יונג,CN,מסכת פנים חד פעמ,יחידה,1.00,יחידה,false,1,9.90,9.90,true,1,
7290114821469,false,כבד דג שיבוט מעושן במיץ טבעי אופיסר 120 גרם,אופיסר Officer,IS,כבד דג מעושן,גרמים,120.00,100 גרם,false,1,13.90,11.58,true,1,
7290115073720,false,שלישיית ביצי שוקולד(חלב נוכרי)-לוני טונס,שמחה זה אנחנו,IT,ביצי שוקולד,גרמים,60.00,100 גרם,false,1,12.90,21.50,true,1,
7290115190014,false,סיגריות מרלבורו רד קצר בוקס,פיליפ מוריס,IL,מרלבורו רד קצר,יחידה,1.00,יחידה,false,1,36.50,36.50,false,1,
7290115190083,false,מרלבורו גולד קצר פאקט,פיליפ מוריס,IL,מרלבורו גולד קצר,יחידה,1.00,יחידה,false,1,349.00,349.00,false,1,
7290115190090,false,סיגריות מרלבורו קצר בוקס בודד,פיליפ מוריס,US,מרלבורו גולד קצר,יחידה,1.00,יחידה,false,1,36.50,36.50,false,1,
7290115190151,false,סיגריות מרלבורו טאצ גולד,פיליפ מוריס,IL,מרלבורו גולד טאץ,יחידה,1.00,יחידה,false,1,34.00,34.00,false,1,
7290115190199,false,פרלמנט נייט ארוך חפיסה,פיליפ מוריס,TR,פרלמנט נייט ארוך,יחידה,1.00,יחידה,false,1,42.50,42.50,false,1,
7290115190250,false,סיגריות פרלמנט קצר בודד,פיליפ מוריס,US,פרלמנט נייט קצר,יחידה,1.00,יחידה,false,1,42.50,42.50,false,1,
7290115190359,false,סיגריות L.M בלו לייבל קצר,פיליפ מוריס,US,אל אם בלו קצר,יחידה,1.00,יחידה,false,1,34.50,34.50,false,1,
7290115190496,false,נקסט פיין ארוך חפיסה,פיליפ מוריס,IL,נקסט פיין ארוך,יחידה,1.00,יחידה,false,1,32.50,32.50,false,1,
7290115190519,false,סיגריות נקסט פיין חפ,פיליפ מוריס,PL,נקסט פיין חפ,יחידה,1.00,יחידה,false,1,32.50,32.50,false,1,
7290115190595,false,סיגריות נקסט אוריגינ,פיליפ מוריס,PL,נקסט אוריג'ינל,יחידה,1.00,יחידה,false,1,32.50,32.50,false,1,
7290115200003,false,פתי בר פינוקי וניל אסם 220 גרם,תאי פרזידנט פוד פאבל,PL,פתיבר פינוקים,גרמים,220.00,100 גרם,false,1,10.90,4.95,true,1,
7290115200027,false,אסם פתי בר פינוקים שוקו 220 גרם,קריות זול,PL,פתיבר פינוקים,גרמים,220.00,100 גרם,false,1,10.90,4.95,true,1,
7290115200188,false,אוסם - מרק נמס עגבניות פיקנטי 25 גרם * 2,"אסם תעשיות בע""מ",IL,זוג מרק נמס,גרמים,50.00,100 גרם,false,1,5.90,11.80,true,1,
7290115200676,false,עוגיות קרמוגית במילוי קרם בטעם קרמל מלוח,"הגביע מוצרי וופלים בע""\מ",IL,קרמוגית קרמל,גרמים,200.00,100 גרם,false,1,10.90,5.45,true,1,
7290115200713,false,במבה קלאסי מארז אחיד 8 50*5 ג',"אסם השקעות בע""\מ",IL,במבה קלאסי 5 יח,גרמים,250.00,100 גרם,false,1,12.50,5.00,true,1,
7290115201475,false,טבעול גורמה לביבות כרישה 434 גרם,טבעול )מקבוצת אסם השקעות,IL,לביבות כרישה,גרמים,434.00,100 גרם,false,1,34.90,8.04,true,1,
7290115201680,false,ביסלי בטעם ברביקיו אסם 70 גרם,"אסם השקעות בע""\מ",IL,ביסלי ברביקיו,גרמים,70.00,100 גרם,false,1,4.40,6.29,true,1,
7290115201703,false,ביסלי ברביקיו גדול אסם 200 גרם,מיוצר עי קונדיטוריית,IL,ביסלי ברביקיו,גרמים,200.00,100 גרם,false,1,7.50,3.75,true,1,
7290115201727,false,ביסלי חטיף בטעם בצל אסם 200 גרם,מיוצר עי קונדיטוריית,IL,ביסלי בצל,גרמים,200.00,100 גרם,false,1,7.50,3.75,true,1,
7290115202236,false,טופו קראנצ'ים טבעול 470 גרם,עיצובים 2020 (4.8),IL,טופו קראנצ'ים,גרמים,470.00,100 גרם,false,1,31.90,6.79,true,1,
7290115202816,false,מנה חמה פאוץ נודלס אטריות טעם עוף 70 גרם,תאי פרזידנט,TH,מנה חמה פאוצ',גרמים,70.00,100 גרם,false,1,4.90,7.00,true,1,
7290115202847,false,מנה חמה פאוץ נודלס אטריות טעם עוף 70 גרם,תאי פרזידנט,TH,מנה חמה פאוצ',גרמים,70.00,100 גרם,false,1,4.90,7.00,true,1,
7290115204056,false,"קטשופ מופחת סוכר אסם 690 גרם כשל""פ","אסם תעשיות בע""מ",IL,קטשופ מופחת סוכר,גרמים,690.00,100 גרם,false,1,8.90,1.29,true,1,
7290115204186,false,פסטו המעדינה של צבר,פרסקו,IL,פסטו צבר,גרמים,190.00,100 גרם,false,1,14.90,7.84,true,1,
7290115205176,false,פיטנס - קרקר דק כפרי פיטנס 140 גרם,נסטלה Nestle,IL,קרקר דק פיטנס,גרמים,140.00,100 גרם,false,1,11.90,8.50,true,1,
7290115205527,false,פיטנס חטיף מולטיגריין עם עדשים 25 גרם,"אסם השקעות בע""\מ",IL,חטיף פיטנס,גרמים,25.00,100 גרם,false,1,4.90,19.60,true,1,
7290115205633,false,טבעול סנסשיונל/גורמה נקנקיות 350 גר',"טבעול תעשיות מזון בע""\מ",IL,נקניקיות סנסשיונ,גרמים,350.00,100 גרם,false,1,27.90,7.97,true,1,
7290115206531,false,אסם קרמוגית במילוי קרם בייגלה 12*200 גרם,אסם-נסטלה,IL,קרמוגית,גרמים,200.00,100 גרם,false,1,10.90,5.45,true,1,
7290115207620,false,"רוטב בסגנון סויה קלאסי 290 מ""ל אסם","אסם השקעות בע""\מ",IL,רוטב סויה קלאסי,גרמים,333.00,100 גרם,false,1,12.90,3.87,true,1,
7290115207682,false,אסם רוטב בסגנון סויה סיני 9*290מל חדש,"אסם השקעות בע""\מ",IL,רוטב סויה סיני,גרמים,330.00,100 גרם,false,1,9.90,3.00,true,1,
7290115207811,false,"טבעול נקניקיות טבעוניות, 418 גרם","טבעול תעשיות מזון בע""\מ",IL,נקניקיות טבעוני,גרמים,418.00,100 גרם,false,1,34.90,8.35,true,1,
7290115207941,false,סירופ אננס ויטמינצ'יק 1 ליטר,בית-השיטה עסיס תעשיות מז,IL,ויטמינצ'יק אננס,ליטרים,1.00,ליטר,false,1,19.90,19.90,true,1,
7290115207965,false,סירופ מנגו אפרסק ויטמינצ'יק 1 ליטר,בית-השיטה עסיס תעשיות מז,IL,ויטמינצ'יק מנגו,ליטרים,1.00,ליטר,false,1,19.90,19.90,true,1,
7290115208009,false,סירופ ענבים ויטמינצ'יק 1 ליטר,בית-השיטה עסיס תעשיות מז,IL,ויטמינצ'יק ענבים,ליטרים,1.00,ליטר,false,1,19.90,19.90,true,1,
7290115208047,false,סירופ פטל ויטמינצ'יק 1 ליטר,בית-השיטה עסיס תעשיות מז,IL,ויטמינצ'יק פטל,ליטרים,1.00,ליטר,false,1,19.90,19.90,true,1,
7290115208061,false,סירופ תפוח ויטמינצ'יק 1 ליטר,בית השיטה עסיס תעשיות מז,IL,ויטמינצ'יק תפוח,ליטרים,1.00,ליטר,false,1,19.90,19.90,true,1,
7290115208597,false,קרמוגית מיניס קרמל מלוח אסם 200 גרם,"אסם השקעות בע""\מ",IL,קרמוגית מיניס,גרמים,200.00,100 גרם,false,1,10.90,5.45,true,1,
7290115209198,false,במבה אוורירית אסם 80 גרם,"אסם תעשיות בע""מ",IL,במבה אוורירית,גרמים,80.00,100 גרם,false,1,4.30,5.38,true,1,
7290115480023,false,סוד פאוור קאפס לכביסה צבעונית 45 יחי,הנקל,RS,סוד קפסולות ג'ל,יחידה,1.00,יחידה,false,1,29.90,29.90,true,1,
7290115671223,false,מסטיק מאסט פאן אבטיח מנגו צנצנת 58 גרם,אסקום קונפקשיין,DE,מסטיק מאסט,גרמים,58.00,100 גרם,false,1,10.50,18.10,true,1,
7290115671346,false,מיני פינוקיות טופי קרמל מלוח עלית 180 גרם,"הגביע מוצרי ופלים בע""\מ",IL,מיני פינוקיות,גרמים,180.00,100 גרם,false,1,11.50,6.39,true,1,
7290115675559,false,מארז קפה טורקי לדרך 10 יחידות,שטראוס קפה בי.וי.,IL,מארז טורקי לדרך,גרמים,70.00,100 גרם,false,1,7.90,11.29,true,1,
7290115675702,false,דגני בוקר קראנצ'ים שיבולת שועל עם פירות מיובשים,גלידות שטראוס,PL,דגני קוואקר,גרמים,375.00,100 גרם,false,1,17.90,4.77,true,1,
7290115675719,false,דגני בוקר קראנצ'ים שיבולת שועל וחתיכות שוקולד מריר,BEVERAGES FOODS & SE,PL,דגני קוואקר,גרמים,375.00,100 גרם,false,1,17.90,4.77,true,1,
7290115675986,false,דנונה יוגורט בר עם אגוזים מקורמלים 173 גרם,"שטראוס בריאות בע""\מ",IL,יוגורט בר,גרמים,173.00,100 גרם,false,1,4.80,2.77,false,1,
7290115676051,false,"משקה אקטיביה שיבולת שועל במתיקות מעודנת 250 מ""ל",מיוצר עי קונדיטוריית,IL,משקה אקטיביה,גרמים,265.00,100 גרם,false,1,5.20,1.96,true,1,
7290115676082,false,משקה דנונה פרו 20 יוגורט תות 255 ג' רבנות,"שטראוס בריאות בע""\מ.",IL,משקה דנונה פרו,גרמים,255.00,100 גרם,false,1,7.30,2.86,true,1,
7290115676099,false,משקה דנונה פרו 20 יוגורט וניל 255 ג' רבנות,"שטראוס בריאות בע""\מ.",IL,משקה דנונה פרו,גרמים,255.00,100 גרם,false,1,7.30,2.86,true,1,
7290115677089,false,קונפיטורת תפוח וקינמון יד מרדכי 340 גרם,"בית אל מזון בע""מ",IL,קונפיטורה תפוח,גרמים,340.00,100 גרם,false,1,9.90,2.91,true,1,
7290115678222,false,מארז 8 גביעים יוגורט Greek בסגנון יווני 6.5% שומן,"שטראוס בריאות בע""\מ",IL,דנונה יווני 8 יח,קילוגרמים,1.04,"ק""ג",false,1,27.20,26.15,true,1,
7290115678376,false,מעדן הגולן שוקולד 125 גרם,מיוצר עי קונדיטוריית,IL,מעדן הגולן,גרמים,125.00,100 גרם,false,1,3.40,2.72,true,1,
7290115678383,false,מעדן הגולן שוקולד מריר 125 גרם,מיוצר עי קונדיטוריית,IL,מעדן הגולן,גרמים,125.00,100 גרם,false,1,3.40,2.72,true,1,
7290115679519,false,שייק פירות ורוד 150X2גר,סיבהפרוסט,BE,שייק פירות,גרמים,300.00,100 גרם,false,1,19.90,6.63,true,1,
7290115679731,false,שייק פירות ירוק 150X2גר,סיבהפרוסט,BE,שייק פירות,גרמים,300.00,100 גרם,false,1,19.90,6.63,true,1,
7290115679762,false,שייק פירות צהוב 150X2גר,סיבהפרוסט,BE,שייק פירות,גרמים,300.00,100 גרם,false,1,19.90,6.63,true,1,
7290115679779,false,שייק פירות אדום דליש,סיבהפרוסט,BE,שייק פירו,גרמים,300.00,100 גרם,false,1,19.90,6.63,true,1,
7290116243917,false,בונבוני שוקולד באריזת סוכריה 150 גר' סמי הכבאי 24 בקר',שמחה זה אנחנו,UA,בונבוני שוקולד,גרמים,150.00,100 גרם,false,1,17.90,11.93,true,1,
7290116243931,false,בונבוני שוקולד מפרץ150גר,,UA,בונבוני שוקולד,גרמים,150.00,100 גרם,false,1,17.90,11.93,true,1,
7290116244037,false,חד קרן אצבעות שוקולד חלב 84 גרם,סטילנד שוקולד,NL,אצבעות שוקולד,גרמים,84.00,100 גרם,false,1,7.90,9.40,true,1,
7290116244051,false,אצבעות שוקולד חלב 84 גרם LOL,סטילנד שוקולד,NL,אצבעות שוקולד,גרמים,84.00,100 גרם,false,1,7.90,9.40,true,1,
7290116244068,false,אצבעות שוקולד חלב 84 גר'-כוח פי גיי,סטילנד שוקולד,NL,אצבעות שוקולד,גרמים,84.00,100 גרם,false,1,7.90,9.40,true,1,
7290116244075,false,סמי הכבאי אצבעות שוקולד חלב 84 גרם,סטילנד שוקולד,NL,אצבעות שוקולד,גרמים,84.00,100 גרם,false,1,7.90,9.40,true,1,
7290116531496,false,קינמונים דגנים פריכים מצופים 375 גרם,"נאוג'\אזיס נווזיס ,UAB ג",LT,דגני קינמונים,גרמים,375.00,100 גרם,false,1,18.90,5.04,true,1,
7290116531793,false,הלמנ'ס רוטב לסלט קיסר 295 גרם,יוניליוור ישראל מזון בע\,IL,רוטב לסלט קיסר,גרמים,295.00,100 גרם,false,1,10.90,3.69,true,1,
7290116531939,false,גלידה בשומן צמחי בטעם תות שדה בציפוי מכיל שוקולד,"גלידת שטראוס בע""\מ, רח'",IL,גלידונית בטעם ת,גרמים,630.00,100 גרם,false,1,44.90,7.13,true,1,
7290116532875,false,פינוק בייבי אל סבון לתינוקות 970 מל-משאבה,יוניליוור ישראלn\טיפוח א,IL,אל סבון לתינוק,מיליליטרים,900.00,"100 מ""ל",false,1,18.90,2.10,true,1,
7290116532882,false,נישנושים איירביס בצל 155 גרם,"דרך השוקולד ,1 צפת 13404",IL,נשנושים איירביס,גרמים,155.00,100 גרם,false,1,12.70,8.19,true,1,
7290116532905,false,נישנושים איירביס ברביקיו 155 גרם,"דרך השוקולד ,1 צפת 13404",IL,נשנושים איירביס,גרמים,155.00,100 גרם,false,1,12.70,8.19,true,1,
7290116533063,false,דגני בוקר שוגי קרטיב ענבים 400 גרם,"יוניליוור שפע ישראל בע""\",IL,שוגי קרטיב ענבים,גרמים,400.00,100 גרם,false,1,19.90,4.98,true,1,
7290116930282,false,ארוחה בקטנה לאבנה עם קרקרים 150ג' תנובה,תנובה חלב,IL,לאבנה,גרמים,150.00,100 גרם,false,1,8.90,5.93,true,1,
7290117260173,false,"קמח חיטה רב תכליתי 1 ק""ג",וילי פוד,IT,קמח רב תכליתי,קילוגרמים,1.00,"ק""ג",false,1,2.90,2.90,true,1,
7290117260395,false,מאפה פילו יווני מסורתי ממולא תרד וגבינת פטה,וילי פוד,GR,מאפה פילו ממולא,גרמים,400.00,100 גרם,false,1,17.90,4.48,true,1,
7290117260562,false,חמאה כפרית מסורתית בגביע,וילי פוד,TR,חמאה בגביע,גרמים,225.00,100 גרם,false,1,16.90,7.51,true,1,
7290117260685,false,תן בו וניל ציפויים בטעמים שונים 230 גרם,אלויראסמינדה,DK,תן בו מיקס סמבה,גרמים,230.00,100 גרם,false,1,20.00,8.70,true,1,
7290117260975,false,זיתי קלמטה מגולענים במי מלח 300 גרם ויליפוד,סיוארס אס.איי,TR,זית קלמטה מגולען,גרמים,300.00,100 גרם,false,1,8.90,2.97,true,1,
7290117261255,false,חטיף מוקצף בטעם שוקולד לבן 180ג' תן בו,,DK,תן בו בטעם שוקול,גרמים,180.00,100 גרם,false,1,16.90,9.39,true,1,
7290117261262,false,חטיף מוקצף בטעם שוקולד מריר ושבבי קוקוס 180ג' תן בו,אלויראסמינדר,DK,תן בו בטעם שוקול,גרמים,180.00,100 גרם,false,1,16.90,9.39,true,1,
7290117261569,false,סלמון אטלנטי מעושן בשמן קנולה 120 גרם ויליפוד,קריות זול,LV,סלמון אטלנטי,גרמים,120.00,100 גרם,false,1,13.90,11.58,true,1,
7290117261781,false,סימיט בייגלה ממולא גבינה,גידה,TR,סימיט בייגלה ממו,גרמים,360.00,100 גרם,false,1,19.90,5.53,true,1,
7290117261798,false,סימיט בייגלה ממולא קשקבל,,TR,סימיט בייגלה ממו,גרמים,360.00,100 גרם,false,1,19.90,5.53,true,1,
7290117261804,false,מאפה במילוי תרד וגבינת פ,,TR,מאפה במילוי תרד,גרמים,560.00,100 גרם,false,1,19.90,3.55,true,1,
7290117261811,false,מאפה במילוי גבינת פטה,,TR,מאפה במילוי גבינ,גרמים,560.00,100 גרם,false,1,19.90,3.55,true,1,
7290117261842,false,מיני מאפים במילוי גבינה,,TR,מיני מאפים במילו,גרמים,480.00,100 גרם,false,1,19.90,4.15,true,1,
7290117261880,false,"מאפה פריך במילוי תפו""א",,TR,מאפה פריך במילוי,גרמים,520.00,100 גרם,false,1,19.90,3.83,true,1,
7290117261897,false,מאפה פריך במילוי תרד,,TR,מאפה פריך במילוי,גרמים,520.00,100 גרם,false,1,19.90,3.83,true,1,
7290117261989,false,גבינת מנורי רכה מחלב צאן 43% שומן 170 גרם,סאסו פטוראגס קומטויס אף,GR,גבינת מנורי,גרמים,170.00,100 גרם,false,1,17.90,10.53,true,1,
7290117262290,false,פרלינים אגוזים במילוי פצפוצי דגנים פריכים מצופים שוקולד חלב 50 גרם,מודרן צוקולטה,TR,חטיף שוקולד,גרמים,50.00,100 גרם,false,1,4.90,9.80,true,1,
7290117262306,false,"קורנפלקס מצופה שוקולד חלב ד, 50 גרם",מודרן צוקולטה,TR,חטיף שוקולד,גרמים,50.00,100 גרם,false,1,4.90,9.80,true,1,
7290117262313,false,פצפוצי דגנים פריכים מצופים שוקולד חלב 50 גרם,מודרן צוקולטה,TR,חטיף דגנים פריכי,גרמים,50.00,100 גרם,false,1,4.90,9.80,true,1,
7290117262320,false,ביסקוויט מצופה שוקולד חלב 50 גר JAZZY,מודרן צוקולטה,TR,חטיפי שוקולד,גרמים,40.00,100 גרם,false,1,4.90,12.25,true,1,
7290117262467,false,גלידת שכבות קרמל מלוח,איטלג'טו,IT,גלידת שכבות,מיליליטרים,500.00,"100 מ""ל",false,1,14.90,2.98,true,1,
7290117262474,false,גלידת שכבות קפה וניל,איטלג'טו,IT,גלידת שכבות,מיליליטרים,500.00,"100 מ""ל",false,1,14.90,2.98,true,1,
7290117262870,false,גלידת שמנת בטעם וניל 500,איטלג'טו,IT,גלידת שמנת בטעם,מיליליטרים,500.00,"100 מ""ל",false,1,14.90,2.98,true,1,
7290117262887,false,גלידת שמנת בטעם פיסטוק,איטלג'טו,IT,גלידת שמנת בטעם,מיליליטרים,500.00,"100 מ""ל",false,1,14.90,2.98,true,1,
7290117262894,false,גלידת שמנת בטעם קרמלמלוח,איטלג'טו,IT,גלידת שמנת בטעם,מיליליטרים,500.00,"100 מ""ל",false,1,14.90,2.98,true,1,
7290117262931,false,קינוח בטעם מנגו 85 גרם,איטלג'לטו,IT,קינוח בטעם מנגו,גרמים,85.00,100 גרם,false,1,8.90,10.47,true,1,
7290117262948,false,קינוח בטעם טירימיסו 85 גרם,איטלג'לטו,IT,קינוח ט.טירמיסו,גרמים,85.00,100 גרם,false,1,8.90,10.47,true,1,
7290117262962,false,קינוח בטעם שוקולד קרמל 85 גרם,איטלג'לטו,IT,קינוח שוקולד,גרמים,85.00,100 גרם,false,1,8.90,10.47,true,1,
7290117821367,false,ביצת הפתעה פלסטיק עם סוכריות קשות 10 גרם טרקטור,PAZARLAMA GIDA GLOBAL,TR,ביצת הפתעה סוכ.,גרמים,10.00,100 גרם,false,1,5.90,59.00,true,1,
7290117821381,false,ביצת הפתעה פלסטיק עם סוכריות קשות 10 גרם קפיץ,PAZARLAMA GIDA GLOBAL,TR,ביצת הפתעה סוכ.ק,גרמים,10.00,100 גרם,false,1,5.90,59.00,true,1,
7290117821404,false,ביצת הפתעה פלסטיק עם סוכריות קשות 10 גרם בצק,PAZARLAMA GIDA GLOBAL,TR,ביצת הפתעה סוכ.,גרמים,10.00,100 גרם,false,1,5.90,59.00,true,1,
7290117821411,false,ביצת הפתעה פלסטיק עם סוכריות קשות 10 גרם דינוזאור,PAZARLAMA GIDA GLOBAL,TR,ביצת הפתעה סוכ.,גרמים,10.00,100 גרם,false,1,5.90,59.00,true,1,
7290117860045,false,שמפו תמציות אלוורה ותה ירוק לשיער רגיל,"טרופיקל דגיל בע""\מ",IL,שמפו הוואי,מיליליטרים,700.00,"100 מ""ל",false,1,11.90,1.70,true,1,
7290117860090,false,מרכך תמציות אלוורה ותה ירוק לשיער רגיל,"טרופיקל דגיל בע""\מ",IL,מרכך מטפח לשיער,מיליליטרים,700.00,"100 מ""ל",false,1,11.90,1.70,true,1,
7290117860144,false,הוואי שמפו פירות אקזוטיים וקלנדולה 700,"טרופיקל דגיל בע""\מ",IL,שמפו הוואי,מיליליטרים,700.00,"100 מ""ל",false,1,11.90,1.70,true,1,
7290117860199,false,שמפו שמן ורד הבר ושמן מקדמיה לשיער יבש,"טרופיקל דגיל בע""\מ",IL,שמפו הוואי,מיליליטרים,700.00,"100 מ""ל",false,1,11.90,1.70,true,1,
7290117860243,false,"הוואי - מרכך מעניק לחות לשיער יבש 700 מ""ל","טרופיקל דגיל בע""\מ",IL,מרכך הוואי,מיליליטרים,700.00,"100 מ""ל",false,1,11.90,1.70,true,1,
7290117860298,false,שמפו קומפלקס קרטין לשיער עדין או חלש,"טרופיקל דגיל בע""\מ",IL,שמפו הוואי,מיליליטרים,700.00,"100 מ""ל",false,1,11.90,1.70,true,1,
7290117860892,false,"הוואי - תחליב רחצה יוגורט בניחוח וניל ודבש 700 מ""ל","טרופיקל דגיל בע""\מ",IL,תחליב רחצה הוואי,מיליליטרים,700.00,"100 מ""ל",false,1,11.90,1.70,true,1,
7290117860991,false,"תחליב רחצה יוגורט בניחוח שקדים 700 מ""ל הוואי","טרופיקל דגיל בע""\מ",IL,תחליב רחצה הוואי,מיליליטרים,700.00,"100 מ""ל",false,1,11.90,1.70,true,1,
7290118874577,false,שקית הפתעות 168 גרם,,IL,שקית הפתעות,גרמים,168.00,100 גרם,false,1,5.90,3.51,true,1,
7290118874584,false,שקית הפתעות 176 גרם,,IL,שקית הפתעות,גרמים,176.00,100 גרם,false,1,8.90,5.06,true,1,
7291008084854,false,"תמר מג'הול ישראלי 1 ק""ג",מהדרין תנופרט אקספורט,IL,תמר מגהול ישראלי,קילוגרמים,1.00,"ק""ג",false,1,21.90,21.90,true,1,
7296073005742,false,עוג.סנדוויץ וניל שופרסל,"אחים פפושדו ובניהם בע""\מ",IL,עוגיות סנדוויץ,גרמים,150.00,100 גרם,false,0,4.50,3.00,true,1,
7296073005841,false,אפונה ירוקה שופרסל500גרם,מיה,IL,אפונה ירוקה,גרמים,500.00,100 גרם,false,0,5.50,1.10,true,1,
7296073005858,false,בורגול שופרסל 500 גרם,מיה,IL,בורגול,גרמים,500.00,100 גרם,false,0,4.90,0.98,true,1,
7296073005889,false,חומוס לבן ענק שופרסל500ג,מיה,IL,חומוס לבן ענק,גרמים,500.00,100 גרם,false,0,7.90,1.58,true,1,
7296073005902,false,כוסמת שופרסל 500 גרם,מיה,IL,כוסמת שופרסל,גרמים,500.00,100 גרם,false,0,5.90,1.18,true,1,
7296073005926,false,עדשים אדומות שופרסל500גר,מיה,IL,עדשים אדומות,גרמים,500.00,100 גרם,false,0,6.50,1.30,true,1,
7296073005971,false,שעועית אדומה שופרסל500גר,מיה,IL,שעועית אדומה,גרמים,500.00,100 גרם,false,0,8.80,1.76,true,1,
7296073006015,false,"חומוס גדול שופרסל 1 ק""ג",מיה,IL,חומוס גדול,קילוגרמים,1.00,"ק""ג",false,0,10.50,10.50,true,1,
7296073006053,false,פרג שופרסל 100 גרם,,IL,פרג שופרסל,גרמים,100.00,100 גרם,false,1,4.90,4.90,true,1,
7296073006060,false,חומוס לבן ענק שופרסל 1קג,מיה,IL,חומוס לבן ענק,קילוגרמים,1.00,"ק""ג",false,0,12.90,12.90,true,1,
7296073006114,false,"עדשים ירוקות שופרסל 1ק""ג",מיה,IL,עדשים ירוקות,קילוגרמים,1.00,"ק""ג",false,0,10.90,10.90,true,1,
7296073006121,false,"עדשים אדומות שופרסל 1ק""ג",מיה,IL,עדשים אדומות,קילוגרמים,1.00,"ק""ג",false,0,10.90,10.90,true,1,
7296073006176,false,"סוכר שופרסל 1 ק""ג","סוגת תעשיות בע""\מ",IL,סוכר לבן,קילוגרמים,1.00,"ק""ג",false,0,4.60,4.60,true,1,
7296073006381,false,מנזנילו בינונ.שופרסל560ג,שופרסל,IL,זיתים ירוקים,גרמים,560.00,100 גרם,false,0,6.30,1.13,true,1,
7296073006398,false,מנזנילו גדול ירוק 560 גר,שופרסל,IL,זיתי מנזנילו,גרמים,560.00,100 גרם,false,0,6.80,1.21,true,1,
7296073006404,false,מלפפונים במלח גדולים 7-9,בני דרום,IL,מלפפון במלח 7-9,גרמים,560.00,100 גרם,false,0,6.30,1.13,true,1,
7296073006411,false,מלפפונים במלח בינוניים,בני דרום,IL,מלפפונים במלח,גרמים,560.00,100 גרם,false,0,6.80,1.21,true,1,
7296073006428,false,מלפ.במלח 13-17שופרסל560ג,שופרסל,IL,מלפפון במלח,גרמים,560.00,100 גרם,false,0,9.50,1.70,true,1,
7296073006435,false,מלפפונים במלח קטנים מאוד,שופרסל,IL,מלפפון במלח,גרמים,560.00,100 גרם,false,0,10.90,1.95,true,1,
7296073006497,false,גביעי גלידה שופרסל 30יח',"א.ג. גילרו בע""\מ",IL,גביעי גלידה,גרמים,115.00,100 גרם,false,0,10.00,8.70,true,1,
7296073006640,false,מלפפונים במלח ט.ביתי1.65,שופרסל,IL,מלפפון במלח ביתי,קילוגרמים,1.65,"ק""ג",false,0,26.90,16.30,true,1,
7296073011118,false,קוסקוס דק שופרסל 350 גרם,"אסיף תעשיות מזון בע""\מ",IL,קוסקוס דק,גרמים,350.00,100 גרם,false,0,4.50,1.29,true,1,
7296073011217,false,פסטה פנה ריגטה31שופר500ג,שופרסל,IT,פסטה פנה ריגטה,גרמים,500.00,100 גרם,false,0,4.90,0.98,true,1,
7296073011224,false,פסטה פוסילי36שופר 500גרם,שופרסל,IT,פסטה פוסילי,גרמים,500.00,100 גרם,false,0,4.90,0.98,true,1,
7296073011248,false,פסטה פרפלה מס57שופרסל500,שופרסל,IT,פסטה פרפלה,גרמים,500.00,100 גרם,false,0,4.90,0.98,true,1,
7296073012009,false,קוסקוס בינוני שופרסל350ג,"אסיף תעשיות מזון בע""\מ",IL,קוסקוס בינוני,גרמים,350.00,100 גרם,false,0,4.50,1.29,true,1,
7296073020356,false,150כוס שתייה קרה בייסיק,שופרסל,IL,"כוסות שתייה חד""פ",יחידה,1.00,יחידה,false,0,17.90,17.90,true,1,
7296073020370,false,צלחות גדולות שופרסל 100,שופרסל,IL,צלחות גדולות,יחידה,1.00,יחידה,false,0,30.90,30.90,true,1,
7296073020394,false,"קעריות ח""פ שופרסל 50 יח'",שופרסל,IL,"קעריות מרק חד""פ",יחידה,1.00,יחידה,false,0,19.90,19.90,true,1,
7296073020936,false,פטריות שמפיניון חתוכ400ג,פרוצ'אמפ,NL,פטריות חתוכות,גרמים,400.00,100 גרם,false,0,4.50,1.13,true,1,
7296073021568,false,"קמח חיטה לבן בהיר 1 ק""ג",שופרסל,IL,קמח לבן,קילוגרמים,1.00,"ק""ג",false,0,3.90,3.90,true,1,
7296073021575,false,"קמח תופח שופרסל 1 ק""ג",שופרסל,IL,קמח תופח,קילוגרמים,1.00,"ק""ג",false,0,6.50,6.50,true,1,
7296073021582,false,"סולת חיטה שופרסל 1 ק""ג",שופרסל,IL,סולת חיטה,קילוגרמים,1.00,"ק""ג",false,0,4.50,4.50,true,1,
7296073048992,false,פסטרמה בדבש שופרסל 300גר,מעדני יחיעם,IL,פסטרמה בדבש,גרמים,300.00,100 גרם,false,0,21.90,7.30,true,1,
7296073049029,false,כתף בקר שופרסל 300 גרם,מעדני יחיעם,IL,כתף בקר,גרמים,300.00,100 גרם,false,0,26.90,8.97,true,1,
7296073049043,false,פסטרמה ברבקיו שופרסל300ג,שופרסל,IL,פסטרמה ברבקיו,גרמים,300.00,100 גרם,false,0,21.90,7.30,true,1,
7296073049050,false,פסטרמה רומנית שופרסל300ג,שופרסל,IL,פסטרמה רומנית,גרמים,300.00,100 גרם,false,0,26.90,8.97,true,1,
7296073049135,false,אטריות ביצים דקות שופ200,שיבולים בני דרום,IL,אטריות ביצים,גרמים,200.00,100 גרם,false,0,6.80,3.40,true,1,
7296073049654,false,טבעות זיתים ירוקים 560גר,שופרסל,IL,טבעות זיתים,גרמים,560.00,100 גרם,false,0,8.40,1.50,true,1,
7296073053750,false,פסטה לומקה ריגטה 48 שופר,שופרסל,IT,פסטה לומקה ריגטה,גרמים,500.00,100 גרם,false,0,4.90,0.98,true,1,
7296073053767,false,דפי לזניה שופרסל 500 גרם,שופרסל,IT,דפי לזניה,גרמים,500.00,100 גרם,false,0,13.50,2.70,true,1,
7296073058991,false,מוזלי שופרסל 500 גרם,בריגן קי ג'י,DE,מוזלי,גרמים,500.00,100 גרם,false,0,16.90,3.38,true,1,
7296073059691,false,"50 צלחות גדול ח""פ שופרסל",שופרסל,IL,צלחות גדולות,יחידה,1.00,יחידה,false,0,17.90,17.90,true,1,
7296073059707,false,"צלחות קטנות ח""פ שופרסל 5",שופרסל,IL,"צלחות קטנות חד""פ",יחידה,1.00,יחידה,false,0,14.90,14.90,true,1,
7296073059745,false,"לפתניות ח""פ שופרסל 50 יח",שופרסל,IL,"ליפתניות חד""פ",יחידה,1.00,יחידה,false,0,14.90,14.90,true,1,
7296073064367,false,"בורקס תפו""א שופרסל 800 ג",שופרסל,IL,"800 בורקס תפו""א",גרמים,800.00,100 גרם,false,0,15.90,1.99,true,1,
7296073064398,false,בורקס גבינה שופרסל 800 ג,מאפ גדרון,IL,בורקס גבינה800,גרמים,800.00,100 גרם,false,0,17.90,2.24,true,1,
7296073066354,false,חטיפי חלווה שופרסל 250 ג,"אחדות בע""מ א.ת. ברקן",IL,חטיפי חלווה,גרמים,250.00,100 גרם,false,0,9.70,3.88,true,1,
7296073074434,false,פתי בר גדול שופרסל500גרם,שופרסל,IL,פתיבר גדול,גרמים,500.00,100 גרם,false,0,8.90,1.78,true,1,
7296073074441,false,פתי בר שוקו גדול שופר500,שופרסל,IL,פתי בר גדול שוקו,גרמים,500.00,100 גרם,false,0,8.90,1.78,true,1,
7296073078579,false,דבש טבעי מפרחי שדה 350 ג,שופרסל,IL,דבש טבעי,גרמים,350.00,100 גרם,false,0,13.90,3.97,true,1,
7296073078586,false,דבש טבעי שופרסל צנצ500גר,שופרסל,IL,דבש טבעי,גרמים,500.00,100 גרם,false,0,22.80,4.56,true,1,
7296073078609,false,"דבש טבעי שופרסל 1 ק""ג",מכוורת עמק חפר,IL,דבש טבעי,קילוגרמים,1.00,"ק""ג",false,0,38.90,38.90,true,1,
7296073078821,false,4 כריות יפניות שופרסל,פלסטו פוליש,IL,כריות יפניות,יחידה,1.00,יחידה,false,0,7.70,7.70,true,1,
7296073078838,false,6 כריות יפניות שופרסל,פלסטו פוליש,IL,כריות יפניות,יחידה,1.00,יחידה,false,0,8.90,8.90,true,1,
7296073078883,false,9 מטליות ניקוי כללי שופר,שופרסל,IL,מטליות לניקוי,יחידה,1.00,יחידה,false,0,8.90,8.90,true,1,
7296073079002,false,פריכ.דקות אורז מלא ש100.,"פרח תעשיות מזון בע""\מ",IL,פריכיות דקות,גרמים,100.00,100 גרם,false,0,7.50,7.50,true,1,
7296073079019,false,פריכיות דק.קצח 100ג שופר,"פרח תעשיות מזון בע""\מ",IL,פריכיות דקות,גרמים,100.00,100 גרם,false,0,7.50,7.50,true,1,
7296073079040,false,פריכיות זעתר שופרסל 50גר,"פרח תעשיות מזון בע""\מ",IL,פריכיות אורז,גרמים,50.00,100 גרם,false,0,7.90,15.80,true,1,
7296073079842,false,עגבניות מקולפות שופר800ג,פריניר,IL,עגבניות מקולפ.,גרמים,800.00,100 גרם,false,0,5.90,0.74,true,1,
7296073079866,false,עגבניות מרוסקות שופר800ג,פריניר,IL,עגבניות מרוסקות,גרמים,800.00,100 גרם,false,0,6.20,0.78,true,1,
7296073079873,false,רוטב עגבנ.מרוכז מאוד580ג,פריניר,IL,תרכיז עגבניות,גרמים,580.00,100 גרם,false,0,5.90,1.02,true,1,
7296073079880,false,רסק עגבניות 22%שופר570ג,פריניר,IL,רוטב עגבניות,גרמים,570.00,100 גרם,false,0,5.80,1.02,true,1,
7296073079903,false,רוטב עגבניות 22%שופר100ג,פריניר,IL,רוטב עגבניות,גרמים,100.00,100 גרם,false,0,1.80,1.80,true,1,
7296073080497,false,שעועית אפויה שופרסל 580ג,פרי גליל,IL,שעועית אפויה,גרמים,580.00,100 גרם,false,0,6.90,1.19,true,1,
7296073080503,false,אפונה גדולה שופרסל550גרם,פרי גליל,IL,אפונה ירוקה,גרמים,550.00,100 גרם,false,0,6.50,1.18,true,1,
7296073080510,false,חומוס שלם שופרסל 560 גרם,פרי גליל,IL,חומוס שלם,גרמים,560.00,100 גרם,false,0,6.90,1.23,true,1,
7296073080534,false,תירס מתוק שופרסל 550 גרם,פרי גליל,IL,גרעיני תירס מתוק,גרמים,550.00,100 גרם,false,0,6.90,1.25,true,1,
7296073080541,false,אפונה וגזר שופרסל 550 גר,פרי גליל,IL,אפונה וגזר,גרמים,550.00,100 גרם,false,0,6.50,1.18,true,1,
7296073080558,false,תירס לייט שופרסל 550 גרם,פרי גליל,IL,תירס לייט,גרמים,550.00,100 גרם,false,0,7.50,1.36,true,1,
7296073081449,false,פירורי לחם מוזהב שופר200,"חטיפים מן הטבע בע""\מ",IL,פירורי לחם,גרמים,200.00,100 גרם,false,0,3.50,1.75,true,1,
7296073081456,false,פירורי לחם לבן שופרסל200,"חטיפים מן הטבע בע""\מ",IL,פירורי לחם לבן,גרמים,200.00,100 גרם,false,0,4.90,2.45,true,1,
7296073087175,false,ריבת תות שופרסל 370 גרם,LTD 99 CIMA,BG,ריבת תות שדה,גרמים,370.00,100 גרם,false,0,10.90,2.95,true,1,
7296073087182,false,ריבת מישמש שופרסל 370גרם,LTD 99 CIMA,BG,ריבת מישמש,גרמים,370.00,100 גרם,false,0,10.90,2.95,true,1,
7296073087205,false,ריבת אוכמניות שופרסל370ג,LTD 99 CIMA,BG,ריבת אוכמניות,גרמים,370.00,100 גרם,false,0,10.90,2.95,true,1,
7296073087243,false,קונפ.דובדבנים שופרסל370ג,LTD 99 CIMA,BG,קונפ.דובדבנים,גרמים,370.00,100 גרם,false,0,12.10,3.27,true,1,
7296073087281,false,קונפ.תות שדה שופרסל 370ג,LTD 99 CIMA,BG,קונפיטורת תות,גרמים,370.00,100 גרם,false,0,12.10,3.27,true,1,
7296073090496,false,צמר פלדה שופרסל 100 גרם,פלסטו פוליש,IL,צמר פלדה,גרמים,100.00,100 גרם,false,0,5.90,5.90,true,1,
7296073091226,false,פופקורן גרעינים שופר1.קג,מיה,IL,פופקורן גרעינים,קילוגרמים,1.00,"ק""ג",false,0,8.80,8.80,true,1,
7296073091394,false,גרעין לבן קלוי400גשופרסל,ששון,IL,גרעין לבן קלוי,גרמים,400.00,100 גרם,false,0,18.90,4.73,true,1,
7296073091462,false,פיסטוק קלוי וממולח 200ג,ששון,IL,פיסטוק קלוי,גרמים,200.00,100 גרם,false,0,22.90,11.45,true,1,
7296073091479,false,שקד קלוף קלוי200ג שופרסל,ששון,IL,שקד קלוף קלוי,גרמים,200.00,100 גרם,false,0,17.90,8.95,true,1,
7296073091486,false,אגוזי קשיו קלויים ומומלח,ששון,IL,קשיו קלוי ומומלח,גרמים,200.00,100 גרם,false,0,22.90,11.45,true,1,
7296073091493,false,גרעין שחור קלוי200גשופרס,ששון,IL,גרעין שחור קלוי,גרמים,200.00,100 גרם,false,0,6.80,3.40,true,1,
7296073091547,false,צימוק בהיר 400ג שופרסל,ששון,IL,צימוק בהיר,גרמים,400.00,100 גרם,false,0,22.90,5.73,true,1,
7296073091554,false,צימוקים כהים 400 גרם,ששון,IL,צימוקים כהים,גרמים,400.00,100 גרם,false,0,18.90,4.73,true,1,
7296073091585,false,שקד קלוף טבעי200ג שופרסל,ששון,IL,שקדים קלופים,גרמים,200.00,100 גרם,false,0,17.90,8.95,true,1,
7296073091608,false,אגוזי קשיו קלופים טבעיים,ששון,VN,אגוזי קשיו טבעי,גרמים,200.00,100 גרם,false,0,23.90,11.95,true,1,
7296073091646,false,צנוברים קלופים 100גרם,ששון,CN,צנוברים קלופים,גרמים,100.00,100 גרם,false,0,25.90,25.90,true,1,
7296073091653,false,בננה צ'יפס 250ג שופרסל,ששון,PH,בננה צ'יפס,גרמים,250.00,100 גרם,false,0,11.90,4.76,true,1,
7296073091677,false,חמוציות 250גרם שופרסל,ששון,US,חמוציות 250גרם,גרמים,250.00,100 גרם,false,0,12.90,5.16,true,1,
7296073094746,false,חלווה וניל שופרסל 400גרם,"אחדות בע""מ א.ת. ברקן",IL,חלווה וניל,גרמים,400.00,100 גרם,false,0,12.20,3.05,true,1,
7296073094753,false,חלווה וניל שופרסל 500 גר,"אחדות בע""מ א.ת. ברקן",IL,חלווה וניל,גרמים,500.00,100 גרם,false,0,12.90,2.58,true,1,
7296073095583,false,"אצטון שופרסל 100 מ""ל","ש. שוורץ )באר שבע( בע""\מ",IL,אצטון BE,מיליליטרים,100.00,"100 מ""ל",false,0,3.90,3.90,true,1,
7296073095910,false,דבש לחיץ שופרסל 350 גרם,מכוורת עמק חפר,IL,דבש טבעי לחיץ,גרמים,350.00,100 גרם,false,0,20.10,5.74,true,1,
7296073098263,false,גזר גמדי מוקפא שופרסל800,פרי גליל,IL,גזר גמדי מוקפא,גרמים,800.00,100 גרם,false,0,12.90,1.61,true,1,
7296073098287,false,לקט מעורבים שופרסל קפוא,פרי גליל,IL,לקט בורגונדי,גרמים,800.00,100 גרם,false,0,13.90,1.74,true,1,
7296073098294,false,ברוקולי מוקפא שופרסל 800,פרי גליל,IL,ברוקולי 800 גר,גרמים,800.00,100 גרם,false,0,16.90,2.11,true,1,
7296073103813,false,תפוח אדמה לבן ארוז,שופרסל,IL,"תפו""א לבן ארוז",קילוגרמים,0.00,"ק""ג",true,0,3.90,3.90,true,1,
7296073103820,false,תפוח אדמה לטיגון ארוז,שופרסל,IL,"תפו""א לטיגון",קילוגרמים,0.00,"ק""ג",true,0,4.90,4.90,true,1,
7296073106074,false,טליאטלה שופרסל 500 גרם,שופרסל,IT,פסטה טליאטלה,גרמים,500.00,100 גרם,false,0,9.80,1.96,true,1,
7296073106098,false,פריכיות דק.כוסמת שופר100,"פרח תעשיות מזון בע""\מ",IL,פריכיות כוסמת,גרמים,100.00,100 גרם,false,0,7.50,7.50,true,1,
7296073107392,false,גרנולה צימוק שקד תפוח400,בריגן קי ג'י,DE,גרנולה שופרסל,גרמים,400.00,100 גרם,false,0,16.90,4.23,true,1,
7296073107408,false,גרנולה שוקו.פקאן שופר400,בריגן קי ג'י,DE,גרנולה שוקולד,גרמים,400.00,100 גרם,false,0,16.90,4.23,true,1,
7296073107989,false,גרעיני תירס שופרסל 800 ג,פרי גליל,IL,גרעיני תירס,גרמים,800.00,100 גרם,false,0,12.90,1.61,true,1,
7296073107996,false,פול ירוק שופרסל 800 גרם,פרי גליל,GB,פול ירוק,גרמים,800.00,100 גרם,false,0,15.90,1.99,true,1,
7296073108085,false,שעועית צהובה חתוכה שופרס,פרי גליל,IL,שעועית צהובה,גרמים,800.00,100 גרם,false,0,12.90,1.61,true,1,
7296073108269,false,חסה ערבית שטופה לאכילה,פרסקו,IL,עלי חסה ערבית,גרמים,250.00,100 גרם,false,0,10.50,4.20,true,1,
7296073108313,false,סלט קולסלאו שטוף לאכילה,פרסקו,IL,סלט קולסלאו שטוף,גרמים,400.00,100 גרם,false,0,8.50,2.13,true,1,
7296073108320,false,שבבי גזר שטופים לאכילה,פרסקו,IL,שבבי גזר שטופים,גרמים,400.00,100 גרם,false,0,8.50,2.13,true,1,
7296073108344,false,לקט קלאסי שטוף לאכילה,"פרסקו חצבה 2006 בע""\מ",IL,לקט קלאסי שטוף,גרמים,350.00,100 גרם,false,0,10.50,3.00,true,1,
7296073108351,false,חסה אייסברג שטופה לאכילה,"פרסקו חצבה 2006 בע""\מ",IL,חסה אייסברג שטוף,גרמים,300.00,100 גרם,false,0,10.50,3.50,true,1,
7296073108368,false,לקט הגינה שטוף לאכילה,פרסקו,IL,לקט הגינה שטוף,גרמים,300.00,100 גרם,false,0,10.50,3.50,true,1,
7296073108375,false,כרוב לבן שטוף לאכילה400ג,"פרסקו חצבה 2006 בע""\מ",IL,כרוב לבן שטוף,גרמים,400.00,100 גרם,false,0,8.50,2.13,true,1,
7296073108443,false,"קמח מלא שופרסל 1 ק""ג",שופרסל,IL,קמח חיטה מלא,קילוגרמים,1.00,"ק""ג",false,0,6.90,6.90,true,1,
7296073109822,false,תמר מג'הול מעולה 400 גרם,הדיקלאים,IL,תמר מג'הול 400ג,גרמים,400.00,100 גרם,false,0,12.90,3.23,true,1,
7296073112457,false,קוסקוס חיטה מלא.שופר350ג,אסיף תעשיות מזון,IL,קוסקוס,גרמים,350.00,100 גרם,false,0,5.70,1.63,true,1,
7296073112464,false,פוסילי מקמח חיטה מלא500ג,שופרסל,IT,פוזילי חיטה מלאה,גרמים,500.00,100 גרם,false,0,7.50,1.50,true,1,
7296073112617,false,6 ספוג.לניקוי מופלא שופר,"סדובסקי בע""\מ",IL,ספוגית ניקוי,יחידה,1.00,יחידה,false,0,8.90,8.90,true,1,
7296073116769,false,קוקוס טחון שופרסל 100גרם,מיה,IL,קוקוס טחון,גרמים,100.00,100 גרם,false,0,4.50,4.50,true,1,
7296073116776,false,קוקוס טחון שופרסל 400גרם,מיה,IL,קוקוס טחון,גרמים,400.00,100 גרם,false,0,12.50,3.13,true,1,
7296073116783,false,שומשום שופרסל 100 גרם,מיה,IL,שומשום שופרסל,גרמים,100.00,100 גרם,false,0,3.50,3.50,true,1,
7296073116790,false,שומשום שופרסל 400 גרם,מיה,IL,שומשום שופרסל,גרמים,400.00,100 גרם,false,0,11.50,2.88,true,1,
7296073116813,false,קמח תירס שופרסל 400 גרם,מיה תעשיות מזון,IL,קמח תירס,גרמים,400.00,100 גרם,false,0,5.50,1.38,true,1,
7296073116820,false,"קמח תפו""א שופרסל 500 גרם",מיה,IL,"קמח תפו""א",גרמים,500.00,100 גרם,false,0,6.00,1.20,true,1,
7296073116837,false,קוואקר שופרסל קופסא500ג,בריגן קי ג'י,DE,קוואקר שופרסל,גרמים,500.00,100 גרם,false,0,9.90,1.98,true,1,
7296073117872,false,חרוזי זיתים מושחר שופ560,קבוצת יבנה מוצרי מזון,IL,חרוזי זיתים,גרמים,540.00,100 גרם,false,0,8.00,1.48,true,1,
7296073118770,false,עלי בייבי שטופים לאכילה,"פרסקו חצבה 2006 בע""\מ",IL,עלי בייבי שטופים,גרמים,300.00,100 גרם,false,0,14.90,4.97,true,1,
7296073121183,false,תמר דקל נור 400ג שופרסל,ערדום תמרים,IL,תמר דקל נור 400ג,גרמים,400.00,100 גרם,false,0,12.90,3.23,true,1,
7296073121190,false,תמר אמרי 400גרם שופרסל,הדיקלאים,IL,תמר אמרי 400ג,גרמים,400.00,100 גרם,false,0,12.90,3.23,true,1,
7296073122258,false,תערובת אגוזים 200גשופרסל,ששון,IL,תערובת אגוזים,גרמים,200.00,100 גרם,false,0,22.90,11.45,true,1,
7296073122296,false,פסטרמה מסורתית שופר300.ג,שופרסל,IL,פסטרמה מסורתית,גרמים,300.00,100 גרם,false,0,21.90,7.30,true,1,
7296073122333,false,שקדי מרק מרכיבים טבעיים,שופרסל,IL,שקדי מרק בשקית,גרמים,400.00,100 גרם,false,0,7.90,1.98,true,1,
7296073123712,false,"תמצית רום שופרסל 50 מ""ל",מיה,IL,תמצית רום,מיליליטרים,50.00,"100 מ""ל",false,0,4.20,8.40,true,1,
7296073123729,false,"תמצית וניל שופרסל 50 מ""ל",מיה,IL,תמצית וניל,מיליליטרים,50.00,"100 מ""ל",false,0,4.20,8.40,true,1,
7296073123996,false,שעועית מש שופרסל 500 גרם,מיה,IL,שעועית מש,גרמים,500.00,100 גרם,false,0,9.80,1.96,true,1,
7296073124177,false,שום כתוש צנצנת שופרסל200,שופרסל,IL,שום כתוש,גרמים,200.00,100 גרם,false,0,14.90,7.45,true,1,
7296073124382,false,ספגטיני מספר 3 שופרסל500,שופרסל,IT,ספגטיני מספר 3,גרמים,500.00,100 גרם,false,0,4.90,0.98,true,1,
7296073125303,false,מלפפונים בחומץ 7-9 560גר,קבוצת יבנה מוצרי מזון,IL,מלפפונים בחומץ,גרמים,560.00,100 גרם,false,0,6.30,1.13,true,1,
7296073125327,false,מלפפונים בינוני בחומץ560,קבוצת יבנה מוצרי מזון,IL,מלפפונים בחומץ,גרמים,560.00,100 גרם,false,0,6.80,1.21,true,1,
7296073125341,false,מלפפונים בחומץ18-25 540ג,קבוצת יבנה מוצרי מזון,IL,מלפפונים בחומץ,גרמים,540.00,100 גרם,false,0,10.90,2.02,true,1,
7296073125358,false,מלפפ.במלח7-9שופר560ג20%+,שופרסל,IL,מלפפונים במלח,גרמים,650.00,100 גרם,false,0,6.30,0.97,true,1,
7296073125907,false,מי פה ט.מנטה שופרסל500מל,שופרסל,ES,מי פה מנטה,מיליליטרים,500.00,"100 מ""ל",false,0,10.50,2.10,true,1,
7296073125914,false,מי פה ט.מרענן שופרסל500מ,מעבדות בוניקט,ES,מי פה טעם מרענן,מיליליטרים,500.00,"100 מ""ל",false,0,10.50,2.10,true,1,
7296073128229,false,שופרסל מעדן תות שדה284גר,LTD 99 CIMA,BG,מעדן תות שדה,גרמים,284.00,100 גרם,false,0,13.90,4.89,true,1,
7296073128236,false,מעדן משמש שופרסל 284 גרם,LTD 99 CIMA,BG,מעדן משמש,גרמים,284.00,100 גרם,false,0,13.90,4.89,true,1,
7296073128267,false,מעדן פירות אדומ.שופר284ג,LTD 99 CIMA,BG,מעדן פירות אדומ.,גרמים,284.00,100 גרם,false,0,13.90,4.89,true,1,
7296073129448,false,פתיתים טבעות שופרסל500גר,"אסיף תעשיות מזון בע""\מ",IL,פתיתים טבעות,גרמים,500.00,100 גרם,false,0,4.80,0.96,true,1,
7296073129455,false,פתיתים אורז שופרסל 500גר,"אסיף תעשיות מזון בע""\מ",IL,פתיתים אורז,גרמים,500.00,100 גרם,false,0,4.80,0.96,true,1,
7296073129462,false,פתיתים לבבות שופרסל500גר,"אסיף תעשיות מזון בע""\מ",IL,פתיתים לבבות,גרמים,500.00,100 גרם,false,0,4.80,0.96,true,1,
7296073129479,false,פתיתים כוכבים שופרסל500ג,אסיף תעשיות מזון,IL,פתיתים כוכבים,גרמים,500.00,100 גרם,false,0,4.80,0.96,true,1,
7296073129523,false,נר נשמה שבועי שופרסל,שופרסל,IL,נר נשמה שבועי,יחידה,1.00,יחידה,false,0,9.90,9.90,true,1,
7296073130499,false,"מיץ לימון שופרסל 200 מ""ל",סי פרווידר,IT,מיץ לימון שופרסל,מיליליטרים,200.00,"100 מ""ל",false,0,5.90,2.95,true,1,
7296073132479,false,לבבות דקל שלמים שופר400ג,אינדוסטריה אגריקולה,EC,לבבות דקל שלמים,גרמים,400.00,100 גרם,false,0,9.90,2.48,true,1,
7296073132806,false,חרוזי זיתים שופרסל560גרם,קבוצת יבנה מוצרי מזון,IL,חרוזי זיתים,גרמים,560.00,100 גרם,false,0,8.80,1.57,true,1,
7296073132936,false,עוגת מאפין שיש שופרסל400,גידרון,IL,עוגת מאפין,גרמים,400.00,100 גרם,false,0,10.90,2.73,true,1,
7296073132943,false,עוגת מאפין שוק.שופרסל400,גידרון,IL,עוגת מאפין,גרמים,400.00,100 גרם,false,0,10.90,2.73,true,1,
7296073132950,false,עוגת מאפין וניל שופר400ג,גידרון,IL,עוגת מאפין,גרמים,400.00,100 גרם,false,0,10.90,2.73,true,1,
7296073132974,false,צלחות גדולות לבן שופרסל,שופרסל,IL,צלחות ענקיות,יחידה,1.00,יחידה,false,0,24.90,24.90,true,1,
7296073132981,false,25צלחות גדולה לבן שופרסל,שופרסל,IL,צלחות גדולה,יחידה,1.00,יחידה,false,0,17.90,17.90,true,1,
7296073132998,false,25צלחות קטנות לבן שופרסל,שופרסל,IL,צלחות קטנות,יחידה,1.00,יחידה,false,0,12.90,12.90,true,1,
7296073133001,false,קערית מרק לבן אלגנט 25יח,שופרסל,IL,קעריות מרק לבנות,יחידה,1.00,יחידה,false,0,12.90,12.90,true,1,
7296073133056,false,צלחת קרם אלגנט ענק 25 יח,שופרסל,IL,צלחות קרם ענקיות,יחידה,1.00,יחידה,false,0,24.90,24.90,true,1,
7296073133063,false,צלחות בינונית קרם שופרסל,שופרסל,IL,צלחות גדולות,יחידה,1.00,יחידה,false,0,17.90,17.90,true,1,
7296073133070,false,צלחות קטנות קרם שופרסל 2,שופרסל,IL,צלחות קטנות,יחידה,1.00,יחידה,false,0,12.90,12.90,true,1,
7296073133087,false,קעריות מרק קרם שופרסל 25,שופרסל,IL,קעריות מרק,יחידה,1.00,יחידה,false,0,12.90,12.90,true,1,
7296073134442,false,קרקר חיטה שופרסל 300 גרם,שופרסל,CZ,קרקר חיטה,גרמים,300.00,100 גרם,false,0,13.50,4.50,true,1,
7296073134459,false,קרקר סגנ.שוודי שופרסל300,שופרסל,CZ,קרקר שוודי,גרמים,300.00,100 גרם,false,0,13.50,4.50,true,1,
7296073134534,false,קפה טורקי שופרסל 100 גרם,שופרסל,IL,קפה טורקי,גרמים,100.00,100 גרם,false,0,5.50,5.50,true,1,
7296073134541,false,קפה טורקי שופרסל 100*3גר,שופרסל,IL,מארז קפה טורקי,גרמים,300.00,100 גרם,false,0,14.80,4.93,true,1,
7296073140184,false,עוגת מאפין תפוז שופר400ג,גידרון,IL,עוגת מאפין תפוז,גרמים,400.00,100 גרם,false,0,10.90,2.73,true,1,
7296073140801,false,חטיף חלבה וניל שופרסל100,"אחדות בע""מ א.ת. ברקן",IL,חטיף חלבה שופרסל,גרמים,100.00,100 גרם,false,0,2.80,2.80,true,1,
7296073141143,false,שוקולד חלב שופרסל100 גרם,"שוקולד פריי בע""מ",CH,שוקולד חלב,גרמים,100.00,100 גרם,false,0,5.00,5.00,true,1,
7296073143437,false,"ברנפלקס ללת""ס שופרסל 500",בריגן קי. ג'י,DE,"ברנפלקס ללת""ס",גרמים,500.00,100 גרם,false,0,19.90,3.98,true,1,
7296073143727,false,פתיתים קוסקוס 3 צבעים500,"אסיף תעשיות מזון בע""\מ",IL,פתיתים 3 צבעים,גרמים,500.00,100 גרם,false,0,5.90,1.18,true,1,
7296073143758,false,עוגת בראוניס שופרסל400גר,גידרון,IL,עוגת בראוניס,גרמים,400.00,100 גרם,false,0,14.90,3.73,true,1,
7296073146933,false,שוק.אוורירי מריר שופר100,"שוקולד פריי בע""מ",CH,שוקולד אוורירי,גרמים,100.00,100 גרם,false,0,5.00,5.00,true,1,
7296073146957,false,שוק.חלב שברי אגוז שופ100,שופרסל,CH,שוקולד חלב אגוז,גרמים,100.00,100 גרם,false,0,5.00,5.00,true,1,
7296073150442,false,תערובת לכדורי שוקולד500ג,"י.כהן בע""מ",IL,תערובת לכדורים,גרמים,500.00,100 גרם,false,0,14.00,2.80,true,1,
7296073150527,false,קורנפלקס שופרסל 750 גרם,שופרסל,DK,קורנפלקס שופרסל,גרמים,750.00,100 גרם,false,0,12.50,1.67,true,1,
7296073151548,false,מלח בישול גס שופרסל 1 קג,מלח הארץ אילת,IL,מלח בישול גס,קילוגרמים,1.00,"ק""ג",false,0,1.80,1.80,true,1,
7296073151555,false,מלח שולחן דק שופרסל 1 קג,מלח הארץ אילת,IL,מלח שולחן דק,קילוגרמים,1.00,"ק""ג",false,0,1.80,1.80,true,1,
7296073152453,false,קפה טורקי ואקום שופר200ג,שופרסל,IL,קפה טורקי בואקום,גרמים,200.00,100 גרם,false,0,14.10,7.05,true,1,
7296073153238,false,גזר ארוז שופרסל,,IL,גזר ארוז שופרסל,קילוגרמים,0.00,"ק""ג",true,0,3.90,3.90,true,1,
7296073153290,false,מזון לחתול מיקס שופרסל3ק,Tuffy's,GB,מזון לחתולים,קילוגרמים,3.00,"ק""ג",false,0,48.00,16.00,true,1,
7296073156611,false,שוקולד מריר 60% קקאו100ג,"שוקולד פריי בע""מ",CH,שוקולד מריר 60%,גרמים,100.00,100 גרם,false,0,6.80,6.80,true,1,
7296073160670,false,פסטה גנצ'טי מהיר.הכנה500,שופרסל,IT,פסטה גנצ'טי,גרמים,500.00,100 גרם,false,0,6.30,1.26,true,1,
7296073161479,false,פריכיות דקות תירס 100 גר,"פרח תעשיות מזון בע""\מ",IL,פריכיות תירס,גרמים,100.00,100 גרם,false,0,7.50,7.50,true,1,
7296073161981,false,עוג.מילוי קרם שוק.שופ150,ויסנצ'י,IT,עוגיות קרם שוקו,גרמים,150.00,100 גרם,false,0,7.90,5.27,true,1,
7296073162001,false,עוג.קרם אגוז לוז שופר150,שופרסל,IT,עוגיות קרם אגוז,גרמים,150.00,100 גרם,false,0,7.90,5.27,true,1,
7296073163084,false,נקניקיות וינר שופרסל400ג,מעדני יחיעם,IL,נקניקיות וינר,גרמים,400.00,100 גרם,false,0,9.90,2.48,true,1,
7296073163107,false,נקניקיות וינר שופרסל1.5ק,שופרסל,IL,נקניקיות וינר,קילוגרמים,1.50,"ק""ג",false,0,27.90,18.60,true,1,
7296073163114,false,נקניקיות מיני שופרסל600ג,מעדני יחיעם,IL,נקניקיות מיני,גרמים,600.00,100 גרם,false,0,15.90,2.65,true,1,
7296073169543,false,40 מטליות רב שימושיות,שופרסל,IL,"מטליות רב""ש",יחידה,1.00,יחידה,false,0,18.90,18.90,true,1,
7296073169550,false,3 מטליות מיקרופייבר שופר,שופרסל,CN,מטליות מיקרופיבר,יחידה,1.00,יחידה,false,0,10.90,10.90,true,1,
7296073170853,false,צ'יפס קלאסי שופרסל 2.5קג,"תעשיות תפוגן בע""\מ",IL,צ'יפס קלאסי,קילוגרמים,2.50,"ק""ג",false,0,34.90,13.96,true,1,
7296073170860,false,צ'יפס קלאסי שופרסל 1.5קג,"תעשיות תפוגן בע""\מ",IL,צ'יפס קלאסי,קילוגרמים,1.50,"ק""ג",false,0,19.90,13.27,true,1,
7296073170877,false,צ'יפס אמריקאי שופרסל 1.5,"תעשיות תפוגן בע""\מ",IL,צ'יפס אמריקאי,קילוגרמים,1.50,"ק""ג",false,0,22.90,15.27,true,1,
7296073170884,false,סטייק צ'יפס שופרסל 1.5קג,"תעשיות תפוגן בע""\מ",IL,סטייק צ'יפס,קילוגרמים,1.50,"ק""ג",false,0,22.90,15.27,true,1,
7296073170891,false,צ'יפס זיגזג שופרסל 1.5קג,"תעשיות תפוגן בע""\מ",IL,צ\יפס זיגזג,קילוגרמים,1.50,"ק""ג",false,0,22.90,15.27,true,1,
7296073173045,false,דבש טבעי לחיץ שופרסל500ג,שופרסל,IL,דבש לחיץ שופרסל,גרמים,500.00,100 גרם,false,0,25.90,5.18,true,1,
7296073173199,false,אפונה ירוקה עדינה שופרסל,שופרסל,BE,אפונה עדינה,גרמים,600.00,100 גרם,false,0,12.90,2.15,true,1,
7296073173205,false,שעועית ירוקה עדינה שופרס,ARDO,BE,שעועית ירוקה,גרמים,600.00,100 גרם,false,0,12.90,2.15,true,1,
7296073173212,false,שעועית ירוקה שלמה שופרסל,ARDO,BE,שעועית ירוקה,גרמים,800.00,100 גרם,false,0,9.90,1.24,true,1,
7296073173229,false,שעועית ירוקה חתוכה שופרס,ARDO,BE,שעועית ירוקה,גרמים,800.00,100 גרם,false,0,12.90,1.61,true,1,
7296073173311,false,קמח תופח מועשר שופרסל 1ק,שופרסל,IL,קמח תופח מועשר,קילוגרמים,1.00,"ק""ג",false,0,6.90,6.90,true,1,
7296073173335,false,קמח שיפון מלא שופרסל 1קג,שופרסל,IL,קמח שיפון מלא,קילוגרמים,1.00,"ק""ג",false,0,6.90,6.90,true,1,
7296073179863,false,דבש טבעי לחיץ שופרסל250ג,שופרסל,IL,דבש טבעי לחיץ,גרמים,250.00,100 גרם,false,0,15.50,6.20,true,1,
7296073180203,false,עלי רוקט שטופים 150גרם,"פרסקו חצבה 2006 בע""\מ",IL,עלי רוקט150ג',גרמים,150.00,100 גרם,false,0,10.50,7.00,true,1,
7296073180210,false,עלי תרד בייבי שטופים400ג,"פרסקו חצבה 2006 בע""\מ",IL,עלי תרד בייבי,גרמים,400.00,100 גרם,false,0,15.90,3.98,true,1,
7296073180425,false,רוטב פסטה שום+אורגנו350ג,,IT,רוטב לפסטה,גרמים,350.00,100 גרם,false,0,9.90,2.83,true,1,
7296073180548,false,אגוז מלך טבעי150ג שופרסל,ששון,US,א.מלך טבעי קלוף,גרמים,150.00,100 גרם,false,0,12.90,8.60,true,1,
7296073180630,false,מטליות לחות לרצפה 10יח,טרופיקל דגיל,IL,מטליות לחות,יחידה,1.00,יחידה,false,0,7.50,7.50,true,1,
7296073180944,false,מטלית רצפה,,CN,מטלית רצפה,יחידה,1.00,יחידה,false,0,9.90,9.90,true,1,
7296073187363,false,פחם דרום אמריקאי,,PY,פחם דרום אמריקאי,קילוגרמים,2.00,"ק""ג",false,0,13.90,6.95,true,1,
7296073189572,false,פקאן סיני 200גרם שופרסל,שקרצי,IL,פקאן סיני 200גרם,גרמים,200.00,100 גרם,false,0,24.90,12.45,true,1,
7296073189589,false,פקאן טבעי 200גרם שופרסל,שקרצי,US,חצאי אגוזי פקאן,גרמים,200.00,100 גרם,false,0,25.90,12.95,true,1,
7296073189596,false,חצאי בוטן מטוגן וממולח,שקרצי,IL,בוטן מטוגן200גרם,גרמים,200.00,100 גרם,false,0,7.90,3.95,true,1,
7296073189602,false,בוטן מטוגן 400גרם שופרסל,שקרצי,IL,חצאי בוטן מטוגן,גרמים,400.00,100 גרם,false,0,14.90,3.73,true,1,
7296073189671,false,ג.דלעת קלוף 150גרם שופרס,ששון,CN,גרעין דלעת קלוף,גרמים,150.00,100 גרם,false,0,12.90,8.60,true,1,
7296073189688,false,ג.חמניה קלוף150ג שופרסל,ששון,IL,גרעין חמניה 150ג,גרמים,150.00,100 גרם,false,0,5.80,3.87,true,1,
7296073191261,false,תחתיות ארטישוק שופר390גר,Raal El Conservas,ES,תחתיות ארטישוק,גרמים,390.00,100 גרם,false,0,9.90,2.54,true,1,
7296073192633,false,שעועית לבנה שופרסל 800גר,פרי גליל,IL,שעועית לבנה,גרמים,800.00,100 גרם,false,0,14.90,1.86,true,1,
7296073192657,false,גרגרי חומוס שופרסל 800גר,פרי גליל,IL,גרגרי חומוס,גרמים,800.00,100 גרם,false,0,12.90,1.61,true,1,
7296073193791,false,ברוקולי שטוף 400גרם,פרסקו,IL,ברוקולי שטוף,גרמים,400.00,100 גרם,false,0,15.90,3.98,true,1,
7296073195894,false,אטריות דקיקות שופרסל400ג,שיבולים בני דרום,IL,אטריות דקיקות,גרמים,400.00,100 גרם,false,0,4.90,1.23,true,1,
7296073195900,false,אטריות דקות שופרסל 400ג,שיבולים בני דרום,IL,אטריות דקות,גרמים,400.00,100 גרם,false,0,4.90,1.23,true,1,
7296073197461,false,שוקולד חלב 100*3 גרם,"שוקולד פריי בע""מ",CH,שוקולד חלב 3 יח,גרמים,300.00,100 גרם,false,0,12.90,4.30,true,1,
7296073198314,false,דייסת דגנים מעורבים 200ג,שופרסל,IL,דייסת דגנים,גרמים,200.00,100 גרם,false,0,10.90,5.45,true,1,
7296073199014,false,נודלס דק להקפצה 400 גרם,INDUSTRY ANLIDA LONGHAI FUJIAN,CN,נודלס דק להקפצה,גרמים,400.00,100 גרם,false,0,9.80,2.45,true,1,
7296073201410,false,נודלס רחב להקפצה 400ג,פרוצ'אמפ,CN,נודלס בינוני,גרמים,400.00,100 גרם,false,0,9.80,2.45,true,1,
7296073203391,false,"מיקס מזון לכלבים 3 ק""ג",EFFEFFE,IT,מיקס מזון לכלבים,קילוגרמים,3.00,"ק""ג",false,0,39.60,13.20,true,1,
7296073204640,false,בוטן אמריקאי200ג שופרסל,ששון,IL,בוטנים אמריקאים,גרמים,200.00,100 גרם,false,0,6.90,3.45,true,1,
7296073205081,false,מיונז,,IL,מיונז,גרמים,500.00,100 גרם,false,0,7.90,1.58,true,1,
7296073205111,false,"ניוקי תפו""א ל.ג.גרין500ג",,IT,"ניוקי תפו""א",גרמים,500.00,100 גרם,false,0,13.90,2.78,true,1,
7296073205456,false,פנה מלא אורגני,,IT,פנה מלא אורגני,גרמים,500.00,100 גרם,false,0,6.90,1.38,true,1,
7296073205487,false,ספגטי מלא אורגני גרין500,,IT,ספגטי מלא אורגני,גרמים,500.00,100 גרם,false,0,6.90,1.38,true,1,
7296073205616,false,תמר מג'הול אורגני גרין1ק,אלסקה,IL,תמר מג'הול גרין,קילוגרמים,1.00,"ק""ג",false,0,29.90,29.90,true,1,
7296073205692,false,רוטב פסטה שום אורגני 350,אלת'אה אס.פי.איי,IT,רוטבעגבניות שום,גרמים,350.00,100 גרם,false,0,10.00,2.86,true,1,
7296073205708,false,רוט.פסט.בזיליקום אורג350,אלת'אה אס.פי.איי,IT,רוטב פסטה,גרמים,350.00,100 גרם,false,0,10.00,2.86,true,1,
7296073206682,false,טונה בשמן קנולה 160*4ג,"תעשיות פילטונה בע""מ",IL,טונה בשמן 4 יח,גרמים,640.00,100 גרם,false,0,19.50,3.05,true,1,
7296073207078,false,בוטן קלוף קלוי300 שופרסל,ששון,IL,בוטן קלוף קלוי,גרמים,300.00,100 גרם,false,0,12.90,4.30,true,1,
7296073209225,false,"3ספוגיות קירצוף 9*72 ס""מ",פלסטו פוליש,IL,ספוגיות קירצוף,יחידה,1.00,יחידה,false,0,7.90,7.90,true,1,
7296073209249,false,ספגיות קירצוף 6 יחידות,פלסטו פוליש,IL,ספוגיות קירצוף,יחידה,1.00,יחידה,false,0,4.90,4.90,true,1,
7296073211624,false,פילה אמנון קפוא קג,שופרסל,CN,פילה אמנון קפוא,קילוגרמים,0.00,"ק""ג",true,0,29.90,29.90,true,1,
7296073211679,false,קורנפלקס ל.גלוטן גרין500,נקסקוב מילס,DK,קורנפלקס,גרמים,500.00,100 גרם,false,0,14.90,2.98,true,1,
7296073211969,false,וופל בלגי שוקולד 200 גרם,"גילרו בע""\מ",IL,וופל בלגי שוקולד,גרמים,200.00,100 גרם,false,0,4.00,2.00,true,1,
7296073214120,false,חתיכות אננס בסירופ850ג,CANNING FRUIT KUIBURI,TH,חתיכות אננס,גרמים,850.00,100 גרם,false,0,9.90,1.16,true,1,
7296073214137,false,פלחי אפרסקים,,CN,פלחי אפרסק,גרמים,820.00,100 גרם,false,0,8.90,1.09,true,1,
7296073215820,false,כורכום טחון,,IL,כורכום טחון,גרמים,100.00,100 גרם,false,0,7.00,7.00,true,1,
7296073215875,false,כמון טחון,,IL,כמון טחון,גרמים,100.00,100 גרם,false,0,6.90,6.90,true,1,
7296073215882,false,כמון טחון,,IL,כמון טחון,גרמים,40.00,100 גרם,false,0,7.30,18.25,true,1,
7296073215912,false,קנמון טחון,,IL,קנמון טחון,גרמים,100.00,100 גרם,false,0,6.90,6.90,true,1,
7296073215943,false,אורגנו בשקית,,IL,אורגנו בשקית,גרמים,20.00,100 גרם,false,0,5.60,28.00,true,1,
7296073215974,false,שום גבישי,,IL,שום גבישי,גרמים,120.00,100 גרם,false,0,10.80,9.00,true,1,
7296073216001,false,תערובת תיבול עוף,,IL,תערובת תיבול עוף,גרמים,100.00,100 גרם,false,0,7.30,7.30,true,1,
7296073216025,false,תערובת תיבול,,IL,תערובת תיבול,גרמים,100.00,100 גרם,false,0,9.80,9.80,true,1,
7296073216049,false,תערוב תיבול,,IL,תערוב תיבול,גרמים,100.00,100 גרם,false,0,6.70,6.70,true,1,
7296073216063,false,חוואג' למרק,,IL,חוואג' למרק,גרמים,100.00,100 גרם,false,0,8.50,8.50,true,1,
7296073216070,false,פטרוזיליה תבלין,,IL,פטרוזיליה תבלין,גרמים,20.00,100 גרם,false,0,6.90,34.50,true,1,
7296073216087,false,עלי דפנה,,IL,עלי דפנה,גרמים,20.00,100 גרם,false,0,5.50,27.50,true,1,
7296073216094,false,בהרט,,IL,בהרט,גרמים,100.00,100 גרם,false,0,7.00,7.00,true,1,
7296073216117,false,תערובת תיבול קאר,,IL,תערובת תיבול קאר,גרמים,100.00,100 גרם,false,0,5.90,5.90,true,1,
7296073216148,false,פלפל שחור טחון,,IL,פלפל שחור טחון,גרמים,100.00,100 גרם,false,0,12.20,12.20,true,1,
7296073216155,false,פלפל שחור,,IL,פלפל שחור,גרמים,40.00,100 גרם,false,0,9.90,24.75,true,1,
7296073216162,false,פלפל שחור,,IL,פלפל שחור,גרמים,100.00,100 גרם,false,0,12.90,12.90,true,1,
7296073216186,false,פלפל שחור,,IL,פלפל שחור,גרמים,40.00,100 גרם,false,0,9.50,23.75,true,1,
7296073216193,false,פלפל שחור,,IL,פלפל שחור,גרמים,90.00,100 גרם,false,0,12.50,13.89,true,1,
7296073216223,false,פפריקה מתוקה,,IL,פפריקה מתוקה,גרמים,80.00,100 גרם,false,0,5.20,6.50,true,1,
7296073216247,false,פפריקה מתוקה,,IL,פפריקה מתוקה,גרמים,100.00,100 גרם,false,0,9.50,9.50,true,1,
7296073216261,false,פפריקה מתוקה,,IL,פפריקה מתוקה,גרמים,80.00,100 גרם,false,0,5.70,7.13,true,1,
7296073216278,false,פפריקה מרוקאית,,IL,פפריקה מרוקאית,גרמים,90.00,100 גרם,false,0,9.20,10.22,true,1,
7296073216315,false,מלח לימון,,IL,מלח לימון,גרמים,100.00,100 גרם,false,0,6.60,6.60,true,1,
7296073218234,false,סוכר חום אורגני גרין 1 ק,,IL,סוכר קנים חום,קילוגרמים,1.00,"ק""ג",false,0,11.80,11.80,true,1,
7296073218661,false,מטליות לרצפה 3יח,,CN,מטליות לרצפה 3יח,יחידה,1.00,יחידה,false,0,21.90,21.90,true,1,
7296073218807,false,בישקוטים,,IT,בישקוטים,גרמים,200.00,100 גרם,false,0,7.20,3.60,true,1,
7296073219088,false,מיונז אמיתי 1 קג,,IL,מיונז אמיתי 1 קג,קילוגרמים,1.00,"ק""ג",false,0,14.90,14.90,true,1,
7296073219255,false,קפה נמס,,IL,קפה נמס,גרמים,200.00,100 גרם,false,0,13.90,6.95,true,1,
7296073219262,false,קפה טורקי עם הל,,IL,קפה טורקי עם הל,גרמים,100.00,100 גרם,false,0,6.30,6.30,true,1,
7296073219330,false,לחם אחיד פרוס,,IL,לחם אחיד פרוס,גרמים,750.00,100 גרם,false,0,7.10,0.95,true,1,
7296073219606,false,כדורי דגנים,,LT,כדורי דגנים,גרמים,500.00,100 גרם,false,0,13.90,2.78,true,1,
7296073219897,false,פודינג וניל,,IL,פודינג וניל,גרמים,80.00,100 גרם,false,0,4.50,5.63,true,1,
7296073219910,false,ג'לי משמש,,IL,ג'לי משמש,גרמים,85.00,100 גרם,false,0,5.00,5.88,true,1,
7296073219958,false,חט.דגנים שוקו+מריר23*6ג,back and Snack,AT,חטיף דגנים,גרמים,23.00,100 גרם,false,0,9.90,43.04,true,1,
7296073220022,false,אבקת קקאו,,IL,אבקת קקאו,גרמים,150.00,100 גרם,false,0,7.50,5.00,true,1,
7296073220121,false,חטיפי קרח,,IL,חטיפי קרח,ליטרים,0.07,ליטר,false,0,13.40,191.43,true,1,
7296073220275,false,וופל ט.שוקולד שופרסל500ג,"מנעמים תעשיות מזון בע""\מ",IL,ופל טעם שוקולד,גרמים,500.00,100 גרם,false,0,9.90,1.98,true,1,
7296073220282,false,וופלים ט.לימון שופרסל500,"מנעמים תעשיות מזון בע""\מ",IL,ופל טעם לימון,גרמים,500.00,100 גרם,false,0,9.90,1.98,true,1,
7296073220398,false,חטיפי קרח,,IL,חטיפי קרח,מיליליטרים,800.00,"100 מ""ל",false,0,8.90,1.11,true,1,
7296073220442,false,דובדבן קפוא שופרסל 300גר,d.o.o Lukowa,RS,דובדבן,גרמים,300.00,100 גרם,false,0,16.90,5.63,true,1,
7296073221319,false,מארז כפות בצבע קרם,.,IL,כפות חד פעמיות,יחידה,1.00,יחידה,false,0,14.90,14.90,true,1,
7296073221326,false,"כפית קרם 100 יח,' 1.4גרם",.,TR,"מארז כפיות ח""פ",יחידה,1.00,יחידה,false,0,14.90,14.90,true,1,
7296073221333,false,מארז מזלגות בצבע קרם,.,IL,"מזלגות קרם ח""פ",יחידה,1.00,יחידה,false,0,14.90,14.90,true,1,
7296073221340,false,מארז סכינים בצבע קרם,.,IL,סכינים עבים קרם,יחידה,1.00,יחידה,false,0,14.90,14.90,true,1,
7296073221630,false,שמן קנולה שופרסל 1 ליטר,בוקרלמן,DE,שמן קנולה,ליטרים,1.00,ליטר,false,0,9.90,9.90,true,1,
7296073221791,false,ופלים בטעם אגוזים 400 גר,"מנעמים תעשיות מזון בע""\מ",IL,ופל אגוזים,גרמים,400.00,100 גרם,false,0,9.90,2.48,true,1,
7296073222200,false,פסטרמה הודו על גחלים שופ,מעדני יחיעם,IL,פסטרמה הודו,גרמים,300.00,100 גרם,false,0,21.90,7.30,true,1,
7296073222224,false,פסטרמה ברביקיו דק דק140ג,מעדני יחיעם,IL,פסטרמה ברביקיו,גרמים,140.00,100 גרם,false,0,11.90,8.50,true,1,
7296073222231,false,פסטרמה בדבש דק דק 140 גר,מעדני יחיעם,IL,פסטרמה בדבש,גרמים,140.00,100 גרם,false,0,11.90,8.50,true,1,
7296073222255,false,סלמי מעושן שופרסל 400 גר,מעדני יחיעם,IL,סלמי מעושן,גרמים,400.00,100 גרם,false,0,16.90,4.23,true,1,
7296073222262,false,קבנוס שופרסל 100 גרם,מעדני יחיעם,IL,קבנוס,גרמים,100.00,100 גרם,false,0,8.90,8.90,true,1,
7296073222279,false,נקניקיות וינר שופרסל 1קג,מעדני יחיעם,IL,נקניקיות וינר,קילוגרמים,1.00,"ק""ג",false,0,21.90,21.90,true,1,
7296073222309,false,ג'חנון קפוא שופרסל 650 ג,אופרה,IL,ג'חנון קפוא שופר,גרמים,650.00,100 גרם,false,0,14.90,2.29,true,1,
7296073222316,false,ג'חנון אפוי שופרסל 650ג,אופרה,IL,ג'חנון אפוי שופר,גרמים,650.00,100 גרם,false,0,16.90,2.60,true,1,
7296073222323,false,מלווח קפוא שופרסל700ג,אופרה,IL,מלווח קפוא שופרס,גרמים,700.00,100 גרם,false,0,10.90,1.56,true,1,
7296073223009,false,שמן זית,,IT,שמן זית,מיליליטרים,750.00,"100 מ""ל",false,0,29.90,3.99,true,1,
7296073223993,false,מזון חתולים,,FR,מזון חתולים,גרמים,400.00,100 גרם,false,0,3.90,0.98,true,1,
7296073224006,false,מזון חתולים,,FR,מזון חתולים,גרמים,400.00,100 גרם,false,0,3.90,0.98,true,1,
7296073224013,false,מזון חתולים,,FR,מזון חתולים,גרמים,400.00,100 גרם,false,0,3.90,0.98,true,1,
7296073224020,false,מזון חתולים,,FR,מזון חתולים,גרמים,400.00,100 גרם,false,0,3.90,0.98,true,1,
7296073224051,false,מזון כלבים,,FR,מזון כלבים,גרמים,400.00,100 גרם,false,0,3.90,0.98,true,1,
7296073224204,false,שמן זית,,IT,שמן זית,ליטרים,1.00,ליטר,false,0,39.90,39.90,true,1,
7296073224471,false,עדשים אדומות אורגני גרין,,IL,עדשים אדומות,גרמים,500.00,100 גרם,false,0,8.90,1.78,true,1,
7296073224549,false,זרעי פשתן גרין 500 גרם,,IL,זרעי פשתן,גרמים,500.00,100 גרם,false,0,10.90,2.18,true,1,
7296073224563,false,סלט טחינה שופרסל 400 גרם,סלטי שמיר,IL,סלט טחינה,גרמים,400.00,100 גרם,false,0,11.90,2.98,true,1,
7296073224570,false,חומוס אסלי שופרסל 400גרם,סלטי שמיר,IL,חומוס אסלי,גרמים,400.00,100 גרם,false,0,10.90,2.73,true,1,
7296073224594,false,סלט חציל במיונז שופר400ג,סלטי שמיר,IL,סלט חצילים מיונז,גרמים,400.00,100 גרם,false,0,11.90,2.98,true,1,
7296073224600,false,"חומוס שופרסל 1 ק""ג",סלטי שמיר,IL,סלט חומוס,קילוגרמים,1.00,"ק""ג",false,0,12.90,12.90,true,1,
7296073224648,false,"אורז פרסי שופרסל 5 ק""ג",ltd co produce Uthai,TH,"אורז פרסי 5 ק""ג",קילוגרמים,5.00,"ק""ג",false,0,29.90,5.98,true,1,
7296073224679,false,12ביצים חופש אורגני L,חוות גבעות עולם,IL,ביצי חופש 12 יח,יחידה,1.00,יחידה,false,0,22.90,22.90,true,1,
7296073224815,false,מרכך מרוכז כחול,,IL,מרכך מרוכז כחול,ליטרים,1.00,ליטר,false,0,10.90,10.90,true,1,
7296073224839,false,מרכך מרוכז לבן,,IL,מרכך מרוכז לבן,ליטרים,1.00,ליטר,false,0,10.90,10.90,true,1,
7296073224846,false,מרכך מרוכז סגול,,IL,מרכך מרוכז סגול,ליטרים,1.00,ליטר,false,0,10.90,10.90,true,1,
7296073224891,false,אפונה ירוקה קפואה שופרסל,ARDO,BE,אפונה ירוקה,גרמים,800.00,100 גרם,false,0,9.90,1.24,true,1,
7296073224907,false,אפונה וגזר שופרסל 800גרם,ARDO,BE,אפונה וגזר,גרמים,800.00,100 גרם,false,0,12.90,1.62,true,1,
7296073225010,false,ריבועי דגנים+קינמון500גר,פודס,LT,ריבועי דגנים,גרמים,500.00,100 גרם,false,0,13.90,2.78,true,1,
7296073225072,false,לחמניות שופרסל 6יח75*גר,מאפיית שלמה א. אנג'\ל בע,IL,לחמניות 6 יחידות,גרמים,450.00,100 גרם,false,0,10.00,2.22,true,1,
7296073225249,false,גרעין חמניה לא תוספת מלח,ששון,IL,גרעין חמניה,גרמים,200.00,100 גרם,false,0,6.80,3.40,true,1,
7296073225256,false,גרעין חמנייה קליית עפולה,ששון,IL,גרעין חמנייה,גרמים,200.00,100 גרם,false,0,6.80,3.40,true,1,
7296073225492,false,רוטב עגבני.מרוכז22% 260ג,פריניר,IL,רוטב עגבניות,גרמים,260.00,100 גרם,false,0,3.10,1.19,true,1,
7296073225508,false,כוסות קפה גדולות שופרסל,.,CN,כוסות קפה גדולות,יחידה,1.00,יחידה,false,0,18.90,18.90,true,1,
7296073225515,false,"מכסים לכוסות קפה ח""פ 50",.,CN,מכסים לכוסות קפה,יחידה,1.00,יחידה,false,0,9.90,9.90,true,1,
7296073225560,false,"ופלים שוקולד ללת""ס200גרם","מנעמים תעשיות מזון בע""\מ",IL,"ופל שוקולד ללת""ס",גרמים,200.00,100 גרם,false,0,7.50,3.75,true,1,
7296073225744,false,חצילים על האש שופרסל400ג,סלטי שמיר,IL,סלט חצילים,גרמים,400.00,100 גרם,false,0,11.90,2.98,true,1,
7296073225751,false,חציל בטחינה 400 גרם,סלטי שמיר,IL,סלט חציל בטחינה,גרמים,400.00,100 גרם,false,0,11.90,2.98,true,1,
7296073225768,false,סלט מטבוחה שופרסל 400גרם,סלטי שמיר,IL,סלט מטבוחה,גרמים,400.00,100 גרם,false,0,11.90,2.98,true,1,
7296073225775,false,רצועות סלק שופרסל 400גרם,סלטי שמיר,IL,סלט סלק שופרסל,גרמים,400.00,100 גרם,false,0,11.90,2.98,true,1,
7296073226529,false,וופל קוביות שוקולד 250גר,בלקוני,IT,וופל קוביות,גרמים,250.00,100 גרם,false,0,10.90,4.36,true,1,
7296073226543,false,אורגנו תבלין,,IL,אורגנו תבלין,גרמים,40.00,100 גרם,false,0,9.20,23.00,true,1,
7296073229650,false,סירופ טעם שוקולד,,IL,סירופ טעם שוקולד,גרמים,600.00,100 גרם,false,0,11.90,1.98,true,1,
7296073229667,false,סירופ טעם מייפל,,IL,סירופ טעם מייפל,גרמים,600.00,100 גרם,false,0,11.90,1.98,true,1,
7296073229674,false,פטוצ'יני ללינגויני 500 ג,.,IT,פסטה לינגוויני,גרמים,500.00,100 גרם,false,1,4.90,0.98,true,1,
7296073230021,false,מנקה רצפות כחול 2 ליטר,קליר כימיקלים,IL,מנקה רצפות כחול,ליטרים,2.00,ליטר,false,0,11.90,5.95,true,1,
7296073230038,false,מנקה רצפות ורוד 2 ליטר,קליר כימיקלים,IL,מנקה רצפות,ליטרים,2.00,ליטר,false,0,11.90,5.95,true,1,
7296073230045,false,מנקה רצפות סגול 2 ליטר,קליר כימיקלים,IL,מנקה רצפות,ליטרים,2.00,ליטר,false,0,11.90,5.95,true,1,
7296073230106,false,"סלט תפו""א שופרסל 400 גרם",סלטי שמיר,IL,"סלט תפו""א",גרמים,400.00,100 גרם,false,0,11.90,2.98,true,1,
7296073230410,false,"כוסות קפה ח""פ",,CN,כוס שתיה חמה,יחידה,1.00,יחידה,false,0,14.90,14.90,true,1,
7296073230427,false,כפות שקופות,,IL,כפות שקופות,יחידה,1.00,יחידה,false,0,14.90,14.90,true,1,
7296073230441,false,כפיות שקופות עבות במיוחד,.,IL,כפיות שקופות,יחידה,1.00,יחידה,false,0,14.90,14.90,true,1,
7296073230465,false,מארז סכינים שקופים עבים,.,IL,סכינים שקופים,יחידה,1.00,יחידה,false,0,14.90,14.90,true,1,
7296073230489,false,מארז מזלגות שקופים עבים,.,TR,מזלגות שקופים,יחידה,1.00,יחידה,false,0,14.90,14.90,true,1,
7296073230632,false,דגני טבעות דבש 500 גרם,UAB FOODS CERERA,LT,טבעות דבש,גרמים,500.00,100 גרם,false,0,13.90,2.78,true,1,
7296073230649,false,קפה שחור שופרסל 120*2גרם,רוני רג'ואן ושות,IL,מארז קפה טורקי,גרמים,240.00,100 גרם,false,0,10.90,4.54,true,1,
7296073230656,false,מגבות נייר שופרסל 6 גל.,"שניב תעשיות נייר בע""\מ",IL,מגבות נייר,מטרים,63.00,מטר,false,0,9.90,0.16,true,1,
7296073230663,false,מגבות נייר שופרסל 8 גל.,"שניב תעשיות נייר בע""\מ",IL,מגבות נייר,מטרים,84.00,מטר,false,0,13.90,0.17,true,1,
7296073230885,false,גלילי ופל במלוי אגוז100ג,"מנעמים תעשיות מזון בע""\מ",IL,גלילי וופל,גרמים,100.00,100 גרם,false,1,4.90,4.90,true,1,
7296073230892,false,50כוסות קרטון,,CN,כוסות שתייה,יחידה,1.00,יחידה,false,0,21.90,21.90,true,1,
7296073231240,false,חט.פריכיות שוקו חלב18*5ג,בנליין פודס,RS,חטיף פריכיות,גרמים,90.00,100 גרם,false,1,9.90,11.00,true,1,
7296073231264,false,חט.פריכיות שוקו תות18*5,בנליין פודס,RS,חטיף פריכיות,גרמים,90.00,100 גרם,false,1,9.90,11.00,true,1,
7296073231295,false,מרכ.כביסה כחול שופרסל 4ל,גליל כימיקלים,IL,מרכך כביסה,ליטרים,4.00,ליטר,false,1,16.90,4.23,true,1,
7296073231547,false,חלב 1% בקרטון שופרסל 1ל,מחלבות רמת הגולן,IL,חלב 1% קרטון 1ל',ליטרים,1.00,ליטר,false,1,5.70,5.70,true,1,
7296073231554,false,חלב 3% בקרטון שופרסל 1ל,מחלבות רמת הגולן,IL,חלב 3% קרטון 1ל',ליטרים,1.00,ליטר,false,1,6.00,6.00,true,1,
7296073231769,false,חול לחתולים נטול ריח10ק,בנטס בנטוניט,TR,חול לחתלים,קילוגרמים,10.00,"ק""ג",false,1,49.90,4.99,true,1,
7296073232377,false,חלב1% נטול לקטוז גרין1ל,מחלבת רמת-הגולן,IL,חלב נטול לקטוז,ליטרים,1.00,ליטר,false,1,7.90,7.90,true,1,
7296073232384,false,שוקו נטול לקטוז1%גרין1ל,מחלבות רמת הגולן,IL,שוקו נטול לקטוז,ליטרים,1.00,ליטר,false,1,7.90,7.90,true,1,
7296073236887,false,סלט גזר מרוקאי 400 גרם,סלטי שמיר,IL,סלט גזר מרוקאי,גרמים,400.00,100 גרם,false,1,11.90,2.98,true,1,
7296073236931,false,קליונז מופחת קלוריות500ג,מיטב,IL,קליונז,גרמים,500.00,100 גרם,false,1,8.90,1.78,true,1,
7296073237631,false,שוקולד מריר פרימיום 81%,פריי )שוקולד(,CH,שוקולד מריר 81%,גרמים,100.00,100 גרם,false,1,7.90,7.90,true,1,
7296073237655,false,שוק.מריר 72% קקאו 100 גר,"שוקולד פריי בע""מ",CH,שוקולד מריר 72%,גרמים,100.00,100 גרם,false,1,7.90,7.90,true,1,
7296073237662,false,שוק72%. מריר תפוז 100גרם,פריי )שוקולד(,CH,שוקולד מריר תפוז,גרמים,100.00,100 גרם,false,1,7.90,7.90,true,1,
7296073237686,false,שוקולד חלב+אגוזי לוז100ג,פריי )שוקולד(,CH,שוקולד אגוזי לוז,גרמים,100.00,100 גרם,false,1,7.90,7.90,true,1,
7296073238348,false,ספוג אוולי מגבת וחבלים,שופרסל,CN,ספוג אוולי מגבת,יחידה,1.00,יחידה,false,1,9.90,9.90,true,1,
7296073238355,false,ספוג עיסוי,שופרסל,IL,ספוג עיסוי,יחידה,1.00,יחידה,false,1,9.90,9.90,true,1,
7296073238379,false,זוג ספוגים דו צצדים,שופרסל,CN,זוג ספוגים,יחידה,1.00,יחידה,false,1,9.90,9.90,true,1,
7296073238393,false,רצועות ליפה שופרסל,שופרסל,CN,רצועות ליפה,יחידה,1.00,יחידה,false,1,14.90,14.90,true,1,
7296073238447,false,כדורי רחצה 3 יח,שופרסל,CN,כדורי רחצה 3 יח,יחידה,1.00,יחידה,false,1,9.90,9.90,true,1,
7296073239239,false,כוסות קפה פרימיום 50 יח',.,CN,כוסות שתיה חמה,יחידה,1.00,יחידה,false,1,17.90,17.90,true,1,
7296073239956,false,כוס שתיה חמה אספרסו120מל,.,CN,כוסות שתיה חמה,יחידה,1.00,יחידה,false,1,9.90,9.90,true,1,
7296073240853,false,"וופלים בטעם שוקולד 1 ק""ג","מנעמים תעשיות מזון בע""\מ",IL,ופלים שוקולד,קילוגרמים,1.00,"ק""ג",false,1,17.90,17.90,true,1,
7296073241324,false,פרוסות אננס בסירופ קל850,CANNING FRUIT KUIBURI,TH,פרוסות אננס,גרמים,850.00,100 גרם,false,1,9.90,1.16,true,1,
7296073241522,false,ממחטות אף 100*5 יח,שניב תעשיות נייר,IL,ממחטות אף 5 יח,יחידה,1.00,יחידה,false,1,13.90,13.90,true,1,
7296073241935,false,נייר טואלט סופר דיל 48גל,שניב,IL,נ.טואלט סופר דיל,מטרים,860.00,100 מטר,false,1,44.90,5.22,true,1,
7296073242635,false,כוסות שתיה קרה מעוטר כסף,.,IL,כוסות שתייה,יחידה,1.00,יחידה,false,1,18.90,18.90,true,1,
7296073243076,false,12 כוסות שתיה חמה + מכסה,.,CN,כוסות קפה + מכסה,יחידה,1.00,יחידה,false,1,11.90,11.90,true,1,
7296073243342,false,עוג.במילוי וניל ל.ג300ג,קופרנט פיינבק ג'י אם בי,DE,עוגיות וניל,גרמים,300.00,100 גרם,false,1,14.90,4.97,true,1,
7296073243731,false,ריבת חלב שופרסל 400 גרם,מיה,IL,ריבת חלב,גרמים,400.00,100 גרם,false,1,12.90,3.23,true,1,
7296073244769,false,"סוכר חום דמררה צנצ. 1ק""ג","סוגת תעשיות בע""\מ",IL,סוכר חום דמררה,קילוגרמים,1.00,"ק""ג",false,1,9.90,9.90,true,1,
7296073244899,false,טחינה מתובלת 500 גרם,,IL,טחינה מתובלת,גרמים,500.00,100 גרם,false,1,10.00,2.00,true,1,
7296073246060,false,פולי סויה בקליפה 450 גרם,שופרסל,CN,פולי סויה,גרמים,450.00,100 גרם,false,1,11.90,2.64,true,1,
7296073246077,false,פולי סויה קלופים 450 גרם,שופרסל,CN,פולי סויה קלופים,גרמים,450.00,100 גרם,false,1,12.90,2.87,true,1,
7296073246084,false,פולי סויה בקליפה 1 קג,שופרסל,CN,פולי סויה 1קג,קילוגרמים,1.00,"ק""ג",false,1,19.70,19.70,true,1,
7296073246251,false,קפיץ להסרת שיער שופרסל,TECHONGGIES TAIKONE,IL,קפיץ להסרת שיער,יחידה,1.00,יחידה,false,1,44.90,44.90,true,1,
7296073246633,false,פרוסות אננס בסירופ קל227,CANNING FRUIT KUIBURI,TH,פרוסות אננס,גרמים,227.00,100 גרם,false,1,3.90,1.72,true,1,
7296073246640,false,חתיכות אננס בסירופ קל227,CANNING FRUIT KUIBURI,TH,חתיכות אננס,גרמים,227.00,100 גרם,false,1,3.90,1.72,true,1,
7296073248583,false,זוג מוצצים סיליקון+6,GMBH NTX,DE,זוג מוצצים,יחידה,1.00,יחידה,false,1,17.90,17.90,true,1,
7296073254096,false,טונה במי מלח 160*4 גרם,אסיאן אליאנס,TH,טונה במי מלח 4יח,גרמים,640.00,100 גרם,false,1,19.90,3.11,true,1,
7296073254102,false,טונה בשמן סויה 160*4 גרם,אסיאן אליאנס,TH,טונה בשמן 4 יח,גרמים,640.00,100 גרם,false,1,19.90,3.11,true,1,
7296073254164,false,דג.בוקר נוגט גרין ל.ג375,נייס פוד,IT,דגני בוקר נוגט,גרמים,375.00,100 גרם,false,1,21.90,5.84,true,1,
7296073254256,false,ערמונים אורגניים גרין100,CO FOODS LIYUAN HEBEI,CN,ערמונים אורגניים,גרמים,100.00,100 גרם,false,1,7.90,7.90,true,1,
7296073254263,false,מיני פיצה מרגריטה 6יח,שופרסל,IT,פיצות אישיות,גרמים,480.00,100 גרם,false,1,19.90,4.15,true,1,
7296073254287,false,"אל סבון כחול 3 500* מ""ל",טאהא קימיה,TR,אל סבון נוזלי3יח,ליטרים,1.50,ליטר,false,1,9.80,6.53,true,1,
7296073261247,false,"חומץ בלסמי שופרסל 500מ""ל",פונטי,IT,חומץ בלסמי,מיליליטרים,500.00,"100 מ""ל",false,1,18.90,3.78,true,1,
7296073261384,false,"אל סבון מעורב 500*3 מ""ל",טאהא קימיה,TR,אל סבון נוזלי3יח,ליטרים,1.50,ליטר,false,1,9.80,6.53,true,1,
7296073261551,false,קוקטייל פירות טרופיים850,קיובורי,TH,קוקטייל פירות,גרמים,850.00,100 גרם,false,1,9.30,1.09,true,1,
7296073262923,false,תרסיס שמן קנולה ט.חמא150,S.L AEROLS FOOD,ES,תרסיס שמן,מיליליטרים,150.00,"100 מ""ל",false,1,14.90,9.93,true,1,
7296073262978,false,גרנולה טריפל אגוזים 400ג,בריגן קי ג'י,DE,גרנולה פרימיום,גרמים,400.00,100 גרם,false,1,19.90,4.98,true,1,
7296073262985,false,גרנולה טריפל שוקולד 400ג,בריגן קי ג'י,DE,גרנולה פרימיום,גרמים,400.00,100 גרם,false,1,19.90,4.98,true,1,
7296073262992,false,סירופ מייפל פרימיום250מל,.,CA,סירופ מייפל 100%,מיליליטרים,250.00,"100 מ""ל",false,1,29.90,11.96,true,1,
7296073265184,false,שקיות אשפה ריחניות 40 יח,גליל כימיקלים,IL,שקיות אשפה,יחידה,1.00,יחידה,false,1,19.90,19.90,true,1,
7296073265351,false,ספגטי ללא גלוטן גרין400ג,SPA MENNUCCI PASTIFICI,IT,ספגטי ללא גלוטן,גרמים,400.00,100 גרם,false,1,10.90,2.73,true,1,
7296073265368,false,פסטה פנה ללא גלוטן 400גר,SPA MENNUCCI PASTIFICI,IT,פנה ללא גלוטן,גרמים,400.00,100 גרם,false,1,10.90,2.73,true,1,
7296073265375,false,פוזילי ללא גלוטן גרין400,SPA MENNUCCI PASTIFICI,IT,פוזילי ללא גלוטן,גרמים,400.00,100 גרם,false,1,10.90,2.73,true,1,
7296073266266,false,קוקטייל בסירופ קל 113*4ג,FOODS HUIXANG JIANGSU,CN,קוקטייל פירות,גרמים,452.00,100 גרם,false,1,9.90,2.19,true,1,
7296073266273,false,חתיכות אננס בסירופ113*4,FOODS HUIXANG JIANGSU,CN,לפתן אננס,גרמים,452.00,100 גרם,false,1,9.90,2.19,true,1,
7296073266303,false,"רסק תפוחי עץ ללת""ס113*4ג",FOODS HUIXANG JIANGSU,CN,רסק תפוחי עץ,גרמים,452.00,100 גרם,false,1,9.90,2.19,true,1,
7296073266310,false,"רסק תפו""ע ללת""ס 113*4 גר",FOODS HUIZIANG JIANGSU,CN,"רסק תפו""ע 4 יח",גרמים,452.00,100 גרם,false,1,9.90,2.19,true,1,
7296073266570,false,פירורי לחם תיב.אמריקא350,"חטיפים מן הטבע בע""\מ",IL,פירורי לחם,גרמים,350.00,100 גרם,false,1,8.90,2.54,true,1,
7296073266587,false,פירורי לחם תיב.מרוקאי350,"חטיפים מן הטבע בע""\מ",IL,פירורי לחם,גרמים,350.00,100 גרם,false,1,8.90,2.54,true,1,
7296073266594,false,פירורי לחם תיבו.איטלק350,"חטיפים מן הטבע בע""\מ",IL,פירורי לחם,גרמים,350.00,100 גרם,false,1,8.90,2.54,true,1,
7296073266709,false,"רוט.סויה ללא גלוטן280מ""ל",DEVELOPMENT YI LIAN,CN,רוטב סויה,מיליליטרים,280.00,"100 מ""ל",false,1,12.90,4.61,true,1,
7296073266723,false,רוטב סויה אורגני,DEVELOPMENT YI LIAN,CN,רוטב סויה אורגני,גרמים,300.00,100 גרם,false,1,15.90,5.30,true,1,
7296073266754,false,סכין גילוח 6להבים+מחסנית,פרסונה ישראל,CN,סכין גילוח 6 להב,יחידה,1.00,יחידה,false,1,29.90,29.90,true,1,
7296073266976,false,חטיף בוטנים ללא גלוטן80ג,סנקי,IL,חטיף בוטנים,גרמים,80.00,100 גרם,false,1,4.00,5.00,true,1,
7296073266983,false,חטיף בוטנים ללא גלוטן25ג,סנקי,IL,חטיף בוטנים,גרמים,25.00,100 גרם,false,1,2.20,8.80,true,1,
7296073267188,false,צמר גפן רפואי 100 גרם,SANAVI A.P,TR,צמר גפן רפואי,גרמים,100.00,100 גרם,false,1,6.90,6.90,true,1,
7296073267195,false,צמר גפן רפואי שופרס100*2,SANAVI A.P,TR,זוג צמר גפן,גרמים,200.00,100 גרם,false,1,11.90,5.95,true,1,
7296073268925,false,נייר טואלט דו שכבתי16גל,שניב תעשיות נייר,IL,נייר טואלט,מטרים,573.00,100 מטר,false,1,31.90,5.57,true,1,
7296073269991,false,שמן זרעי ענבים מזוכך1ל,"אוליפיציו סלוודורי בע""מ",IT,שמן זרעי ענבים,ליטרים,1.00,ליטר,false,1,41.90,41.90,true,1,
7296073270157,false,לקט הכפר 400גרם,"פרסקו חצבה 2006 בע""\מ",IL,לקט הכפר,גרמים,400.00,100 גרם,false,1,10.50,2.63,true,1,
7296073270287,false,תבניות אלומיניום מלבניות,.,IL,תבניות אינגליש,יחידה,1.00,יחידה,false,1,14.90,14.90,true,1,
7296073270294,false,תבניות אלומיניום מלבניות,.,IL,תבניות מלבניות,יחידה,1.00,יחידה,false,1,14.90,14.90,true,1,
7296073270300,false,תבניות אלומיניום קטנות15,.,IL,תבניות אלומיניום,יחידה,1.00,יחידה,false,1,14.90,14.90,true,1,
7296073270317,false,תבניות אלומיניום עגולות,.,IL,תבניות עגולות,יחידה,1.00,יחידה,false,1,14.90,14.90,true,1,
7296073270324,false,תבנית אלומיניום גדולה 7י,.,IL,תבניות אלומיניום,יחידה,1.00,יחידה,false,1,14.90,14.90,true,1,
7296073270331,false,תבנית אלומיניום ענקית 5י,.,IL,תבניות ענקיות,יחידה,1.00,יחידה,false,1,14.90,14.90,true,1,
7296073270348,false,תבנית אלומיניום קטנה 10י,.,IL,תבניות קטנות,יחידה,1.00,יחידה,false,1,14.90,14.90,true,1,
7296073270423,false,מיכל 1 ליטר 5 יחידות,.,CN,מיכל 1 ליטר,יחידה,1.00,יחידה,false,1,12.90,12.90,true,1,
7296073270430,false,מיכל 2 ליטר 4יחידות,.,CN,מיכל 2 ליטר,יחידה,1.00,יחידה,false,1,12.90,12.90,true,1,
7296073270980,false,"ופל בטעם לימון ללת""ס200ג",מנעמים,IL,"ופל לימון ללת""ס",גרמים,200.00,100 גרם,false,1,7.50,3.75,true,1,
7296073271437,false,שוק.מריר55% קרמל ומלח ים,פריי )שוקולד(,CH,שוקולד מריר,גרמים,100.00,100 גרם,false,1,7.90,7.90,true,1,
7296073271550,false,ממרח עגבניות מיובשות190ג,SPA POLLI F.LLI,IT,ממרח עגבניות,גרמים,190.00,100 גרם,false,1,11.90,6.26,true,1,
7296073271574,false,ממרח זיתים שחורים 190גרם,SPA POLLI F.LLI,IT,טפנד זיתים,גרמים,190.00,100 גרם,false,1,11.90,6.26,true,1,
7296073272496,false,נייר טואלט דו שכבתי32גל,שניב תעשיות נייר,IL,נייר טואלט 32גל,מטרים,573.00,100 מטר,false,1,29.90,5.22,true,1,
7296073273448,false,"ג'ל אלוורה 100מ""ל",ש.שוורץ,IL,ג'ל אלוורה,מיליליטרים,100.00,"100 מ""ל",false,1,9.90,9.90,true,1,
7296073273509,false,מקלוני אורז ללא גלוטן454,פוג'יאן לונגהי,CN,מקלוני אורז רחב,גרמים,454.00,100 גרם,false,1,8.90,1.96,true,1,
7296073274667,false,מקלוני אורז ללא גלוטן454,פוג'יאן לונגהי,CN,מקלוני אורז דק,גרמים,454.00,100 גרם,false,1,8.90,1.96,true,1,
7296073274957,false,חמאת בוטנים טבעית510גרם,יונייטד פודס,IN,חמאת בוטנים,גרמים,510.00,100 גרם,false,1,10.00,1.96,true,1,
7296073277248,false,מגבונים ללא בישום 64*5יח,דינמיק,IL,מגבונים לחים 5יח,יחידה,1.00,יחידה,false,1,18.50,18.50,true,1,
7296073277255,false,מארז מגבונים לחים 6 יח,דינמיק,IL,מארז מגבוניםלחים,יחידה,1.00,יחידה,false,1,19.90,19.90,true,1,
7296073277903,false,ופל מצ.שוק.גרין21.5*3ל.ג,הלווה ופלבקרי,NL,וופל מצופה,גרמים,64.00,100 גרם,false,1,8.90,13.91,true,1,
7296073277927,false,וופל מצופ.ללתס שופרסל100,הלווה ופלבקרי,NL,"וופל מצופה ללת""ס",גרמים,100.00,100 גרם,false,1,10.90,10.90,true,1,
7296073277941,false,"אצבעות וופל שוקולד ללת""ס",הלווה ופלבקרי,NL,אצבעות וופל,גרמים,64.00,100 גרם,false,1,9.90,15.47,true,1,
7296073281696,false,מגבוני טואלט לילד 40*3יח,שופרסל,IL,"מגבוני נ""ט לילד",יחידה,1.00,יחידה,false,1,9.90,9.90,true,1,
7296073281702,false,מגבוני נ.טואלט למבוגרים,דינמיק תעשיות מגבונים,IL,מגבוני נייר לחים,יחידה,1.00,יחידה,false,1,9.90,9.90,true,1,
7296073281863,false,שמפו לשיער מוחלק שופרסל,"א.מ.ש.י תעשיות בע""מ",IL,שמפו לשיער מוחלק,מיליליטרים,750.00,"100 מ""ל",false,1,19.90,2.65,true,1,
7296073281894,false,מרכך לשיער מוחלק 750מל,"א.מ.ש.י תעשיות בע""מ",IL,מרכך שופרסל,מיליליטרים,750.00,"100 מ""ל",false,1,19.90,2.65,true,1,
7296073281931,false,"מסכה לשיער מוחלק 500 מ""ל","א.מ.ש.י תעשיות בע""מ",IL,מסכה לשיער יבש,מיליליטרים,500.00,"100 מ""ל",false,1,34.90,6.98,true,1,
7296073283720,false,נקניקיות הודו פרימיום 30,זוגלובק,IL,נקנ' הודו ועוף,גרמים,300.00,100 גרם,false,1,17.90,5.97,true,1,
7296073285106,false,קמח קוקוס אורג.ל.ג500ג,נרה קוקולנד,LK,קמח קוקוס אורגני,גרמים,500.00,100 גרם,false,1,14.90,2.98,true,1,
7296073285267,false,מארז סכינים שקופים עבים,.,CN,סכינים שקופים,יחידה,1.00,יחידה,false,1,17.90,17.90,true,1,
7296073285274,false,מארז מזלגות שקופים עבים,.,CN,מזלגות שקופים,יחידה,1.00,יחידה,false,1,17.90,17.90,true,1,
7296073285281,false,מארז כפיות שקופות עבות,.,CN,כפיות שקופות,יחידה,1.00,יחידה,false,1,17.90,17.90,true,1,
7296073285298,false,מארז כפות שקופות עבות,.,CN,כפות שקופות,יחידה,1.00,יחידה,false,1,17.90,17.90,true,1,
7296073285397,false,נר נשמה 24 שעות יחידה,CANDLE ITBRIGHT,CN,נר נשמה 24 שעות,יחידה,1.00,יחידה,false,1,2.20,2.20,true,1,
7296073285403,false,נרות חימום בשקית 50 יח,CANDLE ITBRIGHT,CN,נרות חימום בשקית,יחידה,1.00,יחידה,false,1,10.90,10.90,true,1,
7296073285410,false,נרות חימום בשקית 100 יחי,CANDLE ITBRIGHT,CN,נרות חימום בשקית,יחידה,1.00,יחידה,false,1,20.90,20.90,true,1,
7296073285427,false,שקית אשפה ריחנית לפח קטן,אשפלסט,IL,שקיות אשפה,יחידה,1.00,יחידה,false,1,12.90,12.90,true,1,
7296073285953,false,אורז בסמ.מלא אורג.גרין1ק,קהמן,IN,אורז בסמטי אורגנ,קילוגרמים,1.00,"ק""ג",false,1,13.90,13.90,true,1,
7296073286011,false,אורז פרסי זיפר שופרסל1קג,ltd co produce Uthai,TH,אורז פרסי,קילוגרמים,1.00,"ק""ג",false,1,6.90,6.90,true,1,
7296073286035,false,"אורז תאילנדי זיפר 1 ק""ג",ltd co produce Uthai,TH,אורז תאילנדי,קילוגרמים,1.00,"ק""ג",false,1,5.90,5.90,true,1,
7296073286042,false,אורז יסמין זיפר שופרסל1ק,ltd co produce Uthai,TH,אורז יסמין,קילוגרמים,1.00,"ק""ג",false,1,10.90,10.90,true,1,
7296073286066,false,אורז בסמטי זיפר שופרסל1ק,SETIA LAL CHAMAN,IN,אורז בסמטי,קילוגרמים,1.00,"ק""ג",false,1,12.80,12.80,true,1,
7296073286073,false,"אורז בסמטי בצנצנת 1 ק""ג",SETIA LAL CHAMAN,IN,אורז בסמטי,קילוגרמים,1.00,"ק""ג",false,1,13.90,13.90,true,1,
7296073286349,false,שקיות אשפה חזקות L 55 יח,אשפלסט,IL,שקיות אשפה,יחידה,1.00,יחידה,false,1,19.90,19.90,true,1,
7296073286363,false,שקית ענקית לאשפה משרדית,אשפלסט,IL,שקיות אשפה,יחידה,1.00,יחידה,false,1,13.90,13.90,true,1,
7296073286394,false,שקיות אשפה חזקות L 100,אשפלסט,IL,שקיות אשפה,יחידה,1.00,יחידה,false,1,33.90,33.90,true,1,
7296073286417,false,שק.אשפה חזקות גדולות60יח,אשפלסט,IL,שקיות אשפה 60 יח,יחידה,1.00,יחידה,false,1,16.90,16.90,true,1,
7296073286493,false,צמד פטריות פורטובלה ושמפ,מרינה,IL,צמד פטריות פורטו,גרמים,420.00,100 גרם,false,1,15.90,3.79,true,1,
7296073286509,false,פטריות שמפניון יחידה,,IL,פטריות שמפניון,גרמים,220.00,100 גרם,false,1,8.90,4.05,true,1,
7296073287568,false,משחת החתלה לתינוק 110 גר,BFF,TR,משחת החתלה לתינו,גרמים,110.00,100 גרם,false,1,10.90,9.91,true,1,
7296073288756,false,תירס ארוז,קטיף.,IL,תירס ארוז,קילוגרמים,0.00,"ק""ג",true,1,9.90,9.90,true,1,
7296073289586,false,נייר סנדוויץ 100 יחידות,שניב,IL,נייר סנדוויץ,יחידה,1.00,יחידה,false,1,12.90,12.90,true,1,
7296073289739,false,שקיות צליה שופרסל 10 יח,.,TR,שקיות צליה,יחידה,1.00,יחידה,false,1,5.90,5.90,true,1,
7296073289746,false,50 מגבונים לניקוי כללי,דינמיק תעשיות מגבונים,IL,מגבונים לניקוי,יחידה,1.00,יחידה,false,1,8.90,8.90,true,1,
7296073290841,false,"נוזל קוקוס שופרסל 400מ""ל",COCONUT THAI,TH,נוזל קוקוס,מיליליטרים,400.00,"100 מ""ל",false,1,5.90,1.48,true,1,
7296073290858,false,"קרם קוקוס שופרסל 400 מ""ל",COCONUT THAI,TH,קרם קוקוס,מיליליטרים,400.00,"100 מ""ל",false,1,6.90,1.73,true,1,
7296073291077,false,משטחי החתלה שופרסל 10יח,PAKTEN,TR,משטחי החתלה,יחידה,1.00,יחידה,false,1,15.90,15.90,true,1,
7296073291084,false,עוגיות חמאה דניות 150גרם,BAKERY JACOBSENS,DK,עוגיות חמאה בפח,גרמים,150.00,100 גרם,false,1,12.90,8.60,true,1,
7296073291244,false,חומץ טבעי 5% שופרסל 1ל,מיטב,IL,חומץ 5%,ליטרים,1.00,ליטר,false,1,6.00,6.00,true,1,
7296073291251,false,מיץ לימון משומר שופרסל1ל,,IL,מיץ לימון משומר,ליטרים,1.00,ליטר,false,1,7.90,7.90,true,1,
7296073291916,false,ניוקי שופרסל 500גרם,ALIMENTARI CLEMME,IT,ניוקי שופרסל,גרמים,500.00,100 גרם,false,1,9.80,1.96,true,1,
7296073291947,false,ניוקי תרד שופרסל 500גרם,ALIMENTARI CLEMME,IT,ניוקי תרד,גרמים,500.00,100 גרם,false,1,9.80,1.96,true,1,
7296073291992,false,חסה סלנובה הידרופונית,כרמלים שדות חדשים,IL,חסה סלנובה,גרמים,160.00,100 גרם,false,1,12.90,8.06,true,1,
7296073292012,false,אננס ראש שישיות שקיל,קטיף.,IL,אננס ראש,קילוגרמים,0.00,"ק""ג",true,1,29.90,29.90,true,1,
7296073292210,false,במיה שופרסל 600 גרם,פרי גליל,EG,במיה 600 גרם,גרמים,600.00,100 גרם,false,1,12.90,2.15,true,1,
7296073292807,false,תפוח אדמה לבן גורמה,גידולי אגו,IL,"תפו""א זני השף",קילוגרמים,0.00,"ק""ג",true,1,6.90,6.90,true,1,
7296073292906,false,פירורי לחם מוזהב.זיפר350,מאפיית דוידוביץ ובניו בע,IL,פירורי לחם מוזהב,גרמים,350.00,100 גרם,false,1,6.50,1.86,true,1,
7296073292913,false,פירורי לחם לבן זיפר350גר,חטיפים מן הטבע,IL,פירורי לחם לבן,גרמים,350.00,100 גרם,false,1,6.50,1.86,true,1,
7296073293040,false,תבניות אפיה מוארכות+מכסה,,IL,תבניות אפיה+מכסה,יחידה,1.00,יחידה,false,1,14.90,14.90,true,1,
7296073293583,false,שמן קוקוס אורגני גרין330,סנקי,LK,שמן קוקוס אורגני,מיליליטרים,330.00,"100 מ""ל",false,1,28.90,8.76,true,1,
7296073293729,false,מיץ תפוחים אורגני גרין1ל,אקילאה,IT,מיץ תפוחים,ליטרים,1.00,ליטר,false,1,17.90,17.90,true,1,
7296073294788,false,פירורי לחם ללא גלוטן250ג,אשבל מזון פונקציונלי בע\,IL,פירורי לחם,גרמים,250.00,100 גרם,false,1,15.90,6.36,true,1,
7296073294801,false,פתיתים אורז ללא גלוטן200,אשבול,IL,פתיתים אורז,גרמים,200.00,100 גרם,false,1,12.90,6.45,true,1,
7296073294818,false,פתיתים קוסק.ללא גלוטן200,אשבול,IL,פתיתים קוסקוס,גרמים,200.00,100 גרם,false,1,12.90,6.45,true,1,
7296073294825,false,תערובת לעוגה לא גלוטן500,אשבול,IL,תערובת לעוגה,גרמים,500.00,100 גרם,false,1,16.50,3.30,true,1,
7296073294832,false,תערוב.פנקייק לא גלוטן400,אשבול,IL,תערובת לפנקייק,גרמים,400.00,100 גרם,false,1,16.50,4.13,true,1,
7296073295228,false,מפיות תלת שכבתי 20יחידות,,IL,מפיות,יחידה,1.00,יחידה,false,1,7.50,7.50,true,1,
7296073295655,false,"שוק.חלב ללת""ס שופרסל100ג",,IT,"שוקולד חלב ללת""ס",גרמים,100.00,100 גרם,false,1,5.90,5.90,true,1,
7296073295662,false,"שוק.מריר ללת""ס שופרסל100",,IT,שוקולד מריר ללתס,גרמים,100.00,100 גרם,false,1,5.90,5.90,true,1,
7296073295679,false,"שוק.אגוז ללת""ס שופרסל100",,IT,שוקולד אגוז ללתס,גרמים,100.00,100 גרם,false,1,9.90,9.90,true,1,
7296073296744,false,שמרים יבשים 500 גרם,,TR,שמרים יבשים,גרמים,500.00,100 גרם,false,1,13.90,2.78,true,1,
7296073296751,false,שמרים יבשים בוואקום 125ג,,TR,שמרים יבשים,גרמים,125.00,100 גרם,false,1,3.90,3.12,true,1,
7296073296966,false,חליטת צמחים ארץ ישראל25ג,,IL,חליטת ארץ ישראל,גרמים,25.00,100 גרם,false,1,13.90,55.60,true,1,
7296073320050,false,חסה רומית הידרופונית,יגור חקלאות ועסקים,IL,חסה רומית,גרמים,160.00,100 גרם,false,1,9.90,6.19,true,1,
7296073320388,false,עלי בייבי 120גרם,,IL,עלי בייבי 120גרם,גרמים,120.00,100 גרם,false,1,9.90,8.25,true,1,
7296073320395,false,עלי תרד בייבי 200גרם,,IL,עלי תרד בייבי,גרמים,200.00,100 גרם,false,1,10.50,5.25,true,1,
7296073320401,false,לקט בסגנון איטלקי 300גרם,"פרסקו חצבה 2006 בע""\מ",IL,לקט סגנון איטלקי,גרמים,300.00,100 גרם,false,1,10.50,3.50,true,1,
7296073320456,false,קרקר דק+שומשום ופשתן175ג,B.V BERGBANKET,NL,קרקר דק+שומשום,גרמים,175.00,100 גרם,false,1,12.90,7.37,true,1,
7296073320487,false,"קרקר דק+דלעת,שומשום,פשתן",B.V BERGBANKET,NL,קרקר דק עם זרעים,גרמים,175.00,100 גרם,false,1,12.90,7.37,true,1,
7296073320517,false,יוגורט יווני מסורת2% 150,S.A MEVGAL,GR,יוגורט יווני,גרמים,150.00,100 גרם,false,1,6.60,4.40,true,1,
7296073320555,false,יוג.יווני מסורתי10% 150ג,S.A MEVGAL,GR,יוגורט יווני,גרמים,150.00,100 גרם,false,1,6.60,4.40,true,1,
7296073320913,false,סט שירותים יחידה,מיקסליר,IT,סט שירותים,יחידה,1.00,יחידה,false,1,9.90,9.90,true,1,
7296073321200,false,אבקת אפיה שופרסל 10*10גר,א.ל ייצור ושיווק תבלינים,IL,אבקת אפיה 10 יח,גרמים,100.00,100 גרם,false,1,3.00,3.00,true,1,
7296073321217,false,סוכר וניל שופרסל 10*10 ג,א.ל ייצור ושיווק תבלינים,IL,סוכר וניל 10 יח,גרמים,100.00,100 גרם,false,1,2.80,2.80,true,1,
7296073321224,false,סודה לשתיה שופרסל 100גרם,א.ל ייצור ושיווק תבלינים,IL,סודה לשתיה,גרמים,100.00,100 גרם,false,1,2.20,2.20,true,1,
7296073321231,false,אבקת סוכר שופרסל 100 גרם,א.ל ייצור ושיווק תבלינים,IL,אבקת סוכר שופרסל,גרמים,100.00,100 גרם,false,1,2.00,2.00,true,1,
7296073321446,false,סבון כחול לאסלה 50*3 גרם,קומפלקס כימיקלים בעמ,IL,3סבון כחול לאסלה,גרמים,150.00,100 גרם,false,1,9.90,6.60,true,1,
7296073322979,false,בוטנים מצופים קלויים50ג,ששון ושות'\ )ש.ת. תעשיות,IL,בוטנים אמריקאים,גרמים,50.00,100 גרם,false,1,2.50,5.00,true,1,
7296073323006,false,תה שחור שופרסל1.5*100 גר,עדנים,IL,תה שחור 100 שק.,גרמים,150.00,100 גרם,false,1,9.90,6.60,true,1,
7296073323013,false,תה ארל גריי שופרסל25 שק,עדנים,IL,תה ארל גריי,גרמים,37.00,100 גרם,false,1,8.90,24.05,true,1,
7296073323037,false,תה ירוק נענע 37.5 גרם,עדנים,IL,תה ירוק נענע,גרמים,37.00,100 גרם,false,1,8.90,24.05,true,1,
7296073323044,false,תה ירוק לימונית לואיזה25,עדנים,IL,תה ירוק לימונית,גרמים,37.00,100 גרם,false,1,8.90,24.05,true,1,
7296073323129,false,שעועית לבן אורג.גרין400ג,,IT,שעועית לבנה,גרמים,400.00,100 גרם,false,1,7.90,1.98,true,1,
7296073323143,false,חסה סלנובה הידרופונית,יגור חקלאות ועסקים,IL,חסה סלנובה,גרמים,160.00,100 גרם,false,1,12.90,8.06,true,1,
7296073323211,false,שקדים מולבנים טחונים100ג,ששון ושות)ש.ת תעשיות(,US,שקדים מולבנים,גרמים,100.00,100 גרם,false,1,12.90,12.90,true,1,
7296073323228,false,שקדים מולבנים גרוסים100ג,,US,שקד מולבן גרוס,גרמים,100.00,100 גרם,false,1,12.90,12.90,true,1,
7296073323235,false,בוטנים גרוסים 100 גרם,,IL,בוטנים גרוסים,גרמים,100.00,100 גרם,false,1,4.90,4.90,true,1,
7296073323242,false,אגוזי מלך טחונים 100גרם,ששון ושות)ש.ת תעשיות(,IL,אגוז מלך 100גרם,גרמים,100.00,100 גרם,false,1,11.90,11.90,true,1,
7296073323259,false,פיסטוקים קלופים 100גרם,,US,פיסטוק קלוף 100ג,גרמים,100.00,100 גרם,false,1,21.90,21.90,true,1,
7296073323587,false,עגבניה שרי וויטני יחידה,עידו נחום,IL,שרי וויטני,גרמים,460.00,100 גרם,false,1,9.90,2.15,true,1,
7296073323594,false,נייר אפייה אקולוגי 40 יח,,IL,נייר אפייה 40 יח,יחידה,1.00,יחידה,false,1,12.90,12.90,true,1,
7296073323631,false,פריפלצת מחית מנגו בננ120,גו פרוסלבה,ES,מחית פירות,גרמים,120.00,100 גרם,false,1,3.20,2.67,true,1,
7296073323648,false,פריפלצת מחית בננ.תות120ג,גו פרוסלבה,ES,מחית פירות,גרמים,120.00,100 גרם,false,1,3.20,2.67,true,1,
7296073323655,false,פריפלצת מחית תפוח בננ120,גו פרוסלבה,ES,מחית פירות,גרמים,120.00,100 גרם,false,1,3.20,2.67,true,1,
7296073323662,false,פריפלצת מיקס פירות120ג,גו פרוסלבה,ES,מחית פירות,גרמים,120.00,100 גרם,false,1,3.20,2.67,true,1,
7296073323679,false,פריפלצת מחית אגס 120ג,גו פרוסלבה,ES,מחית פירות,גרמים,120.00,100 גרם,false,1,3.20,2.67,true,1,
7296073323686,false,פריפלצת מחית בננה 120ג,גו פרוסלבה,ES,מחית פירות,גרמים,120.00,100 גרם,false,1,3.20,2.67,true,1,
7296073324850,false,צמד פטריות פורטובלה,,IL,פטריות פורטובלו,גרמים,420.00,100 גרם,false,1,15.90,3.79,true,1,
7296073324867,false,פטריות סטייק פורטובלה,,IL,פ.סטייק פורטובלה,גרמים,320.00,100 גרם,false,1,15.90,4.97,true,1,
7296073326748,false,גרעין אבטיח קלוי במלח200,,IL,גרעין אבטיח קלוי,גרמים,200.00,100 גרם,false,1,14.90,7.45,true,1,
7296073328902,false,תמר מג'הול יבש 400גרם,,IL,תמר מגהול יבש,גרמים,400.00,100 גרם,false,1,12.90,3.23,true,1,
7296073330936,false,פינצטה אפורה קצה ישר,BE NOW,CN,פינצטה ישרה אפור,יחידה,1.00,יחידה,false,0,19.90,19.90,true,1,
7296073330943,false,פינצטה אפורה קצה מכופף,BE NOW,CN,פינצטה מ. אפור,יחידה,1.00,יחידה,false,0,19.90,19.90,true,1,
7296073330950,false,פינצטה לבנה קצה אלכסון,BE NOW,CN,פינצטה א. לבן,יחידה,1.00,יחידה,false,0,14.90,14.90,true,1,
7296073331056,false,קוצץ קטן,BE NOW,CN,קוצץ קטן,יחידה,1.00,יחידה,false,0,8.90,8.90,true,1,
7296073331063,false,קוצץ גדול,BE NOW,CN,קוצץ גדול,יחידה,1.00,יחידה,false,0,9.90,9.90,true,1,
7296073331070,false,קוצץ עם אשפתון,BE NOW,CN,קוצץ עם אשפתון,יחידה,1.00,יחידה,false,0,14.90,14.90,true,1,
7296073331155,false,מספריים משולב מבריק,BE NOW,CN,מספריים משולב,יחידה,1.00,יחידה,false,0,29.90,29.90,true,1,
7296073331278,false,"פצירת מתכת ""7 ידית שחורה",BE NOW,CN,"פצירת מתכת ""7",יחידה,1.00,יחידה,false,0,14.90,14.90,true,1,
7296073331575,false,מברשת שיער מטקה ורודה L,BE NOW,CN,מברשת מטקה Lורוד,יחידה,1.00,יחידה,false,0,24.90,24.90,true,1,
7296073331582,false,מברשת שיער אובל ורודה L,BE NOW,CN,מברשת אובל Lורוד,יחידה,1.00,יחידה,false,0,24.90,24.90,true,1,
7296073331605,false,מברשת שיער לתיק ורודה,BE NOW,CN,מברשת לתיק ורודה,יחידה,1.00,יחידה,false,0,19.90,19.90,true,1,
7296073331612,false,מברשת שיער מטקה שחורה,BE NOW,CN,מברשת מטקה שחורה,יחידה,1.00,יחידה,false,0,29.90,29.90,true,1,
7296073331629,false,מברשת שיער אובלית שחורה,BE NOW,CN,מברשת אובל שחורה,יחידה,1.00,יחידה,false,0,28.90,28.90,true,1,
7296073331636,false,מברשת שיער מאורכת שחורה,BE NOW,CN,מברשת מאורך שחור,יחידה,1.00,יחידה,false,0,24.90,24.90,true,1,
7296073331643,false,מברשת שיער לתיק שחורה,BE NOW,CN,מברשת לתיק שחורה,יחידה,1.00,יחידה,false,0,22.90,22.90,true,1,
7296073331650,false,מברשת שיער לפן שחורה,BE NOW,CN,מברשת לפן שחורה,יחידה,1.00,יחידה,false,0,29.90,29.90,true,1,
7296073331810,false,מברשת שיער ספרים מקצועית,BE NOW,CN,מברשת שיער ספרים,יחידה,1.00,יחידה,false,0,29.90,29.90,true,1,
7296073332114,false,גומיות מגבת שחורות 8 יח,BE NOW,CN,8ג.מגבת שחור,יחידה,1.00,יחידה,false,0,9.90,9.90,true,1,
7296073332152,false,16 גומיות מגבת קטן שחור,BE NOW,CN,16ג.מגבת S שחור,יחידה,1.00,יחידה,false,0,9.90,9.90,true,1,
7296073332169,false,16גומיות מגבת קטן צבעוני,BE NOW,CN,16ג.מגבת S צבע,יחידה,1.00,יחידה,false,0,9.90,9.90,true,1,
7296073332220,false,2גומיות סקונצים עבה שחור,BE NOW,CN,2גומיות סקונצי'ם,יחידה,1.00,יחידה,false,0,14.90,14.90,true,1,
7296073332480,false,סיכות תיקתק שחור 6 יח,BE NOW,CN,6תיקתק שחור,יחידה,1.00,יחידה,false,0,13.50,13.50,true,1,
7296073332534,false,קליפסים קטנים 8 יח שחור,BE NOW,CN,8קליפסים S שחור,יחידה,1.00,יחידה,false,0,14.90,14.90,true,1,
7296073332565,false,קליפס בינוני 4 יח חום,BE NOW,CN,4קליפס M חום,יחידה,1.00,יחידה,false,0,14.90,14.90,true,1,
7296073332589,false,"קליפס ענק 13 ס""מ",BE NOW,CN,קליפס ענק 13 סמ,יחידה,1.00,יחידה,false,0,14.90,14.90,true,1,
7296073332596,false,קליפס בננה,BE NOW,CN,קליפס בננה,יחידה,1.00,יחידה,false,0,14.90,14.90,true,1,
7296073332992,false,כובע אמבט ניילון,BE NOW,CN,כובע אמבט ניילון,יחידה,1.00,יחידה,false,0,9.90,9.90,true,1,
7296073333654,false,מברשת שיער מטקה סגולה L,BE NOW,CN,מברשת מטקה Lסגול,יחידה,1.00,יחידה,false,0,24.90,24.90,true,1,
7296073340096,false,שמפו מפרץ הרפתקאות 1ליטר,,TR,שמפו לילדים,ליטרים,1.00,ליטר,false,1,12.90,12.90,true,1,
7296073341697,false,ממחטות אף לכיס 10 יחידות,שניב תעשיות נייר,IT,ממחטות אף לכיס,יחידה,1.00,יחידה,false,1,7.90,7.90,true,1,
7296073342120,false,מיקס מיני דגני בוקר105ג,בריגן קי ג'י,DE,דגני בוקר לילדים,גרמים,4.00,100 גרם,false,1,9.90,247.50,true,1,
7296073342328,false,שקדים מולבנים פרוסים100ג,,US,שקד מולבן פרוס,גרמים,100.00,100 גרם,false,1,12.90,12.90,true,1,
7296073342496,false,דלעת ארוזה,קטיף.,IL,דלעת ארוזה,קילוגרמים,0.00,"ק""ג",true,1,9.90,9.90,true,1,
7296073342915,false,פרושוטו בקר 80 גרם,מעדני יחיעם,IL,פרושוטו 80גרם,גרמים,80.00,100 גרם,false,1,18.90,23.63,true,1,
7296073342922,false,קורנביף 120 גרם,,IL,קורנביף 120גרם,גרמים,120.00,100 גרם,false,1,16.90,14.08,true,1,
7296073342946,false,סלמי סרוולט 120גרם,מעדני יחיעם,IL,סלמי סרוולט,גרמים,120.00,100 גרם,false,1,16.90,14.08,true,1,
7296073342953,false,כתף בקר מפולפל 100 גרם,מעדני יחיעם,IL,כתף בקר 100גרם,גרמים,100.00,100 גרם,false,1,18.90,18.90,true,1,
7296073343219,false,פריכיות אורז מלא 310 גרם,פרח תעשיות מזון,IL,פריכיות שופרסל,גרמים,310.00,100 גרם,false,1,15.90,5.13,true,1,
7296073343271,false,פדים להסרת איפור יחידה,BE NOW,IL,פדים להסרת איפור,יחידה,1.00,יחידה,false,1,13.90,13.90,true,1,
7296073343462,false,"קרם חמצן 6% 60 מ""ל",,IL,קרם חמצן 6%,מיליליטרים,60.00,"100 מ""ל",false,1,3.90,6.50,true,1,
7296073343479,false,"קרם חמצן 9% 60 מ""ל",,IL,קרם חמצן 9%,מיליליטרים,60.00,"100 מ""ל",false,1,3.90,6.50,true,1,
7296073343486,false,אבקת הבהרה לשיער 10 גרם,,IL,אבקת הבהרה לשיער,גרמים,10.00,100 גרם,false,1,7.90,79.00,true,1,
7296073344018,false,מסיר צבע יחידה,BE NOW,IL,מסיר צבע,יחידה,1.00,יחידה,false,1,13.90,13.90,true,1,
7296073344469,false,שבבי שוקולד מריר 250 גרם,מיה,IL,שבבי שוקולד,גרמים,250.00,100 גרם,false,1,8.90,3.56,true,1,
7296073344605,false,"נוזל קוקוס אורגני 400מ""ל",נארה קוקולנד,LK,נוזל קוקוס,מיליליטרים,400.00,"100 מ""ל",false,1,5.90,1.48,true,1,
7296073345060,false,לחם לבן ללא גלוטן 500 גר,גידרון,IL,לחם לבן ל.גלוטן,גרמים,500.00,100 גרם,false,1,15.90,3.18,true,1,
7296073345206,false,מבריק הפלא 3 יחידות,אלבגינו,PL,מבריק הפלא,יחידה,1.00,יחידה,false,1,9.90,9.90,true,1,
7296073345350,false,מברשת שיניים ילדים גיל+5,,TR,מברשת שיניים KID,יחידה,1.00,יחידה,false,1,8.90,8.90,true,1,
7296073345398,false,מברשת שיניים מבריקה,,TR,מברשת שיניים,יחידה,1.00,יחידה,false,1,11.90,11.90,true,1,
7296073345411,false,זוג ראשים מתחלפים,,CN,"זוג ראשים מבר""ש",יחידה,1.00,יחידה,false,1,19.90,19.90,true,1,
7296073345459,false,קיסמים עם חוט בשקית50יח,,CN,קיסמים עם חוט,יחידה,1.00,יחידה,false,1,9.90,9.90,true,1,
7296073345480,false,חוט דנטלי שעווה מנטה 50מ,,CN,חוט דנטלי מנטה,מטרים,50.00,מטר,false,1,8.90,0.18,true,1,
7296073345732,false,טופו אורגני גרין 300 גרם,כפרי בריא משק ויילר,IL,טופו אורגני,גרמים,300.00,100 גרם,false,1,12.90,4.30,true,1,
7296073345749,false,טופו רך גרין 300 גרם,כפרי בריא משק ויילר,IL,טופו רך,גרמים,300.00,100 גרם,false,1,11.50,3.83,true,1,
7296073345763,false,טופו טעם טבעי 300 גרם,כפרי בריא משק ויילר,IL,טופו טעם טבעי,גרמים,300.00,100 גרם,false,1,11.50,3.83,true,1,
7296073345787,false,בייגלה שמיניות מלוח200ג,,IL,בייגלה שמיניות,גרמים,200.00,100 גרם,false,1,4.90,2.45,true,1,
7296073345800,false,בייגלה שטוח עם מלח 200 ג,,IL,בייגלה שטוח,גרמים,200.00,100 גרם,false,1,4.90,2.45,true,1,
7296073345985,false,רול און דוחה יתושים 70מל,,IL,רול און ד.יתושים,מיליליטרים,70.00,"100 מ""ל",false,1,13.90,19.86,true,1,
7296073346333,false,עוגות אישיות קרם חלב350ג,קסליני,IT,עוגות אישיות,גרמים,350.00,100 גרם,false,1,10.90,3.11,true,1,
7296073346340,false,עוגות אישיות קרם שוקו350,קסליני,IT,עוגות אישיות,גרמים,350.00,100 גרם,false,1,10.90,3.11,true,1,
7296073346760,false,שקיות אשפה כתום 2 * 10יח,אשפלסט,IL,שקיות אשפה,יחידה,1.00,יחידה,false,1,21.90,21.90,true,1,
7296073346777,false,שקיות רב שימושיות 300 יח,אשפלסט,IL,שקיות רב שימושי,יחידה,1.00,יחידה,false,1,12.50,12.50,true,1,
7296073347453,false,פטרוזליה יחידה,תנובות לכיש,IL,פטרוזליה,יחידה,1.00,יחידה,false,1,3.90,3.90,true,1,
7296073347460,false,שמיר יחידה,תנובות לכיש,IL,שמיר,יחידה,1.00,יחידה,false,1,3.90,3.90,true,1,
7296073347477,false,כוסברה,תנובות לכיש,IL,כוסברה,יחידה,1.00,יחידה,false,1,3.90,3.90,true,1,
7296073347484,false,נענע,תנובות לכיש,IL,נענע,יחידה,1.00,יחידה,false,1,3.90,3.90,true,1,
7296073348023,false,שבבי שקדים מולבנים 100ג,,US,שבבי שקד מולבן,גרמים,100.00,100 גרם,false,1,12.90,12.90,true,1,
7296073348214,false,מטהר אויר ורוד 350מל,סאסאטק,IL,מטהר אויר נ.גז,מיליליטרים,350.00,"100 מ""ל",false,1,10.90,3.11,true,1,
7296073348238,false,מטהר אויר נטול גז לבנדר,סאסאטק,IL,מטהר אויר נ.גז,מיליליטרים,350.00,"100 מ""ל",false,1,10.90,3.11,true,1,
7296073348825,false,שוק.חלב עם פקאן 100 גרם,"שוקולד פריי בע""מ",CH,שוקולד חלב פקאן,גרמים,100.00,100 גרם,false,1,7.90,7.90,true,1,
7296073352846,false,"מפיות חד שכבתי 100 יח,'",,IL,מפיות,יחידה,1.00,יחידה,false,1,7.90,7.90,true,1,
7296073352860,false,מפיות נשלפות בדיספנסר,,IL,מפיות בדיספנסר,יחידה,1.00,יחידה,false,1,4.90,4.90,true,1,
7296073359234,false,גרעיני תירס מתוק 340 גרם,,HU,גרעיני תירס מתוק,גרמים,340.00,100 גרם,false,1,4.90,1.44,true,1,
7296073359272,false,24תחבושות לנערות סופר,,DE,תחבושות לנערות,יחידה,1.00,יחידה,false,1,12.50,12.50,true,1,
7296073359838,false,עוגיות מקלות מרוקאיות500,גידרון,IL,עוגיות מרוקאיות,גרמים,500.00,100 גרם,false,1,15.90,3.18,true,1,
7296073359876,false,עוג.פרפריות ט.שוקולד500ג,,IL,עוגיות פרפריות,גרמים,500.00,100 גרם,false,1,15.90,3.18,true,1,
7296073359883,false,עוגיות פרפריות 500 גרם,,IL,עוגיות פרפריות,גרמים,500.00,100 גרם,false,1,15.90,3.18,true,1,
7296073359920,false,עוגיות שוקוצ'יפס 500 גרם,,IL,עוגיות שוקוצ'יפס,גרמים,500.00,100 גרם,false,1,15.90,3.18,true,1,
7296073361442,false,"מטליות היגיניות רב""ש 5יח",נועם אורים,IL,מטלית הגיניות,יחידה,1.00,יחידה,false,1,10.90,10.90,true,1,
7296073361671,false,רוטב ברביקיו 510 גרם,,US,רוטב ברביקיו,גרמים,510.00,100 גרם,false,1,11.90,2.33,true,1,
7296073361701,false,רוטב ברביקיו ט.מעושן510ג,,US,רוטב ברביקיו,גרמים,510.00,100 גרם,false,1,11.90,2.33,true,1,
7296073362630,false,אקונומיקה סופר מבושמת 4ל,קומפלקס כימיקלים,IL,אקונומיקה מבושמת,ליטרים,4.00,ליטר,false,1,9.90,2.48,true,1,
7296073362647,false,אקונומיקה סמיכה שופרסל4ל,קומפלקס כימיקלים,IL,אקונומיקה סמיכה,ליטרים,4.00,ליטר,false,1,13.90,3.48,true,1,
7296073362654,false,אקונומיקה שופרסל 4 ליטר,קומפלקס כימיקלים,IL,אקונומיקה מבושמת,ליטרים,4.00,ליטר,false,1,8.90,2.23,true,1,
7296073362746,false,חמאת בוטנים שב.בוטנים510,יונייטד פודס,IN,חמאת בוטנים,גרמים,510.00,100 גרם,false,1,14.90,2.92,true,1,
7296073362777,false,סלרי עלים,תנובות לכיש,IL,סלרי עלים,יחידה,1.00,יחידה,false,1,5.90,5.90,true,1,
7296073362784,false,סלרי ראש,תנובות לכיש,IL,סלרי ראש,יחידה,1.00,יחידה,false,1,5.90,5.90,true,1,
7296073362791,false,שורש פטרוזיליה,תנובות לכיש,IL,שורש פטרוזיליה,יחידה,1.00,יחידה,false,1,5.90,5.90,true,1,
7296073362807,false,פזיל / מנגולד יחידה,תנובות לכיש,IL,פזיל / מנגולד,יחידה,1.00,יחידה,false,1,5.90,5.90,true,1,
7296073362821,false,סב.ידיים בצבעי פסטל500*3,טאהא קימיה,TR,סבון ידיים 3 יח,ליטרים,1.50,ליטר,false,1,13.90,9.27,true,1,
7296073362890,false,בייבי גאודה 31% 280 גרם,הנרי ויליך,NL,בייבי גאודה,גרמים,280.00,100 גרם,false,1,31.90,11.39,true,1,
7296073362944,false,אבקת אפיה שופרסל 10*10 י,,IL,אבקת אפיה 10 יח,גרמים,100.00,100 גרם,false,1,3.00,3.00,true,1,
7296073362951,false,סוכר וניל שופרסל 10*10גר,ר.ס-.חברה ליבוא וייצור מ,IL,סוכר וניל 10 יח,גרמים,100.00,100 גרם,false,1,2.80,2.80,true,1,
7296073362975,false,אבקת סוכר שופרסל 100 גרם,ר.ס-.חברה ליבוא וייצור מ,IL,אבקת סוכר,גרמים,100.00,100 גרם,false,1,2.00,2.00,true,1,
7296073363804,false,Be רצועות להסרת שיער50יח,BE NOW,IL,Be רצועות להסרת,יחידה,1.00,יחידה,false,1,15.90,15.90,true,1,
7296073363866,false,מגבונים להסרת איפור פחם,טרופיקל דגיל,IL,מגבונים להסרת אי,יחידה,1.00,יחידה,false,1,10.90,10.90,true,1,
7296073364177,false,"שקיות זיפר 20*20 ס""מ",,CN,שקיות זיפר 50יח,יחידה,1.00,יחידה,false,1,10.90,10.90,true,1,
7296073364351,false,חומוס גדול זיפר 500 גרם,,IL,חומוס גדול,גרמים,500.00,100 גרם,false,1,6.50,1.30,true,1,
7296073364375,false,חיטה זיפר שופרסל 500 גרם,מיה,IL,חיטה,גרמים,500.00,100 גרם,false,1,5.00,1.00,true,1,
7296073364436,false,שעועית לבנה זיפר 900 גרם,,IL,שעועית לבנה,גרמים,900.00,100 גרם,false,1,13.90,1.54,true,1,
7296073364467,false,שעועית מעורבת זיפר 500גר,,IL,שעועית מעורבת,גרמים,500.00,100 גרם,false,1,12.80,2.56,true,1,
7296073364474,false,ג'ריש זיפר שופרסל 500גרם,,IL,ג'ריש,גרמים,500.00,100 גרם,false,1,4.50,0.90,true,1,
7296073364511,false,"חיטה זיפר שופרסל 1 ק""ג",מיה,IL,חיטה,קילוגרמים,1.00,"ק""ג",false,1,7.80,7.80,true,1,
7296073364542,false,"אורז לבן עגול זיפר 1 ק""ג",,IL,אורז לבן עגול,קילוגרמים,1.00,"ק""ג",false,1,7.50,7.50,true,1,
7296073364559,false,"אורז פרסי מלא זיפר 1 ק""ג",,IL,אורז פרסי מלא,קילוגרמים,1.00,"ק""ג",false,1,8.00,8.00,true,1,
7296073364634,false,שעועית בובס זיפר400גרם,מיה,IL,שעועית בובס,גרמים,400.00,100 גרם,false,1,12.80,3.20,true,1,
7296073364719,false,משחת שיניים לילדים גיל 6,MENUFACLURER,BG,משחת שיניים לילד,מיליליטרים,50.00,"100 מ""ל",false,1,8.90,17.80,true,1,
7296073365099,false,"כוס גדולה לאירוח 330 מ""ל",,CN,כוסות גדולות,יחידה,1.00,יחידה,false,1,17.90,17.90,true,1,
7296073365341,false,נייר טואלט תלת שכבתי32גל,שניב תעשיות נייר,IL,נייר טואלט 32 גל,מטרים,523.00,100 מטר,false,1,39.90,7.63,true,1,
7296073365655,false,חומוס 700 גרם,,IL,סלט חומוס,גרמים,700.00,100 גרם,false,1,9.90,1.41,true,1,
7296073365792,false,מאגדת מיני בר וניל 5 יח,גלידות פלדמן,IL,מאגדת מיני בר,גרמים,300.00,100 גרם,false,1,21.90,7.30,true,1,
7296073365808,false,מאגדת מיני ברשוקולד 5 יח,גלידות פלדמן,IL,מאגדת מיני בר,גרמים,300.00,100 גרם,false,1,21.90,7.30,true,1,
7296073367215,false,חטיף לכלב עוף ודגים 80 ג,,CN,חטיף לכלב,גרמים,80.00,100 גרם,false,1,14.90,18.63,true,1,
7296073367246,false,חטיף לכלב כוכבי ברווז 80,,CN,חטיף לכלב,גרמים,80.00,100 גרם,false,1,14.90,18.63,true,1,
7296073368465,false,פיצה מרגריטה 320 גרם,סוילה אס.אר.אל,IT,פיצה מרגריטה,יחידה,1.00,יחידה,false,1,16.90,16.90,true,1,
7296073368472,false,פיצה מרגריטה עם זיתים יר,סוילה אס.אר.אל,IT,פיצה מרגריטה עם,גרמים,340.00,100 גרם,false,1,16.90,4.97,true,1,
7296073368519,false,אורז בסמטי בתיבול ירקות,,IL,אורז בסמטי מתובל,גרמים,400.00,100 גרם,false,1,11.90,2.98,true,1,
7296073368526,false,אורז בסמטי בסגנון מג'דרה,,IL,אורז בסמטי מתובל,גרמים,400.00,100 גרם,false,1,11.90,2.98,true,1,
7296073368557,false,ממרח עגבניות עם פרמזן190,,IT,ממרח עגבניות,גרמים,190.00,100 גרם,false,1,11.90,6.26,true,1,
7296073368670,false,מגבונים לחים מארז ענק 12,,IL,מגבונים לחים12יח,יחידה,1.00,יחידה,false,1,42.90,42.90,true,1,
7296073368861,false,קוואקר דק מהיר הכנה500ג,,IL,קוואקר דק,גרמים,500.00,100 גרם,false,1,7.90,1.58,true,1,
7296073368878,false,קוואקר עבה 500 גרם,,IL,קוואקר עבה,גרמים,500.00,100 גרם,false,1,7.90,1.58,true,1,
7296073369035,false,קבוקים בציפוי שומשום400ג,,IL,קבוקים שומשום,גרמים,400.00,100 גרם,false,1,14.90,3.73,true,1,
7296073369592,false,תרסיס חיטוי וניקוי 750מל,,IL,תרסיס חיטוי כללי,מיליליטרים,750.00,"100 מ""ל",false,1,14.90,1.99,true,1,
7296073369608,false,תרסיס חיטוי אמבט750מל,,IL,תרסיס לאמבט,מיליליטרים,750.00,"100 מ""ל",false,1,14.90,1.99,true,1,
7296073369639,false,ערמונים קלופים קלויים100,,CN,ערמונים קלופים,גרמים,100.00,100 גרם,false,1,6.90,6.90,true,1,
7296073372059,false,קפסולות אתיופיה לנספר50ג,DELICA,CH,קפסולות אתיופיה,גרמים,50.00,100 גרם,false,1,14.90,29.80,true,1,
7296073372080,false,קפסולות מס LUNGO 6,DELICA,CH,קפסולות לונגו,גרמים,50.00,100 גרם,false,1,14.90,29.80,true,1,
7296073372486,false,משקה אורז שקדים אורגני1ל,ליקואטס וגטאלס,ES,משקה אורז שקדים,ליטרים,1.00,ליטר,false,1,8.90,8.90,true,1,
7296073372509,false,משקה אורז אורגני 1 ליטר,ליקואטס וגטאלס,ES,משקה אורז אורגני,ליטרים,1.00,ליטר,false,1,8.90,8.90,true,1,
7296073372516,false,"משקה סויה אורגני ללת""ס1ל",ליקואטס וגטאלס,ES,משקה סויה אורגני,ליטרים,1.00,ליטר,false,1,8.90,8.90,true,1,
7296073372547,false,משקה ש.שועל שקדים 1 ליטר,ליקואטס וגטאלס,ES,משקה שיבולת שועל,ליטרים,1.00,ליטר,false,1,8.90,8.90,true,1,
7296073372554,false,משקה ש.שועל אורגני 1ליטר,ליקואטס וגטאלס,ES,משקה שיבולת שועל,ליטרים,1.00,ליטר,false,1,8.90,8.90,true,1,
7296073373421,false,קצף אקונומיקה 1 ליטר,קומפלקס כימיקלים,IL,קצף אקונומיקה,ליטרים,1.00,ליטר,false,1,12.70,12.70,true,1,
7296073373476,false,ברוקולי ארוז,,IL,ברוקולי ארוז,גרמים,350.00,100 גרם,false,1,9.90,2.83,true,1,
7296073374640,false,Beשעווה למיקרוגל 500גר,ש.שוורץ,IL,שעווה למיקרוגל,גרמים,500.00,100 גרם,false,1,19.90,3.98,true,1,
7296073376477,false,כוסות מהודרות כסף/זהב 10,,CN,כוסות מהודרות,יחידה,1.00,יחידה,false,1,12.90,12.90,true,1,
7296073377214,false,חסה לבבות קיסר,,IL,חסה לבבות קיסר,גרמים,400.00,100 גרם,false,1,9.90,2.48,true,1,
7296073379263,false,מרכך מרוכז DIVING DEEP,,IL,מרכך מרוכז ספא,ליטרים,1.00,ליטר,false,1,14.90,14.90,true,1,
7296073379348,false,רוטב לסלט ויניגרט הדרים,"פרסקו חצבה 2006 בע""\מ",IL,רוטב לסלט הדרים,גרמים,300.00,100 גרם,false,1,9.90,3.30,true,1,
7296073379379,false,רוטב לסלט לימונענע,"פרסקו חצבה 2006 בע""\מ",IL,רוטב לימונענע,גרמים,280.00,100 גרם,false,1,9.90,3.54,true,1,
7296073379690,false,ראס אל חנות 100 גרם,א.ל ייצור ושיווק תבלינים,IL,ראס אל חנות,גרמים,100.00,100 גרם,false,1,9.90,9.90,true,1,
7296073379751,false,שקיות סלייד XL,,CN,שקיות סלייד,יחידה,1.00,יחידה,false,1,17.90,17.90,true,1,
7296073380153,false,עגבניות שרי מנומר יחידה,עידו נחום,IL,שרי מנומר,גרמים,460.00,100 גרם,false,1,9.90,2.15,true,1,
7296073380665,false,מברשת התרת קשרים שחורה,BE NOW,CN,מברשת התרת קשרים,יחידה,1.00,יחידה,false,1,34.90,34.90,true,1,
7296073380818,false,Be ג'ל רחצה אבוקדו 700 מ,קוסמטיקס,TR,Be ג'ל רחצה,מיליליטרים,700.00,"100 מ""ל",false,1,13.90,1.99,true,1,
7296073380825,false,Be ג'ל רחצה מקדמיה 700מ,קוסמטיקס,TR,Be ג'ל רחצה,מיליליטרים,700.00,"100 מ""ל",false,1,13.90,1.99,true,1,
7296073380832,false,Be ג'ל רחצה אורכידאה 700,קוסמטיקס,TR,Be ג'ל רחצה,מיליליטרים,700.00,"100 מ""ל",false,1,13.90,1.99,true,1,
7296073380870,false,דאו גברCookie Night 150,סאסא קוסמטיקס,IL,דאו לגבר,יחידה,1.00,יחידה,false,0,10.00,10.00,true,1,
7296073380887,false,דאו לגבר Boy Beach 150,סאסא קוסמטיקס,IL,דאו לגבר,יחידה,1.00,יחידה,false,0,10.00,10.00,true,1,
7296073380917,false,רצועות שעווה לפנים 12 יח,VIOCOX,ES,רצועות שעווה,יחידה,1.00,יחידה,false,1,19.90,19.90,true,1,
7296073380924,false,רצועות שעווה לעור יבש 16,VIOCOX,ES,רצועות שעווה,יחידה,1.00,יחידה,false,1,19.90,19.90,true,1,
7296073380931,false,ג'ל אלכוהול 70%בניחוח ים,,TR,ג'ל אלכוהול 70%ב,מיליליטרים,500.00,"100 מ""ל",false,1,14.90,2.98,true,1,
7296073380948,false,ג'ל אלכוהול 70%בניחוח ים,,TR,ג'ל אלכוהול 70%ב,מיליליטרים,200.00,"100 מ""ל",false,1,2.90,1.45,true,1,
7296073381174,false,מברשת ספרים עם שיער .,BE NOW,CN,מברשת ספרים,יחידה,1.00,יחידה,false,1,34.90,34.90,true,1,
7296073381228,false,"תחליב רחצה Rose 700 מ""ל",שופרסל,TR,תחליב רחצה,מיליליטרים,700.00,"100 מ""ל",false,1,11.90,1.70,true,1,
7296073381242,false,"תחליב רחצה Cotton700מ""",שופרסל,TR,תחליב רחצה,מיליליטרים,700.00,"100 מ""ל",false,1,11.90,1.70,true,1,
7296073382355,false,שוקולד מריר 84% 100 גרם,פריי )שוקולד(,CH,שוקולד מריר 84%,גרמים,100.00,100 גרם,false,1,7.90,7.90,true,1,
7296073382386,false,שוקולד מריר 75% 100 גרם,"שוקולד פריי בע""מ",CH,שוקולד מריר 75%,גרמים,100.00,100 גרם,false,1,7.90,7.90,true,1,
7296073383604,false,חליטת קמומיל ולימונית25ש,,IL,חליטת קמומיל,גרמים,37.00,100 גרם,false,1,11.90,32.16,true,1,
7296073383635,false,חליטת יער 50 גרם,,IL,חליטת יער,גרמים,50.00,100 גרם,false,1,11.90,23.80,true,1,
7296073383642,false,חליטת כורכום וג'ינג'ר 50,,IL,חליטת כורכום,גרמים,50.00,100 גרם,false,1,11.90,23.80,true,1,
7296073384434,false,קציצות סג.גפילטע פיש350ג,,IL,קציצות עם דגים,גרמים,350.00,100 גרם,false,1,13.90,3.97,true,1,
7296073385264,false,קורנישון מיני בצנצנת670ג,,IN,קורנישון מיני,גרמים,670.00,100 גרם,false,1,9.90,1.48,true,1,
7296073385301,false,זית שחור טבעי מצומק 400,,TR,זית שחור טבעי,גרמים,400.00,100 גרם,false,1,14.90,3.73,true,1,
7296073385752,false,קשיו קלויים ומומלח200ג,פיצוחי ציון,IL,קשיו קלוי ומומלח,גרמים,200.00,100 גרם,false,1,22.90,11.45,true,1,
7296073386018,false,אגוזי מלך קלוף טבעי 150ג,פיצוחי ציון,US,אגוזי מלך טבעי,גרמים,150.00,100 גרם,false,1,12.90,8.60,true,1,
7296073386063,false,סכיני גילוח חד'פ לנשים 2,EDGEWELL,US,סכין גילוח 5 להב,יחידה,1.00,יחידה,false,1,20.00,20.00,true,1,
7296073386087,false,שקדים קלופים 200 גרם,פיצוחי ציון,IL,שקדים קלופים,גרמים,200.00,100 גרם,false,1,17.90,8.95,true,1,
7296073386131,false,אגוזי קשיו קלופים טבעיים,פיצוחי ציון,IL,אגוזי קשיו טבעי,גרמים,200.00,100 גרם,false,1,23.90,11.95,true,1,
7296073386186,false,בוטן בקליפה קלוי וממולח,פיצוחי ציון,IL,בוטן בקליפה קלוי,גרמים,400.00,100 גרם,false,1,17.90,4.48,true,1,
7296073386209,false,שקד בקליפה קלוי 200גרם,פיצוחי ציון,IL,שקד בקליפה קלוי,גרמים,200.00,100 גרם,false,1,14.90,7.45,true,1,
7296073386247,false,עלי גפן ממולא.אורז 400 ג,אגה אזיר איסק סאניי,TR,עלי גפן ממולאים,גרמים,400.00,100 גרם,false,1,7.50,1.88,true,1,
7296073386414,false,נוזל לניקוי חלונות 1ליטר,,IL,נוזל לחלונות,ליטרים,1.00,ליטר,false,1,7.90,7.90,true,1,
7296073386995,false,"עוג.סנדויץ ריבה לל""ג250ג",אשבל מזון פונקציונלי בע\,IL,עוג.סנדויץ ריבה,גרמים,250.00,100 גרם,false,1,21.90,8.76,true,1,
7296073387299,false,פלפל ננסי פיקנטי 670 גרם,,TR,פלפל ננסי פיקנטי,גרמים,670.00,100 גרם,false,1,11.90,1.78,true,1,
7296073388531,false,ביצי הפתעה 20*3ג LOL,,IT,ביצי הפתעה LOL,גרמים,60.00,100 גרם,false,1,12.90,21.50,true,1,
7296073388548,false,ביצי הפתעה PJMASK 20*3ג,,IT,ביצי הפתעה PJ,גרמים,60.00,100 גרם,false,1,12.90,21.50,true,1,
7296073388555,false,חליטת קמומיל 32.5 גרם,,IL,חליטת קמומיל,גרמים,32.00,100 גרם,false,1,11.90,37.19,true,1,
7296073388722,false,שמפו ש.רגיל ביוטין700מל,,TR,שמפו לשיער רגיל,מיליליטרים,700.00,"100 מ""ל",false,1,9.90,1.41,true,1,
7296073388777,false,מרכך ש.רגיל ביוטין700מל,,TR,מרכך לשיער רגיל,מיליליטרים,700.00,"100 מ""ל",false,1,9.90,1.41,true,1,
7296073388814,false,מרכך לשיער יבש אבוקדו700,BFF,TR,מרכך אבוקדו,מיליליטרים,700.00,"100 מ""ל",false,1,9.90,1.41,true,1,
7296073388845,false,שוק.מריר+קרם פירות100ג,"שוקולד פריי בע""מ",CH,שוקולד ממולא,גרמים,100.00,100 גרם,false,1,9.90,9.90,true,1,
7296073389439,false,באגט ללא גלוטן,איתנ'ס יצור עוגות,IL,באגט ללא גלוטן,גרמים,240.00,100 גרם,false,1,15.90,6.63,true,1,
7296073389446,false,בגט גרעינים ללא גלוטן240,,IL,"בגט גרעינים לל""ג",גרמים,240.00,100 גרם,false,1,15.90,6.63,true,1,
7296073389453,false,בגט עם ציה ללא גלוטן240ג,,IL,בגט עם זרעי ציה,גרמים,240.00,100 גרם,false,1,15.90,6.63,true,1,
7296073389477,false,לחם גרעינים ללא גלוטן500,,IL,לחם עם גרעינים,גרמים,500.00,100 גרם,false,1,24.90,4.98,true,1,
7296073389927,false,חטיפי חלבון קקאו 4 יח,,PL,חטיפי חלבון 4 יח,גרמים,160.00,100 גרם,false,1,21.90,13.69,true,1,
7296073389941,false,חטיפי חלבון קרמל מלוח4יח,,PL,חטיפי חלבון 4 יח,גרמים,160.00,100 גרם,false,1,21.90,13.69,true,1,
7296073389996,false,פריכיות קטנ.בציפוי חלב60,NETHERLANDS SANORICE,NL,פריכיות קטנות,גרמים,60.00,100 גרם,false,1,6.90,11.50,true,1,
7296073390015,false,פרכיות ציפוי שוק.קוקוס60,NETHERLANDS SANORICE,NL,פריכיות קטנות,גרמים,60.00,100 גרם,false,1,6.90,11.50,true,1,
7296073390213,false,ברנפלקס שופרסל 500 גרם,בריגן קי. ג'י,DE,ברנפלקס,גרמים,500.00,100 גרם,false,1,16.90,3.38,true,1,
7296073390251,false,יוגורט נטול לקטוז10% 150,,GR,יוגורט ללא לקטוז,גרמים,150.00,100 גרם,false,1,6.80,4.53,true,1,
7296073390275,false,לאבנה בקר5% שופרסל 200ג,,IL,לאבנה שופרסל,גרמים,200.00,100 גרם,false,1,10.90,5.45,true,1,
7296073390282,false,כדור מוצרלה שופרסל 200 ג,,IL,כדור מוצרלה,גרמים,200.00,100 גרם,false,1,9.90,4.95,true,1,
7296073390312,false,גב.שמנת שום שמיר25% 200ג,,IL,גב.שמנת שום שמיר,גרמים,200.00,100 גרם,false,1,10.90,5.45,true,1,
7296073390329,false,גבינת שמנת25% שופרסל200ג,,IL,גבינת שמנת,גרמים,200.00,100 גרם,false,1,10.90,5.45,true,1,
7296073390534,false,מטען קיר ראש כפול 2.1A,,CN,מטען קיר ראש,יחידה,1.00,יחידה,false,1,29.90,29.90,true,1,
7296073390558,false,מטען קיר כפול אפל 2.1A,,CN,מטען קיר כפול,יחידה,1.00,יחידה,false,1,49.90,49.90,true,1,
7296073390565,false,מטען קיר כפול TYPE 2.1A,,CN,מטען קיר כפול,יחידה,1.00,יחידה,false,1,49.90,49.90,true,1,
7296073390633,false,כבל מיקרו 1.2M,,CN,כבל מיקרו 1.2M,יחידה,1.00,יחידה,false,1,19.90,19.90,true,1,
7296073390640,false,כבל אייפון 2M,,CN,כבל אייפון 2M,יחידה,1.00,יחידה,false,1,29.90,29.90,true,1,
7296073390947,false,חטיף פרכיות שוק.מריר18*5,בנליין פודס,RS,חטיפי פריכיות,גרמים,90.00,100 גרם,false,1,9.90,11.00,true,1,
7296073391654,false,מגבונים לחיטוי וניקוי50י,טרופיקל דגיל,IL,מגבונים לניקוי,יחידה,1.00,יחידה,false,1,12.90,12.90,true,1,
7296073392699,false,מגבות נייר גליל כפול 8יח,,IL,מגבות נייר עבות,מטרים,169.00,מטר,false,1,24.90,0.15,true,1,
7296073392873,false,חטיף תירס ללג אורגני80 ג,,IT,חטיף תירס,גרמים,80.00,100 גרם,false,1,9.90,12.38,true,1,
7296073392880,false,חטיף אפונה ללג אורגני 60,,IT,חטיף אורז ואפונה,גרמים,60.00,100 גרם,false,1,9.90,16.50,true,1,
7296073392934,false,נייר טואלט גליל כפול24יח,,IL,נייר טואלט 24 גל,מטרים,860.00,100 מטר,false,1,44.90,5.22,true,1,
7296073393108,false,קפה מיובש בהקפאה קלאס200,,ES,קפה נמס קלאסי,גרמים,200.00,100 גרם,false,1,17.90,8.95,true,1,
7296073393115,false,קפה נמס ערביקה 200 גרם,,ES,קפה נמס ערביקה,גרמים,200.00,100 גרם,false,1,17.90,8.95,true,1,
7296073393122,false,קפה נמס בריסטה 200 גרם,,ES,קפה נמס בריסטה,גרמים,200.00,100 גרם,false,1,17.90,8.95,true,1,
7296073393573,false,גרנולה שוקולד ופקאן 370ג,בריגן קי ג'י,DE,גרנולה שוקולד,גרמים,370.00,100 גרם,false,1,16.90,4.57,true,1,
7296073393580,false,פת פריכה ל.גלוטן200ג,,CZ,פת פריכה ל.גלוטן,גרמים,200.00,100 גרם,false,1,12.90,6.45,true,1,
7296073393610,false,נוזל כלים 24% לימון 750מ,קומפלקס כימיקלים בעמ,IL,נוזל כלים לימון,מיליליטרים,750.00,"100 מ""ל",false,1,8.90,1.19,true,1,
7296073393634,false,נוזל כלים לימון+משאבה1ל,,IL,נוזל כלים לימון,ליטרים,1.00,ליטר,false,1,9.90,9.90,true,1,
7296073393641,false,נוזל כלים תפוח+משאבה 1ל,,IL,נוזל כלים תפוח,ליטרים,1.00,ליטר,false,1,9.90,9.90,true,1,
7296073393672,false,חט.חלבון בציפוי שוקו40*4,,PL,חטיפי חלבון 4 יח,גרמים,160.00,100 גרם,false,1,21.90,13.69,true,1,
7296073394662,false,אבוקדו בשל מוכן לאכילה,"מור בריאות בע""מ",IL,אבוקדו בשל,יחידה,1.00,יחידה,false,1,9.90,9.90,true,1,
7296073395157,false,משקה אנרגיהFIREשופרסל250,אקו וויט,PL,משקה אנרגיה,מיליליטרים,250.00,"100 מ""ל",false,1,3.60,1.44,true,1,
7296073395195,false,טונה זהובה בשמן זית 190ג,,ES,טונה בשמן זית,גרמים,190.00,100 גרם,false,1,23.90,12.58,true,1,
7296073395683,false,עגבניות שלמות אורגני400ג,דלה פרוטה,IT,עגבניות שלמות,גרמים,400.00,100 גרם,false,1,4.90,1.23,true,1,
7296073396314,false,בייבי גאודה עיזים 280 גר,,NL,בייבי גאודה,גרמים,280.00,100 גרם,false,1,35.90,12.82,true,1,
7296073396659,false,מאגדת גלידת סנדוויץ וניל,גלידות פלדמן,IL,מאגדת גלידת סנדו,גרמים,560.00,100 גרם,false,1,27.90,4.98,true,1,
7296073396673,false,חצאי בוטן מטוגן וממולח,ששון ושות'\ )ש.ת. תעשיות,IL,חצאי בוטן מטוגן,גרמים,200.00,100 גרם,false,1,7.90,3.95,true,1,
7296073396833,false,אייס קפה קר קפוצינו 250מ,ברגלנד מילך,AT,אייס קפה קפוצינו,מיליליטרים,250.00,"100 מ""ל",false,1,6.60,2.64,true,1,
7296073396840,false,לימון בלאדי,א.ל. ייצור ושיווק תבליני,IL,לימון בלאדי,גרמים,250.00,100 גרם,false,1,12.90,5.16,true,1,
7296073396857,false,אריסה מתוקה שופרסל 250 ג,א.ל. ייצור ושיווק תבליני,IL,אריסה מתוקה,גרמים,250.00,100 גרם,false,1,12.90,5.16,true,1,
7296073396888,false,אריסה מרוקאית שופרסל250ג,תבליני ביטון יוחאי,IL,אריסה חריפה,גרמים,250.00,100 גרם,false,1,12.90,5.16,true,1,
7296073396895,false,סלט שום כתוש,א.ל. ייצור ושיווק תבליני,IL,סלט שום כתוש,גרמים,250.00,100 גרם,false,1,12.90,5.16,true,1,
7296073396901,false,סחוג אדום,א.ל. ייצור ושיווק תבליני,IL,סחוג אדום,גרמים,130.00,100 גרם,false,1,7.90,6.08,true,1,
7296073397304,false,מברשת מגהץ יחידה,TYF סחר,CN,מברשת מגהץ,יחידה,1.00,יחידה,false,1,4.90,4.90,true,1,
7296073397328,false,מברשת ניקוי אסלה יחידה,TYF סחר,CN,מברשת ניקוי אסלה,יחידה,1.00,יחידה,false,1,4.90,4.90,true,1,
7296073397335,false,רולר כפול יחידה,TYF סחר,CN,רולר כפול,יחידה,1.00,יחידה,false,1,12.90,12.90,true,1,
7296073397403,false,מקל מחוזק אפור/אדום יחיד,TYF סחר,IT,מקל מחוזק,יחידה,1.00,יחידה,false,1,5.90,5.90,true,1,
7296073397908,false,שבבי פקאן טבעי 100גרם,,ZA,שבבי פקאן טבעי,גרמים,100.00,100 גרם,false,1,12.90,12.90,true,1,
7296073397915,false,שבבי פקאן סיני 100גרם,,IL,שבבי פקאן סיני,גרמים,100.00,100 גרם,false,1,12.90,12.90,true,1,
7296073398042,false,50כוס שתיה קרה מעוטר לבן,,IL,כוסות שתייה,יחידה,1.00,יחידה,false,1,18.90,18.90,true,1,
7296073398158,false,תפוחונים גרין1+5מארז132ג,,CN,תפוחונים מארז6יח,גרמים,132.00,100 גרם,false,1,17.90,13.56,true,1,
7296073398271,false,טופו חומוס 300 גרם,"משק ויילר בע""\מ",IL,טופו חומוס,גרמים,300.00,100 גרם,false,1,11.50,3.83,true,1,
7296073398318,false,טורטיה עם זרעי צ'יה320ג,,RS,טורטיה,גרמים,320.00,100 גרם,false,1,10.90,3.41,true,1,
7296073398325,false,טורטיה קמח כוסמת 320ג,,RS,טורטיה,גרמים,320.00,100 גרם,false,1,10.90,3.41,true,1,
7296073398509,false,אצבעות שוקולד שופרסל200ג,,FR,אצבעות שוקולד,גרמים,200.00,100 גרם,false,1,10.90,5.45,true,1,
7296073398684,false,חציל במיונז שופרסל 250 ג,,IL,סלט במיונז,גרמים,250.00,100 גרם,false,1,10.90,4.36,true,1,
7296073398707,false,חומוס מסבחה שופרסל 250 ג,,IL,חומוס מסבחה,גרמים,250.00,100 גרם,false,1,10.90,4.36,true,1,
7296073398714,false,רצועות פלפל שופרסל 250 ג,,IL,רצועות פלפל,גרמים,250.00,100 גרם,false,1,10.90,4.36,true,1,
7296073398875,false,קרם קרקר 250 גרם,"אפיפית נצרת (1971) בע""\מ",IL,קרם קרקר,גרמים,250.00,100 גרם,false,1,7.50,3.00,true,1,
7296073398974,false,רביעיית סוללות AA,בסט סין,CN,רביעיית סוללותAA,יחידה,1.00,יחידה,false,1,9.90,9.90,true,1,
7296073398981,false,רביעיית סוללות AAA,בסט סין,CN,רביעיית סוללות,יחידה,1.00,יחידה,false,1,9.90,9.90,true,1,
7296073398998,false,שמינייה סוללות AA,בסט סין,CN,שמינייה סוללות,יחידה,1.00,יחידה,false,1,11.90,11.90,true,1,
7296073399001,false,שמינייה סוללות AAA,בסט סין,CN,שמינייה סוללות,יחידה,1.00,יחידה,false,1,11.90,11.90,true,1,
7296073399544,false,חלב נטול לקטוז2% 1 ליטר,מחלבות רמת הגולן,IL,חלב נטול לקטוז,ליטרים,1.00,ליטר,false,1,7.90,7.90,true,1,
7296073399551,false,שמיניית סוללות +AAרביעיה,,CN,שמיניית סוללות,יחידה,1.00,יחידה,false,1,19.90,19.90,true,1,
7296073399582,false,"סבון קוביה ירקרק 500 מ""ל",שופרסל,TR,סבון נוזלי,מיליליטרים,500.00,"100 מ""ל",false,1,9.90,1.98,true,1,
7296073400004,false,"שמנת לבישול 15% 500 מ""ל",מחלבות רמת הגולן,IL,שמנת לבישול,מיליליטרים,500.00,"100 מ""ל",false,1,13.90,2.78,true,1,
7296073400103,false,מטאטא אנטי שוק יחידה,מיקסליר,IT,מטאטא,יחידה,1.00,יחידה,false,1,21.90,21.90,true,1,
7296073400110,false,מטאטא יח,מיקסליר,IT,מטאטא,יחידה,1.00,יחידה,false,1,19.90,19.90,true,1,
7296073400172,false,יעה+מקל מתקפל יח,מיקסליר,IT,יעה+מקל מתקפל יח,יחידה,1.00,יחידה,false,1,14.90,14.90,true,1,
7296073400196,false,דלי אוולי 15 ליטר יח,מיקסליר,IT,דלי 15 ליטר,יחידה,1.00,יחידה,false,1,19.90,19.90,true,1,
7296073400219,false,מקל 1.3 מטר יח,מיקסליר,IT,מקל 1.3 מטר יח,יחידה,1.00,יחידה,false,1,6.90,6.90,true,1,
7296073401063,false,שמן חמניות 1 ליטר,ברוקלמן,DE,שמן חמניות,ליטרים,1.00,ליטר,false,1,13.90,13.90,true,1,
7296073401575,false,חומוס מסעדות שופרסל250ג,"סלטי שמיר 2006 בע""\מ",IL,חומוס מסעדות,גרמים,250.00,100 גרם,false,1,10.90,4.36,true,1,
7296073401759,false,דלי עגול 12 ליטר,מיקסליר,IT,דלי עגול 12 ליטר,יחידה,1.00,יחידה,false,1,12.90,12.90,true,1,
7296073402824,false,גלידת וניל עם שוקולד,פלקו,IL,גלידת וניל,ליטרים,1.40,ליטר,false,1,17.90,12.79,true,1,
7296073402879,false,גלידת שוקו נוגט,פלקו,IL,גלידת שוקו נוגט,ליטרים,1.40,ליטר,false,1,17.90,12.79,true,1,
7296073402893,false,גלידת וניל קפוצ'ינו,פלקו,IL,גלידת וניל קפוצ',ליטרים,1.40,ליטר,false,1,17.90,12.79,true,1,
7296073403234,false,ביצי שוקולד מיני PJ 122,,IT,ביצי שוקולד pj,גרמים,122.00,100 גרם,false,1,10.90,8.93,true,1,
7296073403241,false,ביצי שוק.מיני מ.הרפתק122,,IT,ביצי שוקולד מיני,גרמים,122.00,100 גרם,false,1,10.90,8.93,true,1,
7296073404156,false,איטריות רחבות שופרסל400ג,,CN,איטריות רחבות,גרמים,400.00,100 גרם,false,1,9.80,2.45,true,1,
7296073404279,false,צלחות גדולות חד פעמיות,,GR,צלחות גדולות,קילוגרמים,1.00,"ק""ג",false,1,40.00,40.00,true,1,
7296073404712,false,איטר.אורז רחב שופרסל400ג,,CN,איטריות אורז רחב,גרמים,400.00,100 גרם,false,1,9.80,2.45,true,1,
7296073404729,false,איט.אורז צרות שופרסל400ג,,CN,איטריות אורז צר,גרמים,400.00,100 גרם,false,1,9.80,2.45,true,1,
7296073404903,false,מיץ לימון טבעי זכוכית250,פולנגי,IT,מיץ לימון טבעי,מיליליטרים,250.00,"100 מ""ל",false,1,6.90,2.76,true,1,
7296073405467,false,שקיות אשפה חזקות XL 20י,,IL,שקיות אשפה,יחידה,1.00,יחידה,false,1,20.90,20.90,true,1,
7296073405474,false,שקיות אשפה חזקות XL 20 י,,IL,שקיות אשפה,יחידה,1.00,יחידה,false,1,20.90,20.90,true,1,
7296073405481,false,שקיות אשפה חזקות XL 25,,IL,שקיות אשפה,יחידה,1.00,יחידה,false,1,20.90,20.90,true,1,
7296073405863,false,טחינה גול.מעודנת טבעי310,אר.ג'\י.אם תעשיות מזון ב,IL,טחינה גולמית,גרמים,310.00,100 גרם,false,1,10.90,3.52,true,1,
7296073406600,false,צ'יפס בטטה סגולה ובטטה85,,ES,צ'יפס בטטה סגולה,גרמים,85.00,100 גרם,false,1,11.90,14.00,true,1,
7296073406624,false,צ'יפס סלק ובטטה לבנה85ג,FOODS VIUBE,ES,צ'יפס סלק ובטטה,גרמים,85.00,100 גרם,false,1,11.90,14.00,true,1,
7296073407560,false,תמר מגהול סופר עסיסי,"דוד חי בע""מ",IL,תמר מגהול עסיסי,גרמים,500.00,100 גרם,false,1,19.90,3.98,true,1,
7296073407812,false,יוגורט יווני אפרסק 150 ג,S.A MEVGAL,GR,יוגורט יווני,גרמים,150.00,100 גרם,false,1,6.60,4.40,true,1,
7296073408819,false,כדורי דגנים שוקולד50גרם,,LT,כדוגרי דגנים,גרמים,50.00,100 גרם,false,1,4.90,9.80,true,1,
7296073408840,false,כדורי דגנים במתיקות 50 ג,,LT,כדורי דגנים,גרמים,50.00,100 גרם,false,1,4.90,9.80,true,1,
7296073408888,false,נייר אפייה 50 יחידות,,IL,נייר אפייה,יחידה,1.00,יחידה,false,1,10.90,10.90,true,1,
7296073408901,false,כפפות M לטקס עם אבקה,WEIFANG,CN,כפפות לטקס,יחידה,1.00,יחידה,false,1,28.90,28.90,true,1,
7296073409120,false,פופקורן מופחת שומן85*5גר,AST נובולוג,BG,פופקורן למיקרוגל,גרמים,425.00,100 גרם,false,1,11.90,2.80,true,1,
7296073409625,false,גאודה 34% שופרסל 200 ג,B.V KAAS HAZELEGER,NL,גבינת גאודה,גרמים,200.00,100 גרם,false,1,19.90,9.95,true,1,
7296073409649,false,גב.עיזים הולנד שופרסל200,B.V KAAS HAZELEGER,NL,גבינת עיזים,גרמים,200.00,100 גרם,false,1,24.90,12.45,true,1,
7296073409670,false,גב.עיזים פרוס שופרסל150ג,B.V KAAS HAZELEGER,NL,גבינת עיזים,גרמים,150.00,100 גרם,false,1,19.90,13.27,true,1,
7296073409731,false,צמד פטריות שמפניון,מרינה,IL,צמד פטריות,גרמים,420.00,100 גרם,false,1,15.90,3.79,true,1,
7296073409885,false,מגשית פטרוזיליה שופרסל,דורות,IL,מגשית פטרוזיליה,גרמים,70.00,100 גרם,false,1,9.90,14.14,true,1,
7296073409892,false,מגשית כוסברה שופרסל,דורות,IL,מגשית כוסברה שופ,גרמים,70.00,100 גרם,false,1,9.90,14.14,true,1,
7296073409908,false,מגשית בזיליקום שופרסל,דורות,IL,מגשית בזיליקום ש,גרמים,70.00,100 גרם,false,1,9.90,14.14,true,1,
7296073409922,false,מגשית ג'ינג'רכתוש שופרסל,דורות,IL,מגשית ג'ינג'ר כת,גרמים,70.00,100 גרם,false,1,9.90,14.14,true,1,
7296073411215,false,מרכך כביסה פרחי בר 1ל,,IL,מרכך כביסה מרוכז,ליטרים,1.00,ליטר,false,1,14.90,14.90,true,1,
7296073413233,false,חסה עגולה ארוזה,"משק אסף פרחי בע""מ",IL,חסה עגולה,גרמים,200.00,100 גרם,false,1,6.90,3.45,true,1,
7296073413257,false,חסה לבבות,"משק אסף פרחי בע""מ",IL,חסה לבבות,גרמים,350.00,100 גרם,false,1,9.90,2.83,true,1,
7296073413325,false,ביסקוויט שוקולד חלב150גר,,ES,ביסקוויט שוקולד,גרמים,150.00,100 גרם,false,1,8.90,5.93,true,1,
7296073413332,false,ביסקוויט שוקולד מריר150ג,,ES,ביסקוויט שוקולד,גרמים,150.00,100 גרם,false,1,8.90,5.93,true,1,
7296073413349,false,ביסקוויט שוקולד לבן150ג,,ES,ביסקוויט שוקולד,גרמים,150.00,100 גרם,false,1,8.90,5.93,true,1,
7296073413356,false,קפסולות roast dark ג50,DELICA,CH,קפסולות dark,גרמים,50.00,100 גרם,false,1,14.90,29.80,true,1,
7296073413363,false,מברשת לשירותים יסמין יחי,TYF סחר,CN,מברשת לשירותים,יחידה,1.00,יחידה,false,1,14.90,14.90,true,1,
7296073413424,false,צנונית,חבל מעון,IL,צנונית,גרמים,400.00,100 גרם,false,1,6.90,1.73,true,1,
7296073413721,false,שוקולד מריר 77% פרו100ג,פריי )שוקולד(,CH,שוקולד מריר 77%,גרמים,100.00,100 גרם,false,1,7.90,7.90,true,1,
7296073413769,false,שוקולד מריר 83% 100גרם,פריי )שוקולד(,CH,שוקולד מריר,גרמים,100.00,100 גרם,false,1,7.90,7.90,true,1,
7296073413844,false,צמד הודו עוף+סלמי 800 גר,,IL,צמדהודועוף+סלמי,גרמים,800.00,100 גרם,false,1,23.90,2.99,true,1,
7296073413929,false,קינואה אדומה זיפר 500 גר,מיה,IL,קינואה אדומה,גרמים,500.00,100 גרם,false,1,11.90,2.38,true,1,
7296073413936,false,קינואה שחורה זיפר 400 גר,מיה,IL,קינואה שחורה,גרמים,400.00,100 גרם,false,1,11.90,2.98,true,1,
7296073414278,false,עגבניות חתוכות דק 400*3ג,פריניר,IL,עגבניות חתוכות3*,קילוגרמים,1.20,"ק""ג",false,1,11.90,9.92,true,1,
7296073414759,false,שמנת מתוקה24%להקצפה250מל,מחלבת רמת-הגולן,IL,שמנת מתוקה,מיליליטרים,250.00,"100 מ""ל",false,1,6.10,2.44,true,1,
7296073414766,false,"שמנת לבישול 10% 250 מ""ל",מחלבת רמת-הגולן,IL,שמנת לבישול,מיליליטרים,250.00,"100 מ""ל",false,1,6.90,2.76,true,1,
7296073414988,false,פלפלים ממולאים שופרסל400,אגה אזיר איסק סאניי,TR,פלפלים ממולאים,גרמים,400.00,100 גרם,false,1,7.90,1.98,true,1,
7296073415053,false,שוק.חלב+קרם אגוז לוז100ג,,CH,שוקולד ממולא קרם,גרמים,100.00,100 גרם,false,1,9.90,9.90,true,1,
7296073415084,false,2תחבושות סופר+ עם כנפיים,קוראטקס,DE,תחבושות B,יחידה,1.00,יחידה,false,1,12.50,12.50,true,1,
7296073415114,false,מגני תחתון נורמל 60 יח,קוראטקס,DE,מגני תחתון B,יחידה,1.00,יחידה,false,1,10.70,10.70,true,1,
7296073415121,false,מגני תחתון לארג' 52 יחיד,קוראטקס,DE,מגני תחתון B,יחידה,1.00,יחידה,false,1,10.70,10.70,true,1,
7296073415138,false,44 מגני תחתון לונג,קוראטקס,DE,מגני תחתון B,יחידה,1.00,יחידה,false,1,10.70,10.70,true,1,
7296073415145,false,60מגני תחתון נערות נורמל,קוראטקס,DE,מגני תחתון B,יחידה,1.00,יחידה,false,1,10.70,10.70,true,1,
7296073415336,false,טחינה עם שום בקבוק 300ג,,IL,טחינה עם שום,גרמים,300.00,100 גרם,false,1,14.90,4.97,true,1,
7296073415572,false,שניצלוני תירס צמחוני 650,"טיבון ויל אחזקות בע""\מ",IL,שניצלוני תירס צמ,גרמים,650.00,100 גרם,false,1,19.90,3.06,true,1,
7296073416012,false,תפוחונים קינמון 1+5מארז,,CN,תפוחונים 6 יח,גרמים,132.00,100 גרם,false,1,17.90,13.56,true,1,
7296073416036,false,פופקורן בטעם חמאה100*5גר,AST נובולוג,BG,פופקורן למיקרוגל,גרמים,500.00,100 גרם,false,1,11.90,2.38,true,1,
7296073416845,false,ביצים L שופרסל 12יחידות,"ביצי משק דוידי בע""מ",IL,ביצים 12יח L,יחידה,1.00,יחידה,false,1,12.05,12.05,true,1,
7296073416852,false,ביציםM שופרסל 12יחידות,"ביצי משק דוידי בע""מ",IL,ביצים 12יח M,יחידה,1.00,יחידה,false,1,11.15,11.15,true,1,
7296073417439,false,קישוא זוקיני ארוז מובחר,משק גל,IL,קישוא זוקיני,קילוגרמים,0.00,"ק""ג",true,1,12.90,12.90,true,1,
7296073418955,false,בגט כפרי/לבן 280 גרם,מאפ גדרון,IL,בגט /כפרי,גרמים,280.00,100 גרם,false,1,4.90,1.75,true,1,
7296073420323,false,פריכיות כוסמת אורגנית160,,IL,פריכיות כוסמת,גרמים,160.00,100 גרם,false,1,9.90,6.19,true,1,
7296073420330,false,פריכיות כוסמת ללא מלח160,,IL,פריכיות כוסמת,גרמים,160.00,100 גרם,false,1,9.90,6.19,true,1,
7296073420675,false,ביצי הפתעה יוניקורן20*3ג,SPA ZAINI LUIGI,IT,ביצי הפתעה יוניק,גרמים,60.00,100 גרם,false,1,12.90,21.50,true,1,
7296073421702,false,"מגב פטנט 40 ס""מ יחידה",מיקסליר,IT,"מגב פטנט 40 ס""מ",יחידה,1.00,יחידה,false,1,24.90,24.90,true,1,
7296073421719,false,"מגב רצפה 40ס""מ יחידה",מיקסליר,IT,"מגב רצפה 40ס""מ",יחידה,1.00,יחידה,false,1,10.90,10.90,true,1,
7296073421801,false,גבינת פרמזן30% 200ג שופר,אמברוסי,IT,גבינת פרמזן,גרמים,200.00,100 גרם,false,1,25.90,12.95,true,1,
7296073421818,false,גבינת פרמזן30% מגורד100ג,אמברוסי,IT,גבינת פרמזן,גרמים,100.00,100 גרם,false,1,10.90,10.90,true,1,
7296073422211,false,שעועית ירוקה טרייה שטופה,גיזרונים,IL,שעועית ירוקה טרי,גרמים,410.00,100 גרם,false,1,14.90,3.63,true,1,
7296073422617,false,נבטי אלפלפא 120גרם,נבטי איילון,IL,נבטי אלפלפא,גרמים,120.00,100 גרם,false,1,6.90,5.75,true,1,
7296073422624,false,נבטי חמניות 150גרם,נבטי איילון,IL,נבטי חמניות,גרמים,150.00,100 גרם,false,1,8.90,5.93,true,1,
7296073422655,false,נבטים סיניים 220גרם,נבטי איילון,IL,נבטים סיניים,גרמים,220.00,100 גרם,false,1,6.90,3.14,true,1,
7296073423126,false,לקט עלי סלנובה ועלי בייב,"פרסקו חצבה 2006 בע""\מ",IL,לקטסלנובה ובייבי,גרמים,200.00,100 גרם,false,1,11.90,5.95,true,1,
7296073423133,false,עלי חסה סלנובה שטופים,"פרסקו חצבה 2006 בע""\מ",IL,עלי חסה סלנובה,גרמים,200.00,100 גרם,false,1,11.90,5.95,true,1,
7296073423645,false,פתי בר שופרסל 300 גרם,BV BISCUIT PALLY,NL,פתי בר,גרמים,300.00,100 גרם,false,1,4.90,1.63,true,1,
7296073423652,false,קרקרים בסגנון איטלקי180ג,יורוסנאקס,IT,חטיפי מיני קרקר,גרמים,180.00,100 גרם,false,1,7.90,4.39,true,1,
7296073423669,false,קרקר שמן זית וזיתים180גר,יורוסנאקס,IT,חטיפי מיני קרקר,גרמים,180.00,100 גרם,false,1,7.90,4.39,true,1,
7296073423676,false,קרקרים מיני רוזמרין180ג,יורוסנאקס,IT,חטיפי מיני קרקר,גרמים,180.00,100 גרם,false,1,7.90,4.39,true,1,
7296073424543,false,תערובת עוגת וניל 560 גרם,י.כהן,IL,תערובת עוגת וניל,גרמים,560.00,100 גרם,false,1,14.00,2.50,true,1,
7296073424581,false,טורטיה קמח כוסמין 320גרם,PIP D.O.O,RS,טורטיה כוסמין,גרמים,320.00,100 גרם,false,1,10.90,3.41,true,1,
7296073424697,false,קוואקר ש.שועל בפחית500ג,ZO SP. POLSER,AE,קוואקר ש.שועל פח,גרמים,500.00,100 גרם,false,1,9.90,1.98,true,1,
7296073427315,false,פיתות כוסמין 8יח50* גרם,"מאפיית אורן משי בע""\מ",IL,פיתות כוסמין 8יח,גרמים,440.00,100 גרם,false,1,14.90,3.39,true,1,
7296073427810,false,מטליות רצפה לוונדר10יח,פלסטו פוליש,IL,מטליות לרצפה,יחידה,1.00,יחידה,false,1,7.50,7.50,true,1,
7296073428084,false,מתקן לשקיות לאיסוף צרכים,PRODUCTS FOOD HIQ,CN,שקיות לצרכים,יחידה,1.00,יחידה,false,1,11.90,11.90,true,1,
7296073428343,false,מסיר שומנים 1 ליטר,קומפלקס כימיקלים,IL,מסיר שומנים,ליטרים,1.00,ליטר,false,1,11.90,11.90,true,1,
7296073428503,false,אקונומיקה בישום עוצמתי4ל,סאסאטק,IL,אקונומיקה מבושמת,ליטרים,4.00,ליטר,false,1,15.90,3.98,true,1,
7296073428541,false,מיקס פירות יער חדש 300 ג,D.O.O LAKI,RS,מיקס פירות יער,גרמים,300.00,100 גרם,false,1,16.90,5.63,true,1,
7296073429012,false,מנקה ומבשם רצפות אדום 2ל,ספידי תעשיות,IL,מנקה ומבשם רצפות,ליטרים,2.00,ליטר,false,1,16.90,8.45,true,1,
7296073429753,false,ניילון נצמד בחיתוך קל,,CN,ניילון נצמד,מטרים,150.00,מטר,false,1,24.90,0.17,true,1,
7296073429807,false,ממרח בזיליקום ואגוזים180,"פרסקו חצבה 2006 בע""\מ",IL,פסטו,גרמים,180.00,100 גרם,false,1,11.90,6.61,true,1,
7296073429814,false,צימצורי שופרסל 180 גרם,"פרסקו חצבה 2006 בע""\מ",IL,צימצורי,גרמים,180.00,100 גרם,false,1,11.90,6.61,true,1,
7296073429890,false,"אורז בסמטי שופרסל 1 ק""ג",צמן,IN,אורז בסמטי,קילוגרמים,1.00,"ק""ג",false,1,10.90,10.90,true,1,
7296073429906,false,תערובות להכנת סופגניות,,IL,תערובת לסופגניות,גרמים,400.00,100 גרם,false,1,10.90,2.72,true,1,
7296073431152,false,מיקס עגבניה שרי,עידו נחום,IL,מיקס עגבניות שרי,גרמים,460.00,100 גרם,false,1,9.90,2.15,true,1,
7296073431565,false,צלחות גדולות מקנה סוכר,,CN,צלחות מקנה סוכר,יחידה,1.00,יחידה,false,1,17.90,17.90,true,1,
7296073431572,false,צלחות בינוניות מקנה סוכר,,CN,צלחת קנה סוכר,יחידה,1.00,יחידה,false,1,14.90,14.90,true,1,
7296073431589,false,צלחות קטנות מקנה סוכר,,CN,צלחת קנה סוכר,יחידה,1.00,יחידה,false,1,9.90,9.90,true,1,
7296073431893,false,עוגת מאפין אגוזים 500גרם,,IL,מאפין אגוזים,גרמים,550.00,100 גרם,false,1,19.90,3.62,true,1,
7296073431909,false,עוגת מאפין תפוח עץ500גרם,גידרון,IL,מאפין תפוח עץ,גרמים,500.00,100 גרם,false,1,19.90,3.98,true,1,
7296073431916,false,עוגת מאפין תפוז 500גרם,גידרון,IL,מאפין בטעם תפוז,גרמים,500.00,100 גרם,false,1,19.90,3.98,true,1,
7296073432081,false,עוגת היער השחור 850 גרם,גידרון,IL,עוגת היער השחור,גרמים,850.00,100 גרם,false,1,69.90,8.22,true,1,
7296073432241,false,עוגת קצפת ריבת חלב 1.3קג,גידרון,IL,עוגת קצפת,קילוגרמים,1.30,"ק""ג",false,1,94.90,73.00,true,1,
7296073432265,false,פס גבינה אפוי .,גידרון,IL,פס גבינה אפוי,יחידה,1.00,יחידה,false,1,42.90,42.90,true,1,
7296073432319,false,סופלה שוקולד 150*2גרם,גידרון,IL,סופלה שוקולד,גרמים,300.00,100 גרם,false,1,20.90,6.97,true,1,
7296073432845,false,פסטה פנה ריגטה 500 גרם,מאנפאקטור,IT,פנה ריגטה,גרמים,500.00,100 גרם,false,1,6.50,1.30,true,1,
7296073432937,false,מטליות אנטיבקטריאליות2יח,סדובסקי,CN,מטליות מיקרו,יחידה,1.00,יחידה,false,1,10.90,10.90,true,1,
7296073432944,false,סט מטליות מיקרופייבר5יח,סדובסקי,CN,סט מטליות מיקרו,יחידה,1.00,יחידה,false,1,14.90,14.90,true,1,
7296073440109,false,קפסולות לכביסה 36 יחידות,גליל כימיקלים בעמ,IL,קפסולות לכביסה,יחידה,1.00,יחידה,false,1,27.90,27.90,true,1,
7296073440956,false,קינואה שופרסל זיפר 500 ג,"הנמל אריזות ושיווק בע""\מ",PE,קינואה זיפר,גרמים,500.00,100 גרם,false,1,12.90,2.58,true,1,
7296073441083,false,חמוציות ברכז תפוחים 200ג,ששון,US,חמוציות ברכז תפו,גרמים,200.00,100 גרם,false,1,14.90,7.45,true,1,
7296073441335,false,פריכיות אורז מלא 110 גרם,"פרח תעשיות מזון בע""\מ",IL,פריכיות אורז מלא,גרמים,110.00,100 גרם,false,1,6.00,5.45,true,1,
7296073441366,false,פריכיות חומוס וקינואה110,"פרח תעשיות מזון בע""\מ",IL,פריכיות חומוס,גרמים,110.00,100 גרם,false,1,9.90,9.00,true,1,
7296073441625,false,ג'ל רחצה לגבר 3 ב1- 700מ,טאהא קימיה,TR,ג'ל רחצה לגבר,יחידה,1.00,יחידה,false,0,11.90,11.90,true,1,
7296073441885,false,כריות יפניות אנטיבקטריאל,פלסטו פוליש,IL,כריות יפניות,יחידה,1.00,יחידה,false,1,9.90,9.90,true,1,
7296073442219,false,כדורי דגנים חום לבן500גר,CERERA,LT,כדורי דגנים,גרמים,500.00,100 גרם,false,1,13.90,2.78,true,1,
7296073442226,false,צדפים דגנים ט.שוקולד500ג,CERERA,LT,דגנים צדפים,גרמים,500.00,100 גרם,false,1,13.90,2.78,true,1,
7296073442240,false,כדורי דגנים חום לבן 50גר,CERERA,LT,כדורי דגנים,גרמים,50.00,100 גרם,false,1,4.90,9.80,true,1,
7296073442257,false,צדפים דגנים ט.שוקולד50ג,CERERA,LT,צדפים דגנים,גרמים,50.00,100 גרם,false,1,4.90,9.80,true,1,
7296073444213,false,52 חיתולים שלב 3 שופרסל,די.פי.אל תעשיות מוצרים ח,IL,חיתולים שופרסל,יחידה,1.00,יחידה,false,1,25.00,25.00,true,1,
7296073444237,false,40חיתולים שלב 4+ שופרסל,די.פי.אל תעשיות מוצרים ח,IL,חיתולים שופרסל,יחידה,1.00,יחידה,false,1,25.00,25.00,true,1,
7296073444244,false,34 חיתולים שלב 5 שופרסל,די.פי.אל תעשיות מוצרים ח,IL,חיתולים שופרסל,יחידה,1.00,יחידה,false,1,25.00,25.00,true,1,
7296073444251,false,30 חיתולים שלב 6 שופרסל,די.פי.אל תעשיות מוצרים ח,IL,חיתולים שופרסל,יחידה,1.00,יחידה,false,1,25.00,25.00,true,1,
7296073444428,false,קינואה אורגנית אדומה340ג,,PE,קינואה אורגנית,גרמים,340.00,100 גרם,false,1,13.90,4.09,true,1,
7296073444640,false,עוגיות קרם שוקולד,גידרון,IL,עוגיות קרם שוק.,גרמים,500.00,100 גרם,false,1,15.90,3.18,true,1,
7296073444657,false,עוגיות קרם תות,גידרון,IL,עוגיות קרם תות,גרמים,500.00,100 גרם,false,1,15.90,3.18,true,1,
7296073445159,false,תחתיות ארטישוק 400 גרם,INDUSTRY FOOD FOR SILVA,EG,תחתיות ארטישוק,גרמים,400.00,100 גרם,false,1,12.90,3.23,true,1,
7296073445678,false,קצף אקונומיקה לוונדר 1 ל,קומפלקס כימיקלים,IL,קצף אקונומיקה,ליטרים,1.00,ליטר,false,1,12.70,12.70,true,1,
7296073445708,false,מחית תפוח אפרסק בננה 90ג,DELAFRUIT,ES,מחית מיקס פירות,גרמים,90.00,100 גרם,false,1,4.90,5.44,true,1,
7296073447108,false,קמח עמילן ללא גלוטן500,,IT,קמח בסיס עמילן,גרמים,500.00,100 גרם,false,1,19.90,3.98,true,1,
7296073447528,false,קרקר עגבניות ובזיליקו105,אלביסקו,GR,קרקר עגבניות,גרמים,105.00,100 גרם,false,1,6.90,6.57,true,1,
7296073447535,false,קרקר תרד ושמיר 105 גרם,אלביסקו,GR,קרקר תרד ושמיר,גרמים,105.00,100 גרם,false,1,6.90,6.57,true,1,
7296073447917,false,מגבונים לחיטוי וניקוי400,סאסאטק,IL,מגבונים לחיטוי,יחידה,1.00,יחידה,false,1,29.90,29.90,true,1,
7296073447955,false,גלידה בטעם טירמיסו,פלקו,IL,גלידת טירמיסו,ליטרים,1.40,ליטר,false,1,17.90,12.79,true,1,
7296073448129,false,חטיף ש.שועל+מייפל42*5ג,"אפקטבעי בע""\מ",IL,חטיף שבולת שועל,גרמים,210.00,100 גרם,false,1,13.90,6.62,true,1,
7296073448136,false,חטיף ש.שועל שוק.מריר42*5,"אפקטבעי בע""\מ",IL,חטיף שבולת שועל,גרמים,210.00,100 גרם,false,1,13.90,6.62,true,1,
7296073448143,false,מברשת כלים,פולסוס,CN,מברשת כלים,יחידה,1.00,יחידה,false,1,10.90,10.90,true,1,
7296073448174,false,מברשת+יעה,פולסוס,CN,מברשת+יעה,יחידה,1.00,יחידה,false,1,15.90,15.90,true,1,
7296073448204,false,מגב חלונות,פולסוס,CN,מגב חלונות,יחידה,1.00,יחידה,false,1,10.90,10.90,true,1,
7296073448730,false,כפפות ניילון 100 יחידות,"הנמל אריזות ושיווק בע""\מ",CN,כפפות ניילון,יחידה,1.00,יחידה,false,1,6.90,6.90,true,1,
7296073449171,false,יוגורט יווני 10% 500 גרם,S.A MEVGAL,GR,יוגורט יווני,גרמים,500.00,100 גרם,false,1,15.90,3.18,true,1,
7296073449508,false,מגבוני ניו בורן 64*4,דינמיק,IL,מגבוני ניו בורן,יחידה,1.00,יחידה,false,1,19.90,19.90,true,1,
7296073449539,false,"סבון קוביה כחול 500 מ""ל",טאהא קימיה,TR,סבון קוביה כחול,מיליליטרים,500.00,"100 מ""ל",false,1,9.90,1.98,true,1,
7296073449881,false,מגבות נייר גליל כפול 6יח,שניב תעשיות נייר,IL,מגבות נייר,מטרים,130.00,מטר,false,1,18.90,0.15,true,1,
7296073450313,false,תות בננה תמר קפוא לשייק,D.O.O LAKI,RS,תות בננה תמר קפו,גרמים,450.00,100 גרם,false,1,19.90,4.42,true,1,
7296073450320,false,מנגו תות תמר קפוא לשייק,D.O.O LAKI,RS,מנגו תות תמר קפו,גרמים,450.00,100 גרם,false,1,19.90,4.42,true,1,
7296073450726,false,פריכי.משולש פלפל שחור30ג,"פרח תעשיות מזון בע""\מ",IL,פריכיות משולשים,גרמים,30.00,100 גרם,false,1,3.90,13.00,true,1,
7296073450740,false,פריכיות משולשים ט.טבעי30,"פרח תעשיות מזון בע""\מ",IL,פריכיות משולשים,גרמים,30.00,100 גרם,false,1,3.90,13.00,true,1,
7296073450771,false,לקט קפוא דלעת גזר גמדי,פרי גליל,IL,לקט קפוא דלעתגזר,גרמים,800.00,100 גרם,false,1,12.90,1.61,true,1,
7296073451044,false,3 מפות אל בד חלק 120*180,,CN,מפות אל בד,יחידה,1.00,יחידה,false,1,19.90,19.90,true,1,
7296073451266,false,דאו.ספריי פרש פאוו150מל,סאסא קוסמטיקס,IL,דאו.ספריי אישה,מיליליטרים,150.00,"100 מ""ל",false,1,10.90,7.26,true,1,
7296073451914,false,פסטו בזיליקום שופרסל,"פרסקו חצבה 2006 בע""\מ",IL,פסטו בזיליקום שו,גרמים,180.00,100 גרם,false,1,13.90,7.72,true,1,
7296073451921,false,פסטו כוסברה שופרסל,"פרסקו חצבה 2006 בע""\מ",IL,פסטו כוסברה שופר,גרמים,180.00,100 גרם,false,1,13.90,7.72,true,1,
7296073451938,false,טפנד זיתים שחורים שופרסל,"פרסקו חצבה 2006 בע""\מ",IL,טפנד זיתים שחורי,גרמים,180.00,100 גרם,false,1,13.90,7.72,true,1,
7296073451952,false,ממרח שום שופרסל 180 גרם,"פרסקו חצבה 2006 בע""\מ",IL,ממרח שום שופרסל,גרמים,180.00,100 גרם,false,1,13.90,7.72,true,1,
7296073451976,false,ממרח עגבניות שופרסל,"פרסקו חצבה 2006 בע""\מ",IL,ממרח עגבניות שופ,גרמים,180.00,100 גרם,false,1,13.90,7.72,true,1,
7296073451983,false,ממרח קרם ארטישוק שופרסל,"פרסקו חצבה 2006 בע""\מ",IL,ממרח קרם ארטישוק,גרמים,180.00,100 גרם,false,1,13.90,7.72,true,1,
7296073451990,false,ממרח צ'ימיצ'ורי שופרסל,"פרסקו חצבה 2006 בע""\מ",IL,ממרח צ'ימיצ'ורי,גרמים,180.00,100 גרם,false,1,13.90,7.72,true,1,
7296073452546,false,אוכמניות כחולות קפואות 3,D.O.O LUKOWA,RS,אוכמניות כחולות,גרמים,300.00,100 גרם,false,1,16.90,5.63,true,1,
7296073452577,false,מרשמלו ורוד לבן 180 גרם,"כרמית מזון בע""\מ",IL,מרשמלו ורוד לבן,גרמים,180.00,100 גרם,false,1,5.90,3.28,true,1,
7296073452584,false,מרשמלו טוויסטר 180 גרם,"כרמית מזון בע""\מ",IL,מרשמלו טוויסטר,גרמים,180.00,100 גרם,false,1,5.90,3.28,true,1,
7296073452645,false,גזר צבעוני,גזר שליט,IL,גזר צבעוני,גרמים,630.00,100 גרם,false,1,6.90,1.10,true,1,
7296073453932,false,אורז בסגנון מקסיקני250ג,מניופקטר,FR,תבשיל אורז,גרמים,250.00,100 גרם,false,1,7.90,3.16,true,1,
7296073453949,false,בורגול בסג.ים תיכוני250ג,מניופקטר,FR,תבשיל בורגול,גרמים,250.00,100 גרם,false,1,7.90,3.16,true,1,
7296073453956,false,אורז בסגנון הודי 250 גרם,מניופקטר,FR,אורז בסגנון הודי,גרמים,250.00,100 גרם,false,1,7.90,3.16,true,1,
7296073453963,false,תבשיל חיטה סג.איטלקי250ג,מניופקטר,FR,תבשיל חיטה,גרמים,250.00,100 גרם,false,1,7.90,3.16,true,1,
7296073453970,false,שניצל עוף אמיתי מעודן,מילועוף,IL,שניצל עוף אמיתי,גרמים,700.00,100 גרם,false,1,26.90,3.84,true,1,
7296073453987,false,שניצל אמיתי בציפוי צ'יפס,מילועוף,IL,שניצל עוף בציפוי,גרמים,700.00,100 גרם,false,1,26.90,3.84,true,1,
7296073453994,false,שניצל עוף דק בציפוי פריך,מילועוף,IL,שניצל עוף דק בצי,גרמים,700.00,100 גרם,false,1,26.90,3.84,true,1,
7296073454465,false,זית ירוק ממול.פלפ.אדום70,מניופקטר,GR,זיתים ממולאים,גרמים,70.00,100 גרם,false,1,5.90,8.43,true,1,
7296073454885,false,נייר אפייה 100יח 38X42סמ,,PL,נייר אפייה,יחידה,1.00,יחידה,false,1,21.90,21.90,true,1,
7296073456285,false,מחית תפוח מנגו 90 גרם,DELAFRUIT,ES,מחית תפוח וצ'יה,גרמים,90.00,100 גרם,false,1,4.90,5.44,true,1,
7296073456360,false,עוגת גבינה פרורים 92*2גר,עדן קינוחים,IL,עוגת גבינה זוג,גרמים,184.00,100 גרם,false,1,12.90,7.01,true,1,
7296073457237,false,שוקולד עם עוגיות 100 גרם,דליקה,CH,שוקולד עם עוגיות,גרמים,100.00,100 גרם,false,1,5.00,5.00,true,1,
7296073457244,false,שוקולד חלב קורנפלקס 100ג,דליקה,CH,שוקולד חלב,גרמים,100.00,100 גרם,false,1,5.00,5.00,true,1,
7296073457268,false,שוקולד חלב+נוגט וקרמל100,דליקה,CH,שוקולד חלב,גרמים,100.00,100 גרם,false,1,5.00,5.00,true,1,
7296073457619,false,מחית תפוח דלעת ופשתן 90ג,DELAFRUIT,ES,מחית תפוח דלעת,גרמים,90.00,100 גרם,false,1,4.90,5.44,true,1,
7296073457992,false,שורש גינגר טרי ארוז,POMMER,IL,שורש גינגר טרי,גרמים,250.00,100 גרם,false,1,9.90,3.96,true,1,
7296073458036,false,תירס גמדי שלם במי מלח425,מאנפאקטור,TH,תירס גמדי שלם,גרמים,425.00,100 גרם,false,1,6.90,1.62,true,1,
7296073459200,false,מיקס להכנת לחם כהה 500 ג,NIEDZWIADY MLYN,PL,מיקס להכנת לחם,גרמים,500.00,100 גרם,false,1,18.90,3.78,true,1,
7296073459217,false,מיקס הכנת לחם גרעינים500,NIEDZWIADY MLYN,PL,מיקס להכנת לחם,גרמים,500.00,100 גרם,false,1,12.90,2.58,true,1,
7296073459224,false,קמח שקדים ללא גלוטן500ג,NIEDZWIADY MLYN,PL,קמח שקדים,גרמים,500.00,100 גרם,false,1,42.90,8.58,true,1,
7296073459231,false,קמח רב תכליתי ללא גלוטן,NIEDZWIADY MLYN,PL,קמח רב תכליתי,גרמים,500.00,100 גרם,false,1,18.90,3.78,true,1,
7296073459262,false,"אל סבון לתינוק 750מ""ל",BFF,TR,אל סבון לתינוק,מיליליטרים,750.00,"100 מ""ל",false,1,16.90,2.25,true,1,
7296073459286,false,"שמפו לתינוק 750 מ""ל",BFF,TR,שמפו לתינוק,מיליליטרים,750.00,"100 מ""ל",false,1,16.90,2.25,true,1,
7296073459309,false,ציפס בטטה זיגזג שופרסל,"תעשיות תפוגן בע""\מ",IL,ציפס בטטה זיגזג,גרמים,500.00,100 גרם,false,1,16.90,3.38,true,1,
7296073461968,false,בייגלה עם בצל מקורמל 200,אלקה קו,RO,בייגלה עם בצל,גרמים,200.00,100 גרם,false,1,10.00,5.00,true,1,
7296073461975,false,בייגלה עם דבש 200 גרם,אלקה קו,RO,בייגלה עם דבש,גרמים,200.00,100 גרם,false,1,10.00,5.00,true,1,
7296073461982,false,בייגלה עם עגבניות 200גרם,אלקה קו,RO,בייגלה +עגבניות,גרמים,200.00,100 גרם,false,1,10.00,5.00,true,1,
7296073472797,false,"קמח חיטה לבן מנופה 1 ק""ג","שטיבל בע""\מ",IL,קמח לבן מנופה,קילוגרמים,1.00,"ק""ג",false,1,6.90,6.90,true,1,
7296073472827,false,"קמח תופח לבן מנופה 1 ק""ג","שטיבל בע""\מ",IL,קמח תופח מנופה,קילוגרמים,1.00,"ק""ג",false,1,8.90,8.90,true,1,
7296073472841,false,"קמח חיטה מלא מנופה 1 ק""ג","שטיבל בע""\מ",IL,קמח חיטה מלאה,קילוגרמים,1.00,"ק""ג",false,1,8.90,8.90,true,1,
7296073472896,false,"קמח כוסמין מנופה 1 ק""ג","שטיבל בע""\מ",IL,קמח כוסמין מנופה,קילוגרמים,1.00,"ק""ג",false,1,12.90,12.90,true,1,
7296073473466,false,סילאן אורגני לחיץ 470 ג,,AE,סילאן אורגני,גרמים,470.00,100 גרם,false,1,18.90,4.02,true,1,
7296073473497,false,בולגרית מעודנת 5% 250 גר,מחלבות רמת הגולן,IL,בולגרית מעודנת,גרמים,250.00,100 גרם,false,1,19.90,7.96,true,1,
7296073473503,false,בולגרית 5% שופרסל 250 גר,מחלבות רמת הגולן,IL,גבינה בולגרית,גרמים,250.00,100 גרם,false,1,19.90,7.96,true,1,
7296073473510,false,בולגרית 16% שופרסל 250 ג,מחלבות רמת הגולן,IL,גבינה בולגרית,גרמים,250.00,100 גרם,false,1,20.90,8.36,true,1,
7296073473527,false,צפתית5% מעודנת שופרסל200,מחלבות רמת הגולן,IL,צפתית 5% מעודנת,גרמים,200.00,100 גרם,false,1,12.90,6.45,true,1,
7296073473596,false,פיתה ציפס בטעם טבעי 90 ג,SRL ONE,IT,פיתה ציפס,גרמים,90.00,100 גרם,false,1,5.90,6.56,true,1,
7296073473602,false,פיתה ציפס בטעם פפריקה90ג,SRL ONE,IT,פיתה צ'יפס,גרמים,90.00,100 גרם,false,1,5.90,6.56,true,1,
7296073473657,false,שקדי מרק ללא גלוטן 200 ג,"חיים טובים מזון בע""\מ",IL,שקדי מרק ל.גלוטן,גרמים,200.00,100 גרם,false,1,12.90,6.45,true,1,
7296073473671,false,עוגת תפוזים ללא גלוטן350,גידרון,IL,עוגת תפוזים,גרמים,350.00,100 גרם,false,1,19.90,5.69,true,1,
7296073473688,false,"עוגת שוקוציפס לל""ג350ג",גידרון,IL,עוגת שוקוציפס,גרמים,350.00,100 גרם,false,1,19.90,5.69,true,1,
7296073473800,false,ספגטי קונג'אק ל.גלוטן270,MORNING EASTERN SICHUAN,CN,ספגטי קונג'אק,גרמים,270.00,100 גרם,false,1,9.90,3.67,true,1,
7296073473817,false,פטוציני קונג'אק 270 גרם,MORNING EASTERN SICHUAN,CN,פטוצ'יני קונג'אק,גרמים,270.00,100 גרם,false,1,9.90,3.67,true,1,
7296073473886,false,משקה סויה מתוק.מעודן1ל,,ES,משקה סויה אורגני,ליטרים,1.00,ליטר,false,1,8.90,8.90,true,1,
7296073473923,false,תרסיס שמן בטעם חמאה 150,מאנפקטור,ES,תרסיס שמן,מיליליטרים,150.00,"100 מ""ל",false,1,9.90,6.60,true,1,
7296073484004,false,שמן קנולה מזוכך 1 ליטר,בורחס,ES,שמן קנולה מזוכך,ליטרים,1.00,ליטר,false,1,9.90,9.90,true,1,
7296073484059,false,שמן סויה שופרסל 1 ליטר,סובנה,PT,שמן סויה,ליטרים,1.00,ליטר,false,1,10.90,10.90,true,1,
7296073484240,false,שקיות אוכל 150*2 יחידות,אשפלסט,IL,שקיות אוכל זוג,יחידה,1.00,יחידה,false,1,9.80,9.80,true,1,
7296073484257,false,בורקס טבעוני בטעם גבינה,גידרון,IL,בורקס טבעוני,גרמים,800.00,100 גרם,false,1,24.90,3.11,true,1,
7296073484479,false,קפסולות לכביסה22 יחידות,גליל כימיקלים בעמ,IL,קפסולות לכביסה,יחידה,1.00,יחידה,false,1,21.90,21.90,true,1,
7296073484585,false,גאודה עזים יישון שנה200ג,הנרי ויליך,NL,גאודה עיזים,גרמים,200.00,100 גרם,false,1,24.90,12.45,true,1,
7296073484592,false,גאודה בקר יישון שנה200ג,הנרי ויליך,NL,גאודה בקר מיושנת,גרמים,200.00,100 גרם,false,1,22.90,11.45,true,1,
7296073484783,false,תמצית וניל לאפייה 30 מל,מיה,IL,תמצית וניל אמיתי,מיליליטרים,30.00,"100 מ""ל",false,1,21.90,73.00,true,1,
7296073484981,false,קרם קוקוס 24%-22% 500מל,תאי קוקונט אל טי די,TH,קרם קוקוס,מיליליטרים,500.00,"100 מ""ל",false,1,10.90,2.18,true,1,
7296073484998,false,נוזל קוקוס 18%-17% 500גר,תאי קוקונט אל טי די,TH,נוזל קוקוס,מיליליטרים,500.00,"100 מ""ל",false,1,10.00,2.00,true,1,
7296073485001,false,קצפת קוקוס 500 גרם,תאי קוקונט אל טי די,TH,קצפת קוקוס,מיליליטרים,400.00,"100 מ""ל",false,1,11.90,2.98,true,1,
7296073485018,false,מיוקטשופ 430 גרם,אסיור,ES,מיוקטשופ,גרמים,430.00,100 גרם,false,1,10.90,2.54,true,1,
7296073485049,false,מחית עגבניות קלה 690 גרם,מאנפקטור,IT,מחית עגבניות,גרמים,690.00,100 גרם,false,1,9.90,1.43,true,1,
7296073495758,false,חסה לאליק הידרופונית,יגור חקלאות ועסקים,IL,חסה לאליק הידרופ,גרמים,190.00,100 גרם,false,1,12.90,6.79,true,1,
7296073495819,false,סבון לאסלה 50*3 גרם,רנקסאן פלסטיק סונגר סאן,TR,סבון לאסלה,גרמים,150.00,100 גרם,false,1,9.90,6.60,true,1,
7296073495857,false,טופו אורגני רך 300 גרם,"משק ויילר בע""\מ",IL,טופו אורגני,גרמים,300.00,100 גרם,false,1,12.90,4.30,true,1,
7296073496113,false,בצק פילו 500 גרם,ARABATZIS,GR,בצק פילו 500 גרם,גרמים,500.00,100 גרם,false,1,11.90,2.38,true,1,
7296073496144,false,זית ירוק נטולי גלעין390ג,"בית השיטה תעשיות בע""\מ",IL,זיתים ירוקים,גרמים,390.00,100 גרם,false,1,5.70,1.46,true,1,
7296073496151,false,זית קלמטה נטולי גלעין560,"בית השיטה תעשיות בע""\מ",IL,זיתי קלמטה,גרמים,560.00,100 גרם,false,1,10.90,1.95,true,1,
7296073496168,false,זיתים מרוקאי 340 גרם,"בית השיטה תעשיות בע""\מ",IL,זיתים מרוקאי,גרמים,340.00,100 גרם,false,1,10.90,3.21,true,1,
7296073496311,false,WOW קראנץ קרמל/טופי 90גר,INNOVATION WAWI,DE,WOW קראנץ ט.קרמל,גרמים,90.00,100 גרם,false,1,9.90,11.00,true,1,
7296073496328,false,WOW מריר נוגט ולוז 90גרם,INNOVATION WAWI,DE,WOW מריר נוגט,גרמים,90.00,100 גרם,false,1,9.90,11.00,true,1,
7296073496335,false,טבלת קראנץ בטעם תפוז 90,INNOVATION WAWI,DE,WOW שוקולד תפוז,גרמים,90.00,100 גרם,false,1,9.90,11.00,true,1,
7296073496359,false,שוקו.במילוי קר.בוטנ110גר,INNOVATION WAWI,DE,שוקולד חלב,גרמים,110.00,100 גרם,false,1,11.90,10.82,true,1,
7296073496472,false,מגבוני נייר טואלט 56 יחי,דינמיק תעשיות מגבונים,IL,מגבוני נ.טואלט,יחידה,1.00,יחידה,false,1,6.90,6.90,true,1,
7296073496489,false,שעועית אדומה מושרית מבוש,פרי גליל,IL,שעועית אדומה מבו,גרמים,800.00,100 גרם,false,1,15.90,1.99,true,1,
7296073496496,false,עדשים ירוקות מבושלות 800,פרי גליל,IL,עדשים ירוקות מבו,גרמים,800.00,100 גרם,false,1,15.90,1.99,true,1,
7296073496601,false,קרם קוקוס אורגני 500 גרם,COCONUT THAI,TH,קרם קוקוס אורגני,מיליליטרים,500.00,"100 מ""ל",false,1,12.90,2.58,true,1,
7296073496793,false,תמרים דחוסים ללא חרצנים,"טעמי הגליל בע""\מ",IL,תמר דחוס,גרמים,500.00,100 גרם,false,1,13.90,2.78,true,1,
7296073496823,false,עגבניות אורג.קוביות400ג,S.P.A DAVIA,IT,עגבניות אורגניות,גרמים,400.00,100 גרם,false,1,5.90,1.48,true,1,
7296073497639,false,ביסקוויט חיות 180 גרם,"אפיפית נצרת (1971) בע""\מ",IL,ביסקוויט חיות,גרמים,180.00,100 גרם,false,1,4.90,2.72,true,1,
7296073497721,false,ש.שועל דקה ללא גלוטן500ג,,IL,שיבולת שועל דקה,גרמים,500.00,100 גרם,false,1,17.90,3.58,true,1,
7296073497738,false,ש.שועל עבה ללא גלוטן500ג,,IL,שבולת שועל עבה,גרמים,500.00,100 גרם,false,1,17.90,3.58,true,1,
7296073497745,false,עגבניות חתוכות דק400*3גר,לה דוריה,IT,3 עגבניות חתוכות,קילוגרמים,1.20,"ק""ג",false,1,14.90,12.42,true,1,
7296073497813,false,סילאן אורגני 900 גרם,FACTORY DATES BARAKAH AL,AE,סילאן אורגני,גרמים,900.00,100 גרם,false,1,24.90,2.77,true,1,
7296073513629,false,מגבוני ניקוי עם חומץ50יח,עלבד,IL,מגבוני ניקוי,יחידה,1.00,יחידה,false,1,8.90,8.90,true,1,
7296073514541,false,ברזלית 6 יחידות,"סדובסקי בע""\מ",CN,ברזלית 6 יחידות,יחידה,1.00,יחידה,false,1,13.80,13.80,true,1,
7296073514855,false,משמש מיובש באריזת זיפר,PEYMAN,TR,משמש מיובש,גרמים,200.00,100 גרם,false,1,14.90,7.45,true,1,
7296073514930,false,אגוז מלך טבעי בצנצנת140ג,דין שיווק,US,אגוז מלך טבעי,גרמים,140.00,100 גרם,false,1,14.90,10.64,true,1,
7296073514954,false,שקד ענק טבעי בצנצנת200ג,דין שיווק,IL,שקד ענק טבעי,גרמים,200.00,100 גרם,false,1,19.90,9.95,true,1,
7296073515043,false,משחת שיניים פחם ומאצ'ה75,MENUFACLURER,BG,משחת שיניים,מיליליטרים,75.00,"100 מ""ל",false,1,17.90,23.87,true,1,
7296073515104,false,סירופ סילאן בצנצנת 900 ג,"טעמי הגליל בע""\מ",IL,סירופ סילאן,גרמים,900.00,100 גרם,false,1,13.80,1.53,true,1,
7296073515128,false,סירופ סילאן לחיץ 360 גרם,"טעמי הגליל בע""\מ",IL,סילאן בקבוק לחיץ,גרמים,360.00,100 גרם,false,1,11.80,3.28,true,1,
7296073515135,false,מלית תמרים 450 גרם,"טעמי הגליל בע""\מ",IL,מלית תמרים,גרמים,450.00,100 גרם,false,1,5.40,1.20,true,1,
7296073515234,false,שורש כורכום יחידה,POMMER,IL,שורש כורכום,גרמים,120.00,100 גרם,false,1,11.90,9.92,true,1,
7296073515241,false,פרמג'יאנו רג'יאנו 150 גר,פורגרנה,IT,פרמג'יאנו רגיאנו,גרמים,150.00,100 גרם,false,1,28.90,19.27,true,1,
7296073515715,false,יוגורט יווני 2% שומן 500,S.A MEVGAL,GR,יוגורט יווני 2%,גרמים,500.00,100 גרם,false,1,15.90,3.18,true,1,
7296073515746,false,מלבי שמנת 150*2גרם,עדן קינוחים,IL,מלבי שמנת,גרמים,300.00,100 גרם,false,1,12.90,4.30,true,1,
7296073515937,false,ביצים אומגהL שופרסל 12יח,"ביצי משק דוידי בע""מ",IL,ביצים אומגה12יחL,יחידה,1.00,יחידה,false,1,21.50,21.50,true,1,
7296073515968,false,ביצים חופשL שופרסל 12יח,"ביצי משק דוידי בע""מ",IL,ביצים חופש12יח L,יחידה,1.00,יחידה,false,1,19.00,19.00,true,1,
7296073516019,false,דגנים ציפוי שוק.לבן65ג,נטורל קייקס,IL,דגנים בציפוי ללג,גרמים,65.00,100 גרם,false,1,8.90,13.69,true,1,
7296073516033,false,קורנפלקס ציפוי שוק.לבן65,נטורל קייקס,IL,קורנפלקס בציפוי,גרמים,65.00,100 גרם,false,1,8.90,13.69,true,1,
7296073516040,false,קורנפלקס בציפוי שוקול65,נטורל קייקס,IL,קורנפלקס בציפוי,גרמים,65.00,100 גרם,false,1,8.90,13.69,true,1,
7296073516156,false,גליל עיזים שופרסל 180 גר,"שלושת האופים בע""\מ",IL,גליל גבינת עיזים,גרמים,180.00,100 גרם,false,1,19.90,11.06,true,1,
7296073516187,false,רוקט 100גרם,בשמת,IL,רוקט,גרמים,100.00,100 גרם,false,1,9.90,9.90,true,1,
7296073516194,false,בזיליקום 100 גרם,בשמת,IL,בזיליקום,גרמים,100.00,100 גרם,false,1,9.90,9.90,true,1,
7296073516286,false,מגבונים לחים לילדים 72*4,"DPL בע""מ",IL,מגבונים לחים,יחידה,1.00,יחידה,false,1,15.90,15.90,true,1,
7296073526391,false,שום קלוף בשקית 145 גרם,נסטלה פורינה,CN,שום קלוף בשקית,גרמים,145.00,100 גרם,false,1,6.90,4.76,true,1,
7296073526483,false,קפה טורקי 4 * 85 גרם,רוני רג'ואן ושות,IL,קפה טורקי 4 יח,גרמים,340.00,100 גרם,false,1,16.60,4.88,true,1,
7296073526490,false,דונאטס קפוא בציפוישוקולד,STOKSON,PL,דונאטס קפוא בציפ,גרמים,4.00,100 גרם,false,1,14.90,372.50,true,1,
7296073526513,false,דונאטס קפוא בציפוי ורוד,STOKSON,PL,דונאטס קפוא,גרמים,4.00,100 גרם,false,1,14.90,372.50,true,1,
7296073526520,false,בישקוטים ללא גלוטן 125 ג,ויסנזי,IT,בישקוטים ל.גלוטן,גרמים,125.00,100 גרם,false,1,14.90,11.92,true,1,
7296073526841,false,לזניה ברוקולי קפואה 450ג,"סי.אי.פי מבוא חורון בע""מ",IL,לזניה ברוקולי,גרמים,450.00,100 גרם,false,1,37.90,8.42,true,1,
7296073527282,false,תירוש מיץ ענבים אדום750מ,כרם מהדרין,IL,תירוש מיץ ענבים,מיליליטרים,750.00,"100 מ""ל",false,1,9.80,1.31,true,1,
7296073527374,false,גבינת גאודה מגורדת 400גר,ויליפוד,IL,גאודה מגורדת,גרמים,400.00,100 גרם,false,1,23.90,5.98,true,1,
7296073527381,false,אינסטנט פודינג וניל 1 קג,מיה,IL,פודינג טעם וניל,קילוגרמים,1.00,"ק""ג",false,1,16.90,16.90,true,1,
7296073528562,false,"בצק עלים 1 ק""ג",ARABATZIS,GR,בצק עלים,קילוגרמים,1.00,"ק""ג",false,1,14.90,14.90,true,1,
7296073528678,false,תאנים מיובשות 200גרם,ששון ושות,IL,תאנים מיובשות,גרמים,200.00,100 גרם,false,1,13.90,6.95,true,1,
7296073528692,false,מלח ים טבעי שופרסל 500 ג,אינפוסה,ES,מלח ים,גרמים,500.00,100 גרם,false,1,6.90,1.38,true,1,
7296073528708,false,מלח ים טבעי שופרסל 250 ג,אינפוסה,ES,מלח ים,גרמים,250.00,100 גרם,false,1,4.90,1.96,true,1,
7296073528784,false,קיסמי אוזניים פלסטיק200י,אס טי או,CN,קיסמי אוזניים,יחידה,1.00,יחידה,false,1,6.50,6.50,true,1,
7296073528807,false,קיסמי אוזניים פלסטיק400י,אס טי או,CN,קיסמי אוזניים,יחידה,1.00,יחידה,false,1,10.90,10.90,true,1,
7296073528814,false,קיסמי אוזניים פלסטיק100י,אס טי או,CN,קיסמי אוזניים,יחידה,1.00,יחידה,false,1,2.00,2.00,true,1,
7296073529453,false,עדשים שחור בלוגה 500 גרם,מיה,IL,עדשים שחורות,גרמים,500.00,100 גרם,false,1,7.90,1.58,true,1,
7296073529460,false,לקט לחמין 500 גרם,מיה,IL,לקט לחמין,גרמים,500.00,100 גרם,false,1,9.90,1.98,true,1,
7296073529842,false,שום קלוף בצנצנת 170גרם,INTERNATI HARVEST JINING,CN,שום קלוף בצנצנת,גרמים,170.00,100 גרם,false,1,8.90,5.24,true,1,
7296073529972,false,"יין קידוש גפן 750 מ""ל",כרם מהדרין,IL,יין קידוש גפן,מיליליטרים,750.00,"100 מ""ל",false,1,15.90,2.12,true,1,
7296073530091,false,קורנפלור 200 גרם,מיה,IL,קורנפלור 200 גרם,גרמים,200.00,100 גרם,false,1,3.50,1.75,true,1,
7296073530107,false,קורנפלור 500 גרם,מיה,IL,קורנפלור 500 גרם,גרמים,500.00,100 גרם,false,1,4.90,0.98,true,1,
7296073530114,false,פירורי לחם מוזהבים 800 ג,מאפיית דוידוביץ ובניו בע,IL,פירורי לחם מוזהב,גרמים,800.00,100 גרם,false,1,10.90,1.36,true,1,
7296073530336,false,תירס גמדי חתוך 425 גרם,מאנפאקטור,TH,תירס גמדי חתוך,גרמים,425.00,100 גרם,false,1,6.90,1.62,true,1,
7296073530343,false,סילאן פרימיום 350 גרם,"טעמי הגליל בע""\מ",IL,סילאן פרימיום,גרמים,350.00,100 גרם,false,1,13.00,3.71,true,1,
7296073530350,false,סילאן פרימיום 900 גרם,"טעמי הגליל בע""\מ",IL,סילאן פרימיום,גרמים,900.00,100 גרם,false,1,21.90,2.43,true,1,
7296073530374,false,טחינה אורגנית גרין 500 ג,אחדות,IL,טחינה אורגנית,גרמים,500.00,100 גרם,false,1,10.00,2.00,true,1,
7296073530381,false,טחינה אורגנית מלאה500ג,אחדות,IL,טחינה אורגנית,גרמים,500.00,100 גרם,false,1,10.00,2.00,true,1,
7296073530398,false,קמח כוסמין לבן מנופה 1קג,"שטיבל בע""\מ",IL,קמח כוסמין לבן,קילוגרמים,1.00,"ק""ג",false,1,14.90,14.90,true,1,
7296073531050,false,ספוג הפלא+שכבה ירוקה 6יח,"סדובסקי בע""\מ",IL,ספוג הפלא 6 יח,יחידה,1.00,יחידה,false,1,8.50,8.50,true,1,
7296073531210,false,בדיקת קורונה 5יחידות,,CN,בדיקת קורונה,יחידה,1.00,יחידה,false,1,39.90,39.90,true,1,
7296073531265,false,פדים להסרת איפור 80 יח,LTD CO S.T.O,TR,פדים להסרת איפור,יחידה,1.00,יחידה,false,1,7.50,7.50,true,1,
7296073531302,false,קפסול.קפה ט.אגוזי לוז50ג,דליקה,CH,קפסולות קפה,גרמים,10.00,100 גרם,false,1,14.90,149.00,true,1,
7296073531333,false,דגני בוקר בטעם נוגט686ג,"נטורל קייקס בע""\מ",IL,דגני בוקר נוגט,גרמים,686.00,100 גרם,false,1,21.90,3.19,true,1,
7296073531340,false,דגני בוקר בטעם וניל686ג,"נטורל קייקס בע""\מ",IL,דגני בוקר וניל,גרמים,686.00,100 גרם,false,1,21.90,3.19,true,1,
7296073531357,false,דגני בוקר ט.וניל דארק686,"נטורל קייקס בע""\מ",IL,דגני בוקר וניל,גרמים,686.00,100 גרם,false,1,21.90,3.19,true,1,
7296073552789,false,ביסקוויט בטעם קרמל 250גר,פאלי,NL,ביסקוויט ט.קרמל,גרמים,250.00,100 גרם,false,1,7.90,3.16,true,1,
7296073552796,false,רביולי גבינות קפוא 330 ג,זוקה,IL,רביולי גבינות,גרמים,330.00,100 גרם,false,1,19.90,6.03,true,1,
7296073552833,false,"סבון נוזלי לבן 500 מ""ל",טאהא קימיה,TR,סבון נוזלי,מיליליטרים,500.00,"100 מ""ל",false,1,9.90,1.98,true,1,
7296073552949,false,"קמח שמרים מנופה 1 ק""ג","שטיבל בע""\מ",IL,קמח שמרים מנופה,קילוגרמים,1.00,"ק""ג",false,1,9.90,9.90,true,1,
7296073552963,false,מ.טואלט גיבורים לילד40*3,דינמיק תעשיות מגבונים,IL,מגבוני נ.טואלט,יחידה,1.00,יחידה,false,1,9.90,9.90,true,1,
7296073552970,false,ריזוטו טוסקנה 280 גרם,טרויג'אנו,ES,ריזוטו טוסקנה,גרמים,280.00,100 גרם,false,1,13.90,4.96,true,1,
7296073552987,false,קוסקוס ים תיכוני 280 גרם,טרויג'אנו,ES,קוסקוס ים תיכוני,גרמים,300.00,100 גרם,false,1,13.90,4.63,true,1,
7296073553045,false,קבבוני אנגוס 400 גרם,"טיבון ויל אחזקות בע""\מ",IL,קבבוני אנגוס,גרמים,400.00,100 גרם,false,1,24.90,6.23,true,1,
7296073553069,false,קבב אנגוס 400 גרם,"טיבון ויל אחזקות בע""\מ",IL,קבב אנגוס,גרמים,400.00,100 גרם,false,1,24.90,6.23,true,1,
7296073553083,false,המבורגר אנגוס 400 גרם,"טיבון ויל אחזקות בע""\מ",IL,המבורגר אנגוס,גרמים,400.00,100 גרם,false,1,24.90,6.23,true,1,
7296073553090,false,נקנקיות מרגזבסגנוןמרוקאי,"טיבון ויל אחזקות בע""\מ",IL,נקנקיות מרגזבסגנ,גרמים,400.00,100 גרם,false,1,24.90,6.23,true,1,
7296073553274,false,טורטיה חיטה 320 גרם,דליברדס יורופ,ES,טורטיה חיטה,גרמים,320.00,100 גרם,false,1,9.90,3.09,true,1,
7296073553281,false,טורטיה חיטה מלאה 320 גרם,דליברדס יורופ,ES,טורטיה חיטה מלאה,גרמים,320.00,100 גרם,false,1,9.90,3.09,true,1,
7296073553304,false,טורטיה חיטה 780 גרם,דליברדס יורופ,ES,טורטיה חיטה,גרמים,780.00,100 גרם,false,1,15.90,2.04,true,1,
7296073553915,false,קממבר אגוזים 130 גרם,"מחלבת טבע עז בע""\מ",IL,קממבר אגוזים,גרמים,130.00,100 גרם,false,1,19.90,15.31,true,1,
7296073553922,false,ברי כבשים 130 גרם,"מחלבת טבע עז בע""\מ",IL,ברי כבשים,גרמים,130.00,100 גרם,false,1,19.90,15.31,true,1,
7296073554158,false,"אייס קפה קר לייט 250 מ""ל",ברגלנד מילך,AT,אייס קפה קר לייט,מיליליטרים,250.00,"100 מ""ל",false,1,6.60,2.64,true,1,
7296073564690,false,BE אל סבון לבנדר 1 ליטר,טאהא קימיה,TR,BE אל סבון,ליטרים,1.00,ליטר,false,1,9.90,9.90,true,1,
7296073564706,false,BE אל סבון ורדים 1 ליטר,טאהא קימיה,TR,BE אל סבון,ליטרים,1.00,ליטר,false,1,9.90,9.90,true,1,
7296073565116,false,מטלית מיקורופייבר לרצפה,סדובסקי,CN,מטלית מקרופייבר,יחידה,1.00,יחידה,false,1,9.90,9.90,true,1,
7296073565550,false,קצפיות מרנג וניל 180 גרם,"אחדות ביח""ר לטחינה",IL,קצפיות מרנג וניל,גרמים,180.00,100 גרם,false,1,13.90,7.72,true,1,
7296073565567,false,קצפיות מרנג טעם תות 180ג,"אחדות ביח""ר לטחינה",IL,קצפיות מרנג תות,גרמים,180.00,100 גרם,false,1,13.90,7.72,true,1,
7296073566298,false,מטבעות שוקולד חלב 36 גרם,ואל קור קורסניני אס אנ ס,IT,מטבעות שוקולד,גרמים,37.00,100 גרם,false,1,3.90,10.54,true,1,
7296073567905,false,עוגת סבתא שוקולד 850ג א,גידרון,IL,עוגת סבתא,גרמים,850.00,100 גרם,false,1,23.90,2.81,true,1,
7296073578161,false,כפפות לטקס S 100 יחידות,COMPANY DR.BOO,TH,כפפות לטקס S,יחידה,1.00,יחידה,false,1,28.90,28.90,true,1,
7296073579106,false,גליל עזים 120 גרם,"מחלבת טבע עז בע""\מ",IL,גליל עזים,גרמים,120.00,100 גרם,false,1,19.90,16.58,true,1,
7296073579120,false,גליל עזים בציפוי פלפל120,"מחלבת טבע עז בע""\מ",IL,גליל עזים פלפל,גרמים,120.00,100 גרם,false,1,19.90,16.58,true,1,
7296073579618,false,תירס גמדי שלם חומ.דבש340,אינדיה אגרו אקספורט,IN,תירס גמדי בחומץ,גרמים,340.00,100 גרם,false,1,7.90,2.32,true,1,
7296073579625,false,תירס גמדי שלם במלח 340 ג,אינדיה אגרו אקספורט,IN,תירס גמדי,גרמים,340.00,100 גרם,false,1,7.90,2.32,true,1,
7296073579649,false,לחם אחיד פרוס שופרסל900ג,מאפיית שלמה א. אנג'\ל בע,IL,לחם אחיד פרוס,גרמים,900.00,100 גרם,false,1,8.30,0.92,true,1,
7296073579731,false,צלחת PP לבן 40 יחידות,,CN,צלחת חד פעמית,יחידה,1.00,יחידה,false,1,25.00,25.00,true,1,
7296073580270,false,אטבי כביסה איכותיים 14יח,הינדי פלסטיק,CN,אטבי כביסה,יחידה,1.00,יחידה,false,1,10.90,10.90,true,1,
7296073594918,false,"דבש בצנצנת שופרסל 1 ק""ג",מאס הני,ES,"דבש בצנצנת 1 ק""ג",קילוגרמים,1.00,"ק""ג",false,1,18.90,18.90,true,1,
7296089001691,false,בדיקת טיל Covid19 home test מארז בודד,פארמה דיל,CN,בדיקה קורונה טיל,יחידה,1.00,יחידה,false,1,19.90,19.90,true,1,
7297084000702,false,"צלחות דקל מרובעת 25 ס""מ",,IN,צלחת דקל,יחידה,1.00,יחידה,false,1,19.90,19.90,true,1,
7297084000757,false,"צלחות דקל מרובעת 15 ס""מ",,IN,צלחת דקל,יחידה,1.00,יחידה,false,1,14.90,14.90,true,1,
7312040017683,false,"אבסולוט וודקה, 700 מ''ל",חברת אבסולוט,SE,וודקה אבסולוט,מיליליטרים,700.00,"100 מ""ל",false,0,56.90,8.13,true,1,
7394376615825,false,אוטלי משקה שיבולת שועל מועשר בסידן וויטמינים 1 ליטר,טרנסומס פוד,SE,משקה שיבולת שועל,ליטרים,1.00,ליטר,false,1,13.90,13.90,true,1,
7394376616778,false,אוטלי משקה שיבולת שועל להקצפה בריסטה 1 ליטר,טרנסומס פוד,SE,משקה שיבולת שועל,ליטרים,1.00,ליטר,false,1,15.90,15.90,true,1,
7501013122039,false,ג'ומקס מיץ מנגו קרטונית ליטר תריסר,חומקס קומר קומרסאליזדורה,MX,משקה ג'ומקס מנגו,ליטרים,1.00,ליטר,false,1,10.10,10.10,true,1,
7501013122053,false,ג'ומקס מיץ אפרסק קרטונית ליטר תריסר,חומקס קומר קומרסאליזדורה,MX,משקה גומקס אפרסק,ליטרים,1.00,ליטר,false,1,10.10,10.10,true,1,
7501013122114,false,"נקטר משקה אננס בקרטונית ג'ומקס, 1 ל'",חומקס קומר קומרסאליזדורה,MX,משקה ג'ומקס אננס,ליטרים,1.00,ליטר,false,1,10.10,10.10,true,1,
7501013122992,false,ג'ומקס מיץ קוקוס אננס קרטונית ליטר תריסר,חומקס קומר קומרסאליזדורה,MX,משקה קוקוס אננס,ליטרים,1.00,ליטר,false,1,10.10,10.10,true,1,
7501013138047,false,משקה רימונים יוניקו פרסקו ג'ומקס בקרטונית 1 ליטר,חומקס קומר קומרסאליזדורה,MX,משקה רימונים,ליטרים,1.00,ליטר,false,1,11.50,11.50,true,1,
7501049936945,false,"שישיית בירה סול בקבוק 330 מ""ל",היינקן,NL,בירה סול 6 יח',ליטרים,1.98,ליטר,false,1,36.90,18.64,true,1,
7501064191398,false,שישיית בירה קורונה אקסטרא *355 מל,קריניציה ויטמינה אס,MX,בירה קורונה 6 יח,ליטרים,2.13,ליטר,false,1,39.90,18.73,true,1,
7509546061160,false,"משחת שיניים לילדים מיניונים 2-5 75 מ""ל קולגייט",קולגייט פלמוליב,PL,קולגייט מינייוני,מיליליטרים,75.00,"100 מ""ל",false,1,15.90,21.20,true,1,
7509546061672,false,דאודורנט סטיק אקסטרים אינטנס,קולגייט פלמוליב,US,דאו.ספיד סטיק,גרמים,50.00,100 גרם,false,1,16.90,33.80,true,1,
7509546666846,false,"קולגייט טוטאל משחת שיניים פחם 75 מ""ל",קולגייט פלמוליב,MX,טוטאל פחם,מיליליטרים,75.00,"100 מ""ל",false,1,19.90,26.53,true,1,
7509546678702,false,קולגייט משחת שיניים טוטל אנטי טרטר 100 מ,קולגייט-פלמוליב,PL,משחת קולגייט,מיליליטרים,100.00,"100 מ""ל",false,1,16.90,16.90,true,1,
7610023050215,false,פמיליה קראנץ' איקס תערובת דגנים פריכים בתוספת צימוקים ואגוזי לוז 500 גרם,פמיליה familia,CH,קרנצ' X דגנים,גרמים,500.00,100 גרם,false,0,25.50,5.10,true,1,
7610100034084,false,מיונז טומי בשפורפרת 265 גרם,נסטלה שוויץ ס.א,CH,מיונז טומי,גרמים,265.00,100 גרם,false,1,14.90,5.62,true,1,
7610113011652,false,בריזר - משקה כוהלי מוגז בטעם תפוח,בקרדי בריזר Bacardi Breezer,BE,בריזר טעם תפוח,מיליליטרים,275.00,"100 מ""ל",false,1,14.90,5.42,true,1,
7610400074155,false,לינדט לינדור קוביות במילוי קרם שוקולד 60% מוצקי קקאו 100 גרם,לינדט ושפרונגלי קילשברג,CH,שוקולד לינדור,גרמים,100.00,100 גרם,false,0,15.80,15.80,true,1,
7610400075770,false,לינדט לה גרנד שוקולד מריר אגוז 150 גרם,לינדט ושפרונגלי קילשברג,CH,שוקולד לגרנד,גרמים,150.00,100 גרם,false,1,19.90,13.26,true,1,
7610400075787,false,לינדט לה גרנד שוקולד חלב אגוז 150 גרם,לינדט ושפרונגלי קילשברג,CH,שוקולד לגרנד,גרמים,150.00,100 גרם,false,1,19.90,13.26,true,1,
7610400091060,false,שוקולד מריר לינדט אקסלנס בתוספת תפוז ושקדים,לינדט ושפרונגלי קילש,CH,שוקולד לינדט,גרמים,100.00,100 גרם,false,1,14.90,14.90,true,1,
7613030979647,false,דגני בוקר טריקס פירות עולם היורה 480 ג',ג'נרל מילס סאן אדריא,CL,טריקס בטעם פירות,גרמים,480.00,100 גרם,false,1,25.50,5.31,true,1,
7613032045753,false,פיטנס - דגני בוקר שוקולד 375 גרם,נסטלה צרפת איטנקורט,FR,פיטנס שוקולד,גרמים,375.00,100 גרם,false,0,19.90,5.31,true,1,
7613033548192,false,פיטנס - דגני בוקר שוקולד מריר 375 גרם,נסטלה צרפת איטנקורט,FR,פיטנס שוקולד,גרמים,375.00,100 גרם,false,0,19.90,5.31,true,1,
7613035622623,false,פיטנס - גרנולה שקדים ודבש 300 גרם,שוורצקוף& הנקל דיסלד,LT,גרנולה פיטנס,גרמים,300.00,100 גרם,false,1,15.00,5.00,true,1,
7613035635845,false,פיטנס גרנולה שוקולד 14*300 גרם,שוורצקוף& הנקל דיסלד,LT,גרנולה פיטנס,גרמים,300.00,100 גרם,false,1,15.00,5.00,true,1,
7613036105545,false,"דוגלי גזע קטן 4*3 קילו ""אסם""",נסטלה פורינה באק הונ,HU,דוגלי גזע קטן,קילוגרמים,3.00,"ק""ג",false,1,49.00,16.33,true,1,
7613036520492,false,פרפקטו רוטב עגבניות לפיצה אסם 400 גרם,אסם פרפקטו Perfecto,ES,רוטב עגבניות,גרמים,400.00,100 גרם,false,1,9.90,2.48,true,1,
7613036976671,false,פריסקיז פאוצ' עוף ברוטב 26*85גרם,נסטלה פורינה הונגריה,HU,פריסקיז פאוצ',גרמים,85.00,100 גרם,false,1,5.00,5.88,true,1,
7613036976695,false,פריסקיז - פאוץ בקר ברוטב 85 גרם,נסטלה פורינה הונגריה,HU,פריסקיז פאוצ',גרמים,85.00,100 גרם,false,1,5.00,5.88,true,1,
7613036976718,false,פריסקיז פאוצ' ברווז ברוטב 26*85גרם,נסטלה פורינה הונגריה,HU,פריסקיז פאוצ',גרמים,85.00,100 גרם,false,1,5.00,5.88,true,1,
7613037204889,false,סטארבקס - פולי קפה אספרסו 450 גרם,נסטלה נספרסו,PT,פולי קפהStarbuck,גרמים,450.00,100 גרם,false,1,50.00,11.11,true,1,
7613037276091,false,נסטלה מיקס מיני אריזות דגני בוקר 200 גרם,נסטלה Nestle,FR,מיני דגני נסטלה,גרמים,200.00,100 גרם,false,1,17.90,8.95,true,1,
7613037686906,false,פיטנס שקדים ודבש 355 גרם מופחת סוכר,נסטלה צרפת איטנקורט,FR,פיטנס שקדים ודבש,גרמים,355.00,100 גרם,false,1,19.90,5.61,true,1,
7613037687132,false,דגני בוקר פיטנס שקדים ודבש 585 גרם,נסטלה צרפת איטנקורט,FR,פיטנס שקדים ודבש,גרמים,585.00,100 גרם,false,1,27.50,4.70,true,1,
7613037811629,false,דגני בוקר קורנפלקס גו פרי 500 גר',שוורצקוף& הנקל דיסלד,GB,גו פרי קורנפלקס,גרמים,500.00,100 גרם,false,1,12.90,2.58,true,1,
7613038268262,false,דגני בוקר צ'יריוס דבש ושקדים במתיקות מעודנת,נסטלה פולין דגני בוק,FR,האני נאט צ'יריוס,גרמים,410.00,100 גרם,false,1,19.90,4.85,true,1,
7613038451954,false,דגני בוקר שוקולד מופחת סוכר 410 ג' קראנץ',נסטלה צרפת איטנקורט,FR,קראנץ שוקולד,גרמים,410.00,100 גרם,false,1,21.90,5.34,true,1,
7613039547731,false,גרבר מחית תפוח עץ ומשמש 90 גרם פאוץ,"מפעל סברס, נסטלה ספרד ס.",ES,פאוץ גרבר תפוח מ,גרמים,90.00,100 גרם,false,1,5.90,6.56,true,1,
7613039547922,false,גרבר מחית אגס תפוח ובננה 90 גרם פאוץ,נסטלה ספרד,ES,פאוץ גרבר אגס,גרמים,90.00,100 גרם,false,1,5.90,6.56,true,1,
7613039879382,false,גרבר - מחית תפוחי עץ 190 גרם,נסטלה פולסקה אס.איי,PL,גרבר מחי תפוח עץ,גרמים,190.00,100 גרם,false,1,5.90,3.11,false,1,
7613287155863,false,מטרנה מחית אגס פאוץ' 90 גר',"מפעל סברס, נסטלה ספרד ס.",ES,גרבר אגס פאוץ,גרמים,90.00,100 גרם,false,1,5.90,6.56,true,1,
7613287155924,false,מטרנה מחית תפוח וגזר פאוץ' 90 גר',"מפעל סברס, נסטלה ספרד ס.",ES,גרבר תפוח,גרמים,90.00,100 גרם,false,1,5.90,6.56,true,1,
7613287325808,false,אוסם - דיפ אנד ספרד מטבל איולי שום 295 גרם,נסטלה פולין,PL,מתבל איולי שום,גרמים,295.00,100 גרם,false,1,12.90,4.37,true,1,
7613287394323,false,דגני בוקר מולטי צ'יריוס 600 גרם,נסטלה פולין דגני בוק,GB,מולטי צ'יריוס,גרמים,600.00,100 גרם,false,1,21.90,3.65,true,1,
7613287476494,false,אוסם - דיפ אנד ספרד מיונז בסגנון צרפתי 280 גרם,נסטלה פולין,PL,מתבל מיונז,גרמים,280.00,100 גרם,false,1,12.90,4.61,true,1,
7613287476678,false,דגני בוקר סינימיניס צ'ורוס נסטלה 360 ג',נסטלה אוונקה,PT,סיני מיניס צורוס,גרמים,360.00,100 גרם,false,1,14.90,4.14,true,1,
7614500035788,false,טובלרון שוקולד חלב 200 גרם,מונדלייז,CH,טובלרון חלב,גרמים,200.00,100 גרם,false,0,14.90,7.45,true,1,
7616500012417,false,שוקובלוק חלב 100 גרם,"שוקולד פריי בע""מ",CH,שוקובלוק חלב,גרמים,100.00,100 גרם,false,1,9.90,9.90,true,1,
7616500553460,false,שוקולד פריי מהודר מריר תפוז 100 ג',צוקולאט פריי אייץגיץ,CH,שוקולד מריר,גרמים,100.00,100 גרם,false,0,10.00,10.00,true,1,
7616500630161,false,פריי שוקולד מריר 85% קקאו 100גר,צוקולאט פריי אייץגיץ,CH,שוקולד מריר פריי,גרמים,100.00,100 גרם,false,0,10.00,10.00,true,1,
7616500647268,false,שוקולד מריר+אגוזים180גר,צוקולאט פריי אייץגיץ,CH,שוקולד מריר,גרמים,180.00,100 גרם,false,0,14.90,8.28,true,1,
7616500664906,false,שוק.מריר שקד+קרמל+מלח180,"שוקולד פריי בע""מ",CH,שוקולד מריר,גרמים,180.00,100 גרם,false,1,14.90,8.28,true,1,
7616500668423,false,שוק.חלב שקד קלאודס 150גר,דליקה איי.ג'י,CH,שוקולד קלאודס,גרמים,150.00,100 גרם,false,1,16.90,11.27,true,1,
7616500668430,false,שוק.חלב אגוז קלאודס150גר,דליקה איי.ג'י,CH,שוקולד קלאודס,גרמים,150.00,100 גרם,false,1,16.90,11.27,true,1,
7616500668447,false,שוק.חלב צימוק קלאודס150ג,"שוקולד פריי בע""מ",CH,שוקולד קלאודס,גרמים,150.00,100 גרם,false,1,16.90,11.27,true,1,
7616500912922,false,שוקובלוק מריר 100 גרם,"שוקולד פריי בע""מ",CH,שוקובלוק מריר,גרמים,100.00,100 גרם,false,1,9.90,9.90,true,1,
7617014149330,false,קפסולות קפה,,CH,קפסולות קפה,גרמים,96.00,100 גרם,false,0,29.60,30.83,true,1,
7622010001858,false,עוגיות אוראו ממולאות קרם וניל 176 גרם.,פי אר ג'\יי אס אי מנדלז,UA,עוגיות אוראו,גרמים,176.00,100 גרם,false,1,8.90,5.06,true,1,
7622201137052,false,אוראו מיני קוקיס - עוגיות שוקולד צ'יפס ותחתית מצופה שוקולד חלב,מונדלז אספנה גלטאס פ,ES,מיני קוקיז מילקה,גרמים,110.00,100 גרם,false,1,9.00,8.18,true,1,
7622201139278,false,גבינת שמנת 27% שומן 150 ג' פילדלפיה,מיודלז אספניה פרודוק,ES,גבינת פילדלפיה,גרמים,150.00,100 גרם,false,1,13.90,9.27,true,1,
7622201401900,false,עוגיות סנסיישן אוראו מילקה 156 גרם,מונדלז פולסקה פרודקש,PL,עוגיות מילקה,גרמים,156.00,100 גרם,false,1,10.90,6.99,true,1,
7622201521493,false,גבינת פילדלפיה שום ועשבי תיבול 150 גרם,מיודלז אספניה פרודוק,ES,גבינת פילדלפיה,גרמים,150.00,100 גרם,false,1,13.90,9.27,true,1,
7622201801809,false,מילקה שוקולד חלב עם אגוזים 100 גרם חדש,מנדלז דויצ'\לנד סנקס פרו,DE,שוקולד מילקה,גרמים,100.00,100 גרם,false,1,6.90,6.90,true,1,
7622201802363,false,מילקה טבלת שוקולד חלב וצימוקים ואגוזים 100ג',מנדלז דויצ'\לנד סנקס פרו,DE,שוקולד מילקה,גרמים,100.00,100 גרם,false,1,6.90,6.90,true,1,
7622201802394,false,שוקולד מילקה חלב מסרונים 100 גרם,מנדלז דויצ'\לנד סנקס פרו,DE,שוקולד חלב מילקה,גרמים,100.00,100 גרם,false,1,6.90,6.90,true,1,
7622201808631,false,אוראו מיני עוגיות ממולאות קרם וניל 67גרם,פי.טי. מונדלז אינדונ,ID,עוגיות אוראו מינ,גרמים,67.00,100 גרם,false,1,7.90,11.79,true,1,
7622201813390,false,עוגיות מילקה וואפל במילוי קרם קקאו 150 ג,מונדליז סי.אר. ביסקוויט,CZ,וופל ממולא מילקה,גרמים,150.00,100 גרם,false,1,10.90,7.27,true,1,
7622201819408,false,שוקולד מילקה דרק קרמל 85 גרם.,מונדלז דויטשלנד סנאק,DE,שוקולד מילקה,גרמים,85.00,100 גרם,false,1,7.90,9.29,true,1,
7622210078131,false,שוקולד חלב עם שבבי קרמל מילקה דיים 100 גרם,מנדלז דויצ'\לנד סנקס פרו,DE,שוקולד מילקה,גרמים,100.00,100 גרם,false,1,6.90,6.90,true,1,
7622210137234,false,עוגיות אוראו עם דאבל קרים וניל 170 גר,מונדלייז,ES,עוגיות אוראו,גרמים,170.00,100 גרם,false,1,9.90,5.82,true,1,
7622210392589,false,טובלרון טייני שוקולד חלב 200 גרם,מונדלז סוויצרלנד פרודקשן,CH,טובלרון חלב,גרמים,200.00,100 גרם,false,1,14.90,7.45,true,1,
7622210453327,false,עוגיות שוקוצ'יפס במילוי שוקולד סנסיישן,מנדלז פולסקה פרודקשן,PL,עוגיות מילקה,גרמים,156.00,100 גרם,false,1,10.90,6.99,true,1,
7622210464729,false,אוראו גולדן עוגיות וניל במילוי קרם וניל,מונדלייז,CZ,עוגיות אוראו,גרמים,154.00,100 גרם,false,1,6.90,4.48,true,1,
7622210637994,false,מיני עוגיות אוראו קראנצ'י בייטס אורגינל,מונדלז אספניה ג'לאטס,ES,עוגיות אוראו,גרמים,110.00,100 גרם,false,1,9.90,9.00,true,1,
7622210638021,false,מיני עוגיות אוראו קראנצ'י בייטס מצופים,מונדלז אספניה ג'לאטס,ES,עוגיות אוראו,גרמים,110.00,100 גרם,false,1,9.90,9.00,true,1,
7622210826053,false,שוקולד מילקה אוראו סנדוויץ 92 גר',גיאורי קאקסז קייאףטי,HU,שוקולד מילקה,גרמים,92.00,100 גרם,false,1,6.90,7.50,true,1,
7622210835338,false,אוראו עוגיות ממולאות טעם בראוניז 176 גרם,מנדלז אספנה גאלטס פר,ES,עוגיות אוראו,גרמים,176.00,100 גרם,false,1,8.90,5.06,true,1,
7622300200237,false,שוקולד מילקה שוקולד חלב 250 גרם,מונדליז אוסטרייך פרו,AT,שוקולד חלב מילקה,גרמים,250.00,100 גרם,false,0,14.90,5.96,true,1,
7622300270506,false,מילקה גריינס - עוגיות שיבולת שועל מצופות שוקולד 168 ג',מונדלז פולסקה פרודקש,PL,עוגיות מילקה,גרמים,168.00,100 גרם,false,0,10.90,6.49,true,1,
7622300489427,false,עוגיות אוראו בציפוי בטעם שוקולד לבן 246 גרם,מנדלז אספנה גאלטס פר,ES,עוגיות אוראו,גרמים,246.00,100 גרם,false,1,13.90,5.65,true,1,
7622300489434,false,"עוגיות אוראו פאדג' בציפוי שוקולד חלב, 246 גרם",מנדלז אספנה גאלטס פר,ES,עוגיות אוראו,גרמים,246.00,100 גרם,false,1,13.90,5.65,true,1,
7622300503079,false,עוגיות ביסקוויט מצופה שוקולד חלב מילקה 200 גרם,מונדלז פולסקה פרודקש,PL,ביסקוויט מצופה,גרמים,200.00,100 גרם,false,0,10.90,5.45,true,1,
7622300617820,false,מילקה שוקולד חלב במילוי קרם חלב ווניל ושבבי עוגיות אוראו 100 גרם,מנדלז דויצ'\לנד סנקס פרו,DE,שוקולד מילקה,גרמים,100.00,100 גרם,false,0,6.90,6.90,true,1,
7622400005190,false,שוקולד חלב נגיעות שוקולד לבן מילקה 100 ג,מנדלז דויצ'\לנד סנקס פרו,DE,שוקולד מילקה,גרמים,100.00,100 גרם,false,0,6.90,6.90,true,1,
7630477891592,false,סטארבקס קפסולות קפה האוס בלנד 10 יחידות,נסטלה שוויץ - קפה,CH,קפסולות Starbuck,גרמים,57.00,100 גרם,false,1,21.90,38.42,true,1,
7630477891615,false,סטארבקס קפסולות קפה סומטרה 10 יחידות,נסטלה שוויץ - קפה,CH,קפסולות Starbuck,גרמים,55.00,100 גרם,false,1,21.90,39.82,true,1,
7630477891639,false,סטארבקס קפסולות קפה ורונה 10 יחידות,נסטלה שוויץ - קפה,CH,קפסולות Starbuck,גרמים,55.00,100 גרם,false,1,21.90,39.82,true,1,
7630477891677,false,סטארבקס קפסולות קפה פייק פלייס 10 יחידות,נסטלה שוויץ - קפה,CH,קפסולות Starbuck,גרמים,53.00,100 גרם,false,1,21.90,41.32,true,1,
7630477891738,false,סטארבקס קפסולות קפה אספרסו בלונד 10 יחיד,נסטלה שוויץ - קפה,CH,קפסולות Starbuck,גרמים,53.00,100 גרם,false,1,21.90,41.32,true,1,
7702018069316,false,סכין גילוח חד פעמי לנשים ונוס 2 להבים 6,פרוקטר אנד גמבל,PL,סכין גילוח ונוס2,יחידה,1.00,יחידה,false,0,17.10,17.10,true,1,
7702018468447,false,גילט בלו 2 פלוס סכינים חד פעמיים עשירייה,פרוקטר אנד גמבל,PL,סכיני גילוח,יחידה,1.00,יחידה,false,1,29.90,29.90,true,1,
7702018978106,false,"ג'ילט - דאודורנט ג'ל לגבר ארטיק אייס 70 מ""ל",פרוקטר אנד גמבל,PL,דאו.קליר ג'ל,מיליליטרים,70.00,"100 מ""ל",false,0,15.90,22.71,true,1,
7702018978120,false,"ג'ילט - דאודורנט ג'ל לגבר קול וייב 70 מ""ל",פרוקטר אנד גמבל,PL,דאו.קליר ג'ל,מיליליטרים,70.00,"100 מ""ל",false,0,15.90,22.71,true,1,
7702018980833,false,"ג'ילט ג'ל גילוח סירייס מועשר בלחות - 200 מ""ל",פרוקטר אנד גמבל,GB,ג'ל גילוח סירייס,מיליליטרים,200.00,"100 מ""ל",false,1,19.90,9.95,true,1,
7702024074625,false,פיטנס - חטיפי קרקר חיטה מלאה 234 גרם,קומסטיבלס לה רוזה אס.איי,CO,חטיפי קרקר פיטנס,גרמים,234.00,100 גרם,false,1,11.90,5.09,true,1,
7702024258322,false,"חטיפי קרקר עם חיטה מלאה, צ'יה וזרעי פשתן פיטנס",נסטלה Nestle,CO,חטיפי קרקר,גרמים,156.00,100 גרם,false,1,11.90,7.63,true,1,
7702174068833,false,יוגטה סוכריות קשות על מקל ממולאות טופי בטעמי גלידת פירות 12 יח' 204 גרם,ליימן שליסל,CO,לקקן יוגטה,גרמים,204.00,100 גרם,false,0,9.90,4.85,true,1,
7792860006218,false,סוכריות לקקנים בייבי דול Baby Doll לריטר,גוד פוד פרודקטס S.p,AR,בייבי דול לקקן,גרמים,24.00,100 גרם,false,0,2.20,9.17,true,1,
7804414000860,false,יין דון חוליו קברנה סוביניון,צ'ילה לואיס פיליפה אדוארדס,CL,דון חוליו קברנה,מיליליטרים,750.00,"100 מ""ל",false,0,29.90,3.99,true,1,
7804414000884,false,"דון חוליו שרדונה 750 מ""ל",צ'ילה לואיס פיליפה אדוארדס,CL,דון חוליו שרדו,מיליליטרים,750.00,"100 מ""ל",false,0,29.90,3.99,true,1,
7804653980107,false,אוכמניות יחידה,BERRY BEST EXPORTADORA,CL,אוכמניות 125גרם,גרמים,125.00,100 גרם,false,1,14.90,11.92,true,1,
7804667480082,false,אוכמניות טריות יחידה,אראל תוצרת חקלאית בע,CL,אוכמניות,יחידה,1.00,יחידה,false,1,14.90,14.90,true,1,
7891024124826,false,קולגייט משחת אופטיק ספרקלינג וייט 75מל,הנסיך- מפעל לייצור ט,BR,משחת קולגייט,מיליליטרים,75.00,"100 מ""ל",false,0,16.90,22.53,true,1,
8000040001106,false,"קאמפרי ביטר אפרטיף 700 מ""ל",דויד קמפרי,IT,קמפרי,מיליליטרים,700.00,"100 מ""ל",false,0,99.90,14.27,true,1,
8000070003774,false,קפסולות אספרסו לוואצה אינטנסו 13 16 יח,לואיג'י לוואצה,IT,קפסולות קפה,גרמים,120.00,100 גרם,false,1,29.90,24.92,true,1,
8000070003811,false,קפסולות אספרסו לוואצה פסיונלה 11 16 יח,לואיג'י לוואצה,IT,קפסולות קפה,גרמים,120.00,100 גרם,false,1,29.90,24.92,true,1,
8000070003880,false,קפסולות קפה קרמה דולצ'ה AMM6 לוואצה 120ג',לווצה טורינו,IT,קפסולות קפה,גרמים,128.00,100 גרם,false,1,29.90,23.36,true,1,
8000070038868,false,קפה לוואצה קלוי וטחון חוזק 8 קלאסיקו 250 גר,לאוג'י לוואצה אס.פי.אי,IT,קפה לוואצה,גרמים,250.00,100 גרם,false,0,29.90,11.96,true,1,
8000070047129,false,קפסולות לוואצה פסיונלה54,,IT,קפסולות לוואצ'ה,גרמים,405.00,100 גרם,false,1,69.90,17.26,true,1,
8000113003402,false,"קמח תירס בוואקום 1 ק""ג",מולינו ניקולי אס.פי.,IT,קמח תירס,קילוגרמים,1.00,"ק""ג",false,0,15.90,15.90,true,1,
8000380003723,false,וופל אגוזים בציפוי שוקולד לואקר 100 גרם,קריניציה ויטמינה אס,IT,גראנד פטיסרי,גרמים,100.00,100 גרם,false,0,12.20,12.20,true,1,
8000380004676,false,קוביות וופל סנדוויץ Sandwich עם וניל וחלב,"א. לואקר, קונפקט ג'י",AT,ופלים לואקר,גרמים,200.00,100 גרם,false,0,12.80,6.40,true,1,
8000380004911,false,קוביות וופל קואדרטיני Quadratini קרם אגוזים,קריניציה ויטמינה אס,AT,ופל קואדרטיני,גרמים,250.00,100 גרם,false,0,13.90,5.56,true,1,
8000380004966,false,וופל קוארדטיני לואקר קוביות שוקולד 250ג',קריניציה ויטמינה אס,AT,ופל קואדרטיני,גרמים,250.00,100 גרם,false,0,13.90,5.56,true,1,
8000380007219,false,וופלים בטעם אגוזים לואקר 175 גרם,ליימן מותגים,AT,ופלים לואקר,גרמים,175.00,100 גרם,false,0,11.80,6.74,true,1,
8000380007257,false,וופל גרדנה אגוזים לואקר 200 גרם,קריניציה ויטמינה אס,IT,ופלים גרדנה,גרמים,200.00,100 גרם,false,0,14.40,7.20,true,1,
8000380106028,false,טורטינה לואקר וופל שוקולד ואגוזים שישיה 125ג',קריניציה ויטמינה אס,IT,וופל טורטינה,גרמים,125.00,100 גרם,false,0,17.60,14.08,true,1,
8000380180745,false,וופל קוביות קקאו במילוי קרם חלב לואקר 250 גרם,"א. לואקר, קונפקט ג'י",AT,וופל קואדרטיני,גרמים,250.00,100 גרם,false,1,13.90,5.56,true,1,
8000380180837,false,וופל גרנד פטיסרי קוקוס לבן מצופה שוקולד לבן לואקר 100 גרם,"אינסטנטה בע""מ",IT,גרנד פטיסרי,גרמים,100.00,100 גרם,false,1,12.20,12.20,true,1,
8000380201396,false,שוקולד חלב ממולא קרם קרמל ועלי וופל פריכ,ליימן מותגים,AT,וופל טורטינה,גרמים,126.00,100 גרם,false,1,17.60,13.97,true,1,
8000500009673,false,בונבונרייה פררו רושר 300 גרם,פררו - אלבה,IT,בונבוניירת רושה,גרמים,300.00,100 גרם,false,0,39.90,13.30,true,1,
8000500032237,false,בונבונרייה פררו רושר 375 גרם,פררו - אלבה,IT,בונבוניירה רושה,גרמים,375.00,100 גרם,false,0,44.90,11.97,true,1,
8000500037874,false,בונבונרייה פררו רושר 200 גרם,פררו - אלבה,IT,בונבוניירה רושה,גרמים,200.00,100 גרם,false,0,24.90,12.45,true,1,
8000500247150,false,פררו רושה קולקשיין קוקוס מילוי קרם ושקד שלם 172ג',פררו,DE,פררו רושה,גרמים,172.00,100 גרם,false,1,24.90,14.48,true,1,
8000500267103,false,קינדר דליס עוגת ספוג קקאו במילוי חלבי*10,קינדר Kinder,IT,עוגות קינדר דליס,גרמים,390.00,100 גרם,false,1,19.90,5.10,true,1,
8000500269169,false,קינדר קארדס Kinder Cards - חמישייה,קריות זול,IT,קינדר קארדס,גרמים,128.00,100 גרם,false,1,12.90,10.08,true,1,
8000500294345,false,רושר איש שלג שוקולד חלב ואגוזי לוז 90 גר,פררו,PL,רושה סנו-מן,גרמים,90.00,100 גרם,false,1,14.90,16.56,true,1,
8000500328750,false,כדור וופל פריך מצופה שוקולד פררו רושר 141 ג',פררו,DE,בונבוניירה פררו,גרמים,138.00,100 גרם,false,1,24.90,18.04,true,1,
8000500366073,false,נוטלה עוגיות נוטלה בשקית 20 יח'- NUTELLA BISCUITTS,נוטלה Nutella,IT,ביסקוויט נוטלה,גרמים,276.00,100 גרם,false,1,21.90,7.93,true,1,
8000500390238,false,ביצי הפתעה קינדר 20*4גרם,פררו,IT,ביצי הפתעה קינדר,גרמים,80.00,100 גרם,false,1,17.90,22.38,true,1,
8001090222725,false,"הרבל אסנסס - שמפו שמן מורינגה 400 מ""ל",הרבל אסנס Herbal Essences,FR,שמפו הרבל אסנס,מיליליטרים,400.00,"100 מ""ל",false,1,16.90,4.23,true,1,
8001090222879,false,"הרבל אסנסס - מרכך שיקום שמן ארגן 400 מ""ל",הרבל אסנס Herbal Essences,FR,מרכך הרבל אסנס,מיליליטרים,400.00,"100 מ""ל",false,1,16.90,4.23,true,1,
8001090336354,false,פמפרס בייבי דריי חיתולים מידה 2 46 יח,פרוקטר אנד גמבל,DE,פמפרס בייבי,יחידה,1.00,יחידה,false,1,34.90,34.90,true,1,
8001090336446,false,פמפרס בייבי דריי חיתולים מידה 4 34 יח,פרוקטר אנד גמבל,DE,פמפרס בייבי,יחידה,1.00,יחידה,false,1,34.90,34.90,true,1,
8001090336606,false,פמפרס בייבי דריי חיתולים מידה 6 26 יח,פרוקטר אנד גמבל,DE,פמפרס בייבי,יחידה,1.00,יחידה,false,1,34.90,34.90,true,1,
8001090379368,false,פמפרס פרימיום קר חיתולים שלב 4 34 יח VP,פרוקטר אנד גמבל,PL,פמפרס פרימיום,יחידה,1.00,יחידה,false,1,34.40,34.40,true,1,
8001090379399,false,פמפרס פרימיום קר חיתולים שלב 5 30 יח VP,פרוקטר אנד גמבל,PL,פמפרס פרימיום,יחידה,1.00,יחידה,false,1,34.40,34.40,true,1,
8001090721129,false,אריאל קפסולות גל לכביסה 3ב1 קולור 27 יח,פרוקטר אנד גמבל,FR,קפסולות גל כביסה,יחידה,1.00,יחידה,false,1,31.90,31.90,true,1,
8001090737809,false,מגן תחתון אולוויז סינגל טנגה 36 יחידות,פרוקטר אנד גמבל,ES,אולוויז חוטיני,יחידה,1.00,יחידה,false,1,15.90,15.90,true,1,
8001090740717,false,מגני תחתון אולוויז נורמל עם ניחוח רענן Fresh Scent,פרוקטר אנד גמבל )ראה קוד,UA,מגן תחתון אולווי,יחידה,1.00,יחידה,false,1,19.90,19.90,true,1,
8001090832450,false,"שמפו פנטן הנוסחה הקלאסית 660 מ""ל",פרוקטר אנד גמבל,RO,שמפו פנטן,מיליליטרים,660.00,"100 מ""ל",false,1,19.90,3.02,true,1,
8001090832573,false,"שמפו פנטן לחות מוגברת 660 מ""ל",פרוקטר אנד גמבל,RO,שמפו פנטן,מיליליטרים,660.00,"100 מ""ל",false,1,19.90,3.02,true,1,
8001090832696,false,"פנטן שמפו לתלתלים מושלמים 660 מ""ל",פרוקטר אנד גמבל,RO,שמפו פנטן,מיליליטרים,660.00,"100 מ""ל",false,1,19.90,3.02,true,1,
8001090832818,false,מרכך פנטן הנוסחה הקלאסית לשיער רגיל ומעורב,פרוקטר אנד גמבל,RO,מרכך פנטן,מיליליטרים,660.00,"100 מ""ל",false,1,19.90,3.02,true,1,
8001090832856,false,"פנטן 660 מ""ל קונדישינר מרוקאי משקם",פרוקטר אנד גמבל,RO,מרכך פנטן,מיליליטרים,660.00,"100 מ""ל",false,1,19.90,3.02,true,1,
8001090832894,false,מרכך לשיער חלש ופגום לחות מוגברת,פרוקטר אנד גמבל,RO,מרכך פנטן,מיליליטרים,660.00,"100 מ""ל",false,1,19.90,3.02,true,1,
8001090832931,false,"פנטן 660 מ""ל קונדישינר למגע רך כמשי",פרוקטר אנד גמבל,RO,מרכך פנטן,מיליליטרים,660.00,"100 מ""ל",false,1,19.90,3.02,true,1,
8001090832979,false,"פנטן 660 מ""ל קונדישינר לתלתלים מושלמים",פנטן שמפו ומרכך ב 17,RO,מרכך פנטן,מיליליטרים,660.00,"100 מ""ל",false,1,19.90,3.02,true,1,
8001090891273,false,לנור כדוריות בושם בניחוח סחלב 210 גרם,פרוקטר אנד גמבל,US,לנור מבשם כביסה,יחידה,1.00,יחידה,false,0,31.90,31.90,true,1,
8001090899194,false,תחבושות אולוויז פלטינום נורמל 24 יחידות,פרוקטר אנד גמבל,DE,תחבושות אולוויז,יחידה,1.00,יחידה,false,1,19.90,19.90,true,1,
8001090899224,false,תחבושות אולוויז פלטינום לונג 20 יחידות,פרוקטר אנד גמבל,DE,תחבושות אולוייז,יחידה,1.00,יחידה,false,1,19.90,19.90,true,1,
8001090899255,false,תחבושות אולוויז פלטינום לילה 16 יחידות,פרוקטר אנד גמבל,DE,תחבשות אולוויז,יחידה,1.00,יחידה,false,1,19.90,19.90,true,1,
8001090899286,false,תחבושות אולוויז פלטינום לילה בטוח 14 יח',פרוקטר אנד גמבל,DE,תחבושות אולוויז,יחידה,1.00,יחידה,false,1,19.90,19.90,true,1,
8001090992338,false,פיירי טבליות למדיח פלטינום פלוס 50 יחידו,פרוקטר אנד גמבל,BE,פיירי טב' למדיח,יחידה,1.00,יחידה,false,1,53.90,53.90,true,1,
8001160001786,false,"משקה אנרגיה גטורייד ספורט כחול 500מ""ל",אקווה מינרלה סאן בנדטו,IT,גטורייד כחול,מיליליטרים,500.00,"100 מ""ל",false,0,10.40,2.08,true,1,
8001160001892,false,"משקה אנרגיה גטורייד ספורט תפוז אדום 500מ""ל",אקווה מינרלה סאן בנדטו,IT,גטורייד תפוז,מיליליטרים,500.00,"100 מ""ל",false,0,10.40,2.08,true,1,
8001620011935,false,"סן בנדטו- מים מינרלים מוגז - מארז שישיית 500 מ""ל",אקווה מינרלה סאן בנד,IT,סאן בנדטו 6 יח',ליטרים,3.00,ליטר,false,0,13.90,4.63,true,1,
8001841053806,false,תחבושות היגייניות אולוויז מקסי עבה לילה,פרוקטר אנד גמבל,HU,תחבושות אולוויז,יחידה,1.00,יחידה,false,1,11.90,11.90,true,1,
8001841077949,false,מארז מגבוני פמפרס בניחוח מרענן - רביעייה,פרוקטר אנד גמבל,DE,מגבוני פמפרס 4יח,יחידה,1.00,יחידה,false,1,17.90,17.90,true,1,
8001841104614,false,פמפרס פרימיום חיתולים שלב 1 א.נשיאה 26יח,פרוקטר אנד גמבל,PL,פמפרס פרימיום אר,יחידה,1.00,יחידה,false,1,23.30,23.30,true,1,
8001841104799,false,פמפרס פרימיום קר חיתולים שלב 2 46 יח VP,פרוקטר אנד גמבל,PL,פמפרס,יחידה,1.00,יחידה,false,1,34.40,34.40,true,1,
8001841105093,false,פמפרס פרימיום קר חיתולים שלב 6 26 יח VP,פרוקטר אנד גמבל,PL,פמפרס,יחידה,1.00,יחידה,false,1,34.40,34.40,true,1,
8001841137179,false,קונדישינר הד&שולדרס הנוסחה הקלאסית 275מל,פרוקטר אנד גמבל,RO,מרכך הד&שולדרס,מיליליטרים,275.00,"100 מ""ל",false,1,14.90,5.42,true,1,
8001841410524,false,שמפו הד&שולדרס קוקוס600מ,פרוקטר אנד גמבל,RO,שמפו הד&שולדרס,מיליליטרים,600.00,"100 מ""ל",false,1,21.90,3.65,true,1,
8001841500942,false,"הרבל אסנסס - שמפו ללא סולפטים אלוורה ובמבוק 380 מ""ל",הרבל אסנס Herbal Essences,FR,שמפו ללא סולפטים,מיליליטרים,380.00,"100 מ""ל",false,1,16.90,4.45,true,1,
8001841502601,false,"הרבל אסנסס - מרכך ללא סולפטים אלוורה ובמבוק 275 מ""ל",הרבל אסנס Herbal Essences,FR,מרכך ללא סולפטים,מיליליטרים,275.00,"100 מ""ל",false,1,16.90,6.15,true,1,
8001841625188,false,סבון כלים פלטינום לימון X3 פעולות להסרת שומנים,פרוקטר אנד גמבל,GB,פיירי נוזל כלים,מיליליטרים,515.00,"100 מ""ל",false,1,10.90,2.12,true,1,
8001841625461,false,סבון כלים פלטינום X3 פעולות להסרת שומנים,פרוקטר אנד גמבל,GB,פיירי נוזל כלים,מיליליטרים,515.00,"100 מ""ל",false,1,10.90,2.12,true,1,
8001841669465,false,קפסולות לכביסה אריאל בניחוח לנור 24 יחידות,פרוקטר אנד גמבל,FR,קפסולות גל כביסה,יחידה,1.00,יחידה,false,1,31.90,31.90,true,1,
8001841680989,false,מגן תחתון אולוויז מגה פק פרו פרש לארג' 60 יחי,פרוקטר אנד גמבל,DE,אולווייז מגנים,יחידה,1.00,יחידה,false,1,19.90,19.90,true,1,
8001841941929,false,אולוויז וליו פק לילה בטוח אקסטרא 16 יחידות,פרוקטר אנד גמבל,DE,אולוויז לילה,יחידה,1.00,יחידה,false,1,19.90,19.90,true,1,
8001841960081,false,פיירי טבליות למדיח פלטינום הכל באחד - מארז 37 יח',פרוקטר אנד גמבל,BE,פיירי טב' למדיח,יחידה,1.00,יחידה,false,0,39.90,39.90,true,1,
8002270866524,false,סן פלגרינו מים מינרליים טבעיים מוגזים,סן פלגרינו San Pellegrino,IT,סן פלגרינו,ליטרים,1.00,ליטר,false,0,9.90,9.90,true,1,
8002450201008,false,"רספברי ספרקלטיני 750 מ""ל",איטליה בוסקה,IT,רספברי ספרקלטיני,מיליליטרים,750.00,"100 מ""ל",false,0,27.90,3.72,true,1,
8002450204009,false,ורדי ספרקלטיני אפרסק,"איי, בי, אינבוו",IT,ורדי אפרסק,מיליליטרים,750.00,"100 מ""ל",false,0,27.90,3.72,true,1,
8003130129544,false,סאן קרלו חטיפי תפוחי אדמה פריכ.CROCCANTE,קנדי חשמל ונכסים,IT,חטיפי תפוח אדמה,גרמים,50.00,100 גרם,false,1,5.90,11.80,true,1,
8003340091280,false,לינדט לינדור בונבוניירה 60% מוצקי קקאו 200 גרם,לינדט ושפרונגלי קילשברג,IT,בונבונ.לינדור,גרמים,200.00,100 גרם,false,0,22.90,11.45,true,1,
8003753158587,false,אילי קפסולות אספרסו פורטה 10 יח' 57 גרם,ג'ייקובס דאו אגרבטס פר א,FR,קפסולות קפה אילי,גרמים,57.00,100 גרם,false,1,24.90,43.68,true,1,
8003753158617,false,אילי קפסולות אספרסו לונגו קלאסיקו 10 יח' 57 גרם,ג'ייקובס דאו אגרבטס פר א,FR,קפסולות קפה אילי,גרמים,57.00,100 גרם,false,1,24.90,43.68,true,1,
8004030026018,false,"מקסיקני עם טונה ריו מרה אינסלטיסימי, 160 ג'","בולטון אלימנטרי בע""\מ",IT,סלט עם טונה,גרמים,160.00,100 גרם,false,1,15.00,9.38,true,1,
8004030102033,false,טונה בשמן זית עם מיץ לימון ופלפל שחור - מארז 3 יח',בולטון אלימנטרי,IT,טונה ריו מרה 3יח,גרמים,240.00,100 גרם,false,1,26.90,11.21,true,1,
8004030860001,false,ירקות עם קוקוס וטונה ריו מרה אינסלטיסימי 160 ג',"בולטון אלימנטרי בע""\מ",IT,קוסקוס עם טונה,גרמים,160.00,100 גרם,false,1,15.00,9.38,true,1,
8004690050507,false,פטוצ'יני לה מוליזנה 500ג,לה מוליסנה,IT,פסטה פטוצ'יני,גרמים,500.00,100 גרם,false,1,7.90,1.58,true,1,
8004690052044,false,פסטה פנה ריגטה 500 גרם,לה מוליזנה קמפובאסן,IT,פנה ריגטה,גרמים,500.00,100 גרם,false,1,7.90,1.58,true,1,
8004690052846,false,L.M פסטה איטלקית פוזילי 500 גרם,לה מוליסנה,IT,פסטה פוזילי,גרמים,500.00,100 גרם,false,1,7.90,1.58,true,1,
8004690053225,false,פסטה מזי ריגטוני 500 גרם,לה מוליזנה קמפובאסן,IT,ספגטי לה מוליזנה,גרמים,500.00,100 גרם,false,1,7.90,1.58,true,1,
8004690106600,false,L.M פסטה איטלקית פרפאלה 500 גרם,לה מוליזנה קמפובאסן,IT,פסטה לה מוליזנה,גרמים,500.00,100 גרם,false,0,7.90,1.58,true,1,
8004800000064,false,לאגו פלאסיר- גלילי ופל קרם קקאו בציפוי ש.חלב - 100 ג',לגו גרופ ס.פ.א.,IT,גלילי וופל לאגו,גרמים,100.00,100 גרם,false,1,10.90,10.90,true,1,
8004800004802,false,גלילי וופל לאגו פלאסיר קרם דומדמניות 100,לגו גרופ ס.פ.א.,IT,גלילי וופל לאגו,גרמים,100.00,100 גרם,false,1,10.90,10.90,true,1,
8005110000416,false,MUTTI עגבניות חתוכות במיץ פולפה 2*300 ג,מוטי אס.פי.איי,IT,עגבניות חתוכות2*,גרמים,600.00,100 גרם,false,1,12.90,2.15,true,1,
8005110002557,false,רוטב מעגבנ.רומא לפסטה400,מוטי אס.פי.אי,IT,רוטב לפסטה,גרמים,400.00,100 גרם,false,1,12.90,3.23,false,1,
8005110060007,false,מוטי עגבניות מקולפות 400 גר,מוטי אס.פי.איי,IT,עגבניות מקולפות,גרמים,400.00,100 גרם,false,0,6.70,1.68,true,1,
8005110551253,false,רוטב לפיצה להכנת פיצה איטלקית קלאסית,"איי, בי, אינבוו",IT,רוטב לפיצה,גרמים,400.00,100 גרם,false,1,8.90,2.23,true,1,
8005852750013,false,מעדן טונה לחתול 85 גרם,,TH,שזיר מעדן טונה,גרמים,85.00,100 גרם,false,0,6.00,7.06,true,1,
8005852750112,false,שזיר מעדן עוף 85 גרם,,TH,שזיר מעדן עוף,גרמים,85.00,100 גרם,false,0,6.00,7.06,true,1,
8005852750549,false,שזיר לחתול בקר ועוף 85גר,,TH,שזיר בקר ועוף,גרמים,85.00,100 גרם,false,0,6.00,7.06,true,1,
8006227001372,false,סמנצאטו – לחם מחמצת לבן עם שמן זית ללא קשה 1400 גרם,רו. מאר ס.ר.ל,IT,לחם ללא קשה,גרמים,400.00,100 גרם,false,1,18.90,4.73,true,1,
8006227001389,false,סמנצאטו – לחם מחמצת עם שמן זית ללא קשה 1400 גרם,רו. מאר ס.ר.ל,IT,לחם ללא קשה,גרמים,400.00,100 גרם,false,1,18.90,4.73,true,1,
8006227270945,false,סמנצאטו-טראמציני לבן 250 גרם,רו. מאר ס.ר.ל,IT,לחם ללא קשה,גרמים,250.00,100 גרם,false,1,16.90,6.76,true,1,
8006540091937,false,לנור כדוריות הבושם בניחוח אריאל 210 גרם,פטר קרמר עבור פרוקטור אנ,US,לנור מבשם כביסה,גרמים,210.00,100 גרם,false,1,31.90,15.19,true,1,
8006540112823,false,"לנור מרכך כביסה מרוכז בניחוח האוקיינוס 900 מ""ל",פרוקטר אנד גמבל,FR,לנור מרכך מרוכז,מיליליטרים,900.00,"100 מ""ל",false,1,15.90,1.77,true,1,
8006540112854,false,"מרכך כביסה מרוכז בניחוח סחלב לנור 900 מ""ל",פרוקטר אנד גמבל,FR,לנור מרכך מרוכז,מיליליטרים,900.00,"100 מ""ל",false,1,15.90,1.77,true,1,
8006540157374,false,מרכך מינרלס ביוטין + במבוק לשיער חזק וארוך,פנטן Pantene,FR,פנטן מיראקלס,מיליליטרים,275.00,"100 מ""ל",false,1,16.90,6.14,true,1,
8006540221464,false,מגן תחתון אולוויז וליופק נורמל 56 יחידות,,DE,מגן תחתון אולווי,יחידה,1.00,יחידה,false,1,17.90,17.90,true,1,
8006540352960,false,טמפונים טמפקס פרל רגולר 20 יחידות,פרוקטר אנד גמבל,HU,טמפקס,יחידה,1.00,יחידה,false,1,20.90,20.90,true,1,
8006540353004,false,טמפקס פרל סופר 18 יחידות חדש,פרוקטר אנד גמבל,HU,טמפקס,יחידה,1.00,יחידה,false,1,20.90,20.90,true,1,
8006540358498,false,טמפקס פרל סופר-פלוס 18 יחידות חדש,פרוקטר אנד גמבל,HU,טמפקס,יחידה,1.00,יחידה,false,1,20.90,20.90,true,1,
8006540385029,false,הד&שולדרס MEN שמפו ומרכך 2ב-1 אולטרא 540,URLATI GAMBLE & PROCTER,RO,הד&שולדרס מן 2ב1,מיליליטרים,540.00,"100 מ""ל",false,1,21.90,4.06,true,1,
8006540385067,false,הד&שולדרס MEN שמפו אולטרא ספורט מרענן540,URLATI GAMBLE & PROCTER,RO,ה&ש שמפו מן,מיליליטרים,540.00,"100 מ""ל",false,1,21.90,4.06,true,1,
8006540404898,false,אולוויז דיסקריט לבריחת שתן לונג פלוס 8יח,פרוקטר & גמבל,DE,דיסקריט תחבושות,יחידה,1.00,יחידה,false,1,16.90,16.90,true,1,
8006540405031,false,דיסקריט תחבושות לבריחת שתן סמול פלוס 16,פרוקטר & גמבל,DE,דיסקריט תחבושות,יחידה,1.00,יחידה,false,1,16.90,16.90,true,1,
8006540410905,false,הד&שולדרס 7 יתרונות ב-1 עמידות השיער 450,S BLOIS GAMBLE & PROCTER,FR,ה&ש שמפו 7 ב1-,מיליליטרים,450.00,"100 מ""ל",false,1,21.90,4.87,true,1,
8006540410967,false,הד&שולדרס 7 יתרונות ב-1 רב פעולות 450,S BLOIS GAMBLE & PROCTER,FR,הד&שולדרס שמפו,גרמים,450.00,100 גרם,false,1,21.90,4.87,true,1,
8006540429327,false,פיירי מקס פאוור לימון עם מנגנון למניעת נזילות,פרוקטר אנד גמבל,CZ,פיירי לימון,מיליליטרים,440.00,"100 מ""ל",false,1,10.90,2.48,true,1,
8006540463550,false,פיירי טבליות למדיח פלטינום 63 יחידות,פרוקטר אנד גמבל,BE,פיירי טבליות,יחידה,1.00,יחידה,false,1,53.90,53.90,true,1,
8006540491539,false,"נוזל כלים פיירי פלטינום אוריגינל 780 מ""ל",פרוקטר אנד גמבל,GB,פיירי פלטינום,מיליליטרים,780.00,"100 מ""ל",false,1,12.50,1.60,true,1,
8006540495216,false,"לנור מרכך כביסה מרוכז בניחוח אמאטיסט 900 מ""ל",פרוקטר אנד גמבל,FR,מרכך כביסה לנור,מיליליטרים,900.00,"100 מ""ל",false,1,15.90,1.77,true,1,
8007178120310,false,חומץ בלסמי ד'מודנה Giacobazzi,פטורייה ג'יאקובאזי ס,IT,חומץ בלסמי,מיליליטרים,500.00,"100 מ""ל",false,0,21.90,4.38,true,1,
8008245004847,false,ממרח אגוזי לוז וקקאו מובנפיק 300 גרם,נאטקו,IT,ממרח אגוזי לוז,גרמים,300.00,100 גרם,false,1,14.90,4.97,true,1,
8008245004861,false,ממרח אגוזי לוז עם חלב מובנפיק 300 גרם,יבואן ומשווק: ש. שסט,IT,ממרח אגוזי לוז,גרמים,300.00,100 גרם,false,1,14.90,4.97,true,1,
8008343200660,false,פסטה רומו פנה ריגטה500גר,רומו Rummo,IT,פסטה רומו,גרמים,500.00,100 גרם,false,1,8.90,1.78,true,1,
8008660210038,false,מעדן ריבה מנץ אנד גאססר תות שדה 300 גר,קריניציה ויטמינה אס,IT,מעדן תות שדה,גרמים,300.00,100 גרם,false,1,16.90,5.63,true,1,
8014515330059,false,עגבניות שלמות מקולפות400,שופרסל-ייבוא,IT,עגבניות שלמות,גרמים,400.00,100 גרם,false,0,5.90,1.48,true,1,
8014515330738,false,קוביות עגבניות פומו400גר,שופרסל-ייבוא,IT,קוביות עגבניות,גרמים,400.00,100 גרם,false,0,5.90,1.48,true,1,
8025920033145,false,תפוח עץ קנזי ארוז,VIP,IT,תפוח עץ קנזי,קילוגרמים,0.00,"ק""ג",true,1,14.90,14.90,true,1,
8025920038966,false,תפוח עץ זהוב ארוז,VIP,IL,תפוח עץ זהוב,קילוגרמים,0.00,"ק""ג",true,1,10.90,10.90,true,1,
8025920038973,false,תפוח עץ סטרקינג ארוז,VIP,IT,תפוח עץ סטרקינג,קילוגרמים,0.00,"ק""ג",true,1,9.90,9.90,true,1,
8025920038980,false,תפוח עץ סמיט ארוז,VIP,IT,תפוח עץ סמיט,קילוגרמים,0.00,"ק""ג",true,1,9.90,9.90,true,1,
8025920038997,false,תפוח עץ גאלה ארוז,VIP,IT,תפוח עץ גאלה,קילוגרמים,0.00,"ק""ג",true,1,12.90,12.90,true,1,
8032793342458,false,עגבניות מרוסקות דק ומסוננות בבקבוק 700 ג,קונסוריזיו קאסאלסקו דל פ,IT,עגבניות מרוסקות,גרמים,700.00,100 גרם,false,1,11.90,1.70,true,1,
8032793344292,false,עגבניות חתוכות דק בבקבוק 700ג,קונסוריזיו קאסאלסקו דל פ,IT,עגבניות חתוכות,גרמים,700.00,100 גרם,false,1,11.90,1.70,true,1,
8033275522368,false,"יין מונטרו קיאנטי, 750 מ""ל י מונטרו",סרסטר,IT,מונטרו קיאנטי,מיליליטרים,750.00,"100 מ""ל",false,1,59.90,7.99,true,1,
8076800195033,false,ברילה - צ.א ספגטיני מס3 חדש 500 גרם,ברילה גי.אי.אר פרטלי ס.פ,IT,ספגטיני מס' 3,גרמים,500.00,100 גרם,false,0,6.90,1.38,true,1,
8076800195057,false,ברילה - צ.א ספגטי מס5 חדש 500 גרם,ברילה גי.אי.אר פרטלי ס.פ,IT,ספגטי מס 5 ברילה,גרמים,500.00,100 גרם,false,0,6.90,1.38,true,1,
8076802085738,false,ברילה צ.ק פנה רגטה מס' 73 500 גרם,ברילה גי.אי.אר פרטלי ס.פ,IT,פנה ריגטה ברילה,גרמים,500.00,100 גרם,false,0,6.90,1.38,true,1,
8076802085936,false,ברילה פסטה צ.ק. קונצילה ריגטה חדש,ברילה גי.אי.אר פרטלי ס.פ,IT,קונצ'יליה,גרמים,500.00,100 גרם,false,0,6.90,1.38,true,1,
8076802085981,false,ברילה - צ.ק פוזילי חדש 500 גרם,ברילה גי.אי.אר פרטלי ס.פ,IT,פוזילי ברילה,גרמים,500.00,100 גרם,false,0,6.90,1.38,true,1,
8076808050440,false,פסטה מקרוני מספר 44 ברילה 500 גרם,ברילה Barilla,IT,מקרוני ברילה,גרמים,500.00,100 גרם,false,0,6.90,1.38,true,1,
8076808060654,false,פסטה פרפלה מספר 65 ברילה 500 גרם,ברילה גי.אי.אר פרטלי ס.פ,IT,פסטה פרפלה ברילה,גרמים,500.00,100 גרם,false,0,6.90,1.38,true,1,
8076808150072,false,ברילה - צ.א ספגטוני מס7 חדש 500 גרם,ברילה גי.אי.אר פרטלי ס.פ,IT,ספגטי ברילה,גרמים,500.00,100 גרם,false,0,6.90,1.38,true,1,
8076809512268,false,פסטה גירנדולה טורסדס מספר 34 ברילה 500 גרם,ברילה גי.אי.אר פרטלי ס.פ,IT,פסטה גירנדולה,גרמים,500.00,100 גרם,false,0,6.90,1.38,true,1,
8076809513388,false,רוטב לפסטה ארביאטה ברילה 400 גרם,ברילה גי.אי.אר פרטלי ס.פ,IT,רוטב לפסטה,גרמים,400.00,100 גרם,false,0,14.90,3.73,true,1,
8076809513395,false,ברילה פומודורו רוטב עגבניות קלאסי 400 גר,ברילה גי.אי.אר פרטלי ס.פ,IT,רוטב עגבניות,גרמים,400.00,100 גרם,false,0,14.90,3.73,true,1,
8076809513654,false,בסיס רוטב עגבניות לבולונז ברילה 400 גרם,ברילה גי.אי.אר פרטלי ס.פ,IT,בסיס לרוטב,גרמים,400.00,100 גרם,false,0,14.90,3.73,true,1,
8076809513692,false,רוטב עגבניות נפולטנה בתוספת ירקות,ברילה גי.אי.אר פרטלי ס.פ,IT,רוטב לפסטה,גרמים,400.00,100 גרם,false,0,14.90,3.73,true,1,
8076809513739,false,ברילה רוטב עגבניות עם בזיליקום 400 גרם,ברילה גי.אי.אר פרטלי ס.פ,IT,רוטב בזיליקום,גרמים,400.00,100 גרם,false,0,14.90,3.73,true,1,
8076809523561,false,רוטב עגבניות עם עשבי תיבול 400 ג' ברילה,ברילה גי.אי.אר פרטלי ס.פ,IT,רוטב עגבניות,גרמים,400.00,100 גרם,false,0,14.90,3.73,true,1,
8076809547956,false,ברילה - צ.ק קיפרי 500 גרם,ברילה ג'.אי.אר פרטלי,IT,ברילה קיפרי,גרמים,500.00,100 גרם,false,1,6.90,1.38,true,1,
8076809578998,false,ברילה - צ.ק. סטלינה 500 גרם,ברילה גי. אי. אר פרטלי ס,IT,ברילה צ.ק סטלינה,גרמים,500.00,100 גרם,false,1,6.90,1.38,true,1,
8410076600622,false,חטיפי גרנולה קראנצ'י עם שוקולד מריר נייצ'ר ואלי 210 גרם,ג'נרל מילס סאן אדריאן,ES,נייצר וואלי שוקו,גרמים,210.00,100 גרם,false,0,19.90,9.48,true,1,
8410076610379,false,"חטיף בוטנים, חלבון סויה ושוקולד מריר עם ציפוי בטעם שוקולד",סריילטו ספיין פודס,ES,נייטשר וואלי,גרמים,160.00,100 גרם,false,1,24.90,15.56,true,1,
8410076610386,false,נייטשר ואלי פרוטאין בוטנים עם ציפוי בטעם קרמל מלוח 160 ג',ג'\נרל מילס סאן אדריאן S,ES,נייטשר וואלי 4יח,גרמים,160.00,100 גרם,false,1,24.90,15.56,true,1,
8410104039134,false,"מנקה ומחדש מדיח כלים פיניש 250 מ""ל",הדקלאים אגודת שיתופי,PL,פיניש ניקוי מדיח,מיליליטרים,250.00,"100 מ""ל",false,0,14.90,5.96,true,1,
8410104044916,false,פיניש אבקה למדיח 2.7 לימון,רקיט בנקיזר,PL,פיניש אבקה למדיח,קילוגרמים,2.70,"ק""ג",false,0,47.90,17.74,true,1,
8410104045111,false,"פיניש מלח למדיח כלים 2ק""ג",רקיט בנקיזר,IL,מלח למדיח,קילוגרמים,2.00,"ק""ג",false,0,14.90,7.45,true,1,
8410104511340,false,ויט רצועות שעווה מוכנות לעור יבש 12 יחידות,רקיט בנקיזר צרפת,FR,רצועות שעווה ויט,יחידה,1.00,יחידה,false,0,23.90,23.90,true,1,
8410179000411,false,שמן צמחי E+Dויטמין 1ל,PONTU BORGES ACEITES,ES,שמן צמחי מועשר,ליטרים,1.00,ליטר,false,1,14.90,14.90,true,1,
8410179010809,false,שמן קנולה בורחס 1 ליטר,בורחס,ES,שמן קנולה,ליטרים,1.00,ליטר,false,1,13.90,13.90,true,1,
8410179014814,false,שמן צמחיE+ויטמין 1ליטר,PONTU BORGES ACEITES,ES,שמן צמחי מועשר,ליטרים,1.00,ליטר,false,1,14.90,14.90,true,1,
8410179014821,false,שמן קנולה + E ויטמין 1ל,PONTU BORGES ACEITES,ES,שמן קנולה,ליטרים,1.00,ליטר,false,1,14.90,14.90,true,1,
8410179018027,false,שמן קנולה מועשר 1 ליטר,FOO BRANDED BORGES,ES,שמן קנולה מועשר,ליטרים,1.00,ליטר,false,1,14.90,14.90,true,1,
8410179100043,false,שמן זית בורחס מעולה750מל,בורחס אגריקולטורל וא,ES,שמן זית כתית,מיליליטרים,750.00,"100 מ""ל",false,0,33.90,4.52,true,1,
8410179203027,false,שמן זרעי ענבים מזוכך750מ,,ES,שמן זרעי ענבים,מיליליטרים,750.00,"100 מ""ל",false,1,24.90,3.32,true,1,
8410376009392,false,ביסקויט מחיטה מלאה ללא תוספת סוכר גולון 170 גרם,גאלטס גלון סא,ES,"ביסקוויט ללת""ס",גרמים,170.00,100 גרם,false,1,9.90,5.82,true,1,
8410644611203,false,יין קאווה איבריקה לבן יבש Cava Iberica,יוסף מסאקס ס.ל.,ES,קאווה אימבריקה,מיליליטרים,750.00,"100 מ""ל",false,0,29.90,3.98,true,1,
8410650159263,false,אולטימה לחתולים עוף/אורז,,ES,מזון לחתולים,קילוגרמים,3.00,"ק""ג",false,1,124.90,41.63,true,1,
8410655000423,false,"מארז בירה סאן מיגל 4*330 מ""ל",סרבסס סאן מיגל אס.אל.יו,ES,בירה סאן מיגל4יח,ליטרים,1.32,ליטר,false,0,23.90,18.10,true,1,
8411320334027,false,אורטיז נתחי טונה צהובה בשמן זית (פחית) 1,אורטיז ORTIZ,ES,טונה צהובה בשמן,גרמים,112.00,100 גרם,false,1,15.90,14.20,true,1,
8423207206488,false,סלים דליס חטיף דגנים מצופה שוקולד חלב מרבה 6*20 גרם,אף.סי תבליני בגליל ב,ES,חטיפי דגנים מרבה,גרמים,120.00,100 גרם,false,0,10.90,9.08,true,1,
8423207207362,false,חטיפי סלים דליס שוקולד לבן מרבה 6 יחידות,ביסנצ'ורי אס.אל.יו,ES,סלים דליס,גרמים,120.00,100 גרם,false,0,10.90,9.08,true,1,
8423207208680,false,חטיף דגנים שוקולד סלים דליס לילדים מרבה 6 יחידות,ביסנצ'ורי אס.אל.יו,ES,סלים דליס 6 יח,גרמים,120.00,100 גרם,false,1,10.90,9.08,true,1,
8425206000081,false,ריבת חלב מרדל 450 גרם,כלורוקס אוקלנד,ES,ריבת חלב,גרמים,450.00,100 גרם,false,0,17.90,3.98,true,1,
8436037792793,false,קרם פנים יום עם שמן זית,RNB,ES,קרם פנים יום,מיליליטרים,50.00,"100 מ""ל",false,1,24.90,49.80,true,1,
8436575292205,false,ארטיק חמשושים מאגדת 15*12 גר',גלידות נסטלה )נגה גלידות,IL,מאגדת חמשושים,גרמים,180.00,100 גרם,false,1,17.90,9.95,true,1,
8594403707977,false,"בירה באדוויזר לאגר פחית 500 מ""ל","מיוצר ע""\י מבשלת טוכרn\",CZ,באדוויזר לאגר,מיליליטרים,500.00,"100 מ""ל",false,1,7.90,1.58,true,1,
8606018615827,false,גלידת וניל עם שברי עוגיות אוראו 480 גרם,פרונרי סרביה,RS,פיינט אוראו,גרמים,300.00,100 גרם,false,1,19.90,6.63,true,1,
8606018615841,false,גלידה וניל עם ליבת שוקולד חלב מעולה 480 גרם,פרונרי סרביה,RS,פיינט מילקה וניל,גרמים,300.00,100 גרם,false,1,19.90,6.63,true,1,
8606109023623,false,"פרוויטה - מיץ תפוחי עץ ולימון ליים 750 מ""ל",פרובישקה,RS,"פרוויטה תפו""ע",מיליליטרים,750.00,"100 מ""ל",false,1,12.60,1.68,true,1,
8606109023647,false,"פרוויטה - מיץ סלק ותפוחי עץ 750 מ""ל",פרובישקה,RS,"פרוויטה תפו""ע",מיליליטרים,750.00,"100 מ""ל",false,1,12.60,1.68,true,1,
8606109023715,false,"פרוויטה - מיץ תפוחי עץ ואפרסקים 750 מ""ל",פרובישקה,RS,"פרוויטה תפו""ע",מיליליטרים,750.00,"100 מ""ל",false,1,12.60,1.68,true,1,
8606109023722,false,"פרוויטה - מיץ תפוחי עץ ומשמשים 750 מ""ל",,RS,"פרוויטה תפו""ע",מיליליטרים,750.00,"100 מ""ל",false,1,12.60,1.68,true,1,
8681863065362,false,מלח ים עם פלפל שחור 350 ג' ויליפוד,שף סיזונס גידה סאן,TR,מלח ים+פלפל שחור,גרמים,350.00,100 גרם,false,1,19.90,5.68,true,1,
8683130008355,false,מיונז עם שום הלמנס לחיץ 400 גרם,יוניליוור ישראל שיווק בע,TR,מיונז עם שום,גרמים,400.00,100 גרם,false,1,15.00,3.75,true,1,
8683323063024,false,יוגטה שטיחים בטעם תותי פרוטי 220 גרם,ליימן מותגים,TR,ממתק בטעם תותי,גרמים,220.00,100 גרם,false,1,6.90,3.14,true,1,
8690504153740,false,גודייבה שוקולד מריר במילוי קרם גנאש 86 גרם,ביסקוט ביסקווי סילבר,TR,שוקולד מריר קרם,גרמים,86.00,100 גרם,false,1,14.90,17.33,true,1,
8690504153849,false,גודייבה שוקולד חלב במילוי קרם בטעם פרלין אגוזים 83 גרם,"אולקר מקבוצת פלאדיס,",TR,שוקולד חלב,גרמים,83.00,100 גרם,false,1,14.90,17.95,true,1,
8690526009278,false,אי טי אי - חטיף קרמל מצופה שוקולד וחלב כדורוני דגנים 126 גרם,"GIDA ETI , טורקיה n\",TR,חטיף קרמל מצופה,גרמים,126.00,100 גרם,false,1,9.90,7.86,true,1,
8690526029207,false,אי טי אי - מארז חמישייה וופל במילוי קרם קקאו וחתיכות בוטנים 145 גרם,אתי גידה סאנאי וה טיק .A,TR,וופל אתי 5 יח,גרמים,145.00,100 גרם,false,1,9.90,6.83,true,1,
8690526029238,false,אתי מארז וופלים במילוי שוקולד מריר 50גרם,"GIDA ETI , טורקיה n\",TR,וופל מצופה שוקול,גרמים,150.00,100 גרם,false,1,9.90,6.60,true,1,
8690530036727,false,ממחטות סלפאק מקסי 3 שכבות 100 יח,,TR,ממחטות מקסי,יחידה,1.00,יחידה,false,1,9.90,9.90,true,1,
8690572783931,false,"פה - דאודורנט ספריי לגבר אינוויזיבל פאוואר 200 מ""ל",שוורצקופף והנקל,DE,דאודורנט פה,מיליליטרים,200.00,"100 מ""ל",false,1,9.90,4.95,true,1,
8690637504426,false,"קרם ניקוי סיף בניחוח לימון 500 מ""ל",יוניליוור סנאיי וי טיקאר,TR,קרם ניקוי סיף,מיליליטרים,500.00,"100 מ""ל",false,1,10.90,2.18,true,1,
8690637704277,false,"שמפו ומרכך לשיער רגיל 600 מ""ל דאב",יוניליוור טורקיה. אזור ת,TR,שמפו דאב,מיליליטרים,600.00,"100 מ""ל",false,0,16.90,2.82,true,1,
8690766156367,false,גודייבה שוקולד חלב מעולה 90 גרם,"אולקר מקבוצת פלאדיס,",TR,שוקולד גודייבה,גרמים,90.00,100 גרם,false,1,14.90,16.56,true,1,
8690766156374,false,גודייבה שוקולד מריר מעולה 72% מוצקי קקאו 72גרם,"אולקר מקבוצת פלאדיס,",TR,שוקולד גודייבה,גרמים,90.00,100 גרם,false,1,14.90,16.56,true,1,
8690766156381,false,גודייבה שוקולד מריר 90% מוצקי קקאו 90 גרם,"אולקר מקבוצת פלאדיס,",TR,שוקולד גודייבה,גרמים,90.00,100 גרם,false,1,14.90,16.56,true,1,
8690770322598,false,שמרים יבשים פוליבה הנמל 125 גרם,בראבו Bravo,TR,שמרים יבשים,גרמים,125.00,100 גרם,false,0,4.60,3.68,true,1,
8690777204071,false,פלפלים כבושים חריפים סרה 320 גרם,יוליניבר,TR,פלפל חריף,גרמים,640.00,100 גרם,false,0,11.90,1.86,true,1,
8690777206051,false,חציל קלוי על האש סרה ויליפוד 650 גרם,קוראהן פזלרמה וי דיס,TR,חציל קלוי,גרמים,650.00,100 גרם,false,0,11.90,1.83,true,1,
8690777221405,false,פלפל אדום קלוי סרה ויליפוד 650 גרם,קוראהן פזלרמה וי דיס,TR,פלפל אדום קלוי,גרמים,650.00,100 גרם,false,0,11.90,1.83,true,1,
8690784516440,false,דאק נוזל לניקוי מתקדם בניחוח לבנדה בודד 750מל,"אס.סי.ג'\ונסון מידרכט, ה",NL,דאק נוזל ג'ל,מיליליטרים,750.00,"100 מ""ל",false,1,10.00,1.33,true,1,
8690784516778,false,גל לניקוי עם אקונומיקה בניחוח ים דאק,אס.סי.גונסון,NL,ג'ל מקציף דאק,מיליליטרים,750.00,"100 מ""ל",false,1,12.90,1.72,true,1,
8690946170008,false,פסטה לומאקוני 500 גרם,מוטלו,TR,פסטה לומאקוני,גרמים,500.00,100 גרם,false,1,3.30,0.66,true,1,
8690946190006,false,פסטה פנה 500 גרם,,TR,פסטה פנה,גרמים,500.00,100 גרם,false,1,3.30,0.66,true,1,
8690946250014,false,פסטה ספגטי 500 גרם,מוטלו,TR,פסטה ספגטי,גרמים,500.00,100 גרם,false,1,3.30,0.66,true,1,
8690946250168,false,פסטה פוסילי 500 גרם,מוטלו,TR,פסטה פוסילי,גרמים,500.00,100 גרם,false,1,3.30,0.66,true,1,
8690946250182,false,פסטה קונכיות גדולות500גר,מוטלו,TR,פסטה קונכיות,גרמים,500.00,100 גרם,false,1,3.30,0.66,true,1,
8690946250205,false,פסטה לינגוויני 500 גרם,מוטלו,TR,פסטה לינגוויני,גרמים,500.00,100 גרם,false,1,3.30,0.66,true,1,
8691707190495,false,דגני בוקר אוזמו ספייס325,סולן צ'וקולטה,TR,דגני בוקר אוזמו,גרמים,325.00,100 גרם,false,1,10.00,3.08,true,1,
8693495053693,false,מברשות 360 קולגייט 4 יח,,CN,מברשות 360 4 יח,יחידה,1.00,יחידה,false,1,34.90,34.90,true,1,
8697530910781,false,סיגריות פאל מאל אדום מטאליק,גלוברנדס,TR,פאלמאל אדום,יחידה,1.00,יחידה,false,0,30.50,30.50,false,1,
8697530911276,false,סיגריות קנט קצר חפיס,גלוברנדס,TR,קנט קצר,יחידה,1.00,יחידה,false,0,37.00,37.00,false,1,
8699250035041,false,"זיתים שחורים טבעיים יבשים 700 גרם ""תומר""",מנסווי גידה,TR,זיתים מושחרים,גרמים,700.00,100 גרם,false,1,19.90,2.84,true,1,
8710428017000,false,פדיאשור השלמה תזונתית בטעם וניל 850 גרם,General,NL,פדיאשור ונילה,גרמים,850.00,100 גרם,false,1,69.90,8.22,true,1,
8710428017024,false,פדיאשור השלמה תזונתית בטעם שוקולד 850 גר,פדיאשור Pediasure,NL,פדיאשור שוקולד,גרמים,850.00,100 גרם,false,1,69.90,8.22,true,1,
8710502060021,false,מרבה פטיסרי עוגיות מאפין רכות 210 גרם,"מרבה בע""\מ",NL,עוגיות מרבה,גרמים,210.00,100 גרם,false,1,10.90,5.19,true,1,
8710502064814,false,עוגיות מרבה שוקולד ציפס במרקם רך 175 גר,בנקטבקריי מרבה בי.וי,NL,עוגיות מרבה,גרמים,175.00,100 גרם,false,1,8.90,5.09,true,1,
8710502100864,false,עוגיות מרבה פטיסרי דאבל שוקולד 200 גרם,"מרבה בע""\מ",NL,עוגיות מרבה,גרמים,200.00,100 גרם,false,1,10.90,5.45,true,1,
8710502279010,false,מרבה עוגיות שוקולד צ'יפס מצופות שוקולד 175 גרם,"י.מרבה ישראל בע""מ",NL,עוגיות מרבה,יחידה,1.00,יחידה,false,0,8.90,8.90,true,1,
8710522584200,false,דאב תחליב רחצה אלוורה ומי ורדים 500 מל,"יוניליוור גרמניה, Gmbh &",DE,תחליב רחצה דאב,מיליליטרים,500.00,"100 מ""ל",false,1,14.90,2.98,true,1,
8710847860829,false,"רקסונה - דאודורנט רול און לאישה כותנה 50 מ""ל",יוניליוור פארם,GB,דאו.רקסונה,מיליליטרים,50.00,"100 מ""ל",false,1,15.90,31.80,true,1,
8711000362617,false,לור קפסולות קפה אספרסו לונגו פרופונדו 8,ג'\קובס דאו אגברטס צרפת,FR,קפסולות לור,גרמים,52.00,100 גרם,false,1,19.90,38.27,true,1,
8711000362631,false,קפסולות קפה תואמות נספרסו אוניקס 12 ל'אור 10 יחידות,גיקובס דאו אגברטס צרפת,FR,קפסולות לור,גרמים,52.00,100 גרם,false,1,19.90,38.27,true,1,
8711000371183,false,ג'ייקובס קפסולות קפה אספרסו אינטסו עוצמה 10,ג'ייקובס דאו אגברטס צרפת,FR,קפסולות ג'קובס,גרמים,52.00,100 גרם,false,1,16.90,32.50,true,1,
8711327475618,false,"מגנום פיינט וניל קלאסיק 440 מ""ל","מפעל גלידות בווספרם, רחו",HU,גלידה מגנום וני,מיליליטרים,440.00,"100 מ""ל",false,0,21.90,4.98,true,1,
8711327475717,false,מגנום פיינט וניל שקדים 260 גרם,"מפעל גלידות בווספרם, רחו",HU,גלידה מגנום וניל,מיליליטרים,440.00,"100 מ""ל",false,0,21.90,4.98,true,1,
8712000051099,false,"שישיית בירה היינקן 0% אלכוהל בקבוק 330 מ""ל","מבשלת היינקן, ריטבלדנברג",NL,6 בירה הייניק0%,ליטרים,1.98,ליטר,false,1,29.90,15.10,true,1,
8712400802499,false,תרכובת מזון המשך לפעוטות על בסיס חלב שלב 1,נוטרישיה קאלק ב. ו.,NL,נוטרילון שלה1-,גרמים,800.00,100 גרם,false,0,64.90,8.11,true,1,
8712400802512,false,תרכובת מזון המשך לפעוטות על בסיס חלב שלב 2,נוטרישיה קאלק ב. ו.,NL,נוטרילון שלב2-,גרמים,800.00,100 גרם,false,0,64.90,8.11,true,1,
8712400802536,false,תרכובת מזון המשך לפעוטות על בסיס חלב שלב 3,נוטרישיה קאלק ב. ו.,NL,נוטרילון שלב3-,גרמים,800.00,100 גרם,false,0,64.90,8.11,true,1,
8712561594240,false,"דאב תחליב רחצה להזנה עמוקה500 מ""ל-מרכז","יוניליוור גרמניה, Gmbh &",DE,תחליב רחצה דאב,מיליליטרים,500.00,"100 מ""ל",false,1,14.90,2.98,true,1,
8714599104316,false,ג'ייקובס קפה שחור קלוי וטחון טורקי 200 גרם,אל.אל.סי ג'\ייקובס דאו א,RU,קפה שחור ג'קובס,גרמים,200.00,100 גרם,false,1,15.90,7.95,true,1,
8714599410806,false,ג'ייקובס קרוננג מיובש בהקפאה 160 גרם סגירה חוזרת,ג'ייקובס Jacobs,RU,קפה ג'קובס שקית,גרמים,160.00,100 גרם,false,1,17.90,11.19,true,1,
8714599412220,false,ג'ייקובס וולווט קפה נמס מיובש בהקפאה 95 גרם,אל.אל.סי ג'\ייקובס דאו א,RU,קפה ג'קובס,גרמים,95.00,100 גרם,false,1,15.90,16.74,true,1,
8714599512159,false,קפה נמס ג'קובס מונארך190,"אל.אל.סי ""גייקובס דא",RU,קפה נמס ג'קובס,גרמים,190.00,100 גרם,false,1,24.90,13.11,true,1,
8714599513835,false,גי'קובס קרונונג נייט אנד דיי - נטול קופיאין,ג'ייקובס Jacobs,DE,קפה ג'קובס נטול,גרמים,200.00,100 גרם,false,1,34.90,17.45,true,1,
8714789177229,false,רבעיית מברשות שיניים קולגייט אקסטרה קלין 1 יחידה,הנסיך- מפעל לייצור ט,CN,4 מברשות שיניים,יחידה,1.00,יחידה,false,0,9.90,9.90,true,1,
8714789303925,false,מברשת שיניים 360 סנסטיב רכה במיוחד קולגייט 2 יחידות,קולגייט- פלמוליב,CH,2 מברשות שיניים,יחידה,1.00,יחידה,false,0,26.90,26.90,true,1,
8714789402918,false,נוזל לניקוי כללי ורצפות בניחוח פרחי בר אג'קס 1.5 ליטר,הנסיך- מפעל לייצור ט,GR,אג'קס לניקוי,ליטרים,1.50,ליטר,false,0,16.90,11.27,true,1,
8714789831275,false,מברשת שיניים 360 אופטיק ווייט קולגייט 2 יחידות,קולגייט-פלמוליב,CN,מברשות קולגייט,יחידה,1.00,יחידה,false,0,26.90,26.90,true,1,
8714789930848,false,"משחת שיניים אופטיק וייט הלבנה מיידית קולגייט 75 מ""ל",הנסיך- מפעל לייצור ט,PL,משחת קולגייט,מיליליטרים,75.00,"100 מ""ל",false,0,16.90,22.53,true,1,
8714789966403,false,ליידי ספיד סטיק פיור פרשנס ג'ל,קולגייט פלמוליב,US,ליידי ספיד סטיק,גרמים,65.00,100 גרם,false,1,16.90,26.00,true,1,
8715700110141,false,מיונז קרמי היינץ צנצנת 460ג',ה.י.היינץ הולדינג בי.וי,NL,ממרח היינץ,גרמים,460.00,100 גרם,false,1,11.90,2.59,true,1,
8715700110158,false,היינץ ממרח במרקם קרמי צנצנת 490 גרם,ה.י.היינץ הולדינג בי.וי,NL,ממרח במרקם קרמי,גרמים,490.00,100 גרם,false,1,11.90,2.43,true,1,
8715700117805,false,"קטשופ היינץ מתבל עגבניות ללא תוספת סוכר ומלח 425 מ""ל","ה.י היינץ הולדינג בי.וי,",NL,מתבל עגבניות,גרמים,425.00,100 גרם,false,1,10.90,2.56,true,1,
8715700120874,false,מתבל עגבניות היינץ בתוספת שום,ה.י.היינץ הולדינג בי.וי,NL,קטשופ שום היינץ,גרמים,460.00,100 גרם,false,1,6.90,1.50,true,1,
8715700419732,false,מתבל עגבניות היינץ 700 גרם,ה.י. היינץ,NL,מתבל עגבניות,גרמים,700.00,100 גרם,false,0,11.90,1.70,true,1,
8715700422473,false,ממרח לכריכים וסלטים ללא ח. משמרים היינץ 395 גרם,ה.י. היינץ,NL,ממרח היינץ,גרמים,395.00,100 גרם,false,1,14.90,3.77,true,1,
8715700423906,false,היינץ מתבל עגבניות מופחת סוכר ומלח 50/50 550 גרם,היינץ צפון אמריקה מק,NL,מתבל עגבניות,גרמים,555.00,100 גרם,false,1,11.50,2.07,true,1,
8717163655764,false,"רקסונה - דאודורנט ספריי לאישה שוואר פרש 150 מ""ל","קוסטר אירוסול, גבזה 4140",GB,דאודורנט רקסונה,מיליליטרים,150.00,"100 מ""ל",false,1,13.90,9.27,true,1,
8717163655825,false,"רקסונה דאו' ספריי לנשים בניחוח כותנה, 150 מ""ל","קוסטר אירוסול, גבזה 4140",GB,דאודורנט רקסונה,מיליליטרים,150.00,"100 מ""ל",false,1,13.90,9.27,true,1,
8717163714850,false,"דאב - דאודורנט ספריי לאישה קוקוס ויסמין 150 מ""ל","קוסטר אירוסול, גבזה 4140",TR,דאודורנט דאב,מיליליטרים,150.00,"100 מ""ל",false,1,14.90,9.93,true,1,
8717344160025,false,דומדמניות 125גרם,BERRUE FRUITFUK FRESH BE,EC,דומדמניות 125גרם,גרמים,125.00,100 גרם,false,1,23.90,19.12,true,1,
8717677336593,false,טוניס שוקולד חלב 180 גרם רבנות - נוכרי,טוניס/שוקולונלי,NL,שוקולד חלב מעולה,גרמים,180.00,100 גרם,false,1,17.90,9.94,true,1,
8717677336616,false,שוקולד מריר עם שקדים ומלח טוניס' שוקולונלי 180 גרם,טוניס/שוקולונלי,NL,שוקולד מריר,גרמים,180.00,100 גרם,false,1,17.90,9.94,true,1,
8717677336661,false,טוניס שוקולד מריר מעולה 70% 180 גרם רבנות - נוכרי,טוניס/שוקולונלי,NL,שוקולד מריר,גרמים,180.00,100 גרם,false,1,17.90,9.94,true,1,
8717677338436,false,שוקולד חלב עם אגוזי לוז טוניס' שוקולונלי 180 גרם,טוניס/שוקולונלי,NL,שוקולד חלב מעולה,גרמים,180.00,100 גרם,false,1,17.90,9.94,true,1,
8718114734484,false,מיונז מאילי 320 גר צ,יונילבר צרפת,FR,מיונז מאיי,גרמים,320.00,100 גרם,false,0,12.90,4.03,true,1,
8718117607662,false,נוטרילון A.R תרכובת מזון מגיל לידה,נוטרישה-נוטרילון,NL,נוטרילון AR,גרמים,900.00,100 גרם,false,1,94.90,10.54,true,1,
8718951030169,false,"קולגייט סנסיטיב הלבנה המסייעת בהגנה לשיניים רגישות 75 מ""ל",קולגייט Colgate,PL,משחת קולגייט,מיליליטרים,75.00,"100 מ""ל",false,1,17.90,23.87,true,1,
8718951030206,false,"קולגייט סנסיטיב פרוטקשן משחת שיניים לשיניים רגישות 75 מ""ל",קולגייט-פלמוליב,PL,משחת קולגייט,מיליליטרים,75.00,"100 מ""ל",false,1,17.90,23.87,true,1,
8718951044913,false,מרידול משחת שיניים להלבנה 75 מל,קולגייט פלמוליב,PL,משחת מרידול,מיליליטרים,75.00,"100 מ""ל",false,1,21.90,29.20,true,1,
8718951093331,false,מרידול זוג מברשות שיניים אקסטרה סופט,קולגייט פלמוליב,CH,זוג מברשות מרידו,יחידה,1.00,יחידה,false,1,34.90,34.90,true,1,
8718951144064,false,מרידול מברשת שיניים פרודונט אקספרט זוג,"ש. שסטוביץ בע""\מ",CH,זוג מברשות מרידו,יחידה,1.00,יחידה,false,1,34.90,34.90,true,1,
8718951166561,false,משחת שיניים לרעננות מוגברת max fresh cooling crystals,הנסיך- מפעל לייצור ט,PL,משחת קולגייט מקס,מיליליטרים,125.00,"100 מ""ל",false,1,17.90,14.32,true,1,
8718951236790,false,"קולגייט טוטאל משחת שיניים קלין מינט לפה בריא 100 מ""ל",קולגייט פלמוליב,PL,קולגייט טוטל,מיליליטרים,100.00,"100 מ""ל",false,1,16.90,16.90,true,1,
8718951236806,false,"קולגייט טוטאל הלבנה משחת שיניים המסייעת בהסרת כתמים 100 מ""ל",קולגייט Colgate,PL,קולגייט טוטל,מיליליטרים,100.00,"100 מ""ל",false,1,16.90,16.90,true,1,
8718951240742,false,"קולגייט טוטאל משחת שיניים פסים מרעננים 100 מ""ל",קולגייט פלמוליב,PL,קולגייט טוטל,מיליליטרים,100.00,"100 מ""ל",false,1,16.90,16.90,true,1,
8718951265103,false,קולגייט זוג מברשת שיניים אולטרה סופט,קולגייט פלמוליב,CN,מברשות קולגייט2*,יחידה,1.00,יחידה,false,0,29.90,29.90,true,1,
8718951315303,false,"קולגייט אדומה משחת שיניים להגנה מפני עששת 2*100 מ""ל",קולגייט-פלמוליב,PL,משחת קולגייט 2יח,מיליליטרים,200.00,"100 מ""ל",false,1,19.90,9.95,true,1,
8718951361485,false,קולגייט הלבנה+פחם 75*2מל,קולגייט פלמוליב,PL,משחת קולגייט 2יח,מיליליטרים,150.00,"100 מ""ל",false,1,39.90,26.60,true,1,
8718951452527,false,סב.נוזלי לידיים סחלב700מ,קולגייט פלמוליב,IT,סבון לידיים,מיליליטרים,700.00,"100 מ""ל",false,1,14.90,2.13,true,1,
8718951454798,false,סב.ידיים פלמוליב סחלב300,קולגייט פלמוליב,IT,סבון לידיים,מיליליטרים,300.00,"100 מ""ל",false,1,10.90,3.63,true,1,
8718951454835,false,סב.נוזלי לידיים לבנדר300,קולגייט פלמוליב,IT,סבון לידיים,מיליליטרים,300.00,"100 מ""ל",false,1,10.90,3.63,true,1,
8718951477384,false,"קולגייט משחת שיניים טוטאל ג'ל מתקדם פיור 75 מ""ל",קולגייט פלמוליב,PL,משחת טוטאל ג'ל,מיליליטרים,75.00,"100 מ""ל",false,1,19.90,26.53,true,1,
8718951509627,false,"קולגייט אופטיק וייט לאוהבי קפה ותה משחת שיניים 75 מ""ל",קולגייט פלמוליב,PL,קולגייט משחה,מיליליטרים,75.00,"100 מ""ל",false,1,24.90,33.20,true,1,
8719200998001,false,מרגרינה לאפיה ובישול בלי מלח 200 ג' בלו בנד,יוניליוור ישראל מזון בע\,IL,מרגרינה בלובנד,גרמים,200.00,100 גרם,false,1,4.50,2.25,true,1,
8719200998018,false,מחמאה מרגרינה בטעם חמאה בלובנד 200 גרם,"מיוצר ע""\י יוניליוור ישר",IL,מחמאה מרגרינה,גרמים,200.00,100 גרם,false,1,4.80,2.40,true,1,
8719200998032,false,מרגרינה בטעם חמאה מזולה 250 גרם,"מיוצר ע""\י יוניליוור ישר",IL,מזולה טעם חמאה,גרמים,250.00,100 גרם,false,1,9.90,3.96,true,1,
8719987301711,false,מפיות נייר יח,,PL,מפיות נייר,יחידה,1.00,יחידה,false,1,7.90,7.90,true,1,
8720181046605,false,דאב - דאודורנט ספריי לאישה אורגינל כחול 150מל,"יוניליוור אנגליה, דרך קו",TR,דאודורנט דאב,מיליליטרים,150.00,"100 מ""ל",false,1,14.90,9.93,true,1,
8720181046612,false,"דאב - דאודורנט רול און לאישה אורגינל 50 מ""ל","יוניליוור אנגליה, דרך קו",GB,דאב רול און,מיליליטרים,50.00,"100 מ""ל",false,1,16.90,33.80,true,1,
8801055707966,false,קפה טייסטר צו'יס נס קפה בריסטה 180ג',נסטלה קוריאה - קפה,KR,טסטרס צ'וייס,גרמים,180.00,100 גרם,false,1,29.90,16.61,true,1,
8801055709465,false,אבקה להכנת משקה קפה בטעם קפוצ'ינו וניל,נסטלה קוריאה - קפה,KR,קפוצ'ינו וניל,גרמים,185.00,100 גרם,false,1,19.30,10.43,true,1,
8801055709472,false,נסטלה - נסקפה קפוצ'ינו קלאסי 12.50 גרם * 10,נסטלה קוריאה - קפה,KR,נס קפה קפוצ'ינו,גרמים,125.00,100 גרם,false,1,19.30,15.44,true,1,
8809168840471,false,חטיף אצות מיובשות 9*4.5 גרם,ג'י וואן גלובול נאט,KR,חטיף אצית,גרמים,40.00,100 גרם,false,1,24.90,62.25,true,1,
8850006331699,false,שלישיית מברשת שיניים קולגייט סלים סופט,קולגייט פלמוליב,CN,3 מברשות קולגייט,יחידה,1.00,יחידה,false,1,29.90,29.90,true,1,
8850035104080,false,תירס גמדי חתוך מי מלח425,דהפיס קנינג 1958,TH,תירס גמדי,גרמים,425.00,100 גרם,false,1,7.90,1.86,true,1,
8850161166204,false,"קרם קוקוס 17-19% 500 מ""ל - AMPAWA",אמפווה קוקונט פרודקט,TH,קרם קוקוס,מיליליטרים,500.00,"100 מ""ל",false,1,10.90,2.18,true,1,
8850180040028,false,קמח טמפורה להכנת בלי,קרנחם אוטאי פחרה,TH,טמפורה,גרמים,500.00,100 גרם,false,0,10.90,2.18,true,1,
8850206250592,false,רוטב צ'ילי סריראצ'ה 540 גרם (מזרח ומערב),יאן וואל יון קו.לטד,TH,רוטב צ'ילי סיראצ,גרמים,530.00,100 גרם,false,1,17.90,3.37,true,1,
8850367992164,false,קרם קוקוס 250 מל 20-22% ללא חומר משמר,טאפאדונגפורן קוקנט,TH,קרם קוקוס,מיליליטרים,250.00,"100 מ""ל",false,0,8.40,3.36,true,1,
8850389105825,false,משקה אלוורה בטעם ענבים סאפה 1 ליטר,סאפה פובליק קומפני לימיט,TH,סאפה ענבים,ליטרים,1.00,ליטר,false,0,13.90,13.90,true,1,
8850389105832,false,סאפה משקה אלוורה בטעם תפוח עם קוביות אלוורה 1 ליטר,סאפה פובליק קומפני לימיט,TH,סאפה תפוחים,ליטרים,1.00,ליטר,false,0,13.90,13.90,true,1,
8850389105849,false,סאפה משקה אלוורה מופחת קלוריות בטעם אפרסק 1 ליטר,סאפה פובליק קומפני לימיט,TH,סאפה אפרסק,ליטרים,1.00,ליטר,false,0,13.90,13.90,true,1,
8850389111352,false,"משקה מלון עם חתיכות גלי קוקוס 320 מ""ל מוגו מוגו",סאפה פובליק קומפני לימיט,TH,מוגו מלון קוקוס,מיליליטרים,320.00,"100 מ""ל",false,1,6.90,2.16,true,1,
8850632604259,false,"יוגטה, חיספוסים, ממתק חמוץ בצורת מקלות בטעם תות שדה,50 גרם",ג'נרל קנדי בעמ,TH,יוגטה ממתק חמוץ,גרמים,50.00,100 גרם,false,0,4.60,9.20,true,1,
8850632604372,false,"יוגטה, חיספוסים בצורת שטיח בטעם תות שדה 50 גרם",ג'נרל קנדי בעמ,TH,יוגטה ממתק חמוץ,גרמים,50.00,100 גרם,false,0,4.60,9.20,true,1,
8850632604402,false,יוגטה חיספוסים בטעם מעורב תות שדה אבטיח ענבים בננה 50 גרם,"ג'נרל קנדי בע""מ",TH,יוגטה ממתק חמוץ,גרמים,50.00,100 גרם,false,0,4.60,9.20,true,1,
8854761120116,false,צ'אבה משקה אננס 1 ליטר,,TH,משקה אננס,ליטרים,1.00,ליטר,false,1,14.10,14.10,true,1,
8854761130115,false,צ'אבה משקה עגבניות 1 ליט,,TH,משקה עגבניות,ליטרים,1.00,ליטר,false,1,14.10,14.10,true,1,
8854761370115,false,צ'אבה משקה מנדרין תפוז1ל,,TH,משקה מנדרין תפוז,ליטרים,1.00,ליטר,false,1,14.10,14.10,true,1,
8858271002870,false,רוטב פאד תאי 250 מ'ל - מקסצ'אפ,"ייאן וואל יון בע""מ",TH,רוטב פאד תאי,מיליליטרים,250.00,"100 מ""ל",false,0,11.90,4.76,true,1,
8858271002887,false,רוטב טריאקי 250 מ'ל - מקסצ'אפ,דאנינג יוה פודס קו,TH,רוטב טריאקי,מיליליטרים,250.00,"100 מ""ל",false,1,11.90,4.76,true,1,
8858271003020,false,רוטב סויה פורמולה 1 - 700 מ'ל מקסצ'אפ,יאן ונזל יון,TH,רוטב סויה,מיליליטרים,700.00,"100 מ""ל",false,0,15.90,2.27,true,1,
8858271004034,false,רוטב צ'ילי חריף 700 מ'ל מקסצ'אפ,דאנינג יוה פודס קו,TH,רוטב צ'ילי חריף,מיליליטרים,700.00,"100 מ""ל",false,0,15.90,2.27,true,1,
8858271004126,false,רוטב חמוץ מתוק 700 מ'ל - מקסצ'אפ,יאן ונזל יון,TH,רוטב חמוץ מתוק,מיליליטרים,700.00,"100 מ""ל",false,0,16.90,2.41,true,1,
8858271004300,false,רוטב טריאקי 700 מ'ל מקסצ'אפ,דאנינג יוה פודס קו,TH,רוטב טריאקי,מיליליטרים,700.00,"100 מ""ל",false,0,19.90,2.84,true,1,
8888021200256,false,סוללות אנרג'ייזר AA מקס 8 יחידות,יצרן: אנרג'ייזר סינג,SG,שמינית סוללות,יחידה,1.00,יחידה,false,0,24.90,24.90,true,1,
8888021200720,false,סוללות אנרג'ייזר AAA מקס 8 יחידות,יצרן: אנרג'ייזר סינג,SG,8 סוללות AAA,יחידה,1.00,יחידה,false,0,24.90,24.90,true,1,
8901537076679,false,"אורז בסמטי חום מהדרין ויליפוד 1 ק""ג",האי נאם סי או אל.טי.,IN,אורז בסמטי חום,קילוגרמים,1.00,"ק""ג",false,1,15.90,15.90,true,1,
8934878081811,false,"דפי אורז 22 ס""מ 400 גר'(Trav) ללא גלוטן",דאנינג יוה פודס קו,VN,דפים אורז למילוי,גרמים,400.00,100 גרם,false,0,11.90,2.98,true,1,
9000101380255,false,פרסיל דיסקס לכביסה ניקיון היגייני 22 יחידות,פרסיל Persil,HU,פרסילקפסולות,יחידה,1.00,יחידה,false,1,34.90,34.90,true,1,
9000101418163,false,"סבון אסלה בניחוח מתחלף תפוח ירוק נופר, 3 יחידות",ברף Bref,RS,ברף לאסלה 3 יח,גרמים,150.00,100 גרם,false,1,19.90,13.27,true,1,
9000101537550,false,פרסיל קאפסולות לכביסה לבנה וצבעונית 52 יח',הנקל סוד,HU,פרסיל פאוור קאפס,יחידה,1.00,יחידה,false,1,59.90,59.90,true,1,
9000101537581,false,פרסיל קאפסולות לכביסה צבעונית 52 יחידו,הנקל סוד,HU,פרסיל פאוור קאפס,יחידה,1.00,יחידה,false,1,59.90,59.90,true,1,
9002975393812,false,סוכריות גילי הריבו האפי צירי 70 גרם,"האריבו , ג'\י.אם.בי.אייץ",AT,סוכריות הריבו,יחידה,1.00,יחידה,false,0,6.90,6.90,true,1,
9002975393836,false,סוכריות גילי הריבו האפי קולה 70 גרם,"האריבו , ג'\י.אם.בי.אייץ",AT,סוכריות הריבו,יחידה,1.00,יחידה,false,0,6.90,6.90,true,1,
9002975393843,false,סוכריות גילי הריבו גולדברס 70 גרם,"האריבו , ג'\י.אם.בי.אייץ",AT,סוכריות הריבו,יחידה,1.00,יחידה,false,0,6.90,6.90,true,1,
9002975393850,false,סוכריות גילי הריבו וורמס 70 גרם,"האריבו , ג'\י.אם.בי.אייץ",AT,סוכריות הריבו,יחידה,1.00,יחידה,false,0,6.90,6.90,true,1,
9005800343143,false,"ניוואה מן אפטר-שייב קול קיק פרש 100 מ""ל",ניואה,DE,אפטר שייב ניוואה,מיליליטרים,100.00,"100 מ""ל",false,1,37.90,37.90,true,1,
9007829022023,false,"סוכר לבן סטודן 1 ק""ג","אגרנה צוקר בע""מ",AT,"סוכר לבן 1 ק""ג",קילוגרמים,1.00,"ק""ג",false,1,4.90,4.90,true,1,
9120025834723,false,חטיף אוראו מצונן 120 גרם,בובארד איטליה אס.פי.,IT,חטיף אוראו מצונן,גרמים,120.00,100 גרם,false,1,15.00,12.50,true,1,
9120025839896,false,חטיף מילקה מצונן 128 גרם,בובארד איטליה אס.פי.,IT,חטיף מילקה מצונן,גרמים,120.00,100 גרם,false,1,15.00,12.50,true,1,
9120097310545,false,חטיף מיני מיניונים מצונן 102.5 ג' CHOCO BITE,בובארד,IT,חטיף מצונן,גרמים,102.00,100 גרם,false,1,15.00,14.71,true,1,
9310072028743,false,טים טם ביסקוויט במילוי שוקולד 200 גרם,"ארנוטס ביסקוויטס בע""",AU,טים טם אורגינל,גרמים,200.00,100 גרם,false,1,19.90,9.95,true,1,
9310072028750,false,טים טם Tim Tam וופל שוקולד ציפוי כפול,"ארנוטס ביסקוויטס בע""",AU,טים טם דאבל,גרמים,200.00,100 גרם,false,1,19.90,9.95,true,1,
9322969000015,false,פריכיות תירס בטעם אורגינל ריל פודס 150 ג',אף.סי תבליני בגליל ב,AU,פריכיות תירס,גרמים,150.00,100 גרם,false,0,12.80,8.53,true,1,
9322969000022,false,"ריל פוד פריכיות תירס עם סויה וזרעי פשתן, ללא גלוטן 150 גרם",אף.סי תבליני בגליל ב,AU,פריכיות תירס,גרמים,150.00,100 גרם,false,0,12.80,8.53,true,1,
9322969000039,false,פריכיות תירס 150 גרם עם 5 סוגי דגנים,ריאל פודס בעמ,AU,פריכיות תירס,גרמים,150.00,100 גרם,false,1,12.80,8.53,true,1,
9322969000046,false,פריכיות תירס שומשום אורגני ריל פודס 150 ג',אף.סי תבליני בגליל ב,AU,פריכיות תירס,גרמים,150.00,100 גרם,false,0,12.80,8.53,true,1,
