code,internal_code,name,manufacturer_name,manufacture_country,manufacturer_item_description,unit_qty,quantity,unit_of_measure,weighted,qty_in_package,price,unit_of_measure_price,allow_discount,status,item_id
12982873,false,פילה אמנון קפוא 7-9,,,פילה אמנון קפוא 7-9,קילוגרמים,1.00,"ק""ג",true,,29.90,29.9000,true,1,201601
18389423,false,סינטה עגל,,,סינטה עגל,קילוגרמים,1.00,"ק""ג",true,,129.00,129.0000,true,1,245006
18389430,false,סינטה עגל,,,סינטה עגל,קילוגרמים,1.00,"ק""ג",true,,129.00,129.0000,true,1,245007
18389621,false,סינטה עגל,,,סינטה עגל,קילוגרמים,1.00,"ק""ג",true,,129.00,129.0000,true,1,245008
18389638,false,סינטה עגל,,,סינטה עגל,קילוגרמים,1.00,"ק""ג",true,,129.00,129.0000,true,1,245009
32147230,false,"מיץ לימון משומר 200מ""ל(לימונית אקסטרא)",ג'נרל מילס סאן אדריא,CH,מיץ לימון סיצילייה 2,,200.00,,false,,8.90,0.0445,true,1,207095
40099132,false,מסטיק הובה בובה Hubba Bubba בטעם תות,הובה בובה Hubba Bubba,DE,הובה בובה צאנק תות 3,,35.00,,false,,3.50,0.1000,true,1,213763
40111216,false,באונטי חטיף קוקוס ושוקולד 57ג',"נארז ע""י : א.ג. גילר",NL,באונטי חטיף 57גר,,57.00,,false,,3.90,0.0684,true,1,206050
42101666,false,איירוייבז מנטה ואקליפטוס בקופסה 25 יח HP,ריגלי,GB,אירוייז מנטה ואקליפט,יחידה,0.00,יחידה,false,,5.90,0.0000,true,1,213769
42123866,false,מסטיק הובה בובה צ'אנק פירות קלאסי 35ג',הובה בובה Hubba Bubba,,הובה בובה קלאסי צ'אנ,,35.00,,false,,3.50,0.1000,true,1,213776
42154662,false,אורביט באריזת מעטפה ספירמינט מסטיק,ריגלי צרפת,FR,אורביט מעטפה בטעם ספ,,27.00,,false,,6.50,0.2407,true,1,213783
42182115,false,אורביט פייב ספירמינט 12 סטיקס 29 גר,ריגלי צרפת,FR,פייב ספירמינט סטיקס,,29.00,,false,,7.50,0.2586,true,1,213798
42306788,false,איירוייבז אוכמניות ומנטה בקופסה 25 יח HP,ריגלי,GB,איירוייז אוכמניות ומ,,35.00,,false,,6.20,0.1771,true,1,213832
59079798,false,"רקסונה - דאודורנט רול און לאישה אנטי פרספירנט שאוור 50 מ""ל",רקסונה Rexona,GB,רקסונה רול און שאור,,50.00,,false,,14.90,0.2980,true,1,224166
72940754,false,"מילקי מעדן וניל עם קצפת שטראוס 133 מ""ל","שטראוס גרופ בע""מ",IL,"מילקי וניל 170 מ""ל",,170.00,,false,,2.90,0.0171,true,1,195404
72940761,false,"מילקי מעדן שוקולד עם קצפת שטראוס 133 מ""ל",מיוצר עי קונדיטוריית,IL,מילקי שוקולד מהדרין,,170.00,,false,,2.90,0.0171,true,1,195405
72940952,false,מעדן מילקי בטעם שוקולד עם אקסטרה קצפת,"שטראוס גרופ בע""מ",IL,מילקי פי 2 קצפת מהדר,,110.00,,false,,3.90,0.0355,true,1,195407
72940976,false,סלט כרוב אדום אחלה 250 גרם,מיוצר עי קונדיטוריית,IL,כרוב אדום אחלה 250גר,,250.00,,false,,8.50,0.0340,true,1,195409
72941041,false,מעדן מילקי מיני בטעם שוקולד עם קצפת,"שטראוס גרופ בע""מ",IL,מיני מילקי שוקולד 70,,70.00,,false,,2.30,0.0329,true,1,195411
72945308,false,קוביות שמרים לאפיה שמרית 2*25 ג',"פאקא תעשיות בע""מ",IL,שמרית קוביות שמרים ל,,50.00,,false,,4.30,0.0860,true,1,195412
72961223,false,"גילה גדול 200 מ""ל",תנובה מרכז שיתופי לש,IL,"גילה 200 מ""ל",,200.00,,false,,1.51,0.0076,true,1,188726
72961506,false,יוגורט עם תות 1.5% שומן 125 ג' פרילי,מיוצר עי קונדיטוריית,IL,פרילי תות 1.5% 125גר,,125.00,,false,,3.70,0.0296,true,1,188727
72961520,false,"פרילי יוגורט עם אננס 1.5% תנובה 125 מ""ל",מיוצר עי קונדיטוריית,IL,פרילי אננס 1.5% 125ג,,125.00,,false,,3.70,0.0296,true,1,188729
72961544,false,"באדי יוגורט בטעם תות שדה 3% תנובה 125 מ""ל",מחלבת אלון תבור,IL,באדי תות 125מל,,125.00,,false,,3.10,0.0248,true,1,188730
72964132,false,פרילי טבע עם גרנולה 1.5% 200מל,מיוצר עי קונדיטוריית,IL,פרילי טבעי עם גרנולה,,150.00,,false,,5.50,0.0367,true,1,188739
72964422,false,תנובה יוגורט פרחים 4.5% 200מל,מחלבת תנובה,IL,יוגורט פרחים תנובה 4,,200.00,,false,,3.00,0.0150,true,1,188741
72986233,false,באדי מעדן וניל גביע 125גרם 2% בדצ,מחלבת אלון תבור,IL,באדי וניל בדץ 125מל,,125.00,,false,,3.10,0.0248,true,1,188744
72986240,false,באדי מעדן שוקו גביע 125גרם 2% בדצ,מחלבת אלון תבור,IL,באדי שוקו בדץ 125מל,,125.00,,false,,3.10,0.0248,true,1,188745
72986370,false,"גלידת בן & ג'ריס פיינטים וניל 500מ""ל",מוצרי איכות אמריקאים,IL,בן&גריס גלידה פיינטי,,420.00,,false,,24.90,0.0593,true,1,174022
72986424,false,"גלידת בן & ג'ריס פיינטים קרם עוגיות 500מ""ל",מוצרי איכות אמריקאיי,IL,בן&גריס גלידה פיינטי,יחידה,420.00,יחידה,false,,24.90,0.0593,true,1,174023
72986448,false,"גלידת בן & ג'ריס פיינטים טופי קראנץ 500מ""ל",מוצרי איכות אמריקאיי,IL,בן&גריס גלידה טופי ק,יחידה,420.00,יחידה,false,,24.90,0.0593,true,1,174024
72986479,false,"גלידה שוקולד אגוז עם בננות בן וג'ירי 500 מ""ל",מוצרי איכות אמריקאיי,IL,בן&גריס גלידה צאנקי,,420.00,,false,,24.90,0.0593,true,1,174026
72989425,false,"גלידת בן & ג'ריס פיינטים שוקולד בראוניז 500מ""ל",מוצרי איכות אמריקאיי,IL,בן&גריס גלידה פיינטי,יחידה,500.00,יחידה,false,,24.90,0.0498,true,1,174027
72991886,false,"גלידת דולצ'ה בטעם ריבת חלב עם פאדג' בן וג'ירי 500 מ""ל",מוצרי איכות אמריקאיי,IL,בן&גריס גלידה ריבת ח,,750.00,,false,,24.90,0.0332,true,1,174028
72993637,false,מעדן חלב בטעם שוקולד 125 ג' דני,מחלבת אחיהוד,IL,דני מהדרין שוקו בודד,,125.00,,false,,2.80,0.0224,true,1,195429
80001287,false,וופל חטיף לואקר אגוז 38 גר',ליימן מותגים,AT,גרדנה חטיף אגוז 38גר,,38.00,,false,,4.60,0.1211,true,1,191696
80001461,false,לואקר חטיף שוקולד 38 גר',"א. לואקר קונפקט בע""מ",AT,גרדנה שוקולד מר 38גר,,38.00,,false,,4.70,0.1237,true,1,191701
80042556,false,POLPA עגבניות חתוכות דק 400 גרם MUTTI,"איי, בי, אינבוו",IT,עגבניות חתוכות מוטי,,400.00,,false,,16.90,0.0422,true,1,214100
80042563,false,רסק עגבניות 700 ג' (צהוב) MUTTI,"איי, בי, אינבוו",IT,רסק עגבניות 700גר (צ,,700.00,,false,,14.90,0.0213,true,1,214631
80050025,false,סוכריות טיק טק בטעם תפוז,קריות זול,ZA,טיק טק תפוז 16גר,,16.00,,false,,3.90,0.2437,true,1,213980
80050124,false,סוכריות טיק טק בטעם מנטה,קריות זול,ZA,טיק טק מנטה 16גר,,16.00,,false,,3.90,0.2437,true,1,213981
80052760,false,קינדר בואנו Kinder Bueno עם חלב ואגוזי לוז,קריות זול,PL,קינדר בואנו 43גר,,43.00,,false,,4.90,0.1140,true,1,213988
80136194,false,חטיפי הפי היפו Happy Hippo במילוי קרם חלבי ואגוזי לוז,קינדר Kinder,DE,הפי היפו אגוזי לוז 5,יחידה,0.00,יחידה,false,,14.90,0.0000,true,1,228959
80177173,false,ממרח אגוזי לוז עם קקאו,נוטלה Nutella,IT,נוטלה ממרח 350 גרם,,350.00,,false,,14.90,0.0426,true,1,213993
80177609,false,אצבעות שוקולד קינדר Kinder ארבע יחידות,קריות זול,IT,קינדר אצבעות שוקולד,,50.00,,false,,5.00,0.1000,true,1,213995
80177616,false,אצבעות שוקולד קינדר Kinder שמונה יחידות,קריות זול,IT,קינדר אצבעות שוקולד,,100.00,,false,,8.90,0.0890,true,1,213996
80310891,false,ג'וי ביצת הפתעה קינדר 20 גרם,קריות זול,ZA,קינדר ג'וי 20 גרם,,20.00,,false,,6.50,0.3250,true,1,250101
80761761,false,קינדר בואנו לבן בודד 39 גרם,ליימן שליסל,PL,קינדר בואנו לבן 39גר,,39.00,,false,,4.90,0.1256,true,1,213999
80773429,false,מנטוס בקבוק מעוגל - מסטיק ללא סוכר בטעם תות 60 גרם,פרפטי ואן מלה הולנד,NL,מסטיק מנטוס פיור פרש,,60.00,,false,,9.90,0.1650,true,1,232892
80773443,false,מנטוס בקבוק מעוגל - מסטיק ללא סוכר בטעם מנטה 60 גרם,פרפטי ואן מלה הולנד,NL,מסטיק מנטוס בקבוק מע,,60.00,,false,,9.90,0.1650,true,1,221557
80776307,false,מסטיק מנטוס ביג בבקבוק מעוגל טעם פירות מנטה 90 ג',פרפטי ואן מלה הולנד,NL,מנטוס מסטיק ביג בקבו,,90.00,,false,,18.90,0.2100,true,1,221555
80780595,false,מסטיק מנטוס ביג בבקבוק מעוגל טעם מנטה-עדינה 90 ג',פרפטי ואן מלה הולנד,TR,מנטוס מסטיק ביג בקבו,,90.00,,false,,18.90,0.2100,true,1,221554
80790990,false,מסטיק מנטוס בבקבוק מעוגל בטעם פירות -מנטה 60 ג',פרפטי ואן מלה הולנד,NL,מסטיק מנטוס בקבוק מע,,60.00,,false,,9.90,0.1650,true,1,221558
80843184,false,מנטוס מסטיק פיור פרש בטעם ענבים 60גר,פרפטי ואן מלה הולנד,NL,מסטיק מנטוס פיור פרש,,60.00,,false,,9.90,0.1650,true,1,246374
80896081,false,מנטוס בקבוק מעוגל - מסטיק ללא סוכר בטעם אבטיח 60 גרם,פרפטי ואן מלה הולנד,NL,מנטוס מסטיק פיור פרש,,60.00,,false,,9.90,0.1650,true,1,232893
80913467,false,מנטוס בקבוק מעוגל - מסטיק ללא סוכר בטעם מנטה,פרפטי ואן מלה הולנד,NL,מסטיק מנטוס בבקבוק מ,,60.00,,false,,9.90,0.1650,true,1,221559
80974215,false,מסטיק מנטוס פיור פרש בבקבוק ביג בטעם תות 90ג',פרפטי ואן מלה הולנד,NL,מסטיק מנטוס פיור פרש,,90.00,,false,,18.90,0.2100,true,1,240554
80995128,false,מנטוס - מסטיק בטעם הדרים בתוספת ויטמינים 60 גרם,פרפטי ואן מלה הולנד,TR,מנטוס מסטיק בטעם הדר,,60.00,,false,,9.90,0.1650,true,1,250271
87108651,false,סוכריות בטעם מנטה מנטוס 4*37.5 גרם,הדקלאים אגודת שיתופי,NL,סוכריות מנטוס מנטה ר,,37.50,,false,,12.90,0.3440,true,1,191751
87108712,false,סוכריות בטעם פירות מנטוס 4*37.5 גרם,פרפטי ואן מלה ברדה,NL,סוכריות מנטוס רביעיי,,37.50,,false,,12.90,0.3440,true,1,191752
87354041,false,סוכריות מנטוס גליל בטעם דובדבן,פרפטי ואן מלה,NL,מנטוס גליל דובדבן בו,,37.50,,false,,3.90,0.1040,true,1,245558
90087974,false,חומץ טבעי מתפוחים 750 מל,ראוך פרוכטסאפה,AT,חומץ תפוחים 5% 750מל,,750.00,,false,,13.90,0.0185,true,1,174713
8112100298,false,שמן שומשום טהור 185 מ'ל (כ),Flavor full foods in,TW,שמן שומשום טהור 185מ,,185.00,,false,,15.90,0.0859,true,1,205347
9800800056,false,חטיף שוקולד עם מקלות לחם אנד גו,נוטלה Nutella,DE,נוטלה&גו חטיף 52גר,,52.00,,false,,6.50,0.1250,true,1,214003
11210006508,false,רוטב פלפל הבנרו חריף טבסקו 60 מל,מקאילהייני Mc.Ilhenn,US,טבסקו הבנרו אקסטרא ח,,60.00,,false,,15.90,0.2650,true,1,222032
11210007253,false,"רוטב ""טבסקו"" על בסיס פלפל אדום ושום 60 מ""ל",מקאילהייני אייבורי,US,טבסקו שום 60מל,,60.00,,false,,10.90,0.1817,true,1,174476
11210009387,false,"רוטב פלפל ירוק טבסקו 60 מ""ל",מקאילהייני אייבורי,US,טבסקו ירוק 60מל,,60.00,,false,,10.90,0.1817,true,1,174477
16000423534,false,חטיפי גרנולה קראנצ'י עם שיבולת שועל ושוקולד מריר נייצ'ר ואלי 5*42 גרם,ג'נרל מילס סאן אדריא,ES,ניטשר וואלי חטיף שיב,,210.00,,false,,22.50,0.1071,true,1,191775
16000548503,false,חטיפי גרנולה קראנצ'י עם מייפל וסוכר חום נייצ'ר ואלי 5*42 גרם,ג'נרל מילס סאן אדריא,ES,ניטשר וואלי חטיף קרא,,210.00,,false,,22.50,0.1071,true,1,191787
18000701223,false,"פילסברי, עוגה בטעם שוקולד, תערובת להכנת עוגה בטעם שוקולד. 500 גרם",הדקלאים אגודת שיתופי,IL,תערובת עוגת שוקולד פ,,550.00,,false,,19.90,0.0362,true,1,191793
18000766413,false,"פילסברי, עוגה בטעם שוקולד, תערובת להכנת עוגה בטעם שוקולד. 550 גרם.",הדקלאים אגודת שיתופי,IL,תערובת עוגת בראוניס,,550.00,,false,,19.90,0.0362,true,1,191796
22200956932,false,דאודורנט ספיד סטיק גל 24/7 כחול 85 גר,הנסיך- מפעל לייצור ט,US,ספיד סטיק 24/7 ג'ל כ,,85.00,,false,,21.90,0.2576,true,1,185346
22200956949,false,דאודורנט ג'ל כתום לגבר ספיד סטיק 85 גרם,קולגייט פלמוליב,BY,ספיד סטיק 24/7 ג'ל כ,,85.00,,false,,21.90,0.2576,true,1,185347
25675301184,false,חמצוצים מקלות חמוצים קולה 50 גרם,פשקז Paskesz,NL,מקלות חמוצים קולה 50,,50.00,,false,,5.90,0.1180,true,1,199552
29424000687,false,גלילי וופל אגוז 100 גר' מנעמים,מנעמים,,גלילי וופל אגוז מנעמ,,100.00,,false,,5.90,0.0590,true,1,190644
33200147701,false,פרש&סופט דפים למייבש בניחוח טרופי 100 יח,פרש אנד סופט Frash'n soft,US,פרש & סופט ורוד 100י,,100.00,,false,,29.90,0.2990,true,1,185351
37600207188,false,חמאת בוטנים סקיפי קלאסי 462 גרם,חברת המזון אלגוד,US,חמאת בוטנים קלאסי סק,,462.00,,false,,24.90,0.0539,true,1,179154
37600207256,false,חמאת בוטנים סקיפי עם שברי בוטנים 462 גרם,חברת המזון אלגוד,US,חמאת בוטנים עם שברי,,462.00,,false,,24.90,0.0539,true,1,179155
38000138638,false,חטיף צ'יפס פרינגלס פיצה 158 גרם,פרינגלס מנופקצורינג,US,פרינגלס פיצה 158גר,,158.00,,false,,11.90,0.0753,true,1,220445
38000232152,false,פרינגלס חטיפי תפוח אדמה בטעם ברביקיו 158 גרם,פרינגלס מניופקצ'ורינ,US,פרינגלס ביג ברביקיו,,158.00,,false,,11.90,0.0753,true,1,224134
38000232176,false,פרינגלס ביג שמנת בצל 158 גרם,פרינגלס מניופקצ'ורינ,US,פרינגלס ביג שמנת ובצ,,149.00,,false,,11.90,0.0799,true,1,224135
38000232183,false,פרינגלס ביג אורגינל 149 גרם,פרינגלס מניופקצ'ורינ,US,פרינגלס ביג אורגינל,,149.00,,false,,11.90,0.0799,true,1,224136
38527591053,false,קואקר דגנים מרובעים שיבולת שועל וקינמון,BEVERAGES FOODS & SE,US,דגני בוקר קוואקר מרו,,412.00,,false,,22.90,0.0556,true,1,184106
40000513568,false,סוכריות אם אנד אמס M&M שוקולד חלב,M&M אם אנד אם,US,אמ&אמס אריזה גדולה ש,,156.00,,false,,11.90,0.0763,true,1,224658
42400108153,false,דגני בוקר צבעוניים בטעם פירות טוטי פרוטיס,פוסט ארצות הברית,US,דגני פוסט טוטי פרוטי,,354.00,,false,,24.90,0.0703,true,1,222302
46214382259,false,עוגיות בראוניס שוקולד 225 ג',בנקטבקריי מרבה בי.וי,NL,עוגיות בראוניס שוקול,,200.00,,false,,12.90,0.0645,true,1,185359
46214731552,false,עוגיות שוקולד ציפס מובחרות 225 ג',קריניציה ויטמינה אס,NL,עוגיות שוקולד ציפס ע,,225.00,,false,,12.90,0.0573,true,1,185360
47400179660,false,מאך 3 סכיני גילוח 4י,,,מאך 3 סכיני גילוח 4י,יחידה,0.00,יחידה,false,,29.90,0.0000,true,1,208193
49022698499,false,מגן תחתון וולגרין 18,,,תחתוניות וולגרין 18,,6.00,,false,,3.90,0.6500,true,1,224702
50000168583,false,"פריסקיז אקסטרא קראנץ 1.47 ק""ג",פריסקיז,US,פריסקיז אקסטרא קראנץ,,1430.00,,false,,39.90,0.0279,true,1,245567
50000292592,false,פנסי פיסט לחתול סלמון וסול ברוטב עשיר 85ג',נסטלה פורינה USA סט,US,פנסי פיסט סלמון וסול,,85.00,,false,,6.50,0.0765,true,1,176085
50000429042,false,מזון חתולים כבד מעודן ועוף פנסי פיסט 85 גרם,נסטלה פורינה USA ג',US,פנסי פיסט כבד עם מעד,,85.00,,false,,6.50,0.0765,true,1,176094
50000429448,false,פנסי פיסט מוס סלומון 85 גרם,נסטלה פורינה USA סט,US,פנסי פיסט מוס סלמון,,85.00,,false,,6.50,0.0765,true,1,176096
54881000055,false,תה שחור מבחר פירות 20 שקיות אחמד,אחמד תה אנגליה,,תה אנגלי שחור מחר פי,יחידה,0.00,יחידה,false,,9.90,0.0000,true,1,237029
54881005654,false,תה ירוק יסמין 20 שקיות AHMAD TEA,אחמד תה אנגליה,AE,תה אנגלי ירוק יסמין,יחידה,0.00,יחידה,false,,9.90,0.0000,true,1,237034
54881008174,false,תה אחמד ארל גריי 100 שקיקים,תה אחמד Ahmad tea,AE,תה ארל גריי אחמד 100,יחידה,0.00,יחידה,false,,16.90,0.0000,true,1,174741
55369902564,false,אפלסנקס רביעיות רסק תפוחי עץ ללא תוספת סוכר עברית,ליייהי אורצ'רדס,CA,"רסק תפו""ע ללא סוכר ר",,452.00,,false,,15.90,0.0352,true,1,174495
64144090020,false,"ספריי שמן PAM בטעם שמן זית 141 מ""ל",קונאגרה פודס,US,תרסיס שמן פאם שמן זי,,141.00,,false,,19.90,0.1411,true,1,191827
73490129919,false,ביסקוויט ביס קסטה הדר 250 גרם,אפיפית נצרת,IL,ביסקוויט קסטה 250 גר,,250.00,,false,,7.90,0.0316,true,1,202400
73490130359,false,קרקר קרם קרקר רגיל 2,אפיפית נצרת,IL,קרם קרקר 250גר,,250.00,,false,,7.50,0.0300,true,1,202401
73490130946,false,ביסקויט פתי בר בטעם וניל 500 גרם,אפיפית נצרת,IL,פתי בר וניל 500 גרם,,500.00,,false,,8.90,0.0178,true,1,202402
73490130953,false,ביסקויט בטעם שוקולד 500 גרם,אפיפית נצרת,IL,פתי בר שוקו 500 גרם,,500.00,,false,,8.90,0.0178,true,1,202403
76840002542,false,"גלידת בן & ג'ריס פיינט נטפליקס וצ'ילד 500מ""ל",מוצרי איכות אמריקאים,IL,בן&גריס גלידה פיינט,יחידה,0.00,יחידה,false,,24.90,0.0000,true,1,232587
76840100156,false,"בן אנד גריס גלידת צרי גרסיה 500 מ""ל",מוצרי איכות אמריקאיי,IL,בן&גריס גלידה שמנת ע,,473.00,,false,,24.90,0.0526,true,1,174038
76840100583,false,"גלידת וניל עם בצק עוגיות בן וג'ירי 473 מ""ל",מוצרי איכות אמריקאיי,IL,בן&גריס גלידה וניל+ב,,473.00,,false,,24.90,0.0526,true,1,174041
77343000233,false,נרות חימום 50 יחידות,"מנורה שי נר בע""מ",IL,להבונים 50יח,יחידה,0.00,יחידה,false,,9.90,0.0000,true,1,173425
77975036976,false,מטבל עגבניות בחריפות עדינה סניידרס 439 ג',סניידרס Snyder's,US,מטבל עגבניות בחריפות,,439.00,,false,,18.90,0.0431,true,1,191840
77975094631,false,סנדביץ בייגלה במילוי קרם בטעם צ'דר 226 גרם סניידרס,סניידרס Snyder's,US,בייגלה סניידרס גבינה,,266.00,,false,,16.90,0.0635,true,1,237727
77975094761,false,סניידרס חטיפים על בסיס קמח חיטה בטעם גבינת צ'דר,סניידרס Snyder's,US,שברי בייגל בטעם גבינ,,340.00,,false,,16.90,0.0497,true,1,245046
77975095157,false,סניידרס שברי בייגלה וחלפיניו 340 גרם,סניידרס Snyder's,US,סניידרס שברי בייגלה,,318.00,,false,,16.90,0.0531,true,1,248823
80518532743,false,חבילת בלונים (50 יח') פסטל בסטרים,NORTHERN,CN,בלוני גומי רמה 3,יחידה,0.00,יחידה,false,,11.90,0.0000,true,1,186598
645173911038,false,קורנישון מלפפוןן מיני 720 גרם - תומר,קלמן אינדיה,IN,קורנישון מיני 720גר,,720.00,,false,,12.90,0.0179,true,1,174752
649660432020,false,היל ויו שזיפים מיובשים מגולענים 567 גרם,היליו פאקינג קוסמי א,US,שזיפים מיובשים 567גר,,567.00,,false,,29.90,0.0527,true,1,220624
651080161510,false,פלקרס פולסר לשיניים צפופות-מנטה 35 יחידו,מיוצר עי קונדיטוריית,CN,"פלקסר ""פלוסר"" חוט דנ",יחידה,0.00,יחידה,false,,10.90,0.0000,true,1,241584
651080647519,false,"פלאקרס ""פלוסר ""חוט דנטלי ירוק -מנטה","פלקרס רנור ארה""ב",US,"פלאקרס ""פלוסר"" חוט ד",יחידה,0.00,יחידה,false,,10.90,0.0000,true,1,241585
693493116886,false,מבחר פרנה /זעתר,,,מבחר פרנה /זעתר,יחידה,0.00,יחידה,false,,13.90,0.0000,true,1,247204
710069006867,false,הדר-עוגיות סנדוויץ הדר 150 גרם וניל,קריות זול,,ביסקויט סנדוויץ בטעם,,150.00,,false,,3.90,0.0260,true,1,202405
728229124771,false,טרה חטיף על בסיס בטטה בטעם ברביקיו 110 גרם,היין פיוצ'ור נטורל פ,IN,ציפס חטיף טרה בטטה ט,,110.00,,false,,15.90,0.1445,true,1,214119
729011726254,false,דונאטס מצופה,,,דונאטס מצופה,יחידה,0.00,יחידה,false,,5.90,0.0000,true,1,250713
768404001640,false,"גלידה בן&ג'ריס קפה משפחתית 500מ""ל",מוצרי איכות אמריקאיי,IL,בן&גריס גלידה פיינטס,,473.00,,false,,24.90,0.0526,true,1,174062
835811005728,false,עלים לעוגת קרמשניט 400 גרם,"רונית מאפים בע""מ",IL,עלים לקרמשניט 2*200ג,,300.00,,false,,19.90,0.0663,true,1,191344
839762000641,false,משקה איילנד מנגו נקטר 1 ל',"פאראגאלה,דה אג'יפשן",EG,איילנד נקטר מנגו 1לי,,1000.00,,false,,13.90,0.0139,true,1,172882
839762000658,false,איילנד גויאבה המשקה של חופי סיני 1 ליטר,The Egyptian Co. for,EG,איילנד נקטר גויאבה 1,,1000.00,,false,,13.90,0.0139,true,1,172883
856591000055,false,עוגיות מזרחיות קריספי שרוף במיוחד,עבאדי,IL,עוגיות עבאדי מזרחיות,,400.00,,false,,19.90,0.0497,true,1,190660
856591000062,false,עוגיות מזרחיות עם מלח עבאדי 400 גרם,מאפיית יוסף ושמחה עב,IL,עוגיות עבאדי מזרחיות,,400.00,,false,,19.90,0.0497,true,1,190661
856591000109,false,עוגיות מזרחיות פריך במיוחד עבאדי 400 גרם,מאפיית יוסף ושמחה עב,IL,עוגיות עבאדי עוגיות,,400.00,,false,,19.90,0.0497,true,1,190665
856591000512,false,עוגיות מזרחיות מקלונים עם שומשום עבאדי 400 גרם,מאפיית יוסף ושמחה עב,IL,עוגיות מזרחיות מקלות,,400.00,,false,,19.90,0.0497,true,1,190679
884912102102,false,דגני בוקר פוסט סלקט אוכמניות 382 גר,הנסיך- מפעל לייצור ט,US,דגני פוסט בלובלרי מו,,382.00,,false,,26.90,0.0704,true,1,242008
884912111715,false,דגני פוסט האני קומב 354 גר,פוסט ארצות הברית,US,דגני פוסט האני קומב,,354.00,,false,,24.90,0.0703,true,1,249061
884912117625,false,דגני שלווה מצופים בדבש Golden Crisp,הנסיך- מפעל לייצור ט,US,דגני פוסט גולדן קריס,,418.00,,false,,24.90,0.0596,true,1,234136
884912129512,false,דגני בוקר קוקו פבלס פלינסטון 311 גר,פוסט לקיוויל,US,*מבצע* דגני פוסט קוק,,311.00,,false,,20.00,0.0643,true,1,203469
884912359414,false,דגני בוקר האני באנצס קינמון 340 ג' POST,פוסט ארצות הברית,US,*מבצע* דגני פוסט האנ,,340.00,,false,,16.90,0.0497,true,1,249057
884912359421,false,דגני בוקר האני באנצס פקאן ומייפל 340 ג' POST,פוסט ארצות הברית,US,*מבצע* דגני פוסט האנ,,340.00,,false,,16.90,0.0497,true,1,249058
884912359483,false,דגני בוקר האני באנצס תות 312 ג' POST,פוסט ארצות הברית,US,דגני פוסט האני בנצ'ס,,312.00,,false,,24.90,0.0798,true,1,249059
884912365200,false,דגני בוקר אוראו שחור ולבן 311 גרם,פוסט ארצות הברית,US,דגני בוקר אוראו 311,,311.00,,false,,21.90,0.0704,true,1,249980
884912377142,false,דגני בוקר האני באנצס וניל 340 ג' POST,פוסט ארצות הברית,US,*מבצע* דגני פוסט האנ,,340.00,,false,,16.90,0.0497,true,1,249060
887930411553,false,סוללה קודאק 016 1555,,,סוללה קודאק 016 1555,יחידה,0.00,יחידה,false,,13.90,0.0000,true,1,250151
887930411560,false,סוללה קודאק 2025 156,,,סוללה קודאק 2025 156,יחידה,0.00,יחידה,false,,13.90,0.0000,true,1,250152
887930416473,false,נורות לד קודאק A60 א,,,נורות לד קודאק A60 א,יחידה,0.00,יחידה,false,,11.90,0.0000,true,1,239749
3010470158221,false,פריסקיז פטה עוף וירק,ניו פטפוד איטליה,IT,פריסקיז פטה עוף וירק,,400.00,,false,,9.90,0.0248,true,1,224119
3014260262709,false,סכין גילוח ונוס לנשים 4 יחידות,ג'ילט ונוס Gillette Venus,DE,וונוס סכיני גילוח 4י,יחידה,0.00,יחידה,false,,39.90,0.0000,true,1,208201
3014260287030,false,סכיני גילוח חד פעמי חמישיה gullette,פרוקטר אנד גמבל,MD,גילט סכיני גילוח חד,יחידה,0.00,יחידה,false,,9.90,0.0000,true,1,208202
3014260289287,false,סכין גילוח גילט בלו 2 לנשים-חמישייה,פרוקטר אנד גמבל,RU,גילט בלו סכיני גילוח,יחידה,0.00,יחידה,false,,9.90,0.0000,true,1,203650
3046920029759,false,לינדט אקסלנס 90% מוצקי קקאו 100 גרם,לינדט ושפרונגלי ג'י.,DE,שוקולד לינדט אקסלנס,,100.00,,false,,15.90,0.1590,true,1,191064
3059943015104,false,"אירוויק מבשם אויר נטול גז בניחוח פריסיה ויסמין 345 מ""ל",איירוויק Air Wick,PL,איירויק נטול גז פריס,,345.00,,false,,15.90,0.0461,true,1,200020
3059943015128,false,מבשם אוויר נטול גז אקווה מיסט בניחוח לבנדר פראי ואוויר הרים,הדקלאים אגודת שיתופי,PL,איירוויק ספריי נטול,,345.00,,false,,15.90,0.0461,true,1,200021
3059943016507,false,"אירוויק ספריי בניחוח לבנדר וקמומיל 240 מ""ל",איירוויק Air Wick,GB,איירוויק ספריי לבנדר,,240.00,,false,,10.90,0.0454,true,1,200022
3059943016569,false,"אירוייק ספריי בניחוח פריסיה ויסמין 240 מ""ל",איירוויק Air Wick,GB,איירוויק ספריי פריסי,,240.00,,false,,10.90,0.0454,true,1,200025
3387390320244,false,פיטנס דגני בוקר מחיטה מלאה עם פירות נסטלה 375 גרם,נסטלה צרפת איטנקורט,FR,פיטנס פירות 375גר,,375.00,,false,,23.90,0.0637,true,1,176107
3574660239911,false,טמפונים או בה פרו קומפורט סופר 32 יח,פארמה דיל,,אובה טמפונים פרוקומפ,,32.00,,false,,19.90,0.6219,true,1,224425
3574660389128,false,ליסטרין שטיפת פה קול מינט טעם מעודן 500,General,,ליסטרין מי פה קול מי,,500.00,,false,,19.90,0.0398,true,1,250192
3574660389142,false,"ליסטרין מי פה ירוק פרש בורסט 500 מ""ל",,,ליסטרין מי פה פרש יר,,500.00,,false,,19.90,0.0398,true,1,250195
3574660415506,false,"ליסטרין קולמינט 500מ""ל טוטל קר",,,ליסטרין טוטאל קייר ס,,500.00,,false,,19.90,0.0398,true,1,250193
3574661352275,false,ליסטירין מי פה פירות יער 250 מל,גונסון אנד גונסון,IT,*מבצע* ליסטרין קידס,,250.00,,false,,10.90,0.0436,true,1,224089
3574661487625,false,מגני תחתון פלוס לארג' בניחוח עדין L,הדקלאים אגודת שיתופי,IT,קרפרי תחתוניות מקסי,יחידה,0.00,יחידה,false,,14.90,0.0000,true,1,224194
3574661491721,false,"ליסטרין - מי פה הלבנה 500 מ""ל",,,ליסטרין מי פה לבן,,500.00,,false,,19.90,0.0398,true,1,250191
3574661552576,false,קרפרי מגן תחתון רגיל טנגה לבן 56 יח חדש,הדקלאים אגודת שיתופי,GR,קרפרי מגן תחתון רגיל,,56.00,,false,,14.90,0.2661,true,1,224196
3574661552811,false,קרפרי מגן תחתון כותנה נטול ריח 56 יח,הדקלאים אגודת שיתופי,GR,קרפרי תחתוניות כותון,יחידה,0.00,יחידה,false,,14.90,0.0000,true,1,224197
3574661554877,false,קרפרי מגן תחתון כותנה מבושם 56 יח,הנסיך- מפעל לייצור ט,GR,קרפרי מגן תחתון אוור,,56.00,,false,,14.90,0.2661,true,1,224198
3574669907637,false,"גונסונס בייבי שמפו לפני שינה 750 מ""ל",Johnson Toilet-IT,IT,גונסון בייבי שמפו לפ,,750.00,,false,,24.90,0.0332,true,1,224199
3607345265117,false,"אדידס - דאודורנט ספריי לגבר טים פורס 150 מ""ל",מיוצר עי קונדיטוריית,ES,פיוז'ן ספריי גוף טים,,150.00,,false,,14.90,0.0993,true,1,207184
3608580075646,false,קונפיטורה בטעם שזיפים 370 גר BONNE MAMAN,בון מאמא,FR,קונפיטורה שזיפים 370,,370.00,,false,,19.90,0.0538,true,1,249070
3608580730286,false,קונפיטורה בון ממאן ארבע עונות 370 גר',אנדרוס,FR,קונפיטורה 4 פירות 37,,370.00,,false,,19.90,0.0538,true,1,203479
3800020403631,false,קיט קט וופל פריך עם קרם בוטנים (19%) בציפוי שוקולד חלב (61.8%),נסטלה בולגריה A.D.,BG,קיט קט צ'אנקי חמאת ב,,42.00,,false,,4.90,0.1167,true,1,215344
3800020423578,false,קיט קט שוקולד אצבעות צ'אנקי אדום 40ג',נסטלה Nestle,BG,קיט קאט צאנקי 40 גרם,,40.00,,false,,4.90,0.1225,true,1,215346
3800020472569,false,קיט קט צ'אנקי קרמל 43.5ג,נסטלה,DE,קיט קט צ'אנקי קרמל 4,,43.50,,false,,4.90,0.1126,true,1,250067
3800718504947,false,שייני ספוג סקוטש,,,ספוג סקוטש 10יח,,10.00,,false,,6.90,0.6900,true,1,197874
3838824127163,false,צבע לשיער פאלטה בלונד כסוף 1-10,שוורצקופף והנקל,DE,פאלטה-צבע לשיער בלונ,יחידה,0.00,יחידה,false,,19.90,0.0000,true,1,190232
3838824127200,false,פלטה סמי קיט 5-68 ערמונים בינוני,שוורצקופף והנקל,DE,פאלטה-צבע לשיער חום,יחידה,0.00,יחידה,false,,19.90,0.0000,true,1,190233
3838824127248,false,פלטה סמי קיט חום בהיר 5-0 צבע שיער,שוורצקופף והנקל,DE,פאלטה-צבע לשיער חום,יחידה,0.00,יחידה,false,,19.90,0.0000,true,1,190235
3838824127262,false,פלטה סמי קיט בלונד כהה 6-0 צבע שיער,שוורצקופף והנקל,DE,פאלטה-צבע לשיער בלונ,יחידה,0.00,יחידה,false,,19.90,0.0000,true,1,190236
3838824127286,false,צבע לשיער פלטה - 7-0 בלונד בינוני,שוורצקופף והנקל,DE,פאלטה-צבע לשיער בלונ,יחידה,0.00,יחידה,false,,19.90,0.0000,true,1,190237
3838824193915,false,צבע לשיער פאלטה סמי קיט שחור 0-1,שוורצקופף והנקל,DE,פאלטה-צבע לשיער שחור,יחידה,0.00,יחידה,false,,19.90,0.0000,true,1,190256
3838824381022,false,צבעי שיער חום שוקולד כהה 3-65 סמי קיט פאלטה,שוורצקופף והנקל,DE,פאלטה-צבע לשיער סמי,יחידה,0.00,יחידה,false,,19.90,0.0000,true,1,246838
4000415039707,false,שוגטן בלאק אנד וויט 100 גר,לודוויג שוקולד,DE,שוגטן עוגיות וניל 10,יחידה,0.00,יחידה,false,,6.90,0.0000,true,1,214750
4000417025005,false,שוקולד מריר במילוי מרציפן ריטר ספורט 100 גרם,ריטר ספורט Ritter sport,DE,שוקולד ריטר ספורט מר,,100.00,,false,,9.90,0.0990,true,1,191863
4000417222008,false,שוקולד ריטר ספורט חלב+שברי אגוזים 100 גרם חלב נוכרי,ריטר ספורט Ritter sport,DE,שוקולד ריטר ספורט חל,,100.00,,false,,9.90,0.0990,true,1,191868
4000417294005,false,שוקולד ריטר מוס קקאו 100 גרם חלב נוכרי,ריטר ספורט Ritter sport,DE,שוקולד ריטר מוס קקאו,,100.00,,false,,9.90,0.0990,true,1,191878
4000417298003,false,שוקולד ריטר ספורט קוקוס 100 גרם חלב נוכרי,ריטר ספורט Ritter sport,DE,שוקולד ריטר ספורט קו,,100.00,,false,,9.90,0.0990,true,1,191879
4000522061752,false,בייגלה צ'יו מקלות מלוחים 100 גרם,צ'יו Chio,HU,בייגלה צ'יו מקלות 10,,100.00,,false,,4.90,0.0490,true,1,203484
4000869032569,false,"הפי מבשם ומטהר אויר ורוד מוצק יעקבי 150 מ""ל",יעקובי הפי,IT,הפי פרש מבשם ומטהר א,,150.00,,false,,8.90,0.0593,true,1,183647
4001518003800,false,טורינוס מקלות פריכים עם פלפל ומלח 125 גר,גריסון,DE,טורינוס מקלות עם פלפ,,125.00,,false,,14.90,0.1192,true,1,249063
4001518106112,false,טורינוס מקלות פריכים עם רוזמרין 125 גרם,גריסון,DE,טורינוס מקלות עם רוז,,125.00,,false,,14.90,0.1192,true,1,249064
4004666042004,false,משמיד עובש עם מרסס מלרוד Mellerud,יעקובי,DE,מלרוד מרסס משמיד עוב,,500.00,,false,,29.90,0.0598,true,1,183651
4005808293469,false,"ניוואה - דאודורנט ספריי לגבר יבש 150 מ""ל",BEIERSDORF MANUFACTU,DE,ניוואה דאודורנט ספרי,,150.00,,false,,14.90,0.0993,true,1,247033
4005808366392,false,שפתון ליובש כחול קלאסי לבלו 48 גרם,טרופיקל דגיל תעשיות,DE,שפתון לבלו כחול בליס,יחידה,0.00,יחידה,false,,10.00,0.0000,true,1,217294
4005808406029,false,"ניוואה - תחליב רחצה סופט 750 מ""ל",ביירסדורף,DE,ניוואה תחליב רחצה סו,,750.00,,false,,14.90,0.0199,true,1,224552
4005808588640,false,"ניוואה קרם גילוח לעור רגיש 100 מ""ל",ביירסדורף,DE,ניוואה קרם גילוח לעו,,100.00,,false,,14.90,0.1490,true,1,217297
4005808698103,false,ניוואה תחליב גוף סמוד לעור יבש 500 מל,בטר אנד דיפרנט,DE,ניוואה תחליב גוף סמו,,500.00,,false,,19.90,0.0398,true,1,239244
4005808702107,false,ניוואה תחליב גוף לעור יבש מאד 500 מל,בטר אנד דיפרנט,DE,ניוואה תחליב גוף לעו,,500.00,,false,,19.90,0.0398,true,1,224553
4005808813063,false,תחליב לחות לעור רגיש לאחר גילוח,בטר אנד דיפרנט,DE,ניוואה קרם לחות מן ב,,100.00,,false,,39.90,0.3990,true,1,224554
4005808850907,false,לבלו הידרו קר בליסטר 5.5מל,ביירסדורף,DE,שפתון לבלו הידרו קר,יחידה,0.00,יחידה,false,,10.00,0.0000,true,1,239245
4005808890507,false,קרם ניוואה סופט צנצנת 200 מל,ניוואה Nivea,IT,ניוואה קרם סופט לחות,,200.00,,false,,29.90,0.1495,true,1,217310
4005808890576,false,"קרם ידיים סופט ניוואה 75 מ""ל",ניוואה Nivea,DE,ניוואה קרם ידיים שפו,יחידה,0.00,יחידה,false,,11.90,0.0000,true,1,217311
4005900036445,false,"ניוואה - דאודורנט רול און לאישה בלק&וויט פיור 50 מ""ל",ביירסדורף,DE,ניוואה רול און בלק ו,,50.00,,false,,14.90,0.2980,true,1,224555
4005900036476,false,"ניוואה - דאודורנט רול און לאישה בלק אנד וויט קליר 50 מ""ל",טרופיקל דגיל תעשיות,DE,ניוואה רול און בלק א,,50.00,,false,,14.90,0.2980,true,1,217313
4005900036483,false,"ניוואה - דאודורנט ספריי לגבר שקוף בלק וווי 150 מ""ל",בטר אנד דיפרנט,DE,ניוואה דאו ספריי שקו,,150.00,,false,,14.90,0.0993,true,1,217314
4005900036506,false,"ניוואה - דאודורנט רול און לגבר שקוף בלק 50 מ""ל",טרופיקל דגיל תעשיות,DE,ניוואה דאו רול און ש,,50.00,,false,,14.90,0.2980,true,1,217315
4005900036568,false,ניוואה דאודורנט רולאון ספריי לאישה בלק אנד וויט 150 מ''ל,ביירסדורף AG,DE,ניוואה דאו ספריי שקו,,150.00,,false,,14.90,0.0993,true,1,217316
4005900138842,false,"ניוואה - תחליב רחצה סמוט 750 מ""ל",ניואה,DE,ניוואה תחליב רחצה סמ,,750.00,,false,,14.90,0.0199,true,1,246290
4005900488459,false,"ניוואה - דאודורנט רול און לאישה דריי פרש 50 מ""ל",ניואה,DE,ניוואה דאו רול און ד,,50.00,,false,,14.90,0.2980,true,1,224558
4005900513045,false,"ניוואה - דאודורנט ספריי לגבר דיפ 150 מ""ל",ביירסדורף,DE,ניוואה דאו ספריי דיפ,,150.00,,false,,14.90,0.0993,true,1,224561
4005900542557,false,"ניוואה - דאודורנט רול און לאישה בלק אנד וויט 50 מ""ל",ניואה,DE,ניוואה רול און לאישה,,50.00,,false,,14.90,0.2980,true,1,245136
4005900555915,false,"ניוואה - תחליב רחצה קוקוס וחוחובה 750 מ""ל",ביירסדורף AG,DE,ניוואה תחליב רחצה קו,,750.00,,false,,14.90,0.0199,true,1,239247
4005900633125,false,"ניוואה - דאודורנט ספריי לגבר דיפ אספרסו 150 מ""ל",General,,ניוואה מן דאו ספריי,,150.00,,false,,14.90,0.0993,true,1,249093
4005900648181,false,"ניוואה - תחליב רחצה אלוורה 750 מ""ל",ביירסדורף AG,DE,ניוואה תחליב רחצה אל,,750.00,,false,,14.90,0.0199,true,1,246289
4005900816108,false,"דאודורנט רול און לגבר אפקט היובש ניוואה 50 מ""ל",טרופיקל דגיל תעשיות,DE,ניוואה דאו רול און,,50.00,,false,,14.90,0.2980,true,1,217321
4005900828088,false,"ניוואה - דאודורנט רול און לגבר פרש 50 מ""ל",טרופיקל דגיל תעשיות,DE,ניוואה דאו רול און פ,,50.00,,false,,14.90,0.2980,true,1,217323
4005900845702,false,"ניוואה - דאודורנט רול און לגבר קול קיק פרש 50 מ""ל",ביירסדורף,DE,ניוואה מן דאודורנט ר,,50.00,,false,,14.90,0.2980,true,1,246604
4005900978950,false,לבלו - דובדבן שפתון לחות מטפח מהדורת נסיכות דיסני,ביירסדורף,DE,לבלו דובדבן שפתון לח,יחידה,0.00,יחידה,false,,10.00,0.0000,true,1,250564
4005900978967,false,לבלו - וניל שפתון לחות מטפח מהדורת נסיכות דיסני,ביירסדורף,DE,לבלו וניל שפתון וניל,יחידה,0.00,יחידה,false,,10.00,0.0000,true,1,250557
4005900978974,false,לבלו - סופט רוז שפתון לחות מטפח מהדורת נסיכות דיסני,ביירסדורף,DE,לבלו סופט רוז שפתון,יחידה,0.00,יחידה,false,,10.00,0.0000,true,1,250565
4006529002170,false,גולדרינג עוגיות גורמה 400 גרם,,,עוגיות גולד רינג 400,,400.00,,false,,8.90,0.0223,true,1,173665
4008287058161,false,בירה קרומבאכר פילס 4.8% שישיה 6 * 330 מל,מנדלז סי.אר. פרודקשן,DE,שישיית בירת קרומבכר,,1980.00,,false,,29.90,0.0151,true,1,246302
4009300522935,false,תה ירוק לימונית ולואיזה פומפדור 20 יחידות,"איטיליאן פוד, אס.פי.",DE,פומפדור תה ירוק לימו,,30.00,,false,,17.90,0.5967,true,1,185442
4009300524588,false,תה פומפדור חליטת צמחים פירות יער 20 יח',פומפדור Pompadour,DE,פומפדור חליטת תה פיר,,60.00,,false,,14.90,0.2483,true,1,185446
4009300525684,false,תה חליטת פומפדור לימון וגינגיר 20 יח,פומפדור Pompadour,DE,פומפדור חליטות גינגר,יחידה,0.00,יחידה,false,,14.90,0.0000,true,1,185450
4009300595120,false,חליטת צמחים בטעם ג'ינג'ר מנגו פומפדור 45 ג',TEEKANNE- POMPADOU,DE,פומפדור חליטת צמחים,,30.00,,false,,14.90,0.4967,true,1,237467
4009900013581,false,מסטיק אורביט ספרמינט סטיקס משפחתי-חמישיות,אורביט Orbit,DE,אורביט סטיקס בטעם ספ,יחידה,0.00,יחידה,false,,10.90,0.0000,true,1,213837
4009900379564,false,מסטיק הובה בובה Hubba Bubba טייפ בטעם פירות,מרס ריגלי קונפקשונרי,,הובה בובה פירות טייפ,,56.00,,false,,7.90,0.1411,true,1,213855
4009900402965,false,אורביט וויט בטעם פירות בקבוקון 46מלבניות,ריגלי פולין,PL,אורביט ווייט בקבוקון,,65.00,,false,,10.90,0.1677,true,1,213864
4009900403023,false,אורביט וויט בטעם מנטה בקבוקון 46 מלבניות,"ב.א מזון בע""מ",PL,אורביט ווייט בקבוקון,,64.00,,false,,10.90,0.1703,true,1,213865
4009900420129,false,מסטיק אורביט פרופשנל פפרמינט בקבוקון 64 גר',מרס נדרלנד,PL,אורביט פרופשיונל פפר,,64.00,,false,,10.90,0.1703,true,1,224666
4009900455299,false,"סוכרית ג'לי אדומה 174 גרם ""סקיטלס""",ריגלי ממתקים,CZ,סקיטלס בטעם פירות 17,,174.00,,false,,9.90,0.0569,true,1,213897
4009900465304,false,סוכריות סקיטלס פירות חמוצים 174 גרם,ריגלי ממתקים,CZ,סקיטלס בטעם פירות חמ,,174.00,,false,,9.90,0.0569,true,1,213905
4009900479998,false,אורביט וויט אוכמניות בקבוקון 46 מלבניות,ריגלי פולין,PL,אורביט אוכמניות בקבו,יחידה,0.00,יחידה,false,,10.90,0.0000,true,1,213917
4009900482417,false,מסטיק אורביט פירות מנטה בקבוקון באבל מינט 45יח,ריגלי פולין,PL,אורביט באבל מינט בקב,יחידה,0.00,יחידה,false,,10.90,0.0000,true,1,213919
4009900487283,false,אורביט ילדים קלאסי סט' משפחתי-חמישיות,אורביט Orbit,,אורביט סטיקס בטעם פי,יחידה,0.00,יחידה,false,,10.90,0.0000,true,1,213924
4009900500166,false,סוכריות פירות אדום סקיטלס בקבוקון 125ג',ריגלי ממתקים,CZ,סקיטלס פירות בבקבוק,,125.00,,false,,9.90,0.0792,true,1,220506
4009900521581,false,סוכריות אורביט מינטס מנטה בבקבוקון 77 גר,ריגלי פולין,PL,סוכריות אורביט מינטס,,77.00,,false,,10.00,0.1299,true,1,224674
4009900531122,false,"מסטיק בטעם מנטה ספירמינט, 64 ג' פרופשיונל אורפיט",מרס נדרלנד,PL,אורביט פרופשיונל פפר,,64.00,,false,,10.90,0.1703,true,1,224679
4009900532327,false,סוכריות סקיטלס סמודיס בטעמי יוגורט ופירות,סקיטלס Skittles,CZ,סקיטלס סמודיס 38 גרם,,38.00,,false,,3.50,0.0921,true,1,224681
4009900534581,false,איירוויבס בקבוקון דובדבן ומנטה 46 מלבני,Unknown,PL,איירוויבז מנטה דובדב,,64.00,,false,,10.90,0.1703,true,1,224682
4009900534611,false,מסטיק איירוויבז בקבוקון בטעם מלון ומנטה,ריגלי,PL,איירוויבז מנטה מלון,,64.00,,false,,10.90,0.1703,true,1,224683
4009900536288,false,מסטיק אורביט רפרשרס פפרמינט בקבוקון ללא סוכר 67 גר',מרס ריגלי קונפקשונרי,PL,אורביט רפרשרס פפרמינ,,67.00,,false,,12.90,0.1925,true,1,245572
4009900536486,false,מסטיק אורביט רפרשרס באבלמינט בקבוקון ללא סוכר 67 גר',מרס ריגלי קונפקשונרי,PL,אורביט רפרשרס באבלמי,,67.00,,false,,12.90,0.1925,true,1,245574
4009900539685,false,"מסטיק פייב באונס בטעם מנטה בקבוקון, 61.8 גרם",ריגלי בעמ רוסיה,PL,מסטיק פייב באונס בטע,,61.80,,false,,12.90,0.2087,true,1,250006
4009900539746,false,"מסטיק פייב באונס בטעם אבטיח בקבוקון, 61.8 גרם",ריגלי בעמ רוסיה,PL,מסטיק פייב באונס בטע,,61.80,,false,,12.90,0.2087,true,1,250008
4009900540551,false,מסטיק אורביט רפרשרס טרופיקל בקבוקון ללא סוכר,מרס פולין,PL,אורביט רפרשרס טרופיק,,67.00,,false,,12.90,0.1925,true,1,248476
4011800567613,false,קורני סנדוויץ שחור לבן 4 יחידות,מיוצר עי קונדיטוריית,DE,קורני סנדביץ שחור לב,,120.00,,false,,12.90,0.1075,true,1,207245
4011800568610,false,מארז רביעיית קורני בטעם קלאסי,שוורטאוור וורקה,DE,קורני סנדביץ במילוי,,120.00,,false,,12.90,0.1075,true,1,207246
4011800628512,false,חטיף קורני שוקולד חלב 6 יח 150 גר,מיוצר עי קונדיטוריית,DE,קורני חטיף דגנים עם,,150.00,,false,,12.90,0.0860,true,1,207252
4011800629519,false,"מארז חטיפי דגנים אגוזים ""קורני""",קורני Corny,DE,קורני חטיף דגנים עם,,150.00,,false,,12.90,0.0860,true,1,207253
4011800630515,false,חטיף קורני שוקולד חלב ובננה 6 יח 150 גר,מיוצר עי קונדיטוריית,DE,קורני חטיף דגנים עם,,150.00,,false,,12.90,0.0860,true,1,207254
4011800632519,false,"מארז חטיפי שוקולד חלב וקוקוס ""קורני""",מיוצר עי קונדיטוריית,DE,קורני חטיף דגנים עם,,150.00,,false,,12.90,0.0860,true,1,207256
4011800633516,false,קורני שוקולד מריר מעולה 58% קקאו 6*1,שוורטאוור וורקה,DE,קורני חטיף דגנים עם,,150.00,,false,,12.90,0.0860,true,1,207257
4014400900217,false,בונבונריית מרסי מבחר ממתקי שוקולד 400 גרם,קריניציה ויטמינה אס,DE,בונבונירה מרסי 400גר,,400.00,,false,,55.90,0.1397,true,1,191915
4014400901191,false,בונבונריית מרסי מבחר ממתקי שוקולד 250 גרם,ליימן מותגים,DE,בונבונירה מרסי 250גר,,250.00,,false,,27.90,0.1116,true,1,191918
4014400901405,false,בונבונריית מרסי מבחר ממתקי שוקולד חלב 250 גרם,קריניציה ויטמינה אס,DE,מרסי הלב כחול 250גר,,250.00,,false,,27.90,0.1116,true,1,191919
4014400904376,false,סוכריות טופי בטעם שוקולד סטורק 325 גרם,קריניציה ויטמינה אס,DE,סוכריות שוקולדן 325ג,,325.00,,false,,16.90,0.0520,true,1,191926
4014400904390,false,סוכריות טופי ממולא חלב סטורק 325 גרם,קריניציה ויטמינה אס,DE,סוכריות וולמילש 325ג,,325.00,,false,,16.90,0.0520,true,1,191927
4014400910063,false,סוכריות חמאה וורטרס אורגינל 135 גרם,וורטר'ס אורגינל,DE,סוכריות וורטר שקית 1,,135.00,,false,,10.90,0.0807,true,1,191935
4014400913910,false,וורטרס אורגינל סוכריות חמאה ממולאות קרם קרמל בשקית,תות ממתקי איכות,DE,סוכריות וורטר ללא סו,,125.00,,false,,10.90,0.0872,true,1,191941
4014400914696,false,וורטרס אורגינל סוכריות ללא סוכר 80 גרם,ליימן מותגים,DE,סוכריות וורטר ללא סו,,80.00,,false,,10.90,0.1363,true,1,191947
4014400920857,false,סוכריות וורטר Werther's בטעם שוקולד ללא סוכר,קריניציה ויטמינה אס,DE,סוכריות וורטר בטעם ש,,70.00,,false,,10.90,0.1557,true,1,191952
4014400923711,false,בונבוניירה שוקולד אגוזים טופיפי 125 גרם,ליימן מותגים,DE,טופיפי 125גרם,,125.00,,false,,13.90,0.1112,true,1,191953
4014400925319,false,וורטרס אורגינל פופקורן קרמל 140 גרם,וורטרס Werther's,DE,פופקורן קרמל וורטרס,,140.00,,false,,14.90,0.1064,true,1,224310
4015000031394,false,"ספטיל - משחה להסרת כתמים 200 מ""ל",קריות זול,IL,ספטיל מסיר כתמים 200,,200.00,,false,,18.90,0.0945,true,1,210859
4015400731719,false,תחבושות היגייניות אולוויז יום ולילה Day & Night,פרוקטר אנד גמבל,DE,אולוויז תחבושות דואו,יחידה,0.00,יחידה,false,,19.90,0.0000,true,1,203769
4015400759263,false,אולוויז ירוק נורמאל בלאס אלתרא ירוק 28 יחידה,,,תחבושות אולוויז נורמ,יחידה,0.00,יחידה,false,,19.90,0.0000,true,1,224634
4015600762742,false,שמפו יומיומי למניעת קשקשים הנוסחה הקלאסית,פרוקטר אנד גמבל,RO,הד&שולדרס שמפו קלאסי,,500.00,,false,,23.90,0.0478,true,1,203800
4015600762902,false,"שמפו האד אנד שולדרס מנטול 500 מ""ל",פרוקטר אנד גמבל,RO,הד&שולדרס שמפו מנטול,,500.00,,false,,23.90,0.0478,true,1,203804
4015600762940,false,שמפו יומיומי למניעת קשקשים בניחוח תפוח,פרוקטר אנד גמבל,RO,הד&שולדרס שמפו תפוח,,500.00,,false,,23.90,0.0478,true,1,203805
4017100198151,false,בלזן היט ביסקוויט עם מלית קרם בטעם וניל (41%) 220 גרם,הדקלאים אגודת שיתופי,PL,בלזן עוגיות סנדוויץ,,220.00,,false,,9.90,0.0450,true,1,191961
4017100364112,false,בלזן היט בסקוויט סנדביץ עם מלית קרם בטעם שוקולד קקאו (41%) 220 גרם,הדקלאים אגודת שיתופי,PL,בלזן עוגיות סנדוויץ,,220.00,,false,,9.90,0.0450,true,1,191978
4018344564634,false,פילה הרינג ברוטב פלפל ומנגו לארסן 200 גר,,LV,פילה הרינג ברוטב פלפ,,200.00,,false,,11.90,0.0595,true,1,250421
4018344564641,false,פילה הרינג ברוטב חרדל ושמיר לארסן 200 גר,,LV,פילה הרינג ברוטב חרד,,200.00,,false,,11.90,0.0595,true,1,250426
4022025261002,false,בלו ווין גוורצטרמינר,לנגוט טראבן,DE,בלו וויין גוורצטרמינ,,750.00,,false,,54.90,0.0732,true,1,224515
4025700001962,false,מילקה טבלה 100 גר' לבן 1/22 (4248023),פי אר ג'יי אס סי מונ,UA,מילקה שוקולד לבן 100,,100.00,,false,,7.90,0.0790,true,1,244452
4053700292455,false,ויט רצועות שעווה מוכנות להסרת שיער לעור רגיל 12 יחידות,רקיט בנקיזר צרפת,FR,ויט רצועות שעווה לעו,יחידה,0.00,יחידה,false,,34.90,0.0000,true,1,200041
4084500088917,false,"פיירי נוזל כלים לימון 650 מ""ל",פרוקטר אנד גמבל,US,פיירי נוזל לכלים צהו,,650.00,,false,,10.90,0.0168,true,1,203843
4100130937163,false,בירה בקס שישייה 6*275 מל,"איי, בי, אינבוו",DE,בירה גרמנית בקס שישי,,1650.00,,false,,29.90,0.0181,true,1,235042
4260147890513,false,אטריות ביצים דקות ורמיצ'לי 500ג',דין שיווק,PL,אטריות ורמיצ'לי ביצי,,500.00,,false,,9.90,0.0198,true,1,200742
4260147890537,false,אטריות ביצים רצועות רחבות 500 גר,דין שיווק,PL,אטריות ביצים ברצועות,,500.00,,false,,9.90,0.0198,true,1,200743
4260147890551,false,אטריות ביצים רצועות 500 גר,דין שיווק,PL,אטריות ביצים רצועות,,500.00,,false,,9.90,0.0198,true,1,200744
4600659010854,false,*מבצע* סטולי פרימיום,איי. אס. לטבייאס בלז,LV,*מבצע* וודקה סטולי 7,,700.00,,false,,60.00,0.0857,true,1,192717
4603739334536,false,שמן חמניות מזוכך 900,,,שמן חמניות מזוכך 900,,900.00,,false,,10.90,0.0121,true,1,247924
4605561011975,false,חתיכות פילה הרינג בשמן 150 גר RS,,,חתיכות פילה הרינג בש,,150.00,,false,,8.90,0.0593,true,1,239281
4605561013009,false,פילה הרינג בשמן 400 גר RS,,,פילה הרינג בשמן 400,,400.00,,false,,17.90,0.0447,true,1,239283
4607001771555,false,קפה גקובס 190 גרם,,,קפה גקובס 190 גרם,,190.00,,false,,25.90,0.1363,true,1,224390
4640018993398,false,פיניש קוואנטום 60 יח' קפסולות ג'ל למדיח כלים,רקיט בנקיזר,PL,פיניש קוואנטום 60 קפ,,60.00,,false,,55.90,0.9317,true,1,224362
4710068001692,false,"מאסטר קפה לאטה פחית 240מ""ל",תאיט מרקטינג אנד דיס,TW,מאסטר קפה לאטה 240 מ,,240.00,,false,,8.20,0.0342,true,1,172888
4710964170799,false,שומשום שחור קלוי 91 גרם,פלייבור פול פודס טיי,TH,שומשום שחור קלוי 91ג,,91.00,,false,,16.90,0.1857,true,1,205363
4750017001861,false,סטאר פילה סלמון ברוט,סבי דריבה,,סטאר פילה סלמון ברוט,,200.00,,false,,10.90,0.0545,true,1,206195
4751003924003,false,סלט טונה עם ירקות איטלקי 185 ג' לארסן,,,לרסן סלט טונה בסגנון,,185.00,,false,,12.90,0.0697,true,1,250416
4751007738101,false,סלט סלמון עם ירקות איטלקי 220 ג' לארסן,ס.י.א קרבלה,LV,לרסן סלט סלמון איטלק,,220.00,,false,,12.90,0.0586,true,1,250419
4751007739917,false,נתחי דג סלמון במיץ טבעי תומר 185 גרם,,,סלמון ברובמיץ טבעי 1,,185.00,,false,,10.90,0.0589,true,1,249490
4800888209382,false,רקסונה - דאודורנט סטיק לאישה קריסטל 50 גרם,רקסונה Rexona,PH,רקסונה דאודורנט סטיק,,50.00,,false,,14.90,0.2980,true,1,237305
4800888209405,false,רקסונה - דאודורנט סטיק לגבר קובלט דריי 50 גרם,רקסונה Rexona,PH,רקסונה דאודורנט סטיק,,50.00,,false,,14.90,0.2980,true,1,224171
4810168000011,false,פילה דג הרינג מלוח מצונן 250 גרם,סנטה ברמור,BY,פילה דג הרינג מלוח מ,,250.00,,false,,14.90,0.0596,true,1,236361
4810168001056,false,פילה דג הרינג מלוח מצונן בצנצנת חתיכות 260גרם,סנטה ברמור,BY,חתיכות פילה דג הרינג,,260.00,,false,,18.90,0.0727,true,1,236364
4810168019051,false,חתיכות פילה דג הרינג מלוח מצונן עם תבלין 200גרם,סנטה ברמור,BY,חתיכות פילה דג הרינג,,200.00,,false,,14.90,0.0745,true,1,236366
4810168051396,false,בצק שמרים מרודד מוקפא 450 גרם,,BY,בצק שמרים מרודד 450ג,,450.00,,false,,6.90,0.0153,true,1,246633
4810168055080,false,כיסונים במילוי כרוב ופטריות מוקפאים 450,,BY,כיסונים במילוי כרוב,,450.00,,false,,12.90,0.0287,true,1,246625
4810168058975,false,חתיכות פילה דג הרינג סקנדינבי מלוח מצונן 260 גר,סנטה ברמור,BY,חתיכות פילה דג הרינג,,260.00,,false,,18.90,0.0727,true,1,249646
4820076682117,false,שמן חמניות 850מל,,,שמן חמניות 850מל,,850.00,,false,,10.90,0.0128,true,1,248595
4820198873332,false,תה שחור 24 שק DALAI ASSORTI 4 FLAVORS,,UA,תה שחור מיקס ארבע טע,יחידה,0.00,יחידה,false,,10.90,0.0000,true,1,250575
4823077602863,false,"רושן סוכריות ג'לי ""קרייזי פצ'ולקה"" 200 גר",רושן,UA,"סוכריות ג'לי רושן ""ק",,200.00,,false,,7.90,0.0395,true,1,245996
4823077608513,false,סוכריות קורובקה 205 גרם רושן,רושן Roshen,UA,סוכריות קורובקה 205ג,,205.00,,false,,7.90,0.0385,true,1,220253
4823077612732,false,סוכריות קרמל רושן בים בום 200 גר,קייב קרמנציק,UA,סוכריות בים בום 200,,200.00,,false,,7.90,0.0395,true,1,236336
4823077613203,false,שוקולד רושן מריר + פונדוק שלם 90 גר רושן,רושן Roshen,,שוקולד מריר+פונדוק ש,,90.00,,false,,8.90,0.0989,true,1,220262
4823077613630,false,חטיף שוקולד רושן ממולה קרם ברולה 43גר,רושן Roshen,UA,חטיף שוקולד רושן ממו,,43.00,,false,,3.90,0.0907,true,1,245000
4823077614804,false,שוקולד רושן חלב נוגט בטעם אוכמניות כחולות 90 גר',רושן Roshen,,שוקולד חלב נוגט בטעם,,90.00,,false,,6.90,0.0767,true,1,220272
4823077617041,false,חטיף שוקולד רושן ממולה קרם קרמל 43גר',רושן Roshen,UA,באטונציק קרמל 40גר,,40.00,,false,,3.90,0.0975,true,1,220279
4823077621635,false,חטיף שוקולד רושן בטעם חלב 72 גרם,Unknown,,וופל רושן בטעם חלב 7,,72.00,,false,,3.90,0.0542,true,1,246953
4823077621642,false,חטיף שוקולד רושן בטעם שוקולד 72 גר,Unknown,,וופל רושן בטעם שוקול,,72.00,,false,,3.90,0.0542,true,1,246954
4823077621659,false,חטיף שוקולד רושן בטעם אגוז 72 גר,Unknown,,וופל רושן בטעם אגוז,,72.00,,false,,3.90,0.0542,true,1,246955
4823077623684,false,רושן סוכריות ממולאות קרם בטעם חלב,קייב קרמנציק,UA,סוכריות טיפת חלב 150,,150.00,,false,,7.90,0.0527,true,1,236342
4823077623714,false,"רושן סוכריות טופי ממולאים בטעם חלב ""MILKY SPLASH""",רושן,UA,סוכריות כוס חלב 150,,150.00,,false,,7.90,0.0527,true,1,240631
4823077624247,false,"רושן ממתקי סוכריות ג'ילי ""בוני פרוט"" בטעם הדרים 200 גר",רושן Roshen,UA,סוכריות ג'לי בוני פר,,200.00,,false,,7.90,0.0395,true,1,239274
4823077624391,false,"רושן סוכריות טופי ""מינקי בינקי"" 185 גר",רושן,UA,רושן סוכריות טופי מי,,185.00,,false,,7.90,0.0427,true,1,246442
4823077625589,false,וופל וואפרס חלב רושן 216 גר,,UA,וופל רושן בטעם חלב 2,,216.00,,false,,7.90,0.0366,true,1,245980
4823077625602,false,וופל וואפרס שוקולד רושן 216 גר,,UA,וופל רושן בטעם שוקול,,216.00,,false,,7.90,0.0366,true,1,245982
4823077625626,false,וופל וואפרס אגוז רושן 216 גר,,UA,וופל רושן בטעם אגוז,,216.00,,false,,7.90,0.0366,true,1,245983
4823077626241,false,שוקולד רושן אורירי לבן קרמל 80 גר',רושן,UA,שוקולד רושן אוורירי,,80.00,,false,,7.90,0.0988,true,1,240632
4823077626364,false,שוקולד רושן אורירי לבן 80 גר',רושן Roshen,UA,שוקולד רושן אוורירי,,80.00,,false,,7.90,0.0988,true,1,240633
4823077630422,false,"סנדוויץ' קרקר חלב וניל רושן 235 גרם "" 2 CRACK """,רושן,,סנדוויץ' קרקר חלב ונ,,235.00,,false,,9.90,0.0421,true,1,246486
4823077630637,false,סוכריות מקל רושן קולה 920 גרם,,,סוכריות מקל רושן קול,,920.00,,false,,25.90,0.0282,true,1,245998
4823077630996,false,"סנדוויץ' קרקר קקאו-אגוז רושן 235 גרם "" 2 CRACK """,רושן,,סנדוויץ' קרקר קקאו א,,235.00,,false,,9.90,0.0421,true,1,246488
4823077631467,false,קרקר עם מלח ים רושן 168 גר HI DAY,רושן,,קרקר עם מלח ים רושן,,168.00,,false,,6.90,0.0411,true,1,246489
4823077631474,false,קרקר קלאסי רושן 168 גר HI DAY,רושן,,קרקר קלאסי רושן 168,,168.00,,false,,6.90,0.0411,true,1,246490
4823077632112,false,וופל רושן בטעם קקאו חלב 216 גר,,,וופל רושן בטעם קקאו,,216.00,,false,,7.90,0.0366,true,1,245984
4823077632259,false,חטיף שוקולד רושן עם בוטנים 43גר',רושן Roshen,UA,חטיף שוקולד רושן עם,,43.00,,false,,3.90,0.0907,true,1,245001
4823077632570,false,שוקולד רושן מריר 85 גר BRUT,רושן,UA,שוקולד רושן מריר 85,,85.00,,false,,7.90,0.0929,true,1,246439
4823077633317,false,"עוגיות ""LOVITA"" שוקולד עם חתיכות שוקולד 150 גר",,,עוגיות לוויטה שוקולד,,150.00,,false,,7.90,0.0527,true,1,245988
4823077633324,false,"עוגיות שוקוצ'יפס "" LOVITA"" חתיכות שוקולד 150גר",,,עוגיות שוקוציפס לווי,,150.00,,false,,7.90,0.0527,true,1,245989
4823077633331,false,"עוגיות רושן ""LOVITA"" בטעם תפוז 150 גר",,,עוגיות רושן לוויטהבט,,150.00,,false,,7.90,0.0527,true,1,245990
4823077633348,false,"עוגיות רושן ""LOVITA"" עם חתיכות בוטנים 150 גר",,,עוגיות רושן לוויטה ע,,150.00,,false,,7.90,0.0527,true,1,245985
4823077633508,false,חטיף שוקולד רושן במילוי קרם קקאו מצופה 34 גרם,,UA,רושן חטיף וופל במילו,,34.00,,false,,3.90,0.1147,true,1,249943
4823077633515,false,חטיף שוקולד רושן במילוי קרם חלבי מצופה 34 גרם,,UA,רושן חטיף וופל במילו,,34.00,,false,,3.90,0.1147,true,1,249944
4823077634178,false,עוגיות עם מילוי תפוח קינמון 168 גר LOVITA,,,עוגיות רושן לוויטה ב,,168.00,,false,,7.90,0.0470,true,1,247323
4823077634192,false,עוגיות עם מילוי דובדבן וניל 168 גר LOVITA,,,עוגיות רושן לוויטה ב,,168.00,,false,,7.90,0.0470,true,1,247325
4823077634222,false,עוגיות Lovita ממולאות ג'לי תפוז מצופות צימקאו,רושן Roshen,,עוגיות תפוז לוויטה 1,,135.00,,false,,7.90,0.0585,true,1,246994
4823077634246,false,עוגיות Lovita ממולאות ג'לי פטל מצופות צימקאו,רושן Roshen,,עוגיות פטל לוויטה 13,,135.00,,false,,7.90,0.0585,true,1,246993
4823077634277,false,עוגיות Lovita ממולאות ג'לי תות שדה מצופות צימקאו,רושן Roshen,,עוגיות תות שדה לוויט,,135.00,,false,,7.90,0.0585,true,1,246995
4823077634741,false,עוגיות עם מילוי תות שדה 168 גר LOVITA,,,עוגיות רושן לוויטה ב,,168.00,,false,,7.90,0.0470,true,1,247324
4823077635489,false,חטיף וופל רושן קרם קקאו 350 גר JOHNY KROCKER,,,*מבצע* חטיף וופל רוש,,350.00,,false,,15.90,0.0454,true,1,248188
4823077635533,false,חטיף וופל רושן קרם חלב 350 גר JOHNY KROCKER,,,*מבצע* חטיף וופל רוש,,350.00,,false,,15.90,0.0454,true,1,248189
4823077635793,false,"וופלים דקיקים רושן ""THINS"" בטעם חלב וניל",,UA,וופלים דקיקים רושן,,55.00,,false,,4.90,0.0891,true,1,250566
4823077635809,false,"וופלים דקיקים רושן ""THINS"" בטעם קקאו",,UA,וופלים דקיקים רושן ט,,55.00,,false,,4.90,0.0891,true,1,250567
4823077635816,false,"וופלים דקיקים רושן ""THINS"" בטעם אגוזי לוז",,UA,וופלים דקיקים רושן ט,,55.00,,false,,4.90,0.0891,true,1,250568
4823077636004,false,עוגיות Lovita ממולאות ג'לי דובדבן מצופות צימקאו,רושן Roshen,,עוגיות קקאו דובדבן ל,,135.00,,false,,7.90,0.0585,true,1,248000
4823077636172,false,וופל רושן בטעם לימון 216 גר,,UA,וופל רושן בטעם לימון,,216.00,,false,,7.90,0.0366,true,1,249300
4823077636332,false,עוגיות רושן במילוי קרם שוקולד127ג LOVITA,,,עוגיות לוויטה במילוי,,127.00,,false,,7.90,0.0622,true,1,250923
4823077636547,false,"סוכריות ממולאות בטעם פירות ""בים בום"" 468 גר",רושן,,סוכריות ממולאות בטעם,,468.00,,false,,11.90,0.0254,true,1,248976
4823077636554,false,סוכריות ממולאות קרם בטעם חלב 378ג ROSHEN,רושן,,סוכריות ממולאות קרם,,378.00,,false,,11.90,0.0315,true,1,248978
4823077636578,false,סוכריות טופי כוס חלב 325 גר   MILKY SPLASH,רושן,,סוכריות טופי כוס חלב,,325.00,,false,,11.90,0.0366,true,1,248979
4823077636592,false,סוכריות גלי קרייזי פצולקה 378 גר ROSHEN,רושן,,סוכריות גלי רושן קרי,,378.00,,false,,11.90,0.0315,true,1,248975
4823084201134,false,תה ליפטון פירמידה פירות טרופים 20 שק,,UA,תה שחור ליפטון פירמי,,20.00,,false,,9.90,0.4950,true,1,235930
4891228302924,false,מכשיר גילוח שייק היד,Schick,,מכשיר גילוח שייק היד,יחידה,0.00,יחידה,false,,44.50,0.0000,true,1,185457
4903001904192,false,"רוטב סויה יאמסה פרימיום 500 מ""ל",הדקלאים אגודת שיתופי,JP,רוטב סויה יאמסה 500מ,,500.00,,false,,19.90,0.0398,true,1,191985
5000127533196,false,קלוגס וורייטי שמינייה 191 גרם,חברת קלוגס בריטניה,GB,קלוגס מנות אישיות וו,,191.00,,false,,23.90,0.1251,true,1,224142
5000146057710,false,ספריי רב שימושי לחלונות ומשטחים ווינדולין Windolene,רקיט בנקיזר,PL,וינדולין ספריי לחלונ,,750.00,,false,,8.90,0.0119,true,1,200046
5000146401568,false,וולייט דפים למניעת העברת צבע 10 דפים,ווליט Woolite,IT,ווליט לכביסה שומרי צ,יחידה,0.00,יחידה,false,,16.90,0.0000,true,1,200052
5000157143365,false,מתבל בטעם מיונז וקטשופ היינץ 425 ג',היינץ Heinz,PL,מתבל בטעם מיונז וקטש,,425.00,,false,,14.90,0.0351,true,1,224143
5000159376655,false,סוכריות SKITTLES פירות קטן 38 גרם אדום,ריגלי ממתקים,NL,סקיטלס פירות 38גר,,38.00,,false,,3.50,0.0921,true,1,213952
5000159376792,false,סוכריות סקיטלס Skittles פירות חמוצים,ריגלי ממתקים,NL,סקיטלס חמוץ 38גר,,38.00,,false,,3.50,0.0921,true,1,213953
5000159407236,false,חטיף מרס שוקולד עם ק,מרס הולנד בי.וי.,NL,מרס חטיף שוקולד 51גר,,51.00,,false,,3.90,0.0765,true,1,206294
5000159461122,false,חטיף שוקולד סניקרס מקס קרמל 50 ג',"נארז ע""י : א.ג. גילר",NL,סניקרס חטיף שוקולד 5,,50.00,,false,,3.90,0.0780,true,1,206297
5000189974579,false,מארז מיני חטיפי קיט קט Kit Kat,ליימן מותגים,DE,קיט קט מיני 200 גרם,,200.00,,false,,10.90,0.0545,true,1,237072
5000204155723,false,"גלייד מארז אוטומטי-בניחות מרכך כביסה 269 מ""ל",המאפיה של הרמן,TR,גלייד מטהר אויר אוטו,,269.00,,false,,39.90,0.1483,true,1,224416
5000204658064,false,"קיווי אקספרס ספוג הברקה שחור 7מ""ל",המאפיה של הרמן,ID,קיווי אקספרס ספוגית,יחידה,0.00,יחידה,false,,19.90,0.0000,true,1,207288
5000267014234,false,וויסקי ג'וני ווקר רד לייבל Red label,ג'וני ווקר Johnnie walker,,וויסקי ג'וני ווקר רד,,700.00,,false,,89.90,0.1284,true,1,173365
5010182997253,false,רייד תרסיס קוטל ג'וקים/תיקנים 300 מל,אס.סי.ג'ונסון מידרכט,NL,רייד קוטל ג'וקים 400,,400.00,,false,,13.90,0.0348,true,1,207313
5010182997338,false,דאק ג'ל לניקוי אסלות בניחוח רענן 55 מל,"איטיליאן פוד, אס.פי.",IT,טואלט דאק ג'ל אסלה ב,,55.00,,false,,9.90,0.1800,true,1,207314
5010327000046,false,וויסקי גרנט'ס סקוטי,"איי, בי, אינבוו",,*מבצע* וויסקי גרנטס,,700.00,,false,,59.90,0.0856,true,1,192719
5010677551397,false,"בקרדי בריזר לימון ליים 275 מ""ל",בקרדי בריזר Bacardi Breezer,BE,בקרדי בריזר בטעם לימ,,275.00,,false,,16.90,0.0615,true,1,172901
5010677552387,false,"בקרדי בריזר אננס 275 מ""ל בקבוק",בקרדי בריזר Bacardi Breezer,BE,בקרדי בריזר אננס 275,,275.00,,false,,16.90,0.0615,true,1,172902
5010677554398,false,"בקרדי בריזר אבטיח 275 מ""ל בקבוק",בקרדי בריזר Bacardi Breezer,BE,בקרדי בריזר אבטיח 27,,275.00,,false,,16.90,0.0615,true,1,172903
5029053032658,false,קלינקס ממחטות טישו שמינייה,חוגלה,IT,קלינקס ממחטות שמיניי,יחידה,0.00,יחידה,false,,11.90,0.0000,true,1,237269
5029053039725,false,ממחטות נייר קלינקס נטורל פרש קופסה 72 דף,קימברלי קלארק,IL,קלינקס נטורל פרש טיש,,72.00,,false,,13.90,0.1931,true,1,247141
5029053510811,false,תחבושות נורמל פלוס עם כנפיים קוטקס 28 יחידות,קימברלי קלארק,CZ,קוטקס תחבושות אולטרה,,28.00,,false,,19.90,0.7107,true,1,181378
5029053510828,false,תחבושות סופר פלוס עם כנפיים קוטקס 22יחידות,קימברלי קלארק,CZ,קוטקס תחבושות אולטרה,,24.00,,false,,19.90,0.8292,true,1,181379
5029053523446,false,קוטקס - תחבושות אולטרה נייט + כנפיים 20 יח',קימברלי קלארק,CZ,קוטקס תחבושות אולטרה,,20.00,,false,,19.90,0.9950,true,1,181383
5029053527581,false,תחתוני ספיגה לתופעת הרטבת לילה 4-7 האגיס,KC צ'כיה,CZ,האגיס פרידום דריי ני,,10.00,,false,,35.90,3.5900,true,1,181385
5029053534602,false,קוטקס טמפוני סופר ללא מוליך 32 יח,קוטקס,CZ,טמפוני קוטקס סופר לל,יחידה,0.00,יחידה,false,,26.90,0.0000,true,1,181397
5035766044772,false,סיידר תפוחים סטרונגבאו 330 בקבוק רביעייה,סטאסן ס.א,BE,סיידר רביעייה תפוחים,,1320.00,,false,,31.90,0.0242,true,1,172911
5050083559761,false,דגני בוקר קלוגס קוקו פופס שוקוס 500 גרם,קלוגס מניופקטורינג א,DE,דגני קלוגס קוקו פופס,,500.00,,false,,21.90,0.0438,true,1,179430
5060517886516,false,מונסטר אנרגי משקה אנרגיה אבסולוטלי זירו,מונסטר אנרג'י Monster Energy,RS,מונסטר אנרגי זירו פח,,500.00,,false,,7.90,0.0158,true,1,224442
5060639128051,false,"משקה אנרגיה מונסטר אולטרה פחית 500 מ""ל",מונסטר אנרג'י לימטד,RS,מונסטר אולטרה פחית 5,,500.00,,false,,7.90,0.0158,true,1,224444
5060639129102,false,"משקה אנרגיה מונסטר אנרג'י מנגו 500 מ""ל",מונסטר אנרג'י Monster Energy,RS,מונסטר אנרגי פח 500,,500.00,,false,,7.90,0.0158,true,1,240834
5060751218173,false,"משקה אנרגיה מונסטר Pipline punch פח 500 מ""ל",מונסטר אנרג'י לימטד,RS,מונסטר פונצ פח 500מל,,500.00,,false,,7.90,0.0158,true,1,249009
5201184066508,false,נר מספר ממותג,פאלאס,,נרות מספרים,יחידה,0.00,יחידה,false,,3.90,0.0000,true,1,186634
5201347160326,false,גל לשמירה על חיי מכונת הכביסה קלגון 750מ,RECKITT BENCKISER It,IT,קלגון גל 750מל,,750.00,,false,,32.90,0.0439,true,1,224363
5202300014496,false,ספריי לשיער חזק במיוחד וולה פלקס Wella flex,פרוקטר אנד גמבל,FR,וולפלקס ספריי אקסטרה,,250.00,,false,,29.90,0.1196,true,1,214808
5206759020701,false,סוכריות ג'לי בטעם פירות Exotic,,,סוכריות ג'לי אקזוטי,,700.00,,false,,15.90,0.0227,true,1,173677
5391523057943,false,סימילאק גולד שלב 3 תרכובת מזון על בסיס חלב,אבוט מעבדות רפואיות,IE,סימילאק גולד 700 גרם,,700.00,,false,,72.90,0.1041,true,1,224097
5391523058070,false,סימילאק אדבנס פלוס 3 תרכובת מזון על בסיס חלב,טרופיקל דגיל תעשיות,IE,סימילאק אדוונס פלוס,,700.00,,false,,64.90,0.0927,true,1,224099
5391523058087,false,סימילאק אדבנס פלוס 2 תרכובת מזון על בסיס חלב,טרופיקל דגיל תעשיות,IE,סימילאק אדוונס פלוס,,700.00,,false,,64.90,0.0927,true,1,224100
5400265024349,false,המלט מאפה מבצק עלים מסוכר 250 גר,HAMLET NV,,מאפה מסוכר בייגלה המ,,250.00,,false,,11.90,0.0476,true,1,206494
5410126006360,false,לוטוס עוגיות סנדוויץ' במילוי לוטוס 150 גר',לוטוס ביקרי בלגיה נ.,BE,לוטוס עוגיות סנדוויץ,,150.00,,false,,9.90,0.0660,true,1,250046
5410126006377,false,לוטוס עוגיות סנדוויץ' במילוי וניל 150 גר',לוטוס ביקרי בלגיה נ.,BE,לוטוס עוגיות סנדוויץ,,150.00,,false,,9.90,0.0660,true,1,250047
5410126106022,false,מארז עוגיות לוטוס 250 גר*2,לוטוס ביקרי נ.וי.,BE,לוטוס מארז חגים 2*25,,500.00,,false,,18.90,0.0378,true,1,250086
5410126116953,false,ממרח לוטוס ביסקויט קרמל 400 גרם,לוטוס בייקרי בלגיה נ,BE,ממרח ביסקוויט לוטוס,,400.00,,false,,22.90,0.0572,true,1,179471
5410126726947,false,ממרח לוטוס ביסקויט קרמל קראנץ' 380 גרם,לוטוס בייקרי בלגיה נ,BE,ממרח עוגיות לוטוס קר,,380.00,,false,,22.90,0.0603,true,1,179473
5410228267515,false,"שישיית בירה לאגר באדוויזר 6*330 מ""ל",באדווייזר Budweiser,GB,בירה באדוויזר שישייה,,1980.00,,false,,29.90,0.0151,true,1,224322
5410291021991,false,צ`וקטה ממרח אגוזי לוז עם קקאו 700 גר`,צ'וקטה Chocketa,BE,ממרח אגוזי לוז עם קק,,700.00,,false,,19.90,0.0284,true,1,191993
5410316994019,false,"וודקה סמירנוף אדום 700מ""ל",דיאג'ו אופריישנס איט,US,*מבצע* וודקה סמירנוף,,700.00,,false,,50.00,0.0714,true,1,173378
5411188096108,false,"שמנת לבישול ע""ב סויה 250 מ""ל אלפרו",אלפרו C.V.A,BE,אלפרו סויה לבישול 4.,,250.00,,false,,10.90,0.0436,true,1,185502
5411188110835,false,אלפרו חלב סויה שקדים וניל 1ל',הנסיך- מפעל לייצור ט,BE,אלפרו משקה משקה שקדי,,1000.00,,false,,14.90,0.0149,true,1,185510
5411188112709,false,"משקה קוקוס אלפרו 1 ליטר משקה שקדים לל""ס",הנסיך- מפעל לייצור ט,BE,אלפרו משקה שקדים ללא,,1000.00,,false,,14.90,0.0149,true,1,185514
5411188115366,false,משקה קוקוס אלפרו 1 ליטר משקה שיבולת שועל 1 ליטר,הנסיך- מפעל לייצור ט,BE,אלפרו משקה שיבולת שו,,1000.00,,false,,14.90,0.0149,true,1,185517
5411188124689,false,משקה שיבולת שועל ללא סוכר 1ל' אלפרו,אלפרו Alpro,BE,אלפרו משקה שיבולת שו,,1000.00,,false,,13.90,0.0139,true,1,238787
5411188134985,false,אלפרו 3.5% NOT M*LK שיבולת שועל 1 ליטר בית יוסף,הנסיך- מפעל לייצור ט,BE,אלפרו נוט מילק 3.5%,,1000.00,,false,,14.90,0.0149,true,1,247487
5411188135005,false,אלפרו 1.8% NOT M*LK שיבולת שועל 1 ליטר בית יוסף,הנסיך- מפעל לייצור ט,BE,אלפרו נוט מילק 1.8%,,1000.00,,false,,14.90,0.0149,true,1,247488
5411188543398,false,אלפרו משקה סויה ללא סוכר 1 ליטר,הנסיך- מפעל לייצור ט,BE,אלפרו משקה סויה ללא,,1000.00,,false,,14.90,0.0149,true,1,224438
5411616002190,false,"בירה מרטנס חזקה 8.5% כהל,500 מ""ל",מבשלת מרטנס,BE,בירה מרטינס סטרונג 8,,500.00,,false,,6.90,0.0138,true,1,173380
5411616133245,false,"בירה מרטנס פחית 500 מ""ל",מבשלת מרטנס,BE,בירה מרטנס ירוק פחית,,500.00,,false,,6.90,0.0138,true,1,173381
5411616148546,false,"בירה מרטינס גולד 500 מ""ל-פחית",מבשלת מרטנס,BE,בירה מרטינס גולד פחי,,500.00,,false,,6.90,0.0138,true,1,173382
5413149655522,false,"אבקת כביסה שושן צחור 1.25 ק""ג אריאל",פרוקטר אנד גמבל,TR,אריאל שושן צחור אבקת,קילוגרמים,1.25,"ק""ג",false,,19.90,15.9200,true,1,204064
5413149922907,false,"אבקת כביסה קולור וסטייל 5 ק""ג אריאל",אריאל Ariel,,אריאל אבקת כביסה קול,קילוגרמים,5.00,"ק""ג",false,,45.90,9.1800,true,1,204093
5413548280189,false,קינדר שוקובון 16 יחידות,קינדר,BE,קינדר שוקובון 125גר,,125.00,,false,,14.90,0.1192,true,1,214009
5604912415041,false,סרדינים בשמן חמניה פורטוס 125 גרם,קונסרבס פורטוגל נורט,PT,סרדינים בשמן חמניה פ,,125.00,,false,,6.90,0.0552,true,1,224154
5701932026964,false,"הוטפופ גרעיני תירס להכנת פופקורן במיקרוגל בטעם טבעי, בתוספת מלח, 600 גרם",ליימן מותגים,US,הוטפופ פופקורן בתוספ,,600.00,,false,,17.90,0.0298,true,1,192002
5701932026971,false,הוטפופ גרעיני תירס להכנת פופקורן במיקרוגל בטעם חמאה 600 גרם,ליימן מותגים,US,הוטפופ פופקורן בטעם,,600.00,,false,,17.90,0.0298,true,1,192003
5701932026995,false,"הוטפופ גרעיני תירס להכנת פופקורן במיקרוגל בטעם טבעי מופחת שומן, 510 גרם",קריניציה ויטמינה אס,US,הוטפופ פופקורן לייט,,510.00,,false,,17.90,0.0351,true,1,192004
5711953106583,false,גבינת שמנת בטעם טבעי 200 גרם ארלה,ארלה פודס אמבה,DK,גבינת שמנת טבעי ארלה,,200.00,,false,,16.50,0.0825,true,1,224330
5711953106590,false,גבינת שמנת ארלה שמנת שום 200 גרם,ארלה פודס אמבה,DK,גבינת שמנת שום ארלה,,200.00,,false,,16.50,0.0825,true,1,224331
5740900403215,false,ממרח מחמאת לורפק עם מלח 250 ג',לורפאק Lurpak,DK,לורפק ממרח עם מלח 25,,250.00,,false,,18.90,0.0756,true,1,224334
5740900403222,false,ממרח לורפק חמאה עם מלח מופחת שומן 250 ג,לורפאק Lurpak,DK,לורפק ממרח עם מלח מו,,250.00,,false,,18.90,0.0756,true,1,224335
5740900403239,false,ממרח לורפק ללא תוספת מלח 250 גר,לורפאק Lurpak,DK,לורפק ממרח ללא מלח 2,,250.00,,false,,18.90,0.0756,true,1,224336
5740900403246,false,ממרח לורפק ללא תוספת מלח 500 גר,לורפאק Lurpak,DK,לורפק ממרח ללא מלח 5,,500.00,,false,,29.90,0.0598,true,1,224337
5740900403253,false,ממרח מחמאת לורפק עם מלח 500 ג',לורפאק Lurpak,DK,לורפק ממרח עם מלח 50,,500.00,,false,,29.90,0.0598,true,1,224338
5900017062419,false,"ניוואה - תחליב רחצה ורדים ושמן שקדים 750 מ""ל",ביירסדורף,DE,ניוואה תחליב רחצה ור,,750.00,,false,,14.90,0.0199,true,1,245785
5900020012814,false,דגנים תפוחים בטעם שוקולד נסקוויק נסטלה 500 גרם,מיוצר עי קונדיטוריית,PL,דגני בוקר נסקוויק נס,,500.00,,false,,27.90,0.0558,true,1,176118
5900020015174,false,פיטנס חטיפי אנרגיה דגנים בטעם שוקולד נסטלה 6*23.5 גרם,מיוצר עי קונדיטוריית,PL,פיטנס חטיף דגנים שוק,,141.00,,false,,16.90,0.1199,true,1,176119
5900020024817,false,פיטנס דליס Fitness Delice חטיף דגנים עם שוקולד לבן,נסטלה פולין ברים,PL,פיטנס בר דליס שוקולד,,135.00,,false,,16.90,0.1252,true,1,176132
5900020025807,false,נסטלה - דגני סיני מיניס 375 גרם,סי. פי. פולין,PL,דגני סיני מיניס נסטל,,375.00,,false,,12.90,0.0344,true,1,176137
5900020026859,false,דגני האני נאט צ'יריו,Unknown,,דגני האני נאט צ'יריו,,375.00,,false,,12.90,0.0344,true,1,176143
5900020029669,false,פיטנס - חטיף דגנים פירות יער 23.50 גרם * 6,נסטלה פולין דגני בוק,PL,פיטנס חטיף דגני פירו,,141.00,,false,,16.90,0.1199,true,1,224120
5900020032539,false,מארז חטיף פיטנס שוקולד 8 X 23.5 גרם,נסטלה פולין ברים,PL,פיטנס מארז חטיפי דגנ,,188.00,,false,,16.90,0.0899,true,1,237075
5900020034021,false,חטיף דגנים פיטנס שוקולד בננה 141 גרם,מיוצר עי קונדיטוריית,IL,פיטנס חטיף דגנים שוק,,141.00,,false,,16.90,0.1199,true,1,224123
5900020036407,false,דגני בוקר ליון Lion בטעם שוקולד וקרמל,נסטלה פולין דגני בוק,US,ליון דגני בוקר שוקול,,480.00,,false,,27.90,0.0581,true,1,224126
5900020039590,false,פיטנס חטיף דגנים קלאסי פרווה 8 6*23.5 ג,נסטלה פולין דגני בוק,PL,פיטנס חטיף דגנים קלא,,141.00,,false,,16.90,0.1199,true,1,246212
5900020039620,false,פיטנס חטיף דגנים שקדים ודבש פרווה 8 6*23 ג,נסטלה פולין ברים,PL,פיטנס חטיף דגנים שק,,141.00,,false,,16.90,0.1199,true,1,246213
5900352000770,false,שוקולד חלב ממולא ג'לי דובדבן Mella,יעד ממתקים,,גלרטקה דובדבן 190 ג,,190.00,,false,,7.90,0.0416,true,1,173679
5900352001821,false,שוקולד חלב ממולא ג'לי לימון Mella,יעד ממתקים,,גלרטקה לימון 190 ג,,190.00,,false,,7.90,0.0416,true,1,173681
5900352002361,false,עוגיות יזיקי קלאסי 140גר,,,יזיקי קלאסיק 140 ג,,140.00,,false,,7.90,0.0564,true,1,218254
5900352002866,false,חטיף שוקולד אליבי מק,אליבי מקס Alibi Max,,חטיף אליבי 49 ג,יחידה,0.00,יחידה,false,,4.90,0.0000,true,1,173684
5900352014449,false,וופל בלגי וניל 130 גר,,,וופל בלגי וניל 130 ג,,130.00,,false,,4.90,0.0377,true,1,234592
5900352014456,false,וופל בלגי שוקולד 130 גר,,,וופל בלגי שוקולד 130,,130.00,,false,,4.90,0.0377,true,1,234593
5900352014470,false,וופל בלגי קרמל 130 גר,,,וופל בלגי קרמל 140 ג,,140.00,,false,,4.90,0.0350,true,1,234594
5900352014890,false,עוגיות יזיקי מריר תפ,,,יזיקי מריר תפוז 140,,140.00,,false,,7.90,0.0564,true,1,250376
5900352015125,false,עוגיות יזיקי קרמל מל,,,יזיקי קרמל מלוח 140,,140.00,,false,,7.90,0.0564,true,1,250377
5900352015576,false,וופל בלגי קרם קוקוס,,,וופל בלגי קרם קוקוס,,130.00,,false,,4.90,0.0377,true,1,250378
5900627063233,false,פיניש ALL IN ONE MAX טבליות 50 יחידות,רקיט בנקיזר,IL,פיניש טבליות למדיח 5,,50.00,,false,,35.90,0.7180,true,1,200104
5902198160403,false,XL משקה אנרגיה מוגז ללא סוכר עד 10 קלוריות לפחית 250 מל,"טמפו משקאות בע""מ",IL,אקסל משקה אנרגיה טן,,250.00,,false,,5.00,0.0200,true,1,221009
5904941751302,false,"משקה אנרגיה בלו 250 מ""ל- בודד",אקו - ביט,PL,בלו משקה אנרגיה 250מ,,250.00,,false,,4.90,0.0196,true,1,172062
5906485301012,false,"משקה אנרגיה XL פחית 250 מ""ל","טמפו משקאות בע""מ",IL,אקסל משקה אנרגיה 250,,250.00,,false,,5.00,0.0200,true,1,172927
5941021001261,false,טבלת שוקולד היידי גראנדור 75% 80 ג',היידי שוקולד בירונטי,RO,שוקולד היידי גראנדור,,80.00,,false,,10.90,0.1363,true,1,208306
5941021001674,false,טבלת שוקולד היידי גראנדור 80% 80 ג',היידי שוקולד בירונטי,,שוקולד היידי גראנדור,,80.00,,false,,10.90,0.1363,true,1,208307
5941021002190,false,טבלת שוקולד לבן אגוז היידי גראנדור 100 ג',היידי שוקולד בירונטי,,שוקולד היידי שוקולד,,100.00,,false,,10.90,0.1090,true,1,208308
5941021005139,false,טבלת שוקולד חלב שקד היידי גראנדור 100 ג',,,שוקולד היידי שוקולד,,100.00,,false,,10.90,0.1090,true,1,208313
5941021016401,false,טבלת שוקולד מריר שקד היידי גראנדור 100 ג',היידי שוקולד בירונטי,PL,טבלת היידי שוקולד גר,,100.00,,false,,10.90,0.1090,true,1,236013
6001067024446,false,קולגייט מברשת אקסטרה קלין שלישיה,COLGATE ($) -PALMOLI,VN,קולגייט מברשת שיניים,יחידה,0.00,יחידה,false,,10.00,0.0000,true,1,208232
6008165003984,false,סיגריות פאל מאל כחול סטרים פילט בודד,אמריקן גרדן,,פאל מאל כחול סטרים,יחידה,0.00,יחידה,false,,28.00,0.0000,false,1,202994
6008165271192,false,פאל מאל אדום ארוך האוס חפיסה,אמריקן גרדן,,פאל מאל אדום ארוך,יחידה,0.00,יחידה,false,,28.00,0.0000,false,1,202995
6111094000198,false,קוסקוס דארי דק 350 גרם,קרמה מן,MA,קוסקוס דארי דק 350 ג,יחידה,0.00,יחידה,false,,7.90,0.0000,true,1,224116
6111094000228,false,"קוסקוס דארי דק תומר 1 ק""ג",קריות זול,MA,קוסקוס תומר דק 1 קג,,1000.00,,false,,18.90,0.0189,true,1,174818
6111094000259,false,קוסקוס דארי בינוני 500ג'18X,דארי Dari,MA,קוסקוס דארי בינוני ת,,500.00,,false,,9.90,0.0198,true,1,224117
6111094000808,false,"קוסקוס דארי בינוני תומר 1 ק""ג + 10% תוספת",דרי קוספט,MA,קוסקוס דארי 1.1קג,,1000.00,,false,,18.90,0.0189,true,1,174819
6112012100075,false,קולפן פלסטיק איכותי,,,קולפן פלסטיק יקר,יחידה,0.00,יחידה,false,,12.90,0.0000,true,1,213592
6112012100389,false,תחתית + מסמר לכיסא,,,תחתית לכיסא+מסמר,יחידה,0.00,יחידה,false,,14.90,0.0000,true,1,213598
6112013100104,false,מותחן לסדין - רביעייה,,,מותחן למזרון חדש,יחידה,0.00,יחידה,false,,17.90,0.0000,true,1,213622
6112013100128,false,קולפן נירוסטה פשוט,,,קולפן נירוסטה פשוט,יחידה,0.00,יחידה,false,,7.90,0.0000,true,1,213624
6112013100999,false,סוגרים לשקיות 8 יחידות,,,סוגרים לשקיות,יחידה,0.00,יחידה,false,,9.90,0.0000,true,1,213636
6112015100508,false,מברשת לאסלה דגם 17,,,מברשת לאסלה,יחידה,0.00,יחידה,false,,4.90,0.0000,true,1,213673
6112015100867,false,שלישיית מברשת לניקוי,,,שלישיית מברשת לניקוי,יחידה,0.00,יחידה,false,,8.90,0.0000,true,1,213683
6112015100928,false,מטאטא / מגב סיליקון,,,מטאטא/מגב סיליקון,יחידה,0.00,יחידה,false,,24.90,0.0000,true,1,213684
6112016100064,false,מגב לניקוי חלונות,,,מגב לניקוי חלונות,יחידה,0.00,יחידה,false,,14.90,0.0000,true,1,236156
6112016100514,false,"תחתית לסיר מברזל 20 ס""מ",,,תחתית לסיר מברזל 20,יחידה,0.00,יחידה,false,,10.90,0.0000,true,1,240616
6112016100750,false,מספריים איכותיות,,,מספריים איכותיות,יחידה,0.00,יחידה,false,,11.90,0.0000,true,1,236162
6112017101350,false,מצע לירקות ופירות מטורקיה,,,מצע לירקות ופירות מט,יחידה,0.00,יחידה,false,,9.90,0.0000,true,1,236172
6112017101565,false,"מתקן לסכו""ם מנירוסטה",,,"מתקן לסכו""ם מנירוסטה",יחידה,0.00,יחידה,false,,17.90,0.0000,true,1,236177
6112017102371,false,מטאטא מילנו,,,מטאטא מילנו,יחידה,0.00,יחידה,false,,11.90,0.0000,true,1,236180
6112017102432,false,"מגב לרצפה 40 ס""מ",,,מגב רצפה,יחידה,0.00,יחידה,false,,11.90,0.0000,true,1,236181
6112017102784,false,מברשת ניקוי,,,מברשת ניקוי,יחידה,0.00,יחידה,false,,6.90,0.0000,true,1,236186
6112017102791,false,מברשת ג'מבו לניקוי+י,,,מברשת ג'מבו לניקוי+י,יחידה,0.00,יחידה,false,,9.90,0.0000,true,1,236187
6112017102807,false,מברשת לניקוי כלים,,,מברשת לניקוי כלים,יחידה,0.00,יחידה,false,,6.90,0.0000,true,1,236188
6112017102838,false,מברשת אסלה לשירותים,,,מברשת אסלה לשירותים,יחידה,0.00,יחידה,false,,17.90,0.0000,true,1,236191
6112017103620,false,כף עגשה עגולה,,,כף עגשה עגולה,יחידה,0.00,יחידה,false,,11.90,0.0000,true,1,236202
6112017103637,false,כף עגשה ישרה מחוררת,,,כף עגשה ישרה מחוררת,יחידה,0.00,יחידה,false,,11.90,0.0000,true,1,236203
6112017103644,false,כף הגשה ישרה,,,כף הגשה ישרה,יחידה,0.00,יחידה,false,,11.90,0.0000,true,1,236204
6112017103897,false,שלישיית סכיני מטבח צבעוני,,,שלישיית סכינים,יחידה,0.00,יחידה,false,,9.90,0.0000,true,1,236207
6112017104153,false,ספוג מסאז',,,ספוג מסאז,יחידה,0.00,יחידה,false,,8.90,0.0000,true,1,236208
6112017104573,false,מטאטא שחור לבן,,,מטאטא שחור לבן,יחידה,0.00,יחידה,false,,24.90,0.0000,true,1,236212
6112017106133,false,כפפת סיליקון בשילוב בד,,,כפפה סיליקון בשילוב,יחידה,0.00,יחידה,false,,29.90,0.0000,true,1,239143
6112017106249,false,כרית קירצוף מסיליקון,,,כריות קירצוף מסיליקו,יחידה,0.00,יחידה,false,,11.90,0.0000,true,1,239145
6118000061090,false,סרדינים מרוקאים בשמן סויה -טנגיר 125,דין שיווק,,סרדין מרוקאי בשמן סו,,125.00,,false,,6.90,0.0552,true,1,200758
6118000240501,false,סרדינים מרוקאים בשמן סויה עם פלפל חריף - 125 גרם,דין שיווק,,סרדין מרוקאי בשמן סו,,125.00,,false,,6.90,0.0552,true,1,214838
6281001510390,false,מברשת שיניים לילדים אקסטרא סופט לגילאי 0-2,קולגייט Colgate,CN,קולגייט מברשת שיניים,יחידה,0.00,יחידה,false,,11.90,0.0000,true,1,185539
6598255452236,false,מסכות חד פעמי 50יח,,,מסכות חד פעמי 50יח,יחידה,0.00,יחידה,false,,9.90,0.0000,true,1,240225
6910191800287,false,אצות נורי בלו 10 דף (ננגטונג),ננטונג היידה אקווטוק,CN,דפי סושי אצות נורי ב,,10.00,,false,,13.90,1.3900,true,1,205384
6912977000140,false,אטריות שעועית 250 גר' ( Yantai)ללא גלוטן(כ),יאנטאי ינסידה לנוגקא,CN,אטריות שעועית 250גר,,250.00,,false,,10.90,0.0436,true,1,205385
6921052701001,false,אצות וואקמה 40 גרם (רונגצ'אנג)(כ),ננטונג הידה אקוטיק פ,TH,אצות ים וואקמה 40גר,,40.00,,false,,11.90,0.2975,true,1,205386
6925374202437,false,מתלים מפלסטיק - שלישייה,,,מתלים פלסטיק שלישייה,יחידה,0.00,יחידה,false,,8.90,0.0000,true,1,221808
6931191500434,false,מועך תפוחי אדמה,,,מועך תפוחי אדמה,יחידה,0.00,יחידה,false,,9.90,0.0000,true,1,213691
6931191500649,false,דבק סופר גלו - רביעייה,,,דבק סופר גלו רביעייה,יחידה,0.00,יחידה,false,,11.90,0.0000,true,1,213696
6934931267246,false,מצית גז להבה ארוך 26,,,מצת לכיריים,יחידה,0.00,יחידה,false,,9.90,0.0000,true,1,246538
6935487561246,false,מסיכה כירורגית שחורה מארז 50 יח',,,מסכות חד פעמי 50 יח,,50.00,,false,,9.90,0.1980,true,1,244726
6935673035629,false,כפפות אלוורה להקלה על עור יבש - בינוני M,מ.א ייצור ושיווק מטל,CN,כפפות אלוורה שאיני M,יחידה,0.00,יחידה,false,,7.90,0.0000,true,1,197882
6935673035636,false,כפפות אלוורה להקלה על עור יבש - גדול L,מ.א ייצור ושיווק מטל,CN,כפפות אלוורה שאיני L,יחידה,0.00,יחידה,false,,7.90,0.0000,true,1,197883
6936745600783,false,"חומץ אורז 500 מ""ל (דאניינג)",דאנינג יוה פודס קו,CN,חומץ אורז דאניינג 50,,500.00,,false,,16.90,0.0338,true,1,205408
6941349515852,false,סיר נירוסטה עם ידית,,,סיר נירוסטה עם ידית,יחידה,0.00,יחידה,false,,29.90,0.0000,true,1,247835
6945305614047,false,רביעיית מתלים דמוי ניקל,,,רביעיית מתלים ניקל,יחידה,0.00,יחידה,false,,9.90,0.0000,true,1,213701
6985425120011,false,זוג מסנני כיור פרפר,,,מסנן פרפר זוג,יחידה,0.00,יחידה,false,,8.90,0.0000,true,1,213709
6985425120035,false,פקק פטנט לאמבטיה,,,פקק פטנט לאמבטיה,יחידה,0.00,יחידה,false,,5.90,0.0000,true,1,213711
6985425120103,false,דבק סלוטייפ,,,דבק סלוטייפ,יחידה,0.00,יחידה,false,,9.90,0.0000,true,1,213712
6985425120134,false,מזלף למקלחת מטר,,,מזלף למקלחת מטר,יחידה,0.00,יחידה,false,,29.90,0.0000,true,1,236233
6985425120301,false,אטבי כביסה 30 יחידות,,,אטבי כביסה 30 יחידות,יחידה,0.00,יחידה,false,,9.90,0.0000,true,1,239152
6985425120950,false,זוג ידיות לסיר עליון פס כסף,,,זוג ידיות לסיר עליון,יחידה,0.00,יחידה,false,,9.90,0.0000,true,1,213720
7271730901261,false,ווקי מאק ארוחת אטריות עם גבינה 156 גרם,ניו וורלד פסטה קומפנ,US,תערובת להכנת פסטה+גב,,156.00,,false,,12.90,0.0827,true,1,174553
7290000000070,false,פלפל שושקה ירוק/ אדו,,,סופגניה,יחידה,0.00,יחידה,false,,3.90,0.0000,true,1,250602
7290000000818,false,גלידה מצופים 6יח ריא,,,גלידה מצופים 6יח ריא,יחידה,0.00,יחידה,false,,15.90,0.0000,true,1,250655
7290000001070,false,גרנה פדנו מגורד+פסטה,,,גרנה פדנו מגורד+פסטה,יחידה,0.00,יחידה,false,,20.90,0.0000,true,1,250630
7290000001236,false,אנטרטיק/קצץ אקונומיק,,,אנטרטיק/קצץ אקונומיק,יחידה,0.00,יחידה,false,,22.90,0.0000,true,1,250638
7290000001338,false,תה דאלאי 25שקיקים+וו,,,תה דאלאי 25שקיקים+וו,יחידה,0.00,יחידה,false,,15.90,0.0000,true,1,250637
7290000003099,false,מים עין גדי 2 ל* בוד,,,מים עין גדי 2 ל* בוד,יחידה,0.00,יחידה,false,,3.10,0.0000,true,1,243153
7290000018485,false,זית ירוק כהה/אדום,שקדיה,,דונאטס מצופה,יחידה,0.00,יחידה,false,,5.90,0.0000,true,1,238469
7290000023083,false,ערק אשקלון בקבוק 700,"יקבי ברקן בע""מ",IL,ערק אשקלון 700 מל,,700.00,,false,,49.90,0.0713,true,1,172941
7290000023809,false,"יין קלאסיק קברנה סובניון 750 מ""ל ברקן",יקבי ברקן שיווק והפצ,IL,יין קלאסיק קברנה סוב,,750.00,,false,,39.90,0.0532,true,1,172966
7290000023977,false,"יין ברקן קלאסיק מרלו 750 מ""ל",יקבי ברקן שיווק והפצ,IL,יין קלאסיק מרלו 750מ,,750.00,,false,,39.90,0.0532,true,1,172973
7290000024202,false,"יין ברקן רזרב קברנה סובניון 750 מ""ל",ברקן שיווק והפצה בעמ,IL,יין רזרב קברנה סובינ,,750.00,,false,,49.90,0.0665,true,1,172976
7290000024264,false,"יין ברקן רזרב מרלו 750 מ""ל",כרמי צבי - אחים סגל,IL,יין רזרב מרלו 750 מל,,750.00,,false,,49.90,0.0665,true,1,172979
7290000024523,false,"תירוש של סגל ,מיץ ענבים , 1 ליטר",כרמי צבי - האחים סגל,IL,מיץ ענבים של סגל 1 ל,,1000.00,,false,,13.90,0.0139,true,1,172985
7290000033976,false,כתף טלה טרי,,,כתף טלה טרי,קילוגרמים,1.00,"ק""ג",true,,109.00,109.0000,true,1,198663
7290000034256,false,ביסקוויט תירוש חצי מצופה הדר 175ג',אפיפית נצרת תעשיות ב,IL,ביסקויט תירוש 175גרם,,175.00,,false,,7.90,0.0451,true,1,202409
7290000034973,false,חזה טלה ספרייס טרי,,,חזה טלה ספרייס טרי,קילוגרמים,1.00,"ק""ג",true,,79.00,79.0000,true,1,198665
7290000036977,false,צוואר כבש טרי,קצביית פרימיום,IL,צוואר כבש טרי,קילוגרמים,1.00,"ק""ג",true,,79.90,79.9000,true,1,195080
7290000037066,false,פרגית טרי,,,פרגית טרי,קילוגרמים,1.00,"ק""ג",true,,64.90,64.9000,true,1,211174
7290000040042,false,יופלה יוגורט תות %3 גביע 150 גרם,תנובה חלב,IL,יופלה תות שובב 3% 15,,150.00,,false,,5.20,0.0347,true,1,188751
7290000040066,false,יופלה יוגורט דובדבן %3 גביע 150 גרם,תנובה מרכז שיתופי לש,IL,יופלה דובדבן פראי 3%,,150.00,,false,,5.20,0.0347,true,1,188753
7290000040080,false,יופלה יוגורט אפרסק %3 גביע 150 גרם,תנובה חלב,IL,יופלה אפרסק מאוהב 3%,,150.00,,false,,5.20,0.0347,true,1,188754
7290000040301,false,תנובה עין גדי קממבר מחלב בקר 24% שומן,תנובה מרכז שיתופי לש,IL,גבינה קממבר עין גדי,,125.00,,false,,21.50,0.1720,true,1,188759
7290000040318,false,גבינת ברי 24% קולאז עדי תנובה 125 ג',תנובה מרכז שיתופי לש,IL,גבינת קולאז' ברי 24%,,125.00,,false,,21.50,0.1720,true,1,188760
7290000040974,false,חלב תנובה דל לקטוז 2% שומן 1 ליטר,תנובה מרכז שיתופי לש,IL,חלב קרטון דל לקטוז ת,,1000.00,,false,,7.50,0.0075,true,1,188763
7290000041858,false,"שמנת חמוצה 15% יטבתה 200 מ""ל מהדרין",שטראוס גרופ,IL,שמנת חמוצה 15% יטבתה,,200.00,,false,,2.50,0.0125,true,1,195546
7290000041865,false,"לבן 4.5% שומן מהדרין ""יטבתה""",שטראוס גרופ,IL,אשל 4.5% יטבתה 200מל,,200.00,,false,,2.00,0.0100,true,1,195547
7290000041872,false,"לבן 3% יטבתה 200מ""ל מהדרין",שטראוס גרופ,IL,לבן 3% 200מל,,200.00,,false,,2.00,0.0100,true,1,195548
7290000042008,false,חלב תנובה טרי 3% שקית 1 ל',"תנובה, מחלבת רחובות",IL,חלב בשקית תנובה 3% 1,,1000.00,,false,,5.43,0.0054,true,1,188768
7290000042015,false,חלב טרי 3% תנובה שקית 1ל' מהדרין,תנובה מרכז שיתופי לש,IL,חלב בשקית בדץ תנובה,,1000.00,,false,,5.43,0.0054,true,1,188769
7290000042404,false,חלב יוטבתה מועשר 3% שקית 1ל',שטראוס גרופ,IL,חלב מועשר שקית יטבתה,,1000.00,,false,,5.90,0.0059,true,1,195549
7290000042435,false,תנובה חלב טרי 1% שומן - מוצר בפיקוח,תנובה מרכז שיתופי לש,IL,חלב בקרטון תנובה 1%,,1000.00,,false,,5.86,0.0059,true,1,188778
7290000042442,false,"חלב תנובה טרי 3% ""תנובה"" - מוצר בפיקוח",תנובה חלב,IL,חלב בקרטון תנובה 3%,,1000.00,,false,,6.23,0.0062,true,1,188779
7290000042640,false,"חלב תנובה עמיד 3% קרטון 250 מ""ל",תנובה מרכז שיתופי לש,IL,חלב עמיד תנובה 3% 25,,250.00,,false,,3.50,0.0140,true,1,188786
7290000042855,false,"שוקו בשקית 250 מ""ל ""יטבתה""",שטראוס גרופ,IL,שוקו שקית 250,,250.00,,false,,3.10,0.0124,true,1,195551
7290000043012,false,"שוקו עמיד 2% בקרטון 250 מ""ל תנובה",תנובה מרכז שיתופי לש,IL,שוקו עמיד תנובה בקרט,,250.00,,false,,5.40,0.0216,true,1,188790
7290000043111,false,תנובה חמאה 200 גרם - מוצר בפיקוח,"תנובה, מחלבת תל יוסף",IL,חמאה תנובה 200 גר,,200.00,,false,,8.70,0.0435,true,1,188791
7290000043814,false,השף הלבן שמנת להקצפה 38% שומן 250 מל - מוצר בפיקוח,תנובה מרכז שיתופי לש,IL,שמנת להקצפה 38% 250מ,,250.00,,false,,6.47,0.0259,true,1,188793
7290000043890,false,תנובה רויון לבן מחלב מפסוטר 1.5%,תנובה מרכז שיתופי לש,IL,רויון תנובה 1.5% 1לי,,1000.00,,false,,12.30,0.0123,true,1,188795
7290000043944,false,כד יוגורט תנובה 4% שומן 1.5 ליטר,מיוצר עי קונדיטוריית,IL,יוגורט כדים תנובה 1.,,1500.00,,false,,17.90,0.0119,true,1,188796
7290000044712,false,יוגורט עם תות 1.5% שומן 500 ג' פרילי,מיוצר עי קונדיטוריית,IL,פרילי תות 1.5% 500מל,,500.00,,false,,11.70,0.0234,true,1,188803
7290000044880,false,באדי יוגורט תות 3% שומן 500 ג' תנובה,מיוצר עי קונדיטוריית,IL,באדי תות 3% 500מל,,500.00,,false,,9.80,0.0196,true,1,188805
7290000045573,false,גבינת מותכת משולשים 25% שומן 200 ג' נעמה,תנובה חלב,IL,נעמה גבינת מותכת 200,,200.00,,false,,15.90,0.0795,true,1,188807
7290000045580,false,"גבינת מותכת נעמה חורש 25%, 240 ג'",תנובה מרכז שיתופי לש,IL,נעמה גבינת מותכת 240,,240.00,,false,,18.90,0.0787,true,1,188808
7290000045771,false,יוגורט תנובה כד 3 ליטר 4%,תנובה מרכז שיתופי לש,IL,יוגורט כדים תנובה 3ל,,3000.00,,false,,30.90,0.0103,true,1,188809
7290000045917,false,תנובה פרומעז גבינה מותכת מחלב עיזים 23% שומן,תנובה חלב,IL,גבינה פרומעז 23% קול,,200.00,,false,,27.90,0.1395,true,1,188810
7290000046006,false,גבינה צהובה עמק בלוק,תנובה מרכז שיתופי לש,IL,עמק 28% תנובה,קילוגרמים,1.00,"ק""ג",true,,44.79,44.7900,true,1,188667
7290000046020,false,גלבוע גבינה שמנה במש,תנובה מרכז שיתופי לש,IL,גלבוע 22% תנובה,קילוגרמים,1.00,"ק""ג",true,,42.58,42.5800,true,1,188668
7290000046136,false,גלבוע 22% תנובה,קריות זול,,גלבוע 22% תנובה,קילוגרמים,1.00,"ק""ג",true,,42.58,42.5800,true,1,188671
7290000046327,false,גלבוע גבינה צהובה פרוסה 22% תנובה 200 גרם,תנובה מרכז שיתופי לש,IL,גלבוע גבינה צהובה פר,,200.00,,false,,14.30,0.0715,true,1,188813
7290000046501,false,גבינה טל העמק בלוק ק,קריות זול,,טל העמק חריץ 32% תנו,קילוגרמים,1.00,"ק""ג",true,,63.00,63.0000,true,1,188673
7290000046563,false,קולאז פרמזן חריץ במש,תנובה מרכז שיתופי לש,IL,פרמזן קולאז 23% תנוב,קילוגרמים,1.00,"ק""ג",true,,125.00,125.0000,true,1,188676
7290000046662,false,עמק דליקטס סקנדינבית,תנובה מרכז שיתופי לש,IL,עמק דליקטס סקנדינבית,קילוגרמים,1.00,"ק""ג",true,,82.00,82.0000,true,1,188679
7290000047027,false,קולאז קצקבל גלעד במש,תנובה מרכז שיתופי לש,IL,קאשקבל 28% תנובה חלב,קילוגרמים,1.00,"ק""ג",true,,134.00,134.0000,true,1,188681
7290000047034,false,קולאז רוקפור גליל במ,תנובה מרכז שיתופי לש,IL,רוקפור 28% תנובה,קילוגרמים,1.00,"ק""ג",true,,135.00,135.0000,true,1,188682
7290000047485,false,גבינה בולגרית במשקל,תנובה מרכז שיתופי לש,IL,בולגרית 24% תנובה,קילוגרמים,1.00,"ק""ג",true,,59.00,59.0000,true,1,188685
7290000047546,false,השף הלבן כנען גבינה לבנה דלת נתרן 5% תנובה 500 גרם,תנובה מרכז שיתופי לש,IL,גבינה לבנה ללא תוספת,,500.00,,false,,24.90,0.0498,true,1,188817
7290000047621,false,גבינה לבנה רכה 5% תנובה 250ג' מהדרין,תנובה מרכז שיתופי לש,IL,גבינה לבנה 5% מהדרין,,250.00,,false,,4.98,0.0199,true,1,188819
7290000047942,false,**תנובה גבינה לבנה מהדרין 9% 250ג,תנובה מרכז שיתופי לש,IL,גבינה לבנה 9% מהדרין,,250.00,,false,,5.20,0.0208,true,1,188823
7290000048185,false,גבינה לבנה 5% 250 גרם - מוצר בפיקוח,מיוצר עי קונדיטוריית,IL,גבינה לבנה 250גר 5%,,250.00,,false,,4.98,0.0199,true,1,188824
7290000048192,false,גבינה לבנה 9% שומן 250 ג' תנובה,מחלבת אלון תבור,IL,גבינה לבנה רכה 9% 25,,250.00,,false,,5.20,0.0208,true,1,188825
7290000048307,false,גבינת קוטג' עם זיתים 5% תנובה 250 גרם,מיוצר עי קונדיטוריית,IL,קוטג עם זיתים 5% 250,,250.00,,false,,5.90,0.0236,true,1,188827
7290000048413,false,פיראוס חמד גבינה מלוחה 16% שומן,תנובה מרכז שיתופי לש,IL,גבינת חמד פיראוס 16%,,250.00,,false,,19.40,0.0776,true,1,188828
7290000048437,false,גבינה צפתית 5% 200 ג' פיראוס,פארייפאבה אגרואינדוס,IL,צפתית 5% 200גר פיראו,,200.00,,false,,15.90,0.0795,true,1,188829
7290000048444,false,גבינת חמד 16% פיראוס,תנובה מרכז שיתופי לש,IL,"חמד 16% תנובה 1ק""ג",קילוגרמים,1.00,"ק""ג",true,,59.00,59.0000,true,1,188687
7290000050447,false,"יוגורט ביו בטעם תות YYY יופלה 500 מ""ל",מיוצר עי קונדיטוריית,IL,יופלה YYY תות 3% 500,,500.00,,false,,14.40,0.0288,true,1,188845
7290000050454,false,"יוגורט אפרסק 3% YYY יופלה 500 מ""ל",מיוצר עי קונדיטוריית,IL,יופלה YYY אפרסק 3% 5,,500.00,,false,,14.40,0.0288,true,1,188846
7290000051352,false,חלב מלא בטעם של פעם 3.4% תנובה קרטון 1 ל',תנובה מרכז שיתופי לש,IL,חלב של פעם בקרטון 3.,,1000.00,,false,,8.30,0.0083,true,1,188874
7290000051376,false,יופלה דיאט אננס ספורטיבי 0% 150גר,תנובה מרכז שיתופי לש,IL,יופלה דיאט אננס ספור,,150.00,,false,,5.30,0.0353,true,1,188876
7290000052311,false,עמק פרוס בקופסא 200 גר 15% שומן,תנובה מרכז שיתופי לש,IL,עמק גבינה צהובה מהדר,,200.00,,false,,17.50,0.0875,true,1,188902
7290000052649,false,גבינת לאבנה 5% שומן 500 ג' פיראוס,תנובה מרכז שיתופי לש,IL,לאבנה 5% 500גר פיראו,,500.00,,false,,21.50,0.0430,true,1,188916
7290000052717,false,גבינת קוטג' שום שמיר 5% תנובה 250 גרם,מיוצר עי קונדיטוריית,IL,קוטג עם שום שמיר 5%,,250.00,,false,,5.90,0.0236,true,1,188921
7290000055015,false,פיראוס גבינת פטה כבשים 5% תנובה 250 גרם,תנובה מרכז שיתופי לש,IL,פטה כבשים 5% שומן פי,,250.00,,false,,28.90,0.1156,true,1,189012
7290000055329,false,"משקה בוקר יוגורט 1.5% בטעם תות מלון יופלה 250 מ""ל",תנובה מרכז שיתופי לש,IL,יופלה משקה יוגורט תו,,250.00,,false,,5.90,0.0236,true,1,189024
7290000055336,false,משקה יוגורט יופלה בטעם בננה אפרסק 250 גר,תנובה מרכז שיתופי לש,IL,יופלה משקה יוגורט בנ,,250.00,,false,,5.90,0.0236,true,1,189025
7290000055343,false,משקה יוגורט יופלה פירות טרופיים 250 גרם,תנובה מרכז שיתופי לש,IL,יופלה משקה יוגורט טר,,250.00,,false,,5.90,0.0236,true,1,189026
7290000055350,false,גבינה צהובה חריץ עמק 28% במשקל,תנובה מרכז שיתופי לש,IL,עמק 28% תנובה,קילוגרמים,1.00,"ק""ג",true,,44.79,44.7900,true,1,234942
7290000055893,false,חמאה משמנת מפוסטרת 200גרם 82% כ.מהדרין - מוצר בפיקוח,תנובה מרכז שיתופי לש,IL,חמאה תנובה 200 גר מה,,200.00,,false,,8.70,0.0435,true,1,189040
7290000056081,false,מאגדת פרילי טבע 6 יח' * 200 ג',מיוצר עי קונדיטוריית,IL,פרילי טבע 6*200מל,,1200.00,,false,,24.50,0.0204,true,1,189045
7290000056883,false,יופלה מאגדת פרי 3% 8 יח' * 150 ג',תנובה מרכז שיתופי לש,IL,יופלה טעמים משתנים 3,,1200.00,,false,,31.90,0.0266,true,1,189073
7290000056890,false,דיאט יופלה שמינייה טעמים שונים,מיוצר עי קונדיטוריית,IL,יופלה מאגדת דיאט טעמ,יחידה,0.00,יחידה,false,,32.70,0.0000,true,1,189074
7290000056906,false,מאגדת לבן טבעי 1.5% שומן 8 יח' * 150 ג' יופלה,מחלבת אלון תבור,IL,יופלה לבן מאגדת שמינ,,1200.00,,false,,18.90,0.0157,true,1,189075
7290000056951,false,"תנובה, השף הלבן, שמנת לבישול 15% שומן 500 מל",תנובה מרכז שיתופי לש,IL,שמנת לבישול 15% פקק,,500.00,,false,,18.50,0.0370,true,1,189078
7290000057088,false,עמק גבינה צהובה פרוסה דק דק 28% תנובה 200 גרם,תנובה מרכז שיתופי לש,IL,עמק גבינה צהובה דק ד,,200.00,,false,,17.50,0.0875,true,1,189084
7290000057118,false,עמק סמי מעדנייה כשרות מהדרין,תנובה מרכז שיתופי לש,IL,*מבצע* המעדניה של עמ,,400.00,,false,,19.90,0.0497,true,1,189086
7290000057132,false,יוגורט תנובה טבעי 1.5% גביע 200 גרם,מחלבת אלון תבור,IL,יוגורט טבעי 1.5%תנוב,,200.00,,false,,3.20,0.0160,true,1,189087
7290000057149,false,יוגורט תנובה טבעי 3% גביע 200 גרם,מיוצר עי קונדיטוריית,IL,יוגורט טבעי 3% תנובה,,200.00,,false,,3.20,0.0160,true,1,189088
7290000057552,false,יופלה דיאט עוגת גבינה ותות 0% גביע 150ג',תנובה חלב,IL,יופלה דיאט עוגת גבינ,,150.00,,false,,5.00,0.0333,true,1,189105
7290000058030,false,"יופלה שטוזים משקה יוגורט תות 8 יח' * 100 מ""ל",מיוצר עי קונדיטוריית,IL,יופלה שטוזים משקה יו,,800.00,,false,,21.90,0.0274,true,1,189123
7290000058047,false,**שף לבן שמנת מתוקה מהדרין 38% פקק 500מ,תנובה מרכז שיתופי לש,IL,שמנת להקצפה מהדרין 3,,500.00,,false,,12.94,0.0259,true,1,189124
7290000060088,false,בייגלה מקלות מלוחים אסם 400 גרם,מיוצר עי קונדיטוריית,IL,בייגלה מקלות מלוחים,,300.00,,false,,11.90,0.0397,true,1,176184
7290000060163,false,פסטה אסם אטריות דקות 400גר,"אסם תעשיות בע""מ",IL,אטריות דקות אסם 400ג,,400.00,,false,,7.90,0.0198,true,1,176188
7290000060200,false,פסטה אסם פתיתים אפויים קוסקוס 500גר,"אסם תעשיות בע""מ",IL,פתיתים אפויים קוסקוס,,500.00,,false,,7.90,0.0158,true,1,176190
7290000060248,false,פסטה אסם פתיתים תלתלים 500 גר',קריות זול,IT,פסטה תלתלים אסם 500,,500.00,,false,,6.90,0.0138,true,1,176192
7290000060316,false,פסטה פרפקטו ספגטי 500ג' אסם,אסם פרפקטו,IT,פסטה פרפקטו ספגטי אס,,500.00,,false,,8.50,0.0170,true,1,176195
7290000060408,false,פסטה אסם פתיתים אפויים טבעות 500 גר,"אסם תעשיות בע""מ",IL,פתיתים אפויים טבעות,,500.00,,false,,7.90,0.0158,true,1,176201
7290000060415,false,"פסטה פרפקטו לאזניה 500 ג' ""אסם""",אסם פרפקטו,IT,לזניה פרפקטו 500גר,,500.00,,false,,15.90,0.0318,true,1,176202
7290000060781,false,פסטה אסם פתיתים מסולסלים 500גר,קריות זול,IT,פסטה מסולסלים אסם 50,,500.00,,false,,6.90,0.0138,true,1,176215
7290000060842,false,פסטה אסם פתיתים צדפים גדולים 500גר,קריות זול,IT,פסטה צדפים גדולים אס,,500.00,,false,,6.90,0.0138,true,1,176220
7290000060880,false,פסטה מס' 8 ספגטי אסם 500ג',קריות זול,IT,פסטה ספגטי אסם 500גר,,500.00,,false,,6.90,0.0138,true,1,176223
7290000060903,false,פסטה אסם פתיתים אפויים אורז 500גר,"אסם תעשיות בע""מ",IL,פתיתים אפויים אורז א,,500.00,,false,,7.90,0.0158,true,1,176224
7290000060958,false,פסטה אסם אטריות בינוניות 400 גרם,"אסם תעשיות בע""מ",IL,אטריות בינוניות אסם,,400.00,,false,,7.90,0.0198,true,1,176227
7290000060965,false,פסטה אסם אטריות רחבות 400גר,"אסם תעשיות בע""מ",IL,אטריות רחבות אסם 400,,400.00,,false,,7.90,0.0198,true,1,176228
7290000061061,false,קרקר חיטה עם בצל אסם,"אסם תעשיות בע""מ",IL,קרקר בצל אסם 250גר,,250.00,,false,,11.90,0.0476,true,1,176230
7290000061108,false,"רוטב טריאקי 290 מ""ל-בקבוק","אסם תעשיות בע""מ",IL,רוטב טריאקי אסם 290מ,,290.00,,false,,12.90,0.0445,true,1,176233
7290000061214,false,פתיתים אפויים קוסקוס עם בצל אסם 500 גרם,"אסם תעשיות בע""מ",IL,פתיתים אפויים קוסקוס,,500.00,,false,,7.90,0.0158,true,1,176235
7290000061764,false,קפה נמס מגורען רד מאג 200 גרם,נסטלה ספרד קפה,ES,רד מאג נסקפה 200גר,,200.00,,false,,24.90,0.1245,true,1,176249
7290000063140,false,שקדי מרק רכיבים טבעיים בשקית 400 ג' אסם,"אסם תעשיות בע""מ",IL,שקדי מרק רכיבים טבעי,,400.00,,false,,14.90,0.0373,true,1,176273
7290000063157,false,אסם קמח עוגה תופח מאליו 1 קג,"אסם תעשיות בע""מ",IL,קמח תופח מאליו אסם 1,,1000.00,,false,,9.90,0.0099,true,1,176274
7290000064758,false,קוסקוס בינוני אמיתי אסם 350 ג',"מיוצר ע""י קוד יצרן K",IL,קוסקוס בינוני אסם 35,,350.00,,false,,8.50,0.0243,true,1,176308
7290000064871,false,"אוסם - מנה חמה פירה תפו""א עם בצל 56 גרם","אסם תעשיות בע""מ",IL,מנה חמה אסם פירה תפו,,56.00,,false,,6.90,0.1232,true,1,176313
7290000065090,false,מיני קרוטונים מתובלים למרק ולסלט אסם 400 גרם,עינת תעשיות מזון אגו,IL,מיני קורטונים למרק ו,,400.00,,false,,26.90,0.0672,true,1,176316
7290000065335,false,אוסם - מנה חמה פירה עם ירקות 55 גרם,"אסם תעשיות בע""מ",IL,מנה חמה אסם פירה עם,,55.00,,false,,6.90,0.1255,true,1,176319
7290000065540,false,אוסם - מנה חמה פסטה מוקרמת בטעם עוף 55 גרם,"אסם תעשיות בע""מ",IL,מנה חמה אסם פסטה מוק,,55.00,,false,,6.90,0.1255,true,1,176320
7290000065557,false,אוסם - מנה חמה קוסקוס עם ירקות 84 גרם,"אסם תעשיות מזון בע""מ",IL,מנה חמה אסם קוסקוס ע,,84.00,,false,,6.90,0.0821,true,1,176321
7290000066141,false,ביסלי חטיף בטעם גריל אסם 70 גרם,"אסם תעשיות בע""מ",IL,ביסלי בטעם גריל אסם,,70.00,,false,,4.90,0.0700,true,1,176336
7290000066189,false,ביסלי חטיף בטעם פלאפל אסם 200 גרם,"אסם תעשיות בע""מ",IL,ביסלי גדול פלאפל אסם,,200.00,,false,,9.50,0.0475,true,1,176340
7290000066196,false,ביסלי חטיף בטעם גריל אסם 200 גרם,מיוצר עי קונדיטוריית,IL,ביסלי גדול טעם גריל,,200.00,,false,,9.50,0.0475,true,1,176341
7290000066226,false,ביסלי חטיף בטעם פיצה אסם 200 גרם,מיוצר עי קונדיטוריית,IL,ביסלי בטעם פיצה אסם,,200.00,,false,,9.50,0.0475,true,1,176344
7290000066264,false,דובונים חטיף תפוחי אדמה אסם 40 גרם,"אסם תעשיות בע""מ",IL,דובונים אסם 40גר,,40.00,,false,,4.90,0.1225,true,1,176345
7290000066318,false,במבה חטיף בוטנים אסם 80 גרם,"אסם תעשיות בע""מ",IL,במבה אסם 80 גרם,,80.00,,false,,4.90,0.0613,true,1,176348
7290000066332,false,אפרופו חטיף תירס אסם 50 גרם,מיוצר עי קונדיטוריית,IL,אפרופו אסם 50גר,,50.00,,false,,5.50,0.1100,true,1,176349
7290000066431,false,פופקו חטיף פופקורן בטעם חמאה ודבש אסם 80 גרם,מיוצר עי קונדיטוריית,IL,פופקו חטיף אסם 80גר,,80.00,,false,,5.90,0.0738,true,1,176352
7290000067544,false,פירורית זהב פירורי לחם אסם 200 גרם,עינת תעשיות מזון אגו,IL,פירורית זהב שקית אסם,,200.00,,false,,6.50,0.0325,true,1,176375
7290000067599,false,מנה חמה ספגטי ברוטב בולונז אסם 65 גרם,"אסם תעשיות בע""מ",IL,מנה חמה אסם ספגטי רו,,65.00,,false,,6.90,0.1062,true,1,176379
7290000067735,false,פרפקטו ניוקי בצקיות תפוחי אדמה 500 ג' אסם,גרנדי פסטי,IT,"ניוקי בצקיות מתפו""א",,500.00,,false,,14.90,0.0298,true,1,176382
7290000068138,false,אינסטנט פודינג בטעם וניל אסם 80 גרם,מיוצר עי קונדיטוריית,IL,פודינג וניל אסם 80גר,,80.00,,false,,5.90,0.0738,true,1,176388
7290000068206,false,אסם ג'לי משמש צבעים טבעיים 85 גרם,מיוצר עי קונדיטוריית,IL,ג'לי משמש אסם 85 גר,,85.00,,false,,6.90,0.0812,true,1,176393
7290000068251,false,אבקה להכנת ג'לי בטעם אננס אסם 85 גרם,מיוצר עי קונדיטוריית,IL,ג'לי אננס אסם 85 גר,,85.00,,false,,6.90,0.0812,true,1,176396
7290000068343,false,אוסם - פירכונים מאורז מלא 140 גרם,"מיוצר ע""י PT, משווק",IL,פריכונים מאורז מלא א,,140.00,,false,,8.90,0.0636,true,1,176404
7290000068770,false,במבה יום הולדת חטיף בוטנים אסם 80 גרם,"אסם תעשיות בע""מ",IL,במבה יום הולדת אסם 8,,80.00,,false,,4.90,0.0613,true,1,176411
7290000068787,false,במבה יום הולדת חטיף בוטנים אסם 25 גרם,מיוצר עי קונדיטוריית,IL,במבה אסם 25גר,,25.00,,false,,2.60,0.1040,true,1,176412
7290000069258,false,פסטה פרפקטו פנה ריגאטה 500 ג' אסם,קריות זול,IT,פסטה פרפקטו פנה ריגא,,500.00,,false,,8.50,0.0170,true,1,176425
7290000070308,false,אבקת מרק עוף אמיתי בשרי אסם 400 גרם,"אסם תעשיות בע""מ",IL,מרק עוף אמיתי אסם 40,,400.00,,false,,18.90,0.0472,true,1,176454
7290000070322,false,אבקת מרק פטריות רכיבים טבעיים אסם 400 גרם,"אסם תעשיות בע""מ",IL,מרק פטריות רכיבים טב,,400.00,,false,,29.90,0.0747,true,1,176456
7290000070353,false,אבקת מרק בצל רכיבים טבעיים אסם 400 גרם,"אסם תעשיות בע""מ",IL,מרק בצל רכיבים טבעיי,,400.00,,false,,29.90,0.0747,true,1,176457
7290000072623,false,קטשופ אסם בקבוק לחיץ 750 גרם,"אסם תעשיות בע""מ",IL,קטשופ אסם 750גר,,750.00,,false,,10.90,0.0145,true,1,176489
7290000072630,false,קטשופ אסם חריף 750 גרם-בקבוק,"אסם תעשיות בע""מ",IL,קטשופ חריף אסם 750גר,,750.00,,false,,12.90,0.0172,true,1,176490
7290000072753,false,קפה נמס מגורען טסטרס צ'ויס 200 גרם-,נסטלה קוריאה - קפה,IL,טסטרס צויס 200 גרם,,200.00,,false,,29.90,0.1495,true,1,176495
7290000072777,false,קפה נמס מגורען נטול קפאין טסטרס צ'ויס 200 גרם,נסטלה קוריאה - קפה,IL,טסטרס צויס נטול קפאי,,200.00,,false,,39.90,0.1995,true,1,176497
7290000073125,false,מנה חמה פסטה ברוטב עגבניות אסם 62 גרם,"אסם תעשיות בע""מ",IL,מנה חמה אסם פסטה עם,,62.00,,false,,6.90,0.1113,true,1,176508
7290000073415,false,אוסם - מנה חמה פסטה ברוטב פיצה 61 גרם,"אסם תעשיות בע""מ",IL,מנה חמה אסם פסטה ברו,,61.00,,false,,6.90,0.1131,true,1,176514
7290000073750,false,מנה חמה נודלס אטר+ירקות טעם עוף 70 גרם,טאי רזידנט,TH,מנה חמה אסם נודלס טע,,70.00,,false,,6.90,0.0986,true,1,176517
7290000073767,false,מנה חמה נודלס אטר.+ירקות טעם בקר 70 גרם,טאי רזידנט,TH,מנה חמה אסם נודלס טע,,70.00,,false,,6.90,0.0986,true,1,176518
7290000073774,false,מנה חמה נודלס אטר+ירקות טעם צילי 70 גרם,טאי רזידנט,TH,מנה חמה אסם נודלס טע,,70.00,,false,,6.90,0.0986,true,1,176519
7290000074153,false,ביסקוויט פתי בר שוקולד אסם 500 גרם,מיוצר עי קונדיטוריית,IL,פתי בר שוקו אסם 500ג,,500.00,,false,,14.90,0.0298,true,1,176526
7290000074184,false,ביסקוויט פתי בר אסם 500 גרם,"אסם תעשיות בע""מ",IL,פתי בר וניל אסם 500ג,,500.00,,false,,12.90,0.0258,true,1,176528
7290000074245,false,אוסם - קרם קרקר אסם 250 גרם,"אסם תעשיות בע""מ",IL,קרם קרקר אסם 250גר,,250.00,,false,,8.90,0.0356,true,1,176529
7290000074252,false,קרקר שומשום אסם 250 גרם,"אסם תעשיות בע""מ",IL,קרקר שומשום אסם 250ג,,250.00,,false,,9.90,0.0396,true,1,176530
7290000074276,false,קרקר פיקנטי טבעון 250 ג' אסם,"אסם תעשיות בע""מ",IL,קרקר פיקנטי טבעון אס,,250.00,,false,,11.90,0.0476,true,1,176531
7290000074375,false,אוסם - קרקר זהב 150 גרם,"אסם תעשיות בע""מ",IL,קרקר זהב אסם 150 גרם,,150.00,,false,,7.90,0.0527,true,1,176536
7290000074696,false,"קרם קרקר 1 ק""ג אוסם","אסם השקעות בע""מ",IL,קרם קרקר אסם 1קג,,1000.00,,false,,29.90,0.0299,true,1,176541
7290000074764,false,קרקר זהב אסם 900 גרם,אסם תעשיות,IL,קרקר זהב אסם 900גר,,900.00,,false,,29.90,0.0332,true,1,176545
7290000075204,false,אוסם - לחמית חיטה מלאה 250 גרם,"אסם תעשיות בע""מ",IL,לחמית חיטה מלאה אסם,,250.00,,false,,9.90,0.0396,true,1,176555
7290000075693,false,עוגת הבית שמרים בריוש שוקולד אסם 360 גרם,מיוצר עי קונדיטוריית,IL,עוגת הבית שמרים בריו,,360.00,,false,,18.50,0.0514,true,1,176562
7290000076126,false,אוסם - בייגלה שמיניות קטנות 80 גרם,"אסם תעשיות בע""מ",IL,בייגלה שמיניות קטנות,,80.00,,false,,3.90,0.0487,true,1,176563
7290000076133,false,בייגלה שמיניות עם מלח אסם 400 גרם,"אסם תעשיות בע""מ",IL,בייגלה שמיניות קטנות,,400.00,,false,,11.90,0.0298,true,1,176564
7290000077017,false,עוגיות קרמוגית במילוי קרם שוקולד אסם 200 גרם,מיוצר עי קונדיטוריית,IL,קרמוגית במילוי שוקול,,200.00,,false,,12.70,0.0635,true,1,176587
7290000078212,false,קרוטונים מתובלים למרק אסם 250 גרם,עינת תעשיות מזון אגו,IL,קרוטונים מתובלים אסם,,250.00,,false,,16.90,0.0676,true,1,176603
7290000078762,false,אוסם - חטיפי פריכונים מאורז מלא בטעם דבש 80גר,סנורייס בלגיום אן. ו,BE,חטיפי פריכונים מאורז,,80.00,,false,,9.50,0.1188,true,1,176610
7290000079233,false,קרם קרקר דיאטטי דל נתרן 250 גרם,"אסם תעשיות בע""מ",IL,קרם דל נתרן אסם 250ג,,250.00,,false,,11.90,0.0476,true,1,176614
7290000080406,false,אסאדו עע,,,אסאדו עע,קילוגרמים,1.00,"ק""ג",true,,69.90,69.9000,true,1,198666
7290000080420,false,צלי כתף עגל,,,צלי כתף עגל,קילוגרמים,1.00,"ק""ג",true,,89.90,89.9000,true,1,198667
7290000080765,false,טוסטעים פת קלויה עם שומשום אסם 100 גרם,ון דר מולן האלום,NL,טוסטעים פת קלוי עם ש,,100.00,,false,,10.90,0.1090,true,1,176633
7290000081663,false,בייגלה טבעות שומשום אסם 300 גרם,מיוצר עי קונדיטוריית,IL,בייגלה טבעות שומשום,,300.00,,false,,11.90,0.0397,true,1,176636
7290000100128,false,פירות קפואים תות סנפרוסט 300 ג',"סנפרוסט בע""מ",IL,תות שדה מוקפא 300גר,,300.00,,false,,16.90,0.0563,true,1,224228
7290000100593,false,סנפרוסט פרוסות אנטיפסטי לתנור 600 גר',"סנפרוסט בע""מ",IL,פרוסות אנטיפסטי לתנו,,600.00,,false,,23.90,0.0398,true,1,224237
7290000100609,false,קוביות אנטי פסטי להקפצה סנפורסט 600 ג',"סנפרוסט בע""מ",IL,קוביות אנטי פסטי להק,,600.00,,false,,23.90,0.0398,true,1,224238
7290000101927,false,אוכמניות כחולות מוקפאות סנפרוסט 300 גרם,"איי, בי, אינבוו",IL,אוכמניות כחולות מוקפ,,300.00,,false,,16.90,0.0563,true,1,224240
7290000101934,false,מיקס פירות יער מוקפאות 300 ג' סנפרוסט,"איי, בי, אינבוו",IL,תערובת פירות יער מוק,,300.00,,false,,16.90,0.0563,true,1,224241
7290000101941,false,אננס חתוך מוקפא סנפרוסט 300ג',"איי, בי, אינבוו",IL,אננס חתוך מוקפא 300ג,,300.00,,false,,16.90,0.0563,true,1,237584
7290000101958,false,מנגו חתוך מוקפא סנפרוסט 300ג',"איי, בי, אינבוו",IL,מנגו חתוך מוקפא 300ג,,300.00,,false,,16.90,0.0563,true,1,224242
7290000103488,false,"ארטישוק ירושלמי 400 גרם ""סנפרוסט""","סנפרוסט בע""מ",IL,ארטישוק ירושלמי סנפר,,400.00,,false,,23.90,0.0597,true,1,218337
7290000104072,false,עדשים ירוקות מבושלות מוקפאות 800 ג' סנפרוסט,"איי, בי, אינבוו",IL,עדשים ירוקות מבושלות,,800.00,,false,,21.90,0.0274,true,1,188292
7290000104188,false,שעועית אדומה מבושלת סנפרוסט 800 גרם,"סנפרוסט בע""מ",IL,שעועית אדומה מבושלת,,800.00,,false,,21.90,0.0274,true,1,188294
7290000104201,false,אפונה עדינה סנפרוסט 600 גרם,"איי, בי, אינבוו",IL,אפונה עדינה סנפרוסט,,600.00,,false,,19.90,0.0332,true,1,188295
7290000104218,false,סנפרוסט במיה 600 גרם,"איי, בי, אינבוו",IL,במיה סנפרוסט 600גר,,600.00,,false,,17.90,0.0298,true,1,188296
7290000104676,false,אפונה קפואה סנפרוסט 800 גרם,"איי, בי, אינבוו",IL,אפונה גינה סנפרוסט 8,,800.00,,false,,17.90,0.0224,true,1,188299
7290000104683,false,שעועית ירוקה שלמה סנפרוסט 800 גרם,"סנפרוסט בע""מ",IL,שעועית שלמה ירוקה סנ,,800.00,,false,,21.90,0.0274,true,1,188300
7290000104706,false,גזר גמדי סנפרוסט 800 גרם,"סנפרוסט בע""מ",IL,גזר גמדי סנפרוסט 800,,800.00,,false,,18.90,0.0236,true,1,188302
7290000104713,false,פול ירוק סנפרוסט 800 גרם,"איי, בי, אינבוו",IL,פול ירוק סנפרוסט 800,,800.00,,false,,27.90,0.0349,true,1,188303
7290000104720,false,שעועית ירוקה חתוכה סנפרוסט 800 גרם,"סנפרוסט בע""מ",IL,שעועית ירוקה חתוכה ס,,800.00,,false,,19.90,0.0249,true,1,188304
7290000104737,false,שעועית צהובה חתוכה סנפרוסט 800גר,"סנפרוסט בע""מ",IL,שעועית צהובה חתוכה ס,,800.00,,false,,19.90,0.0249,true,1,188305
7290000104744,false,כרובית סנפרוסט 800 גרם,"סנפרוסט בע""מ",IL,כרובית סנפרוסט 800גר,,800.00,,false,,25.90,0.0324,true,1,188306
7290000104768,false,תרד עלים סנפרוסט 800 ג ',"איי, בי, אינבוו",IL,תרד עלים סנפרוסט 800,,800.00,,false,,27.90,0.0349,true,1,188308
7290000104799,false,שעועית לבנה מבושלת סנפרוסט 800 גרם,"איי, בי, אינבוו",IL,שעועית לבנה מבושלת ס,,800.00,,false,,21.90,0.0274,true,1,188310
7290000104805,false,גרגירי חומוס מבושלים סנפרוסט 800 גרם,"איי, בי, אינבוו",IL,גרגירי חומוס קפוא סנ,,800.00,,false,,21.90,0.0274,true,1,188311
7290000104829,false,"קלחוני תירס סנפרוסט 1 ק""ג","איי, בי, אינבוו",IL,קלחוני תירס סנפרוסט,,1000.00,,false,,21.90,0.0219,true,1,188312
7290000104836,false,שעועית עדינה שלמה 600 גר סנפרוסט,"סנפרוסט בע""מ",IL,שעועית עדינה שלמה סנ,,600.00,,false,,24.90,0.0415,true,1,188313
7290000104874,false,ירקות לקוסקוס של אמא סנפרוסט 800ג',"סנפרוסט בע""מ",IL,לקט לקוסקוס סנפרוסט,,800.00,,false,,23.90,0.0299,true,1,188316
7290000104881,false,לקט אפונה וגזר סנפרוסט 800 גרם,"איי, בי, אינבוו",IL,אפונה וגזר סנפרוסט 8,,800.00,,false,,18.90,0.0236,true,1,188317
7290000107189,false,תחתיות ארטישוק סנפרוסט 400 גרם,"איי, בי, אינבוו",IL,תחתיות ארטישוק 400גר,,400.00,,false,,23.90,0.0597,true,1,188330
7290000107295,false,תפרחות ברוקולי סנפרוסט 800 גרם,"איי, בי, אינבוו",IL,תפרחות ברוקולי סנפרו,,800.00,,false,,26.90,0.0336,true,1,188335
7290000111117,false,בדין מרכך כביסה לבן 4 ליטר,יוניליור ישראל טיפוח,IL,בדין לבן מרכך כביסה,ליטרים,4.00,ליטר,false,,22.90,5.7250,true,1,182067
7290000111186,false,מיונז תלמה 500 גרם-צנצנת,יוניליוור ישראל מזון,IL,מיונז תלמה 500גר,,500.00,,false,,9.90,0.0198,true,1,182069
7290000111384,false,חרדל אמיתי בצנצנת 550 ג' תלמה,יוניליוור ישראל מזו,IL,חרדל צנצנת תלמה 550ג,,550.00,,false,,11.90,0.0216,true,1,182074
7290000112220,false,טחינה גולמית שומשום טהור בארכה 500 גרם,רושדי תעשיות מזון בע,IL,טחינה 100% שומשום בא,,500.00,,false,,15.90,0.0318,true,1,176641
7290000112497,false,מרק עשיר עוף אטריות קנור 75 גרם - שקיות,יוניליוור ישראל מזון,IL,מרק עשיר עוף ואיטריו,,68.00,,false,,10.90,0.1603,true,1,182086
7290000112619,false,מרק עוף לתיבול והעשרה קנור 400 ג',יוניליוור ישראל מזון,IL,מרק עוף אמיתי קנור 4,,400.00,,false,,23.90,0.0597,true,1,182091
7290000116204,false,"אבקת מרק דגש בטעם עוף 1ק""ג קנור",יוניליוור ישראל מזון,IL,מרק דגש קנור 1 קג,,1000.00,,false,,18.90,0.0189,true,1,182134
7290000116884,false,רוטב ברביקיו 340 גרם קנור,יוניליוור ישראל מזון,IL,רוטב ברביקיו קנור 30,,300.00,,false,,14.90,0.0497,true,1,182136
7290000122830,false,"רוטב מקסיקני סצ'ואן קנור 300 מ""ל",מיוצר עי קונדיטוריית,IL,רוטב סצ'ואן קנור 300,,300.00,,false,,14.90,0.0497,true,1,182197
7290000125251,false,בדין שמפו לכביסה עדינה 2 ליטר,"זוהר דליה, קיבוץ דלי",IL,שמפו לכביסה עדינה בד,,2000.00,,false,,26.90,0.0134,true,1,182222
7290000129457,false,אבקת רוטב פטריות קנור 28 ג' שקית,יוניליוור ישראל מזון,IL,רוטב פטריות קנור 28ג,,28.00,,false,,5.90,0.2107,true,1,182269
7290000131023,false,"בצק עלים מרודד שחף 1 ק""ג",שחף,,בצק עלים שחף 1קג,,1000.00,,false,,15.90,0.0159,true,1,203287
7290000131122,false,"בצק עלים צרפתי שחף 1.5 ק""ג",יושלם,,בצק עלים שחף 1.5קג,,1500.00,,false,,19.90,0.0133,true,1,203288
7290000134147,false,טעם וריח מוסקט טחון מיכל 40גר,"תבליני טעם וריח בע""מ",IL,מוסקט טחון 40גר,,40.00,,false,,14.90,0.3725,true,1,198484
7290000134338,false,שום אבקה 90 גרם מיכל גדול,"תבליני טעם וריח בע""מ",IL,אבקת שום 90גר,,90.00,,false,,12.90,0.1433,true,1,198487
7290000134352,false,קינמון טחון 90 גרם מיכל גדול,"תבליני טעם וריח בע""מ",IL,קימנון טחון 80 גר,,80.00,,false,,10.90,0.1363,true,1,198489
7290000134376,false,פפריקה בשמן 90 גרם טעם וריח,"תבליני טעם וריח בע""מ",IL,פפריקה בשמן 100גר,,100.00,,false,,10.90,0.1090,true,1,198490
7290000134550,false,טעם וריח עלי דפנה שק,"תבליני טעם וריח בע""מ",IL,עלי דפנה 20גר,,20.00,,false,,4.90,0.2450,true,1,198495
7290000134673,false,תבלין זנגביל טעם ורי,"תבליני טעם וריח בע""מ",IL,זנגביל 30גר,,30.00,,false,,6.90,0.2300,true,1,198497
7290000134826,false,תבלין זעתר מעורב 100 גר',"תבליני טעם וריח בע""מ",IL,זעתר מעורב במיכל 100,,100.00,,false,,10.90,0.1090,true,1,198503
7290000134833,false,תבלין כמון טחון 100 גר',"תבליני טעם וריח בע""מ",IL,כמון טחון במיכל 100ג,,100.00,,false,,10.90,0.1090,true,1,198504
7290000134840,false,תבלין כורכום טחון 100 גר',"תבליני טעם וריח בע""מ",IL,כורכום במיכל 100גר,,100.00,,false,,10.90,0.1090,true,1,198505
7290000134857,false,פפריקה מתוקה 100 גרם טעם וריח,"תבליני טעם וריח בע""מ",IL,פפריקה מתוקה במיכל 1,,100.00,,false,,10.90,0.1090,true,1,198506
7290000134864,false,פפריקה חרעפה 100 גרם מיכל גדול,"תבליני טעם וריח בע""מ",IL,פפריקה חריפה במיכל 1,,100.00,,false,,10.90,0.1090,true,1,198507
7290000134871,false,פלפל שחור טחון 100 גרם טעם וריח,"תבליני טעם וריח בע""מ",IL,פלפל שחור טחון 100גר,,100.00,,false,,15.90,0.1590,true,1,198508
7290000134987,false,תבלין פלפל שחור גרוס 90 גר',"תבליני טעם וריח בע""מ",IL,פלפל שחור גרוס 90גר,,90.00,,false,,15.90,0.1767,true,1,198512
7290000134994,false,טימין 20 גר מיכל קטן,"תבליני טעם וריח בע""מ",IL,טימין 20גר,,20.00,,false,,6.90,0.3450,true,1,198513
7290000136141,false,משקה בטעם קולה 1.5ל' פפסי,פפסי Pepsi,IL,פפסי 1.5 ליטר,,1500.00,,false,,7.90,0.0053,true,1,247617
7290000136158,false,פפסי מקס משקה מוגז דל קלוריות בטעם קולה,פפסי Pepsi,IL,פפסי מקס 1.5 ליטר,,1500.00,,false,,7.90,0.0053,true,1,247621
7290000136165,false,טמפו מירינדה 1.5 ליטר,מירינדה Mirinda,IL,טמפו מירינדה 1.5 ליט,,1500.00,,false,,7.90,0.0053,true,1,247618
7290000136172,false,סבן אפ בקבוק 1.5 ליט,סבן אפ 7up,IL,סבן אפ 1.5 ליטר,,1500.00,,false,,7.90,0.0053,true,1,247619
7290000136240,false,סודה 1.5 ליטר שישייה בודד,טמפו,IL,סודה טמפו 1.5ליטר,,1500.00,,false,,4.00,0.0027,true,1,247616
7290000136646,false,בירה נשר מאלט ללא אלכוהול 1.5 ליטר,טמפו 7.5%,IL,נשר מאלט 1.5ליטר תרי,,1500.00,,false,,11.90,0.0079,true,1,247604
7290000136653,false,דיאט נשר מאלט ללא אלכוהול 1.5 ליטר,טמפו 7.5%,IL,נשר מאלט דיאט 1.5ליט,,1500.00,,false,,11.90,0.0079,true,1,247606
7290000136677,false,פפסי קולה פיקדון 1.5 ליטר,טמפו,IL,פפסי 1.5 ליטר,,1500.00,,false,,7.90,0.0053,true,1,248218
7290000136684,false,פפסי מקס משקה מוגז דל קלוריות בטעם קולה,טמפו,IL,פפסי מקס 1.5 ליטר,,1500.00,,false,,7.90,0.0053,true,1,248042
7290000136790,false,מארז סודה שישייה 1.5 ל' טמפו,טמפו 7.5%,IL,סודה טמפו 6* 1.5 ליט,,9000.00,,false,,18.90,0.0021,true,1,247592
7290000136806,false,מארז סודה רביעייה לימון ליים 1.5 ל' טמפו,טמפו 7.5%,IL,סודה לימון ליים טמפו,,6000.00,,false,,12.90,0.0021,true,1,247594
7290000136844,false,מארז מים מזוככים אקווה נובה שישיית 2 ליטר,אקווה נובה Aqua Nova,IL,מי אקווה נובה 2 ליטר,,12000.00,,false,,13.90,0.0012,true,1,247590
7290000136851,false,סבן אפ פיקדון 1.5 ליטר,טמפו,IL,סבן אפ 1.5 ליטר,,1500.00,,false,,7.90,0.0053,true,1,248937
7290000136868,false,סאן בנדטו - מים מינרלים - מארז שישיית 1.5 ליטר,סאן בנדטו San Benedetto,IL,מים סאן בנדטו 6* 1.5,,9000.00,,false,,21.90,0.0024,true,1,247591
7290000136875,false,מארז מים מינרלים מוגז 6* 1.5 ל' סאן בנדטו,סאן בנדטו San Benedetto,IL,מים סאן בנדטו מוגז 6,,9000.00,,false,,23.90,0.0027,true,1,247593
7290000137643,false,שלגוני טעמקור בטעם שוקו וניל שטראוס 8*50 גרם,"גלידת שטראוס בע""מ, ר",IL,שלגוני טעמקור 8יח,,8.00,,false,,42.90,5.3625,true,1,187569
7290000144160,false,"שמן זית כתית מעולה ארומתי עץ הזית 750 מ""ל","מרקאולאו, ספרד.אבסה,",IL,שמן זית כתית מעולה א,,750.00,,false,,34.90,0.0465,true,1,198755
7290000144467,false,שמן חמניות מועשר בנוגדי חמצון 1 ל' עץ הזית,"נארז ע""י : א.ג. גילר",GR,שמן חמניות בריאות מה,,1000.00,,false,,17.90,0.0179,true,1,198759
7290000144474,false,שמן עץ הזית קנולה 1 ליטר בריאות מהטבע,שמן תעשיות,EE,שמן קנולה בריאות מהט,,1000.00,,false,,16.90,0.0169,true,1,198760
7290000146928,false,"משחת שיניים לילדים בטעם ענבים טום וג'רי 50 מ""ל",טרופיקל דגיל קוסמטיק,IL,טום וגרי משחת שיניים,,50.00,,false,,10.90,0.2180,true,1,190416
7290000146997,false,משחת שיניים לילדים מסטיק טום וג'רי 50 מל,טרופיקל דגיל קוסמטיק,IL,טום וגרי משחת שיניים,,50.00,,false,,10.90,0.2180,true,1,190418
7290000149615,false,נקה 7 סבון מוצק לתינוק רביעיה * 100 ג',גליל כימיקלים בעממשו,IL,נקה 7 סבון מוצק לתינ,,400.00,,false,,11.90,0.0298,true,1,180033
7290000149851,false,סבון לניקוי והסרת כתמים סינטבון 460 גרם,יבואן ומשווק: ש. שסט,IL,סינטבון כפול 460גר,,460.00,,false,,14.90,0.0324,true,1,180036
7290000149943,false,"טקסטיל אבקת כביסה ביד נקה 1 ק""ג",קריות זול,IL,טקסטיל שמפו שקית 1קג,,1000.00,,false,,14.90,0.0149,true,1,180039
7290000150352,false,פסטרמה איטלקית במשקל,עיצובים 2020 (4.9),IL,פסטרמה איטלקית עוף -,קילוגרמים,1.00,"ק""ג",true,,89.00,89.0000,true,1,175861
7290000150369,false,פסטרמה מקסיקנית בתיב,עיצובים 2020 (4.9),IL,פסטרמה ארבעה פלפלים,קילוגרמים,1.00,"ק""ג",true,,89.00,89.0000,true,1,175862
7290000150451,false,נקניק סלמי איטלקי עו,קריות זול,IL,נקניק סלמי איטלקי עו,קילוגרמים,1.00,"ק""ג",true,,89.00,89.0000,true,1,175863
7290000151106,false,פסטרמה אמריקאית במשק,עיצובים 2020 (4.9),IL,פסטרמה אמריקאית עוף-,קילוגרמים,1.00,"ק""ג",true,,89.00,89.0000,true,1,175869
7290000152608,false,נקניק תה ענק עוף טוב,קריות זול,IL,נקניק תה ענק עוף טוב,קילוגרמים,1.00,"ק""ג",true,,55.00,55.0000,true,1,175871
7290000152943,false,מארז פסטרמה כפרית וסלמי כפרי עוף טוב 2*350 גרם,מולינו ניקולי s.p.a,IL,סלמי+פסטרמה עוף טוב,,700.00,,false,,30.90,0.0441,true,1,176669
7290000153698,false,כתף בקר מפולפל במשקל,עוף טוב,IL,כתף בקר מפולפל עוף ט,קילוגרמים,1.00,"ק""ג",true,,89.00,89.0000,true,1,175872
7290000155524,false,פסטרמה פולנית עוף טו,עיצובים 2020 (4.9),IL,פסטרמה פולנית עוף -ט,קילוגרמים,1.00,"ק""ג",true,,89.00,89.0000,true,1,175873
7290000158105,false,שניצל עוף מיני דינוזאור ללא אנטיביוטיקה מ100% ר.טבעי,מוצרי עוף טוב (2001),IL,שניצל מיני דינוזאור,,700.00,,false,,39.90,0.0570,true,1,176703
7290000174723,false,שוקולית אבקה להכנת משקה שוקו 500 גרם,הנסיך- מפעל לייצור ט,IL,שוקולית עלית 500גר,,500.00,,false,,12.90,0.0258,true,1,208450
7290000176062,false,קפה עלית טורקי 100 גרם,שטראוס קפה בי.וי.,IL,קפה טורקי עלית 100גר,,100.00,,false,,8.50,0.0850,true,1,208457
7290000176079,false,קפה עלית טורקי עם הל 100 גרם,הנסיך- מפעל לייצור ט,IL,קפה טורקי עם הל עלית,,100.00,,false,,9.90,0.0990,true,1,208458
7290000176116,false,"קפה טורקי עלית וואקום 1 ק""ג",הנסיך- מפעל לייצור ט,IL,קפה טורקי עלית 1קג,,1000.00,,false,,69.90,0.0699,true,1,208461
7290000176413,false,קפה נמס אבקתי 50 ג' עלית,הנסיך- מפעל לייצור ט,IL,קפה נמס עלית 50גר,,50.00,,false,,9.80,0.1960,true,1,208464
7290000176420,false,קפה נמס אבקתי 200ג עלית,שטראוס קפה בי.וי,IL,קפה נמס עלית 200גר,,200.00,,false,,19.90,0.0995,true,1,208465
7290000176468,false,קפה נמס נטול קפאין 50 ג' קפה האג,"איי, בי, אינבוו",IL,האג קפה נטול קפאין 5,,50.00,,false,,11.90,0.2380,true,1,208466
7290000176475,false,האג קפה נמס נטול קפאין עלית 200 גרם,שטראוס גרופ,IL,האג קפה נטול קפאין 2,,200.00,,false,,37.90,0.1895,true,1,208467
7290000178707,false,תפוצ'יפס בטעם טבעי 50 גרם,"שטראוס פריטו ליי בע""",IL,תפוציפס טבעי 50גר,,50.00,,false,,4.20,0.0840,true,1,184111
7290000178721,false,תפוצ'יפס בטעם טבעי 200 גרם,"שטראוס פריטו ליי בע""",IL,תפוציפס טבעי 200גר,,200.00,,false,,11.70,0.0585,true,1,184113
7290000186535,false,נייר טואלט טריו לבן 32 גלילים לילי,קימברלי קלארק ישראל,IL,לילי טריו לבן נייר ט,יחידה,0.00,יחידה,false,,49.90,0.0000,true,1,181409
7290000186931,false,ניקול כריות קרצוף חתוכות 12 יח',ניקול,US,כריות קרצוף חתוכות א,יחידה,0.00,יחידה,false,,12.90,0.0000,true,1,181413
7290000187952,false,לילי טריפל קומפורט ורוד נ.טואלט 32 גלילי,קימברלי קלארק,IL,לילי טריו נייר טאולט,יחידה,0.00,יחידה,false,,49.90,0.0000,true,1,181426
7290000188553,false,קוטקס - מגן תחתון סילק נורמל 60 יח',קימברלי קלארק,CN,קוטקס נורמל מגני תחת,,60.00,,false,,19.90,0.3317,true,1,181438
7290000189192,false,סופר מטלית מטליות נייר רב פעמיות ניקול 64 יחידות,קימברלי קולומביה,IL,סופר מגבת רב פעמית נ,,11.00,,false,,22.90,2.0818,true,1,181449
7290000189215,false,ניקול מטלית קסם לרצפה,קריות זול,CN,*מבצע* מטלית הקסם לר,יחידה,0.00,יחידה,false,,10.00,0.0000,true,1,181451
7290000189277,false,תבניות מלבניות עמוקות עבות 3יחידות ניקול,ניקול,CN,תבנית מלבנית גדולה ח,יחידה,0.00,יחידה,false,,11.90,0.0000,true,1,181456
7290000189499,false,תבניות אפיה עגולות מקרטון ניקול 3 יחידות,"דוקארט בעמ, קיבוץ כפ",IL,תבנית אפייה מקרטון ע,יחידה,0.00,יחידה,false,,11.90,0.0000,true,1,195592
7290000189550,false,שקיות אשפה מתכלות עם שרוך 78*90 ניקול 20 יחידות,קריות זול,IL,אשפתון זוג ענק 20 מת,,20.00,,false,,25.90,1.2950,true,1,181462
7290000189871,false,שקיות אשפה עם שרוך 52*64 ניקול 55 יחידות,"אשפלסט תעשיות בע""מ",IL,אשפתון 60 שקיות מתכל,,60.00,,false,,25.90,0.4317,true,1,181473
7290000190198,false,מטליות לניקוי וחיטוי חדרי שירותים ואמבטיה,עלבד משואות יצחק בעמ,IL,מטליות לחות לניקוי ש,יחידה,0.00,יחידה,false,,10.90,0.0000,true,1,181483
7290000190853,false,לילי פיור נייר טואלט דו שכבתי 30 גלילים,חוגלה קימברלי,,לילי לבן נייר טואלט,יחידה,0.00,יחידה,false,,39.90,0.0000,true,1,181497
7290000191225,false,האגיס חיתולים ליטל בייביס שלב 2 44 יחידו,קימברלי קלארק שיווק,IL,האגיס ליטל בייביס ני,יחידה,0.00,יחידה,false,,36.90,0.0000,true,1,181500
7290000191539,false,ממחטות טישו לילי צבעוני חמישיה,חוגלה קימברלי,IL,לילי צבעוני חמישיה 5,,593.00,,false,,17.90,0.0302,true,1,181504
7290000192581,false,מגבת נייר גליל כפול ניקול 12=6 גליל,חוגלה קימברלי,IL,מגבות נייר ניקול שיש,יחידה,0.00,יחידה,false,,21.90,0.0000,true,1,224164
7290000193014,false,פדיות אינטרלוד מגיני יום לילי 50יח',חוגלה קימברלי,CZ,לילי אינטרלוד מגני ת,,50.00,,false,,10.90,0.2180,true,1,181517
7290000193083,false,נובה-לי תחבושות היגייניות לילי 28 יחידות,חוגלה קימברלי,CZ,נובה לי לילי תחבושות,,28.00,,false,,10.90,0.3893,true,1,181520
7290000193205,false,תחבושות לילה עם כנפיים לילי 20 יחידות,לילי נטורל,BE,לילי תחבושות נטורל ל,,20.00,,false,,15.90,0.7950,true,1,181521
7290000193649,false,תחבושות עם כנפיים נורמל פלוס לילי 24 יחידות,קריות זול,IL,לילי תחבושות נורמל א,יחידה,0.00,יחידה,false,,15.90,0.0000,true,1,181527
7290000193656,false,תחבושות עם כנפיים סופר פלוס לילי 24 יחידות,קריות זול,IL,לילי תחבושות נטורל א,יחידה,0.00,יחידה,false,,15.90,0.0000,true,1,181528
7290000194172,false,חטיפי ממתקים ללא סוכ,ממתקי השלום,IL,חטיפי ממתקים ללא סוכ,יחידה,0.00,יחידה,false,,14.50,0.0000,true,1,173967
7290000194288,false,משטח החתלה האגיס 10 יחידות,האגיס,BE,משטחי החתלה האגיס פר,יחידה,0.00,יחידה,false,,21.90,0.0000,true,1,174842
7290000195216,false,נייר אפייה בשקית ניקול 50 יחידות,ניקול,IL,נייר אפיה 50יח ניקול,,50.00,,false,,12.90,0.2580,true,1,181544
7290000196039,false,"מפות שולחן איריס ח""פ ניקול 2 יח'",קריות זול,IL,מפות שולחן זוג ניקול,,250.00,,false,,9.90,0.0396,true,1,181565
7290000196763,false,ניקול שקיות לאשפה השקית החזקה 40 יח',"אשפלסט תעשיות בע""מ",IL,השקית החזקה ניקול,יחידה,0.00,יחידה,false,,25.90,0.0000,true,1,214521
7290000197012,false,שקיות ריצ'רץ' אחסון למזון ניקול 15 יחידות,קריות זול,CN,ניקול שקיות ניילון ר,יחידה,0.00,יחידה,false,,12.90,0.0000,true,1,181574
7290000197029,false,שקיות ריצ'רץ' רב תכליתיות ניקול 12 יחידות,קריות זול,IL,ניקול שקיות ניילון ר,יחידה,0.00,יחידה,false,,12.90,0.0000,true,1,181576
7290000197081,false,ניקול ניילון נצמד 150 מטר+מתקן לחיתוך קל,ניקול,IL,ניילון נצמד 150 מטר,יחידה,150.00,יחידה,false,,27.90,0.1860,true,1,181577
7290000197326,false,רדיד אלומניום ניקול זוגי 30X7.5מ',קריות זול,IL,ניקול רדיד אלומיניום,,15.00,,false,,12.90,0.8600,true,1,181585
7290000197340,false,"רדיד אלומניום ארוך 45 ס""מ רוחב ניקול 7.5 מטר",קריות זול,IL,ניקול רדיד אלומיניום,,15.00,,false,,16.90,1.1267,true,1,181586
7290000197425,false,האגיס פרידום דריי שלב 3 54 יחידות,קימברלי קלארק ישראל,IL,האגיס פרידום דריי של,יחידה,0.00,יחידה,false,,48.90,0.0000,true,1,181590
7290000197456,false,האגיס פרידום דריי שלב 4 44 יחידות,קימברלי קלארק ישראל,IL,האגיס פרידום דריי של,יחידה,0.00,יחידה,false,,48.90,0.0000,true,1,181592
7290000197463,false,האגיס פרידום דריי שלב 4 + 40 יחידות,קימברלי קלארק ישראל,IL,האגיס פרידום דריי של,יחידה,0.00,יחידה,false,,48.90,0.0000,true,1,181593
7290000197470,false,שקיות רב שימושיות מתכלות ניקול 250 יחידות,"אשפלסט תעשיות בע""מ",IL,"שקיות רב""ש להקפאה",,50.00,,false,,14.90,0.2980,true,1,181594
7290000197548,false,האגיס פרידום דריי שלב 5 38 יחידות,קימברלי קלארק ישראל,IL,האגיס פרידום דריי של,יחידה,0.00,יחידה,false,,48.90,0.0000,true,1,181595
7290000197654,false,שקיות אשפה ענקיות נשלפות 75*90 ניקול 50 יחידות,"אשפלסט תעשיות בע""מ",IL,אשפתון שקיות אשפה ענ,,50.00,,false,,19.90,0.3980,true,1,181596
7290000197678,false,האגיס פרידום דריי שלב 6 34 יחידות,קימברלי קלארק ישראל,IL,האגיס פרידום דריי של,יחידה,0.00,יחידה,false,,48.90,0.0000,true,1,181597
7290000197753,false,ניילון נצמד אנטי בטקריאלי ניקול 30X2מ',קריות זול,CN,ניילונית זוג ניקול,,60.00,,false,,12.90,0.2150,true,1,181599
7290000197982,false,"רדיד אלומיניום עבה 45 ס""מ רוחב ניקול 2 יח' 7.5 מטר",ניקול,IL,ניקול רדיד אלומיניום,,15.00,,false,,19.90,1.3267,true,1,181601
7290000197999,false,רדיד אלומיניום עבה ניקול זוגי 30X7.5מ',קריות זול,IL,ניקול רדיד אלומיניום,יחידה,0.00,יחידה,false,,14.90,0.0000,true,1,181602
7290000199313,false,תחבושות עם כנפיים נורמל פלוס קוטקס 30 יחידות,קוטקס,IL,קוטקס תחבושות נורמל,,28.00,,false,,19.90,0.7107,true,1,181604
7290000201856,false,טיטולים פרימיום שלב4+ 38 יחידות .,חוגלה קימברלי,IL,טיטולים פרימיום שלב4,יחידה,0.00,יחידה,false,,34.90,0.0000,true,1,181612
7290000201863,false,טיטולים פרימיום שלב 5 34 יחידות,חוגלה קימברלי,IL,טיטולים פרימיום שלב,יחידה,0.00,יחידה,false,,34.90,0.0000,true,1,181613
7290000204086,false,ניקול כרית קרצוף מארז שלישייה,חוגלה קימברלי,US,כרית קרצוף ניקול 3 י,יחידה,0.00,יחידה,false,,12.90,0.0000,true,1,181635
7290000204147,false,כריות יפניות עבות ניקול 4 יחידות,פלסטו פוליש (ברקן),IL,כריות יפניות 2ב1 ניק,יחידה,0.00,יחידה,false,,12.90,0.0000,true,1,181636
7290000204215,false,כריות יפניות ניקול 6 יחידות,פלסטו פוליש (ברקן),IL,כריות יפניות ניקול 6,,4.00,,false,,12.90,3.2250,true,1,181638
7290000204253,false,מטליות רב שימושיות לניקיון ניקול 9 יחידות,נועם אורים-קיבוץ אור,IL,מטלית רב שימושית ניק,,9.00,,false,,12.90,1.4333,true,1,181640
7290000204512,false,מטליות לחות לרצפה בניחוח לימון 10 יח' ניקול,עלבד משואות יצחק בעמ,IL,מטליות לחות לרצפה בר,יחידה,0.00,יחידה,false,,11.90,0.0000,true,1,220628
7290000204611,false,ספוגית הקסם ניקול 6 יחידות,קריות זול,US,ספוגית הקסם ניקול 6י,,6.00,,false,,12.90,2.1500,true,1,181642
7290000205762,false,חיתולי האגיס אקסטרה קייר מידה 3 48 יח',חוגלה קימברלי,IL,האגיס אקסטרא קייר מי,יחידה,0.00,יחידה,false,,49.90,0.0000,true,1,181643
7290000205915,false,חיתולי האגיס אקסטרה קייר מידה 4 40יח,חוגלה קימברלי,IL,האגיס אקסטרא קייר מי,יחידה,0.00,יחידה,false,,49.90,0.0000,true,1,181644
7290000207063,false,רסק עגבניות פריכוז 28% 240 גרם יכין,היינץ צפון אמריקה מק,IL,רסק עגבניות פריכוז 2,,260.00,,false,,4.90,0.0188,true,1,174256
7290000207162,false,רוטב עגבניות מרכיב טבעי 100 ג' יכין,"זנלכל בע""מ",IL,רוטב עגבניות 22% 100,,100.00,,false,,2.50,0.0250,true,1,174260
7290000207438,false,עגבניות 2.5 A קוביות 850 גרם יכין,"זנלכל בע""מ",IL,עגבניות קוביות 800גר,,800.00,,false,,9.90,0.0124,true,1,174261
7290000208022,false,עגבניות 2.5 A מרוסקות 850 גרם יכין,"זנלכל בע""מ",IL,עגבניות מרוסקות 800ג,,800.00,,false,,9.90,0.0124,true,1,174264
7290000208077,false,אפונת גינה רגילה 550 גרם יכין,"זנלכל בע""מ",IL,אפונה גדולה יכין 550,,550.00,,false,,9.50,0.0173,true,1,174266
7290000208091,false,אפונה קטנה עדינה יכין 550 גרם,"זנלכל בע""מ",IL,אפונה גינה יכין 550ג,,550.00,,false,,9.90,0.0180,true,1,174268
7290000208138,false,סירופ דיאט בטעם ענבים יכין 1 ליטר,"זנלכל בע""מ",IL,סירופ דייאט ענבים יכ,,1000.00,,false,,16.90,0.0169,true,1,174271
7290000208145,false,גרעיני תירס מתוק לייט 550 גרם יכין,"זנלכל בע""מ",IL,תירס לייט יכין 550גר,,550.00,,false,,10.90,0.0198,true,1,174272
7290000208176,false,"תפוח אדמה יכין A2 פ""מ בית יוסף","זנלכל בע""מ",IL,"תפו""א קלופים יכין 55",,550.00,,false,,9.90,0.0180,true,1,174273
7290000208213,false,שעועית לבנה אפויה A2 ברוטב עגבניות יכין 560ג',היינץ צפון אמריקה מק,IL,שעועית לבנה ברוטב עג,,580.00,,false,,9.90,0.0171,true,1,174275
7290000208220,false,"שעועית צ'לי יכין פ""ק A2 בית יוסף",היינץ צפון אמריקה מק,IL,שעועית צילי יכין 550,,550.00,,false,,9.90,0.0180,true,1,174276
7290000208251,false,שעועית ירוקה חתוכה יכין 550 גרם,"זנלכל בע""מ",IL,שעועית ירוקה חתוכה י,,550.00,,false,,9.90,0.0180,true,1,174279
7290000208268,false,שעועית צהובה 560 גר יכין,"זנלכל בע""מ",IL,שעועית צהובהחתוכה יכ,,550.00,,false,,9.90,0.0180,true,1,174280
7290000208312,false,גרעיני תירס מתוק בואקום יכין 400 גר',"זנלכל בע""מ",IL,תירס מתוק ואקום יכין,,400.00,,false,,7.90,0.0198,true,1,174282
7290000208329,false,גרעיני תירס מתוק 550 גרם יכין,"זנלכל בע""מ",IL,תירס מתוק יכין 550גר,,550.00,,false,,9.50,0.0173,true,1,174283
7290000208336,false,רסק יכין 240גר 22% יכין בית יוסף,"זנלכל בע""מ",IL,רוטב עגבניות יכין 22,,240.00,,false,,4.90,0.0204,true,1,174284
7290000208404,false,A2 פול מצרי 550 גרם יכין,"זנלכל בע""מ",IL,פול מצרי יכין 550גר,,550.00,,false,,9.90,0.0180,true,1,174289
7290000208428,false,גרגרי חומוס שלם 550 גרם יכין,"זנלכל בע""מ",IL,חומוס שלם יכין 550גר,,550.00,,false,,9.90,0.0180,true,1,174290
7290000208459,false,"לקט אפונה, תפוחי אדמה וגזר יכין 550 גרם","זנלכל בע""מ",IL,ירקות מעורבים יכין 5,,550.00,,false,,9.90,0.0180,true,1,174293
7290000208480,false,גרעיני תירס מתוק בטעם חמאה 550 גרם יכין,קריות זול,IL,תירס בטעם חמאה 550גר,,550.00,,false,,10.90,0.0198,true,1,174296
7290000208800,false,גרעיני תירס מתוק לילדים 400 גרם יכין,זנלכל,IL,תירס קיד יכין מתוק 2,,285.00,,false,,7.90,0.0277,true,1,174306
7290000208855,false,רוטב לפסטה קלאסי 240 גרם יכין,"זנלכל בע""מ",IL,רוטב לפסטה קלאסי יכי,,240.00,,false,,6.90,0.0288,true,1,174307
7290000208893,false,גרעיני תירס מתוק לייט 400 גרם יכין,היינץ צפון אמריקה מק,IL,תירס לייט ואקום 340,,340.00,,false,,7.90,0.0232,true,1,174308
7290000208930,false,עגבניות מרוסקות בתוספת שום 240 גרם יכין,"זנלכל בע""מ",IL,עגבניות מרוסקות ושום,,240.00,,false,,6.90,0.0288,true,1,174310
7290000208947,false,עגבניות מרוסקות 260 גרם יכין,היינץ צפון אמריקה מק,IL,עגבניות מרוסקות יכין,,240.00,,false,,6.90,0.0288,true,1,174311
7290000208978,false,פריכוז 100 גרם יכין בית יוסף,היינץ צפון אמריקה מק,IL,רסק עגבניות פריכוז %,,100.00,,false,,2.90,0.0290,true,1,174312
7290000209012,false,חומץ 1ליטר יכין הדרים,"זנלכל בע""מ",IL,חומץ הדרים יכין 1 לי,,1000.00,,false,,5.90,0.0059,true,1,174314
7290000209043,false,מיץ לימון לתיבול יכין 1 ליטר,היינץ צפון אמריקה מק,IL,מיץ לימון משומר 1ל,,1000.00,,false,,5.90,0.0059,true,1,174315
7290000209173,false,חומצה אצטית למזון 5% יכין 1 ליטר,זנלכל,IL,חומץ סינטטי יכין 1 ל,,1000.00,,false,,6.90,0.0069,true,1,174320
7290000209388,false,תירס מתוק לייט יכין 200 גרם מארז 3 יח',קסקמט,IL,תירס ליייט שלישייה 3,,495.00,,false,,15.90,0.0321,true,1,174330
7290000209579,false,סירופ דיאט בטעם אננס יכין 1 ליטר,"זנלכל בע""מ",IL,סירופ דייאט אננס יכי,,1000.00,,false,,16.90,0.0169,true,1,174339
7290000209722,false,רסק עגבניות 28% פריכוז 580 גרם יכין,"זנלכל בע""מ",IL,רסק עגבניות פריכוז 2,,580.00,,false,,10.90,0.0188,true,1,174343
7290000209944,false,רוטב לעגבניות בסיס לשקשוקה 240 ג' יכין,"זנלכל בע""מ",IL,רוטב שקשוקה יכין 240,,240.00,,false,,6.90,0.0288,true,1,174346
7290000209951,false,רוטב עגבניות לפיצה 260 גרם יכין,"זנלכל בע""מ",IL,רוטב פיצה יכין 240 ג,,240.00,,false,,6.90,0.0288,true,1,174347
7290000209968,false,רוטב עגבניות ללזניה יכין 240 גרם,"זנלכל בע""מ",IL,רוטב לזניה יכין 240,,240.00,,false,,6.90,0.0288,true,1,174348
7290000210469,false,עגבניות שלמות יכין A2.5 בית יוסף,זנלכל,IL,עגבניות שלמות יכין 7,,700.00,,false,,9.90,0.0141,true,1,174360
7290000210896,false,רוטב לפסטה בולונז 240 גרם יכין,"זנלכל בע""מ",IL,רוטב בולונז יכין 240,,240.00,,false,,6.90,0.0288,true,1,174372
7290000211169,false,"אורז תאילנדי אחד אחד סוגת 1 ק""ג",האי נאם סי או אל.טי.,IL,אורז תאילנדי סוגת 1ק,,1000.00,,false,,8.90,0.0089,true,1,192399
7290000211312,false,סוגת אורז מלא פרסי אחד אחד 1 קג,האי נאם סי או אל.טי.,IL,אורז מלא פרסי סוגת 1,,1000.00,,false,,10.90,0.0109,true,1,192400
7290000211381,false,"סוכר חום כהה בשקית סוגת 1 ק""ג","טונגט היולט שוגר בע""",ZA,סוכר חום כהה בשקית ס,,1000.00,,false,,10.90,0.0109,true,1,192402
7290000211442,false,"סוגת אורז פרסי קלאסי שקית 1 ק""ג",האי נאם סי או אל.טי.,IL,אורז פרסי קלאסי שקית,,1000.00,,false,,10.90,0.0109,true,1,192404
7290000211503,false,סוכר לבן ארוז בשקית,"סוגת תעשיות בע""מ",IL,"סוכר סוגת 1 ק""ג",,1000.00,,false,,4.90,0.0049,true,1,192405
7290000211626,false,"סוגת אורז חיש 1 ק""ג",סוגת תעשיות בעמ,IL,אורז חיש סוגת 1קג,,1000.00,,false,,10.90,0.0109,true,1,192407
7290000211985,false,"סוגת אורז עגול ריזוטו 1 ק""ג","סוגת תעשיות בע""מ",IL,אורז עגול סוגת 1קג,,1000.00,,false,,10.90,0.0109,true,1,192409
7290000212173,false,וופל טעם שוקולד מנעמים 500 ג',קריות זול,,וופל טעם שוקולד מנעמ,,200.00,,false,,10.90,0.0545,true,1,190690
7290000214115,false,מרק עוף צנצנת 400 גרם-ויטה,"פרי הגליל בע""""מ",IL,מרק עוף ויטה 400 גר,,400.00,,false,,10.90,0.0273,true,1,201152
7290000218502,false,שעועית לחמין א/2 פרי,"פרי הגליל בע""""מ",IL,חמין ויטה 568 גרם,,568.00,,false,,9.90,0.0174,true,1,201161
7290000226514,false,עוגת דובוש ריבת חלב 400 גר',קפולסקי שיווק וקמעונ,IL,עוגת דובוש ריבת חלב,,450.00,,false,,42.90,0.0953,true,1,213438
7290000226545,false,קפולסקי עוגת טורט היער השחור,קפולסקי שיווק וקמעונ,IL,עוגת טורט היער השחור,,1000.00,,false,,65.90,0.0659,true,1,213440
7290000226552,false,קפולסקי עוגת טורט ריבת חלב+ קוקוס קפוא,קפולסקי שיווק וקמעונ,IL,עוגת טורט ריבת חלב ע,,1000.00,,false,,65.90,0.0659,true,1,213441
7290000226569,false,קפולסקי עוגת טורט קצפת שוקולד,קפולסקי שיווק וקמעונ,IL,עוגת טורט קצפת שוקול,,1000.00,,false,,65.90,0.0659,true,1,213442
7290000226613,false,עוגות דובוש מצופה שוקולד 400 גר',קפולסקי שיווק וקמעונ,IL,עוגת דובוש מצופה בטע,,450.00,,false,,42.90,0.0953,true,1,213445
7290000238029,false,"בצק עלים צרפתי מרודד מעדנות 1 ק""ג",מיוצר עי קונדיטוריית,IL,*מבצע* בצק עלים מרוד,,1000.00,,false,,16.90,0.0169,true,1,188340
7290000238036,false,מלווח עגול מעדנות 700 ג',מיוצר עי קונדיטוריית,IL,מלווח מעדנות קופסא 7,,700.00,,false,,16.90,0.0241,true,1,188341
7290000238173,false,בורקס גבינה מעדנות 800 גרם,מיוצר עי קונדיטוריית,IL,בורקס גבינה מעדנות 8,,800.00,,false,,21.90,0.0274,true,1,188342
7290000238180,false,בורקס תפוחי אדמה מעדנות 800 גרם,מיוצר עי קונדיטוריית,IL,"בורקס תפו""א מעדנות 8",,800.00,,false,,19.90,0.0249,true,1,188343
7290000243566,false,"שמן קנולה בריאות 750 מ""ל",שמן תעשיות,EE,שמן קנולה בריאות עץ,,750.00,,false,,13.90,0.0185,true,1,198776
7290000244143,false,"הוואי - קרם לאחר גילוח 120 מ""ל",טרופיקל דגיל קוסמטיק,IL,הוואי קרם לאחר גילוח,,120.00,,false,,24.90,0.2075,true,1,190430
7290000245072,false,סוד מרכך כביסה בייבי סנסטיב 4 ליטר,"הנקל סוד בע""מ",IL,סוד מרכך כביסה בייבי,ליטרים,4.00,ליטר,false,,17.90,4.4750,true,1,210878
7290000245089,false,סוד סופט מרכך כביסה סגול 4 ליטר,"הנקל סוד בע""מ",IL,סוד מרכך כביסה הניצן,ליטרים,4.00,ליטר,false,,17.90,4.4750,true,1,210879
7290000245270,false,"פרסיל אבקה לכביסה רגיל שקית 1.25 ק""ג","הנקל סוד בע""מ",IL,פרסיל סופרא שקית אבק,קילוגרמים,1.25,"ק""ג",false,,14.90,11.9200,true,1,210883
7290000245287,false,"פרסיל אבקת כביסה 1.250 ק""ג קולור ויניגר","הנקל סוד בע""מ",IL,פרסיל קולור שקית אבק,קילוגרמים,1.25,"ק""ג",false,,14.90,11.9200,true,1,210884
7290000245478,false,"סוד - אבקת כביסה לבגדי תינוקות 1.25 ק""ג","הנקל סוד בע""מ",IL,סוד בייבי אבקת כביסה,קילוגרמים,1.25,"ק""ג",false,,13.90,11.1200,true,1,210890
7290000245508,false,"אב.כביסה סוד פרפקט 1.25ק""ג-שקית כחולה","הנקל סוד בע""מ",IL,סוד פרפקט אבקת כביסה,קילוגרמים,1.25,"ק""ג",false,,13.90,11.1200,true,1,210892
7290000253220,false,שוקולד צ'יפס חום אופנהיימר 260 גר',אופנהיימר,IL,שוקולד ציפס 300גר,,300.00,,false,,14.90,0.0497,true,1,191133
7290000253251,false,שוקולד צ'יפס לבן אופנהיימר 250 גרם,אופנהיימר,IL,שוקולד ציפס לבן 250,,250.00,,false,,14.90,0.0596,true,1,214522
7290000253459,false,נטיפי ציפס בטעם קרמל 250 גר' אופנהיימר,אופנהיימר,IL,נטיפי צ'יפס בטעם קרמ,,250.00,,false,,14.90,0.0596,true,1,237693
7290000262031,false,נייר טואלט מולט לב 32 גלילים,חוגלה קימברלי,IL,מולט לב נייר טואלט 3,,1850.00,,false,,31.90,0.0172,true,1,181646
7290000262413,false,חיתולי האגיס אקסטרה קייר מידה 5 34יח,חוגלה קימברלי,IL,האגיס אקסטרא קייר מי,יחידה,0.00,יחידה,false,,49.90,0.0000,true,1,181654
7290000267050,false,שקד מולבן טחון 100 גרם,"דין שיווק וקלייה בע""",IL,שקד טחון השף 100 גר,,100.00,,false,,10.90,0.1090,true,1,200763
7290000272696,false,עסיס מיץ לימון טבעי משומר 1 ל' אסם,בית-השיטה עסיס תעשיו,IL,מיץ לימון טבעי משומר,,1000.00,,false,,12.90,0.0129,true,1,176736
7290000272726,false,חומץ רכיבים רכיבים טבעיים 5% עסיס 1 ליטר,בית השיטה עסיס תעשיו,IL,חומץ טבעי 5% עסיס 1,,1000.00,,false,,8.90,0.0089,true,1,176738
7290000286228,false,"שישיית כריות יפניות ""סנו סושי""",סנו מפעלי ברונו בעמ,IL,סנו סושי ספוגיות לני,יחידה,0.00,יחידה,false,,11.90,0.0000,true,1,180048
7290000286297,false,"אנטי קאלק מסיר אבנית מקומקום סנו 700 מ""ל",סנו מפעלי ברונוס בעמ,IL,אנטי קאלק מסיר אבן מ,,700.00,,false,,10.90,0.0156,true,1,180049
7290000286549,false,מטליות לניקוי כללי סנו סושי 9 יחידות,נועם אורים תעשיות בע,IL,מטליות לכל סנו סושי,,9.00,,false,,11.90,1.3222,true,1,180055
7290000286594,false,אבקה לניקוי ריח לימון סנו 600 גרם,סנו מפעלי ברונוס בעמ,IL,סנו X אבקה לניקוי לי,,600.00,,false,,10.90,0.0182,true,1,180057
7290000286921,false,"מסיר כתמים רסס כבס ""סנוקל""",סנו מפעלי ברונוס בעמ,IL,סנוקל רסס כבס להסרת,,750.00,,false,,17.90,0.0239,true,1,180065
7290000286945,false,"נוזל+אקדח לניקוי רהיט ""סנו""","סנו מפעלי ברונוס בע""",IL,סנו רהיט מרסס 500מל,,500.00,,false,,27.90,0.0558,true,1,180066
7290000287195,false,"סנו רהיט ספריי עשיר בווקס להברקה 305 מ""ל",מיוצר עי קונדיטוריית,IL,סנו רהיט מבריק רהיטי,,300.00,,false,,16.90,0.0563,true,1,180070
7290000287430,false,סנובון צבעוני לאסלה בריח לימון שלישייה,סנו מפעלי ברונו בעמ,IL,סנובון שלישיה צבעוני,,165.00,,false,,13.90,0.0842,true,1,180079
7290000287485,false,"שלישיית סנובון לובר לאסלה ""סנו""",סנו מפעלי ברונו בעמ,IL,סנובון שלישיה לובר,,165.00,,false,,13.90,0.0842,true,1,180080
7290000287492,false,"סנובון נוזל לניקוי אסלות בריח לימון סנו 750 מ""ל","איי, בי, אינבוו",IL,סנובון נוזלי לימון 7,,750.00,,false,,10.90,0.0145,true,1,180081
7290000287621,false,"אנטי קאלק נוזל לניקוי אסלות סנו 750 מ""ל",מיוצר עי קונדיטוריית,IL,אנטי קאלק W.C מנקה א,,750.00,,false,,10.90,0.0145,true,1,180084
7290000288017,false,אקונומיקה בריח לימון סנו ז'אוול 1 ליטר,"סנו מפעלי ברונוס בע""",IL,אקונומיקה סנו ז'אוול,,1000.00,,false,,9.90,0.0099,true,1,180092
7290000288024,false,סנו - ז'אוול אקונומיקה בריח לימון 4 ליטר,"סנו מפעלי ברונוס בע""",IL,אקונומיקה סנו ז'אוול,ליטרים,4.00,ליטר,false,,17.90,4.4750,true,1,180093
7290000288048,false,סנו זאוול מרסס מונבלאן 1 ליטר,"סנו מפעלי ברונוס בע""",IL,סנו ז'אוול מרסס מונט,,1000.00,,false,,19.90,0.0199,true,1,180095
7290000288086,false,אבקת ניקוי עם אקונומיקה בריח לימון סנו ז'אוול 600 ג',מיוצר עי קונדיטוריית,IL,סנו ז'אוול אבקת לניק,,600.00,,false,,10.90,0.0182,true,1,180099
7290000288352,false,"סנו K-300 חרקים ונמלים 630מ""ל","סנו מפעלי ברונוס בע""",IL,מדביר K - 300,,630.00,,false,,24.90,0.0395,true,1,180105
7290000288390,false,"קוטל זבובים ויתושים K600 סנו 500 מ""ל","סנו מפעלי ברונוס בע""",IL,מעופפים K - 600,יחידה,0.00,יחידה,false,,21.90,0.0000,true,1,180107
7290000289069,false,סנו - ז'אוול מרסס קצף ניקוי בתוספת אקונומיקה בריח לימון 1 ליטר,"סנו מפעלי ברונוס בע""",IL,סנו ז'אוול מרסס לימו,,1000.00,,false,,19.90,0.0199,true,1,180119
7290000289595,false,"אורביטול משחת שיניים לילדים בטעם תות שדה 145 מ""ל",טרופיקל דגיל תעשיות,IL,אורביטול משחת שיניים,,145.00,,false,,9.90,0.0683,true,1,180131
7290000289748,false,"מסיר שומנים לתנורים פורטה פלוס סנו 750 מ""ל","סנו מפעלי ברונוס בע""",IL,סנו פורטה פלוס לתנור,,750.00,,false,,15.90,0.0212,true,1,180134
7290000289885,false,"סנו פרש ענק אושן כחול 375 מ""ל",קריות זול,IL,סנו פרש ענק אושן כחו,,375.00,,false,,11.90,0.0317,true,1,180136
7290000291932,false,"סנובון נוזל לניקוי אסלה בניחוח לבנדר סנו 750 מ""ל","סנו מפעלי ברונוס בע""",IL,סנובון נוזלי תפוח וק,,750.00,,false,,10.90,0.0145,true,1,180146
7290000292007,false,K3 פיתיון ג'ל קוטל תיקנים (ג'וקים) בבית ובחצר,מיוצר עי קונדיטוריית,IL,סנו קיי קוטל חרקים K,יחידה,0.00,יחידה,false,,55.90,0.0000,true,1,224754
7290000292311,false,פוליויקס נוזל רצפות בניחוח סחלבים סנו 2 ליטר,"סנו מפעלי ברונוס בע""",IL,פוליויקס סחלבים 2ליט,ליטרים,2.00,ליטר,false,,23.90,11.9500,true,1,180152
7290000292687,false,סנובון מוצק לניקוי אסלה קלאסיק כחול סנו 3 יחידות,מיוצר עי קונדיטוריית,IL,סנובון לאסלה כחול של,,165.00,,false,,17.90,0.1085,true,1,180161
7290000292915,false,"תרסיס לניקוי כללי רסס ונגב סנו 750 מ""ל","סנו מפעלי ברונוס בע""",IL,סנו רסס ונגב מרסס 75,,750.00,,false,,14.90,0.0199,true,1,180163
7290000293073,false,מקסימה מרכך כביסה ביו לבן סנו 4 ליטר,"סנו מפעלי ברונוס בע""",IL,סנו מקסימה מרכך כביס,ליטרים,4.00,ליטר,false,,23.90,5.9750,true,1,180167
7290000293561,false,"תרסיס להסרת כתמי עובש עם אקונומיקה סנו 750 מ""ל","סנו מפעלי ברונוס בע""",IL,סנו מסיר עובש 750מל,,750.00,,false,,16.90,0.0225,true,1,180171
7290000293820,false,"קרמה מן שמפו וג'ל גל רחצה אקטיב בלוק 700מ""ל",גוד פוד פרודקטס S.p,IL,קרמה מן ג'ל רחצה אקט,,700.00,,false,,17.90,0.0256,true,1,224756
7290000293943,false,"מרסס לבן מסיר אבנית 1 ליטר אנטי קאלק ""סנו""",מיוצר עי קונדיטוריית,IL,אנטי קאלק מרסס 1ליטר,,1000.00,,false,,21.90,0.0219,true,1,180174
7290000294391,false,נוזל לניקוי כללי בניחוח סחלבים סנו ג'ט 4 ליטר,סנו,IL,סנו ג'ט יכול הכל סחל,,4000.00,,false,,19.90,0.0050,true,1,180175
7290000294575,false,סנו סושי רב מגבת 63 דפים בגליל,סנו סושי,IL,סנו סושי רב מגבת 63ד,,200.00,,false,,13.90,0.0695,true,1,180181
7290000294780,false,אקונומיקה סמיכה בריח לימון סנו ז'אוול 4 ליטר,"סנו מפעלי ברונוס בע""",IL,אקונומיקה סנו ז'אוול,ליטרים,4.00,ליטר,false,,17.90,4.4750,true,1,180183
7290000295299,false,סנו סושי כריות הפלא רב תכלתיות רביעייה,סנו מפעלי ברונו בעמ,IL,סנו סושי כריות יפניו,,4.00,,false,,11.90,2.9750,true,1,180187
7290000295367,false,"מקסימה אבקת כביסה אפקט ז'אוול סנו 2.5 ק""ג",סנו מקסימה,IL,"אבקת מקסימה 2.5 ק""ג",קילוגרמים,2.50,"ק""ג",false,,25.90,10.3600,true,1,180191
7290000295404,false,סנו סושי שקיות אשפה כחולות 54*65 - 60 יחידות,מיוצר עי קונדיטוריית,IL,שקיות אשפה 60 יח סנו,,60.00,,false,,25.90,0.4317,true,1,180192
7290000295558,false,"רדיד אלומיניום רוחב 30 ס""מ סנו סושי 2 יח' 7.5 מטר",מולינו ניקולי s.p.a,TR,סנו סושי צמד רדידי א,,0.30,,false,,10.90,36.3333,true,1,180197
7290000295589,false,טלק בייבי כיף לתינוק,מייצר :אשבל בע''מ .,IL,בייבי כיף טלק 200גר,,200.00,,false,,17.90,0.0895,true,1,180200
7290000300016,false,פילה נסיכת הנילוס טר,,,פילה נסיכת הנילוס טר,קילוגרמים,1.00,"ק""ג",true,,69.90,69.9000,true,1,211333
7290000300108,false,דג בס טרי,,,דג בס טרי,קילוגרמים,1.00,"ק""ג",true,,49.90,49.9000,true,1,211341
7290000303581,false,פול מצרי A-2 פרי הגליל 560ג',"פרי הגליל בע""""מ",IL,פול מיצרי 560גר,,560.00,,false,,8.90,0.0159,true,1,201189
7290000303598,false,שעועית לבנה ברוטב עגבניות פרי הגליל 570 גרם,"פרי הגליל בע""""מ",IL,שעועית אפוייה 550גר,,550.00,,false,,8.90,0.0162,true,1,201190
7290000303604,false,חומוס גרגירים A2 פרי גליל 550ג',"פרי הגליל בע""""מ",IL,חומוס גרגירים 550גר,,550.00,,false,,8.90,0.0162,true,1,201191
7290000307015,false,אפונת גינה בינונית פרי הגליל 550 גרם,"פרי הגליל בע""""מ",IL,אפונת גינה גדולה 550,,550.00,,false,,8.90,0.0162,true,1,201192
7290000307046,false,אפונת גינה וגזר פרי הגליל 550 גרם,"פרי הגליל בע""""מ",IL,אפונה וגזר 550גר,,550.00,,false,,8.90,0.0162,true,1,201193
7290000307220,false,גרעיני תירס מתוק בואקום פרי הגליל 285 גרם,"פרי הגליל בע""""מ",IL,תירס מתוק ואקום 340ג,,340.00,,false,,6.90,0.0203,true,1,201194
7290000307237,false,גרעיני תירס מתוק פרי הגליל 550 גרם,"פרי הגליל בע""""מ",IL,תירס גרעינים 550 גר,,550.00,,false,,8.90,0.0162,true,1,201195
7290000307343,false,שעועית ירוקה חתוכה A2 פרי גליל 550ג',"פרי הגליל בע""""מ",IL,שעועית ירוקה חתוכה 5,,550.00,,false,,8.90,0.0162,true,1,201200
7290000307800,false,פול ירוק מוקפא פרי גליל 800ג',"פרי הגליל בע""""מ",IL,פול ירוק 800גר,,800.00,,false,,10.90,0.0136,true,1,201201
7290000307985,false,גרעיני תירס מתוק ללא למלח 325 גרם פרי הגליל,"פרי הגליל בע""""מ",IL,תירס ללא תוספת סוכר,,340.00,,false,,8.90,0.0262,true,1,201202
7290000311227,false,"וופלים במילוי קרם קפה ""מן"" 200 גרם","רוקחמן בע""מ",IL,וופל מן קפה 200גר,,200.00,,false,,5.90,0.0295,true,1,216006
7290000311234,false,מן וופלים וניל 200 גרם,"רוקחמן בע""מ",IL,וופל מן וניל 200גר,,200.00,,false,,5.90,0.0295,true,1,216007
7290000311272,false,מן-וופלים במילוי חלווה 180 ג,"רוקחמן בע""מ",IL,וופל מן במילוי חלווה,,180.00,,false,,5.90,0.0328,true,1,216008
7290000311517,false,מן וופלים בטעם לימון 500 גרם,מן עוגיות,IL,וופל מן לימון 500גר,,500.00,,false,,10.90,0.0218,true,1,197558
7290000313160,false,זהבה ושלושת הדובים עוגיות בטעם שוקולד אסם 350 גרם,היינץ צפון אמריקה מק,IL,חברים זהבה ושלושת הד,,250.00,,false,,8.90,0.0356,true,1,176762
7290000313184,false,עוגיות חברים גן חיות וניל אסם 250 גר',הגביע מוצרי וופלים ב,IL,חברים ביסקויט גן חיו,,250.00,,false,,8.90,0.0356,true,1,176763
7290000313290,false,אסם נודלס נודלס איטריות מסולסלות 200גר,תאי פרזידנט פוד בנגק,TH,נודלס איטריות מסולסל,,200.00,,false,,10.90,0.0545,true,1,176765
7290000318103,false,פסטרמה ברביקיו במשקל,מעדני יחיעם,IL,פסטרמה -ברביקיו יחיע,קילוגרמים,1.00,"ק""ג",true,,89.00,89.0000,true,1,172123
7290000318127,false,"נקניקיות ביס 380 גרם ""יחיעם""",מעדני יחיעם 1993,IL,נקניקיות ביס יחיעם 3,,380.00,,false,,12.90,0.0339,true,1,172164
7290000318349,false,פסטרמה בסגנון איטלקי,מעדני יחיעם,IL,פסטרמה בסגנון איטלק,קילוגרמים,1.00,"ק""ג",true,,79.00,79.0000,true,1,172128
7290000318677,false,נקניק סלמי סרוולט יחיעם 150 גרם,מעדני יחיעם 1993,IL,סלמי סרוולט יחיעם 15,,150.00,,false,,29.90,0.1993,true,1,172181
7290000318707,false,נקניק סלמי מעושן יחיעם 500 גרם,מעדני יחיעם 1993,IL,סלמי מעושן יחיעם 500,,500.00,,false,,36.90,0.0738,true,1,172183
7290000318738,false,נקניק עוף אריזה אדומה 450 ג' יחיעם,קריות זול,,נקניק עוף יחיעם 450,,450.00,,false,,11.90,0.0264,true,1,172185
7290000318745,false,*מבצע* סלמי תה יחיעם,מעדני יחיעם,IL,*מבצע* סלמי תה יחיעם,,400.00,,false,,15.90,0.0398,true,1,172186
7290000318806,false,סלמי סרוולט מעדנ.יחי,מעדני יחיעם,IL,סלמי סרוולד יחיעם,קילוגרמים,1.00,"ק""ג",true,,179.00,179.0000,true,1,172134
7290000318882,false,סלמי מעושן איטלקי במ,מעדני יחיעם,IL,נקניק מעושן איטלקי י,קילוגרמים,1.00,"ק""ג",true,,99.00,99.0000,true,1,172138
7290000318899,false,נקניק סלמי פיין יחיע,מעדני יחיעם,IL,סלמי פיין יחיעם,קילוגרמים,1.00,"ק""ג",true,,58.00,58.0000,true,1,172139
7290000318929,false,סלמי צרפתי יחיעם מעד,מעדני יחיעם,IL,סלמי צרפתי יחיעם,קילוגרמים,1.00,"ק""ג",true,,179.00,179.0000,true,1,172140
7290000318943,false,פסטרמה של פעם מעושן 1.5% יחיעם 200 גרם,תאי פרזידנט פוד פאבל,IL,פסטרמה של פעם יחיעם,,200.00,,false,,23.90,0.1195,true,1,172192
7290000319049,false,פסטרמה מעודנת בפפריק,,,פסטרמה מעודנת בפפריק,קילוגרמים,1.00,"ק""ג",true,,55.00,55.0000,true,1,172144
7290000319124,false,סרוולד מאפ 250 ג' יחיעם,מעדני יחיעם 1993,IL,סלמי סרוולט 250 גרם,,250.00,,false,,42.90,0.1716,true,1,172197
7290000319131,false,נקניקיות עוף יחיעם 400 גרם,מעדני יחיעם 1993,IL,נקניקיות עוף יחיעם 4,,400.00,,false,,12.90,0.0323,true,1,172198
7290000319520,false,נקניק סלמי צרפתי יחיעם 100 גרם,מעדני יחיעם 1993,IL,סלמי צרפתי יחיעם 100,,100.00,,false,,21.90,0.2190,true,1,172211
7290000319728,false,סלמי איטלקי מפולפל י,מעדני יחיעם,IL,מעושן איטלקי מפולפל,קילוגרמים,1.00,"ק""ג",true,,79.00,79.0000,true,1,172150
7290000319759,false,סלמי תה יחיעם מעדניה,מעדני יחיעם,IL,סלמי תה יחיעם,קילוגרמים,1.00,"ק""ג",true,,55.00,55.0000,true,1,172151
7290000319803,false,קבנוס קלאסי יחיעם 125 גרם,תאי פרזידנט פוד פאבל,IL,קבנוס קלאסי יחיעם 12,,125.00,,false,,15.50,0.1240,true,1,172223
7290000319834,false,קבנוס פפרוני קלאסי 125 גרם,תאי פרזידנט פוד פאבל,IL,קבנוס פפרוני קלאסי י,,125.00,,false,,15.50,0.1240,true,1,172225
7290000319841,false,פסטרמה מהמעשנה יחיעם,יחיעם,,פסטרמה מהמעשנה יחיעם,קילוגרמים,1.00,"ק""ג",true,,89.00,89.0000,true,1,249408
7290000334684,false,תפוגן טבעות בצל 700 גרם,"תעשיות תפוגן בע""מ",IL,טבעות בצל תפוגן 700ג,,700.00,,false,,19.50,0.0279,true,1,176780
7290000334745,false,"אמריקאן צ'יפס תפוגן 1.5 ק""ג","תעשיות תפוגן בע""מ",IL,"ציפס אמריקאן 1.5ק""ג",,1500.00,,false,,26.90,0.0179,true,1,176783
7290000342856,false,בדין מרכך כביסה כחול 4 ליטר,יוניליור ישראל טיפוח,IL,בדין כחול מרכך כביסה,ליטרים,4.00,ליטר,false,,22.90,5.7250,true,1,182593
7290000345055,false,תה עלים ארל גריי ויסוצקי 100 גרם,מולינו ניקולי s.p.a,IL,תה ארל גריי עלים ויס,,100.00,,false,,15.90,0.1590,true,1,190700
7290000345215,false,תה ויסוצקי קלאסיק 100/1 כחול מעודן,מולינו ניקולי s.p.a,IL,תה ויסוצקי קלאסיק כח,,100.00,,false,,18.90,0.1890,true,1,190706
7290000345260,false,תה קלאסיק מעטפות ויסוצקי 25 יחידות,מולינו ניקולי s.p.a,IL,תה ויסוצקי קלאסיק 25,,25.00,,false,,7.90,0.3160,true,1,190707
7290000345284,false,תה ויסוצקי קלאסי אריזה ירוקה מרובעת (100 שקיקים),מולינו ניקולי s.p.a,IL,תה ויסוצקי קלאסיק יר,,150.00,,false,,18.90,0.1260,true,1,190709
7290000345291,false,תה ארל גריי ויסוצקי 25 יחידות,תה ויסוצקי,IL,תה ארל גריי ויסוצקי,,25.00,,false,,16.90,0.6760,true,1,190710
7290000346021,false,הגן הקסום תה קמומיל ויסוצקי 50 יחידות,בית ויסוצקי,IL,תה קמומיל ויסוצקי 50,,50.00,,false,,37.90,0.7580,true,1,190719
7290000346120,false,הגן הקסום תה קינמון ויסוצקי 25 יחידות,תה ויסוצקי,IL,תה קסם הקנמון 25יח,,62.50,,false,,19.90,0.3184,true,1,190720
7290000346137,false,הגן הקסום תה הילולי פירות ויסוצקי 25 יחידות,תה ויסוצקי,IL,תה הילולי פירות 25יח,,62.50,,false,,19.90,0.3184,true,1,190721
7290000346168,false,הגן הקסום חליטת שומר ויסוצקי 25 יחידות,תה ויסוצקי,IL,תה חליטת שומר גן הקס,,37.50,,false,,19.90,0.5307,true,1,190724
7290000346205,false,הגן הקסום תה קמומיל ויסוצקי 25 יחידות,תה ויסוצקי,IL,תה קמומיל גן הקסום 2,,37.50,,false,,19.90,0.5307,true,1,190726
7290000346960,false,תה ויסוצקי נענע 1.7 גרם 50יח',בית ויסוצקי,IL,תה נענע ויסוצקי 50יח,,75.00,,false,,34.90,0.4653,true,1,190733
7290000347738,false,תה ירוק נענע ויסוצקי 25 יחידות,תה ויסוצקי,IL,תה ירוק נענע 25יח,,37.50,,false,,26.90,0.7173,true,1,190738
7290000347752,false,תה ירוק לימונית ולואיזה 25 שקיקים *1.5 ג'' ויסוצקי,תה ויסוצקי,IL,תה ירוק לימונית ולוא,,37.50,,false,,26.90,0.7173,true,1,190740
7290000355498,false,רוטב עגבניות A2 BX28 טומטו 580ג',"מילוז(1989)בע""""מ",IL,רסק עגבניות 28% טומט,,580.00,,false,,8.90,0.0153,true,1,194987
7290000355757,false,עגבניות מרוסקות טל וטרי 800 גרם,"מילוז(1989)בע""""מ",IL,עגבניות מרוסקות 800ג,,800.00,,false,,9.90,0.0124,true,1,201213
7290000363011,false,סלמי קוניאק מובחר טירת צבי במשקל,הנסיך- מפעל לייצור ט,IL,סלמי קוניאק טירת צבי,קילוגרמים,1.00,"ק""ג",true,,89.00,89.0000,true,1,188229
7290000363462,false,סלמי מעושן איטלקי טי,טירת- צבי,IL,נקניק סלמי מעושן איט,קילוגרמים,1.00,"ק""ג",true,,89.00,89.0000,true,1,188230
7290000363486,false,נקניק תה טירת צבי מע,טירת- צבי,IL,נקניק תה טירת צבי,קילוגרמים,1.00,"ק""ג",true,,54.00,54.0000,true,1,188231
7290000364261,false,"דקניקים, סלסולי פסטרמה כתף בקר מעושנת 120 גרם",הנסיך- מפעל לייצור ט,IL,סלסולי פסטרמה כתף בק,,120.00,,false,,15.90,0.1325,true,1,188354
7290000364278,false,דקניקים סילסולי סלמי איטלקי 120 ג' טירת צבי,הנסיך- מפעל לייצור ט,IL,סלסולי סלמי איטלקי מ,,120.00,,false,,15.90,0.1325,true,1,188355
7290000364285,false,דקניקים סלסולי פסטרמה הודו טירת צבי 120 גרם,הנסיך- מפעל לייצור ט,IL,סלסולי פסטרמה הודו א,,120.00,,false,,15.90,0.1325,true,1,188356
7290000364292,false,דקניקים סלסולי פסטרמה הודו על גחלים 1% טירת צבי 120 גרם,הנסיך- מפעל לייצור ט,IL,סלסולי פסטרמה הודו ג,,120.00,,false,,15.90,0.1325,true,1,188357
7290000364803,false,נקניקיות בקר אמריקאיות טירת צבי 500 גרם,הנסיך- מפעל לייצור ט,IL,נקניקיות בקר בסגנון,,500.00,,false,,26.90,0.0538,true,1,188358
7290000364858,false,"נקניקיות עוף טרי טירת צבי 1 ק""ג",הנסיך- מפעל לייצור ט,IL,נקניקיות עוף טירת צב,,1000.00,,false,,26.90,0.0269,true,1,188359
7290000364872,false,נקניקיות עוף טירת צבי 400 גרם,טיב טירת צבי 2000,IL,נקניקיות עוף טירת צב,,400.00,,false,,14.90,0.0373,true,1,188360
7290000365046,false,פסטרמה כתף בקר מעושן,טירת- צבי,IL,פסטרמה כתף בקר מעושן,קילוגרמים,1.00,"ק""ג",true,,119.00,119.0000,true,1,188234
7290000365398,false,חזה הודו בדבשטירת צבי,טירת- צבי,IL,פסטרמה חזה הודו בדבש,קילוגרמים,1.00,"ק""ג",true,,89.00,89.0000,true,1,188235
7290000365756,false,נקניק פסטרמה ברביקיו,טירת צבי,IL,פסטרמה ברביקיו דל שו,קילוגרמים,1.00,"ק""ג",true,,89.00,89.0000,true,1,188236
7290000365909,false,פסטרמה הודו מעושנתטירת צבי,טירת- צבי,IL,פסטרמה הודו מעושנת ט,קילוגרמים,1.00,"ק""ג",true,,89.00,89.0000,true,1,188237
7290000365954,false,פסטרמה הודו גחלים טי,טירת- צבי,IL,פסטרמה הודו גחלים טי,קילוגרמים,1.00,"ק""ג",true,,89.00,89.0000,true,1,188238
7290000367590,false,פסטרמה כפרית וסלמי פריזר כפרי טירת צבי 2*400 גרם,טיב טירת צבי 2000,IL,פסטרמה צמד סלמי 400ג,,800.00,,false,,31.90,0.0399,true,1,188362
7290000369297,false,מעדן עגבניות מיובשות,גבינות אמיר ניצן בעמ,IL,מעדן גבינת שמנת שקיל,קילוגרמים,1.00,"ק""ג",true,,45.00,45.0000,true,1,236613
7290000369341,false,לאבנה אבו גוש ניצן מ,גבינות אמיר ניצן בעמ,IL,לאבנה אבו גוש 17% ני,קילוגרמים,1.00,"ק""ג",true,,45.00,45.0000,true,1,236614
7290000369617,false,מעדן כדורי פטה בשמן מתובל ניצן 230 גרם,גבינות אמיר ניצן בעמ,IL,כדורי רחוב 150 גרם,,150.00,,false,,18.90,0.1260,true,1,204855
7290000369709,false,חמאה עירונית בתוספת ריחן ושום טרי גבינות ניצן 100 גרם,גבינות אמיר ניצן בעמ,IL,ממרח חמאה 100 גרם,,100.00,,false,,13.90,0.1390,true,1,204856
7290000372204,false,דג ברמונדי בינוני נק,,,דג ברמונדי בינוני נק,קילוגרמים,1.00,"ק""ג",true,,49.90,49.9000,true,1,235207
7290000379623,false,לחם אחיד אנג'ל 750 ג,מאפיית אנג'ל,,לחם אחיד שחור,,750.00,,false,,5.10,0.0068,true,1,245153
7290000408316,false,יוגורט דנונה דל לקטוז 200 גרם,מיוצר עי קונדיטוריית,IL,דנונה טבעי 3% 200גר,,200.00,,false,,3.80,0.0190,true,1,195626
7290000408354,false,יוגורט עם אורז מצופה שוקולד קקאו 175 ג' דנונה,"שטראוס בריאות בע""מ",IL,דנונה בר פיצפוצים 17,,173.00,,false,,4.80,0.0277,true,1,195627
7290000412481,false,נוזל לניקוי אסלות 00 סנו 1 ליטר,מיוצר עי קונדיטוריית,IL,מנקה אסלות 00 סנו 1ל,,1000.00,,false,,8.90,0.0089,true,1,180209
7290000416021,false,ממרח בטעם שוקולד השחר חלבי 500,השחר העולה,IL,ממרח השחר 500גר,,500.00,,false,,13.90,0.0278,true,1,181339
7290000416045,false,"ממרח בטעם שוקולד השחר 1 ק""ג",השחר העולה תעשייות מ,IL,"ממרח השחר חדש 1 ק""ג",,1000.00,,false,,24.90,0.0249,true,1,181341
7290000416618,false,"ממרח שוקולד השחר פרווה בד""צ 400 גר'",השחר העולה תעשייות מ,IL,"ממרח השחר בד""צ 400גר",,400.00,,false,,12.90,0.0323,true,1,181345
7290000416632,false,"ממרח בטעם שוקולד פרווה השחר 1 ק""ג",השחר העולה תעשית ממת,IL,ממרח השחר פרווה 1קג,,1000.00,,false,,24.90,0.0249,true,1,181346
7290000416809,false,ממרח חצי חצי נוגט אגוזים וקרם חלב השחר 350ג',השחר העולה תעשייות מ,IL,ממרח חצי חצי קרם חלב,,350.00,,false,,12.90,0.0369,true,1,224762
7290000416922,false,השחר ממרח חלב 350 גרם,השחר העולה תעשייות מ,IL,ממרח חלב 350 גרם השח,,350.00,,false,,12.90,0.0369,true,1,224763
7290000418131,false,תחבושות טופ פד מקופלת 18 יח',מוצרי נייר עמיר,IL,תחבושות טופ פד סופר,יחידה,0.00,יחידה,false,,7.90,0.0000,true,1,171796
7290000418155,false,תחבושות סופר פלוס טופ-פד 16 יח',מוצרי נייר עמיר,IL,תחבושות טופ פד סופר,יחידה,0.00,יחידה,false,,7.90,0.0000,true,1,171797
7290000419220,false,לנדוור כחול המקורי קפה טחון טורקי 3*100 גרם 16 יח',קפה לנדוור,IL,לנדוור קפה כחול מארז,,300.00,,false,,18.90,0.0630,true,1,176793
7290000419374,false,לנדוור לבוקר קפה טחון טורקי 3*100 גרם 16 יח',קפה לנדוור,IL,לנדוור קפה טחון טורק,,300.00,,false,,18.90,0.0630,true,1,176795
7290000419909,false,לנדוור לבוקר קפה טחון שחור טורקי 100 גרם,מולינו ניקולי s.p.a,IL,לנדוור קפה שחור טעם,,100.00,,false,,7.90,0.0790,true,1,176805
7290000420325,false,"פופסטאר פופקורן למקירוגל בטעם טבעי 5 שקיות,500 גרם",קריות זול,US,פופסטאר בטעם טבעי 5י,,500.00,,false,,14.90,0.0298,true,1,207375
7290000420332,false,פופסטאר פופקורן למיקרוגל בטעם חמאה 5 יחידות 500 גרם,קריות זול,US,פופסטאר בטעם חמאה 5י,,500.00,,false,,14.90,0.0298,true,1,207376
7290000453125,false,שמרית שמרים טריים לאפיה +משפר אפיה 100ג,"פאקא תעשיות בע""מ",IL,שמרית + משפר אפיה 10,,100.00,,false,,8.90,0.0890,true,1,195634
7290000453408,false,"בצק פיצה דק, מצונן ומוכן לאפייה - שמרית","פאקא תעשיות בע""מ",FR,בצק פיצה דק שמרית מצ,,415.00,,false,,18.90,0.0455,true,1,224847
7290000453415,false,בצק עלים מצונן ומוכן לאפייה - שמרית,"פאקא תעשיות בע""מ",FR,בצק עלים שמרית מצונן,,300.00,,false,,17.50,0.0583,true,1,224848
7290000453422,false,בצק פילו מצונן ומוכן לאפייה שמרית,"פאקא תעשיות בע""מ",FR,בצק פילו שמרית מצונן,,300.00,,false,,17.50,0.0583,true,1,224849
7290000453446,false,פיצה קראסט בצק שמרים מצונן להכנת פיצה ופוקצ'ה,"פאקא תעשיות בע""מ",IL,פיצה קראסט שמרית,יחידה,0.00,יחידה,false,,19.90,0.0000,true,1,250832
7290000453781,false,שמרים יבשים שמרית 125 גרם,"פאקא תעשיות בע""מ",PT,שמרים יבשים שמרית 12,,125.00,,false,,6.50,0.0520,true,1,238788
7290000453798,false,שמרית שמרים יבשים אקטיביים 500 גר',"גי' בי' רכיבים בע""מ",IL,שמרים יבשים אקטיביים,,500.00,,false,,14.90,0.0298,true,1,208496
7290000453866,false,נטורינה קוקוס לאפייה שמרית 200ג',גרונבאנג- גרונדנסק א,IL,שמרית תחליף מרגרינה,,200.00,,false,,8.90,0.0445,true,1,224850
7290000453880,false,מרגרינה ללא מלח לאפיה ובישול שמרית 200גר,"פאקא תעשיות בע""מ",IL,מרגרינה ללא מלח לאפי,,200.00,,false,,6.70,0.0335,true,1,195636
7290000462103,false,סחוג אדום חריף עדין (מכסה לבן) 150 גרם,קריניסה ויטמין אס אי,IL,סחוג אדום חריף עדין,,150.00,,false,,11.90,0.0793,true,1,195638
7290000462141,false,סחוג אדום תימני מקורי חריף מאוד זהבי 150 גרם,קריניסה ויטמין אס אי,IL,סחוג אדום חריף מאוד,,150.00,,false,,11.90,0.0793,true,1,195640
7290000462172,false,סחוג ירוק חריף מאוד מ.ירוק 150 גרם,קריניסה ויטמין אס אי,IL,סחוג ירוק חריף מאוד,,150.00,,false,,11.90,0.0793,true,1,195642
7290000467153,false,מלך החומוס סמיר הגדול 400 גרם צבר,סלטי צבר,IL,חומוס סמיר הגדול צבר,,400.00,,false,,14.90,0.0373,true,1,176868
7290000467320,false,מלך החומוס אבו מרוואן 400 גרם,לחמנו,IL,חומוס אבו מרוואן צבר,,400.00,,false,,14.90,0.0373,true,1,176873
7290000474090,false,"חלב בקרטון 1%- 1 ליטר בד""צ - מוצר בפיקוח",מילקו תעשיות בעמ,IL,חלב בקרטון טרה 1% 1ל,,1000.00,,false,,5.86,0.0059,true,1,184524
7290000474502,false,גבינה לבנה טרה 5% מרכיבים טבעיים,קריות זול,IL,גבינה לבנה 5% 250גר,,250.00,,false,,4.98,0.0199,true,1,184537
7290000474540,false,טוב טעם גבינה לבנה 3% טרה 250 גרם,קריות זול,IL,גבינת 3% טוב טעם 250,,250.00,,false,,12.50,0.0500,true,1,184539
7290000480107,false,קוואקר שיבולת שועל פחית 500 גרם,וולקרס סנקס לימיטד,GB,קוואקר מהיר אטוס פחי,,500.00,,false,,15.90,0.0318,true,1,184115
7290000480442,false,קוואקר שיבולת שועל בשקית 500 גרם,פריטו ליי FRITO-LAY,IL,קואקר שבולת שועל שקי,,500.00,,false,,14.90,0.0298,true,1,184116
7290000481029,false,פיתות רגילות עשירייה,יוניליוור גרמניה Gm,IL,פיתות בטעם ביתי 10 י,,1000.00,,false,,11.90,0.0119,true,1,222696
7290000481043,false,עשריית פיתות כוסמין,דגנית עין בר,IL,פיתות כוסמין מארז 10,,700.00,,false,,15.90,0.0227,true,1,245154
7290000481074,false,לחם משלושה קמחים מלאים 750 גר,דגנית עין בר,IL,*מבצע* לחם טריו דגני,,750.00,,false,,14.90,0.0199,true,1,249193
7290000481180,false,לחם מחמצת שאור דגנית,דגנית עין בר,,לחם מחמצת שאור דגנית,,550.00,,false,,18.90,0.0344,true,1,250697
7290000481197,false,לחם מחמצת גרעינים וש,דגנית עין בר,,לחם מחמצת גרעינים וש,,550.00,,false,,18.90,0.0344,true,1,250696
7290000481203,false,לחם מחמצת מקמח מלא ד,דגנית עין בר,,לחם מחמצת מקמח מלא ד,,550.00,,false,,18.90,0.0344,true,1,250698
7290000481487,false,חלה רגילה 500גר,,,חלה רגילה 500גר,,500.00,,false,,5.40,0.0108,true,1,195088
7290000481517,false,פוקצות 2יח עם שמן זי,דגנית עין בר,,פוקצות 2יח עם שמן זי,,320.00,,false,,12.90,0.0403,true,1,250695
7290000482019,false,שקיות לצליה קוקי 10 יחידות,"ש. שסטוביץ בע""מ",IL,קוקי שקיות רגיל 10יח,יחידה,0.00,יחידה,false,,10.90,0.0000,true,1,185545
7290000482033,false,שקיות לצליה בתנור ובמיקרוגל קוקי 5 יחידות,הנסיך- מפעל לייצור ט,IL,קוקי שקיות ענק בתנור,,5.00,,false,,10.90,2.1800,true,1,185547
7290000484747,false,עראק עלית 700 מל 40% כהל,יקב הגליל שווק בעמ,IL,הארק עלית 40% 700מל,,700.00,,false,,58.90,0.0841,true,1,216025
7290000490625,false,שלגונים ציפוי שוקו מאגדת שמינייה 560 ג',"פלקו בע""מ",IL,מאגדת שלגונים ציפוי,,8.00,,false,,23.90,2.9875,true,1,244525
7290000490717,false,מאגדת גלית- שלגון חלבי בטעם וניל עם ציפו,הגלידות של פלדמן,IL,גלית שרבט בטעם תות 8,,8.00,,false,,21.90,2.7375,true,1,224732
7290000490762,false,"שמיניית גלידל שוקו ""פלדמן""",הגלידות של פלדמן,IL,גלידל חלבי מאגדת בטע,,8.00,,false,,29.90,3.7375,true,1,224733
7290000493176,false,אסם אבקת רוטב צלי לבשר 22 ג',"אסם תעשיות בע""מ",IL,אבקת רוטב צלי אסם 22,,22.00,,false,,4.90,0.2227,true,1,176891
7290000493183,false,אבקת רוטב פטריות לבשר-30 גרם,"אסם תעשיות בע""מ",IL,אבקת רוטב פטריות אסם,,30.00,,false,,4.90,0.1633,true,1,176892
7290000497044,false,"לחם אקטיב 750 גרם ""ברמן""",מאפית י את א ברמן בע,IL,לחם אקטיב ברמן 750גר,,750.00,,false,,16.90,0.0225,true,1,245197
7290000497112,false,"לחם כהה פרוס וארוז ""ברמן""-מוצר בפיקוח",מאפית י את א ברמן בע,IL,לחם אחיד פרוס ברמן,,750.00,,false,,7.10,0.0095,true,1,245198
7290000497228,false,לחמניה רגילה בשקית ברמן 6יח',מאפית י את א ברמן בע,IL,לחמניות בשקית 6יח,,450.00,,false,,10.90,0.0242,true,1,245202
7290000497273,false,לחמניות ברמן אקטיב 6יח 450גר,מאפית י את א ברמן בע,IL,לחמניות אקטיב 6 יח',,450.00,,false,,13.90,0.0309,true,1,245203
7290000497426,false,לחם ברמן לענין פלוס 500 גרם,מאפית י את א ברמן בע,IL,לחם ברמן לענין פלוס,,500.00,,false,,16.90,0.0338,true,1,245206
7290000497532,false,"לחם מקמח מלא""לעניין"" 750 גר'",מאפית י את א ברמן בע,IL,לחם ברמן לעניין 750ג,,750.00,,false,,15.50,0.0207,true,1,245209
7290000497570,false,לחם דגנים פלוס ברמן 500 גרם,מאפית י את א ברמן בע,IL,לחם דגנים פלוס ברמן,,500.00,,false,,16.90,0.0338,true,1,245210
7290000498003,false,לחם מקמח חיטה מלא 750 גר,מאפית י את א ברמן בע,IL,לחם מקמח מלא ברמן 75,,750.00,,false,,16.90,0.0225,true,1,245211
7290000498034,false,לחם אי פרי קמח כוסמין מלא 750 גר',מאפית י את א ברמן בע,IL,לחם מקמח כוסמין מלא,,750.00,,false,,16.90,0.0225,true,1,245214
7290000498256,false,עשיריית לחמניות ברמן,מאפית י את א ברמן בע,IL,מארז 10יח לחמניות בר,יחידה,0.00,יחידה,false,,13.90,0.0000,true,1,245215
7290000504025,false,ממתיק סוכרזית פטריה 300 טבליות,אף.סי תבליני בגליל ב,IL,סוכרזית פטריה 300 טב,,300.00,,false,,10.90,0.0363,true,1,208505
7290000504278,false,סוכרזית - קלאסי פטנט 700 טבליות,אף.סי תבליני בגליל ב,IL,סוכרזית פטנט 700טבלי,,700.00,,false,,19.90,0.0284,true,1,208510
7290000518114,false,מתוק וקל אבקה 200 גרם,קריות זול,,מתוק וקל אבקה 200 גר,,200.00,,false,,9.90,0.0495,true,1,207077
7290000518169,false,ממתיק מתוק וקל 1000 טבליות,קריות זול,IL,מתוק וקל 1000 טבליות,,1000.00,,false,,9.90,0.0099,true,1,207081
7290000518176,false,ממתיק מתוק וקל 250 שקיות,מתוק וקל בעמ,IL,*מבצע* מתוק וקל ענק,,250.00,,false,,18.90,0.0756,true,1,207082
7290000518190,false,מתוק וקל סטיביה 100 שקיות,מתוק וקל,IL,מתוק וקל סטיביה 100,יחידה,0.00,יחידה,false,,29.90,0.0000,true,1,221423
7290000518220,false,ממתיק סוכרה דיאט 100 יחידות,פתח תקווה,IL,סוכרה דיאט 100 שקיות,יחידה,0.00,יחידה,false,,29.90,0.0000,true,1,221424
7290000518251,false,ממתיק זהב מתוק וקל 100 יחידות,קריות זול,IL,מתוק וקל זהב 100 שקי,,100.00,,false,,15.90,0.1590,true,1,207083
7290000521008,false,"של סגל אדום יבש , 750 מ""ל",כרמי צבי - אחים סגל,IL,יין סגל אדום יבש 750,,750.00,,false,,24.90,0.0332,true,1,173045
7290000523224,false,מלח הארץ הים האדום 500 ג' עדין,חברת מלח הארץ אילת ב,IL,מלח הארץ ים יבש 500,,500.00,,false,,9.90,0.0198,true,1,190743
7290000523514,false,מלח ים יבש מופחת נתרן מלח הארץ 250 גרם,חברת מלח הארץ אילת ב,IL,מלח הארץ 50% מכמות ה,,250.00,,false,,11.90,0.0476,true,1,190744
7290000523804,false,"מלח עדין צנצנת 1 ק""ג מלח הארץ",חברת מלח הארץ אילת ב,IL,מלח הארץ עדין צנצנת,,1000.00,,false,,8.90,0.0089,true,1,190746
7290000523811,false,"צנצנת מלח גס 1 ק""ג מלח הארץ",חברת מלח הארץ אילת ב,IL,מלח הארץ גס צנצנת 1ק,,1000.00,,false,,8.90,0.0089,true,1,190747
7290000525969,false,מיץ תפוזים סחוט רכיבים טבעיים פרימור 1 ליטר,"גניר (1992) בע""מ",IL,פרימור תפוזים 1ליטר,,1000.00,,false,,16.90,0.0169,true,1,195644
7290000530024,false,תה מעושן רחב זוגלובק,זוגלובק,IL,תה מעושן זוגלובק,קילוגרמים,1.00,"ק""ג",true,,54.00,54.0000,true,1,212188
7290000530031,false,סלמי פיין צר זוגלובק,זוגלובק,IL,סלמי פיין צר זוגלובק,קילוגרמים,1.00,"ק""ג",true,,59.00,59.0000,true,1,212189
7290000530048,false,נקניק סלמי פפרוני במ,זוגלובק,IL,סלמי פפרוני זוגלובק,קילוגרמים,1.00,"ק""ג",true,,59.00,59.0000,true,1,212190
7290000530062,false,נקניק מעושן איטלקי ז,זוגלובק,IL,נקניק מעושן איטלקי ז,קילוגרמים,1.00,"ק""ג",true,,89.00,89.0000,true,1,212191
7290000530086,false,נקניק סלמי מעושן זוגלובק 600 גרם,נקניק נהריה כשר זוגל,IL,*מבצע* נקניק סלמי מע,,600.00,,false,,28.90,0.0482,true,1,212239
7290000530116,false,נקניק סלמי מעושן בשן 470 ג' זוגלובק,נקניק נהריה כשר זוגל,IL,*מבצע* נקניק בשן זוג,,470.00,,false,,18.90,0.0402,true,1,212241
7290000530178,false,נקניק קוניאק זוגלובק,זוגלובק,IL,נקניק קוניאק זוגלובק,קילוגרמים,1.00,"ק""ג",true,,89.00,89.0000,true,1,212193
7290000530192,false,נקניק סלמי סרוולד במ,זוגלובק,IL,נקניק סרבלד זוגלובק,קילוגרמים,1.00,"ק""ג",true,,135.00,135.0000,true,1,212194
7290000530260,false,נקניק מורטדלה זוגלוב,זוגלובק,IL,מורטודלה זוגלובק,קילוגרמים,1.00,"ק""ג",true,,47.00,47.0000,true,1,212195
7290000530369,false,פסטרמה גולן הודו מעו,זוגלובק,IL,פסטרמה גולן הודו מעו,קילוגרמים,1.00,"ק""ג",true,,89.00,89.0000,true,1,212197
7290000530444,false,כתף בקר מעושן זוגלוב,זוגלובק,IL,כתף בקר מעושן זוגלוב,קילוגרמים,1.00,"ק""ג",true,,119.00,119.0000,true,1,212198
7290000530598,false,נקניקיות עוף וינר זוגלובק 500 גרם,נקניק נהריה כשר זוגל,IL,נקניקיות וינר גוליבר,,500.00,,false,,15.90,0.0318,true,1,212250
7290000530703,false,פסטרמה חרמון כפרית ונקניק תה מעושן זוגלובק 2*400 גרם,נקניק נהריה כשר זוגל,IL,נקניק תה 400גר + חרמ,,800.00,,false,,33.90,0.0424,true,1,212253
7290000531410,false,פסטרממיה בדבש טהור ב,זוגלובק,IL,פסטרממיה בדבש טהור,קילוגרמים,1.00,"ק""ג",true,,89.00,89.0000,true,1,212202
7290000532400,false,פסטרמה ברביקיו זוגלו,זוגלובק,IL,פסטרמה ברביקיו זוגלו,קילוגרמים,1.00,"ק""ג",true,,89.00,89.0000,true,1,212204
7290000532585,false,נקניק רוסטביף חצוי ב,זוגלובק,IL,רוסטביף זוגלובק,קילוגרמים,1.00,"ק""ג",true,,119.00,119.0000,true,1,212205
7290000533353,false,"בצק עלים מרודד זוגלובק 1 ק""ג",מאפיית אריאל וגידרון,IL,בצק עלים זוגלובק 1קג,,1000.00,,false,,15.90,0.0159,true,1,212278
7290000533681,false,פסטרממיה מעושנת זוגל,זוגלובק,IL,פסטרממיה מעושנת זוגל,קילוגרמים,1.00,"ק""ג",true,,89.00,89.0000,true,1,212210
7290000534718,false,פסטרמה חזה תבור זוגל,זוגלובק,IL,פסטרמה חזה תבור זוגל,קילוגרמים,1.00,"ק""ג",true,,89.00,89.0000,true,1,212212
7290000534824,false,חרמון-חזה הודו מעושן,זוגלובק,IL,חרמון הודו מעושן זוג,קילוגרמים,1.00,"ק""ג",true,,59.00,59.0000,true,1,212214
7290000536743,false,"שניצל קריספי סטיקס תירס ""זוגלובק""",נקניק נהריה כשר זוגל,IL,קריספי סטיקס תירס זו,,500.00,,false,,21.90,0.0438,true,1,212304
7290000536774,false,"נקניקיות מן הצומח זוגלובק 1ק""ג בד""צ",זוגלובק טבע,IL,נקניקיה מן הצומח זוג,,1000.00,,false,,25.90,0.0259,true,1,195648
7290000537566,false,נקניקיות עוף טרי 400 ג' זוגלובק,נקניק נהריה כשר זוגל,IL,נקניקיות עוף זוגלובק,,400.00,,false,,14.90,0.0373,true,1,212313
7290000537610,false,נקניק סלמי עממי במשק,,IL,סלמי עממי זוגלובק,קילוגרמים,1.00,"ק""ג",true,,59.00,59.0000,true,1,212218
7290000554006,false,גבינה קשקבלו משולשים,מחלבות גד,IL,קאשקבל מחלבות גד,קילוגרמים,1.00,"ק""ג",true,,135.00,135.0000,true,1,171523
7290000554402,false,מעדן חלב מלבי גד 160 גרם,"מיוצר ע""י קוד יצרן E",IL,מלבי 160גר מחלבות גד,,160.00,,false,,6.00,0.0375,true,1,171587
7290000554471,false,נקניק מוצרלה 22 אחוז 180גרם גד מהדרין,"מחלבות גד בע""מ",IL,מוצרלה נקניק טבעי מח,,180.00,,false,,18.90,0.1050,true,1,171589
7290000554532,false,גבינה צפתית מעודנת במלח ים 5% 200 ג' גד,הנסיך- מפעל לייצור ט,IL,צפתית מעודנת במלח ים,,200.00,,false,,15.50,0.0775,true,1,171591
7290000554624,false,ירח מתוק מעדן חלב עם אורז 3% גד 150 גרם,"מיוצר ע""י קוד יצרן E",IL,ירח מתוק 150גר מחלבו,,150.00,,false,,6.00,0.0400,true,1,171593
7290000554686,false,גבינת לאבנה בתוספת שמן זית וזעתר 5% גד 250 גרם,מחלבות גד בעמ,IL,לאבנה בשמן זית וזעתר,,250.00,,false,,15.50,0.0620,true,1,171594
7290000554822,false,ריקוטה גבינה לבנה בסגנון איטלקי 5% גד 250 גרם,מחלבות גד בעמ,IL,ריקוטה טבעי 5% 250גר,,250.00,,false,,15.90,0.0636,true,1,171595
7290000554839,false,מסקרפונה שמנת מתוקה קשה בסגנון איטלקי 40% גד 250 גרם,מחלבות גד בעמ,IL,גבינה מסקרפונה 40% 2,,250.00,,false,,23.90,0.0956,true,1,171596
7290000560533,false,אדג' ג'ל ירוק לעור רגיל 198גרם,אס.סי ג'ונסון ובניו,US,אדג גל גילוח ירוק עם,,200.00,,false,,18.90,0.0945,true,1,207384
7290000560540,false,אדג' ג'ל כתום לעור רגיש 198גרם,המאפיה של הרמן,US,אדג גל גילוח כתום לע,,200.00,,false,,18.90,0.0945,true,1,207385
7290000572208,false,חלוה בטעם וניל אחווה 100 גרם,שוורצקוף& הנקל דיסלד,IL,חלבה אחווה 100גר,,100.00,,false,,3.90,0.0390,true,1,203361
7290000572222,false,חלבה וניל בבלוק אחווה 500ג',שוורצקוף& הנקל דיסלד,IL,חלבה בבלוק אחווה 500,,500.00,,false,,12.90,0.0258,true,1,203362
7290000572529,false,חלוה עם פיסטוק אחווה 400 גרם,אחדות ביחר לטחינה חל,IL,חלבה פיסטוק אחווה 40,,400.00,,false,,14.90,0.0373,true,1,203363
7290000572536,false,אחווה חלווה ווניל במגש 400 גר,אחדות ביחר לטחינה חל,IL,חלבה וניל אחווה 400,,400.00,,false,,13.90,0.0348,true,1,203364
7290000572543,false,חלוה בטעם שוקו וניל אחווה 400 גרם,אחדות ביחר לטחינה חל,IL,חלבה קקאו וניל 400 ג,,400.00,,false,,13.90,0.0348,true,1,203365
7290000574011,false,מארז 8 לחמניות חיטה,,,מארז 8 לחמניות חיטה,,8.00,,false,,11.90,1.4875,true,1,245163
7290000574035,false,לחם אחיד פרוס 750ג' דגנית עין בר,יוניליוור גרמניה Gm,IL,לחם אחיד פרוס 750גרם,,750.00,,false,,7.10,0.0095,true,1,245165
7290000574066,false,לחם מלא פלוס שיפון 750 ג' דגנית עין בר,יוניליוור גרמניה Gm,IL,לחם חיטה מלאה עם שיפ,,750.00,,false,,15.90,0.0212,true,1,245168
7290000574097,false,מארז לחמניות מיוחדות,,,מארז לחמניות מיוחדות,,8.00,,false,,11.90,1.4875,true,1,245170
7290000574141,false,לחם חיטה מלא 750ג' דגנית עין בר,דגנית עין בר תעשיות,IL,לחם חיטה מלאה 750גר,,750.00,,false,,14.90,0.0199,true,1,245172
7290000574158,false,מארז 8 לחמניות לוסי,,,מארז 8 לחמניות לוסי,,8.00,,false,,11.90,1.4875,true,1,245173
7290000574172,false,לחם קל מחיטה מלאה 750 ג' דגנית עין בר,יוניליוור גרמניה Gm,IL,לחם קל חיטה מלאה 750,,750.00,,false,,16.90,0.0225,true,1,245175
7290000574189,false,מארז 6 לחמניות קלועו,,,מארז 6 לחמניות קלועו,,6.00,,false,,11.90,1.9833,true,1,245176
7290000574226,false,לחמניות אצבע דגנית מ,,,לחמניות אצבע דגנית מ,יחידה,0.00,יחידה,false,,11.90,0.0000,true,1,245177
7290000574257,false,לחם שחור פרוס קל דגנ,דגנית עין בר,IL,*מבצע* לחם שחור פרוס,,750.00,,false,,13.90,0.0185,true,1,245178
7290000574301,false,לחמניות 10יח חיטה מל,,,לחמניות 10יח חיטה מל,יחידה,0.00,יחידה,false,,11.90,0.0000,true,1,245179
7290000574370,false,דגנית עין ברלחם שיפון אמיתי קל 750ג,יוניליוור גרמניה Gm,IL,לחם שיפון אמיתי קל 5,,500.00,,false,,16.90,0.0338,true,1,245181
7290000574455,false,לחם חיטה מלא פלוס כוסמין 750 ג' דגנית עין בר,דגנית עין בר,IL,לחם חיטה מלאה כוסמין,,750.00,,false,,16.90,0.0225,true,1,245184
7290000574509,false,6 לחמניות חצויות דגנ,דגנית עין בר,,לחמניות חצויות 6יח 4,,450.00,,false,,9.90,0.0220,true,1,245185
7290000596044,false,"קרקר שומשום הדר 1ק""ג",אפיפית נצרת,IL,"קרקר שומשום הדר 1ק""ג",,1000.00,,false,,17.90,0.0179,true,1,202415
7290000599434,false,סחבות לרצפה גרניט 3י,נועם אורים תעשיות בע,IL,סחבות לרצפה גרניט 3י,יחידה,0.00,יחידה,false,,9.90,0.0000,true,1,197893
7290000599441,false,סחבות מגולגלות שייני,,,סחבות מגולגלות 5יח,,5.00,,false,,13.90,2.7800,true,1,197894
7290000599571,false,צמר פלדה 200 גרם,,IL,צמר פלדה 200גר,,200.00,,false,,6.90,0.0345,true,1,197897
7290000599847,false,רב מגבת מויסקו,ח.פ,IL,רב מגבת גליל,יחידה,0.00,יחידה,false,,10.90,0.0000,true,1,197904
7290000599946,false,ספוג הפלא 6יח שיין,מ.א ייצור ושיווק מטל,IL,ספוג הפלא 6יח,,6.00,,false,,7.90,1.3167,true,1,197907
7290000599977,false,שייני כריות יפניות 9 יח',,,כרית יפנית 9יח,יחידה,0.00,יחידה,false,,10.90,0.0000,true,1,197909
7290000611099,false,כבד עוף לצליה בלבד,,,כבד עוף לצליה בלבד,קילוגרמים,1.00,"ק""ג",true,,24.90,24.9000,true,1,211187
7290000611136,false,כבד עוף קפוא ארוז,,,כבד עוף קפוא,קילוגרמים,1.00,"ק""ג",true,,9.90,9.9000,true,1,211189
7290000611143,false,טחול עוף טרי,,,טחול עוף טרי,קילוגרמים,1.00,"ק""ג",true,,74.90,74.9000,true,1,211190
7290000611181,false,כנפיים עוף טרי,,,כנפיים עוף טרי,קילוגרמים,1.00,"ק""ג",true,,12.90,12.9000,true,1,211193
7290000611242,false,פילה עוף טרי,,,פילה עוף טרי,קילוגרמים,1.00,"ק""ג",true,,39.90,39.9000,true,1,211197
7290000611419,false,קורקבן עוף טרי,,,קורקבן עוף טרי,קילוגרמים,1.00,"ק""ג",true,,10.90,10.9000,true,1,211204
7290000611723,false,ירכיים עוף קפוא ארוז,,,ירכיים עוף קפוא,קילוגרמים,1.00,"ק""ג",true,,27.90,27.9000,true,1,211210
7290000611761,false,כרעיים עוף קפוא,,,כרעיים עוף קפוא,קילוגרמים,1.00,"ק""ג",true,,27.90,27.9000,true,1,211211
7290000612461,false,כנפיים הודו טרי,,,כנפיים הודו טרי,קילוגרמים,1.00,"ק""ג",true,,17.90,17.9000,true,1,211228
7290000631059,false,כבד לצליה בלבד תפזור,,,כבד עוף לצליה בלבד,קילוגרמים,1.00,"ק""ג",true,,24.90,24.9000,true,1,211234
7290000632209,false,חזה עוף קפוא עטרה,עטרה,IL,חזה עוף עטרה קפוא,קילוגרמים,1.00,"ק""ג",true,,39.90,39.9000,true,1,239334
7290000632599,false,ירכיים עוף קפוא עטרה,עטרה,IL,ירכיים עוף עטרה קפוא,קילוגרמים,1.00,"ק""ג",true,,34.90,34.9000,true,1,239335
7290000643243,false,שווארמה הודו נקבה טר,תנובה בשר,,שווארמה הודו נקבה טר,קילוגרמים,1.00,"ק""ג",true,,74.90,74.9000,true,1,213554
7290000644356,false,גרון הודו נ. טרי,,,גרון הודו נ. טרי,קילוגרמים,1.00,"ק""ג",true,,31.90,31.9000,true,1,211236
7290000644783,false,"סלמון מנות קפוא ""תנובה""",דגי תנובה,NO,מנות סלמון קפוא תנוב,קילוגרמים,1.00,"ק""ג",true,,94.90,94.9000,true,1,188240
7290000645278,false,זנב הודו מוכשר,,,זנב הודו מוכשר,קילוגרמים,1.00,"ק""ג",true,,6.90,6.9000,true,1,211237
7290000646299,false,פילה נסיכת הנילוס קפוא,,ZA,פילה נסיכת הנילוס קפ,קילוגרמים,1.00,"ק""ג",true,,59.90,59.9000,true,1,237578
7290000652542,false,פילה אמנון 5-7 תנובה,דגי תנובה,CN,פילה אמנון קפוא 5-7,קילוגרמים,1.00,"ק""ג",true,,35.90,35.9000,true,1,224223
7290000654546,false,פילה אמנון קפוא 100% דג,תנובה,IL,פילה אמנון קפוא 7-9,קילוגרמים,1.00,"ק""ג",true,,35.90,35.9000,true,1,224225
7290000658926,false,"פילה מרלוזה קפוא 100% ""תנובה""",דגי תנובה,AR,פילה מרלוזה קפוא 100,קילוגרמים,1.00,"ק""ג",true,,34.90,34.9000,true,1,234935
7290000659312,false,דגי תנובה פילה סלומון קפוא בוואקום,דגי תנובה,IL,פילה סלמון פרמיום קפ,קילוגרמים,1.00,"ק""ג",true,,84.90,84.9000,true,1,188245
7290000663104,false,שווארמה פרגית להקפצה,תנובה בשר,IL,שווארמה פרגית 300 גר,,300.00,,false,,34.90,0.1163,true,1,246473
7290000679440,false,קמיל בלו משחה לתינוק 100 גרם,פישר מעבדות פרמצבטיו,IL,משחה לתינוק קמיל בלו,,100.00,,false,,18.90,0.1890,true,1,204315
7290000688084,false,מים מינרליים פקק ספו,מופק ממקור בזלתי עדן,IL,"מי עדן ספורט 500מ""ל",,500.00,,false,,3.00,0.0060,true,1,181742
7290000688374,false,"מי עדן בייבי 250 מ""ל מארז שישייה","מי עדן בע""מ",IL,מי עדן בייבי שישיה 6,,1980.00,,false,,15.90,0.0080,true,1,181746
7290000688381,false,שישיית מי עדן פקק ספורט 0.5 ליטר,"מי עדן בע""מ",IL,מי עדן ספורט שישייה,,3000.00,,false,,14.90,0.0050,true,1,181747
7290000692227,false,נוזל כלים פלמוליב צילינדר קלאסי 1 ליטר,יבואן ומשווק: ש. שסט,GR,פלמוליב לכלים קלאסי,,1000.00,,false,,14.90,0.0149,true,1,185552
7290000739247,false,פסטרמה איטלקית זוגלו,,,פסטרמה איטלקית זוגלו,קילוגרמים,1.00,"ק""ג",true,,89.00,89.0000,true,1,212221
7290000805795,false,חול לחתולים יורו קיט,דולפין ספא,IL,חול חתולים 10קג,קילוגרמים,10.00,"ק""ג",false,,37.90,3.7900,true,1,179524
7290000931673,false,סברס.,,,סברס,קילוגרמים,1.00,"ק""ג",true,,28.90,28.9000,true,1,212511
7290000932407,false,קוקוס,,,קוקוס,,1000.00,,false,,6.90,0.0069,true,1,212513
7290000979427,false,עגבניות שרי כתום לבבות,חקלאי,IL,שרי כתום ארוז בלב,,460.00,,false,,9.90,0.0215,true,1,249421
7290000991029,false,ערמונים,,,ערמונים,קילוגרמים,1.00,"ק""ג",true,,18.90,18.9000,true,1,212515
7290000991512,false,אגס נאשי,,,אגס נאשי,קילוגרמים,1.00,"ק""ג",true,,15.90,15.9000,true,1,212517
7290000991529,false,שמיר בגומי,,,שמיר בגומי,יחידה,0.00,יחידה,false,,3.90,0.0000,true,1,212520
7290000991961,false,תפוח ברשת,,,תפוח ברשת,קילוגרמים,1.00,"ק""ג",true,,6.90,6.9000,true,1,212523
7290000992381,false,אפרסמון,,,אפרסמון,קילוגרמים,1.00,"ק""ג",true,,12.90,12.9000,true,1,212525
7290000993461,false,עגבניות שרי צהוב ליח',חקלאי,IL,שרי צהוב ארוז בלב,,460.00,,false,,9.90,0.0215,true,1,249422
7290000995410,false,נבטים סיניים נבטי הע,נסטלה פורינה USA קר,IL,נבטים סיניים נבטי הע,,1000.00,,false,,7.90,0.0079,true,1,205112
7290000999350,false,תפוז ארוז ברשת,,,תפוז ארוז ברשת,קילוגרמים,1.00,"ק""ג",true,,3.90,3.9000,true,1,212534
7290000999358,false,אשכולית אדומה,,,אשכולית אדומה,קילוגרמים,1.00,"ק""ג",true,,5.90,5.9000,true,1,212536
7290000999419,false,אבוקדו ארוז ברשת,,,אבוקדו ארוז ברשת,קילוגרמים,1.00,"ק""ג",true,,7.90,7.9000,true,1,212541
7290000999436,false,למון ליים,,,למון ליים,קילוגרמים,1.00,"ק""ג",true,,8.90,8.9000,true,1,212542
7290000999626,false,ברוקולי ארוז,,,ברוקולי ארוז,,1000.00,,false,,7.90,0.0079,true,1,212547
7290000999694,false,צנון שחור/לבן,,,צנון שחור/לבן,קילוגרמים,1.00,"ק""ג",true,,17.50,17.5000,true,1,212553
7290000999748,false,גינגר תפזורת,,,גינגר תפזורת,קילוגרמים,1.00,"ק""ג",true,,24.90,24.9000,true,1,212555
7290000999752,false,רימון,,,רימון,קילוגרמים,1.00,"ק""ג",true,,8.90,8.9000,true,1,212556
7290000999753,false,קוסבייה(ארטישוק ירוש,,,קוסבייה(ארטישוק ירוש,קילוגרמים,1.00,"ק""ג",true,,14.90,14.9000,true,1,212557
7290000999818,false,אננס,,,אננס,יחידה,0.00,יחידה,false,,34.90,0.0000,true,1,212561
7290000999819,false,קלמנטינה/מנדרינה.,,,קלמנטינה/מנדרינה,קילוגרמים,1.00,"ק""ג",true,,5.90,5.9000,true,1,212562
7290000999821,false,קיווי,,,קיווי,קילוגרמים,1.00,"ק""ג",true,,19.90,19.9000,true,1,212563
7290000999834,false,דלורית,,,דלורית,קילוגרמים,1.00,"ק""ג",true,,5.90,5.9000,true,1,212569
7290000999877,false,"תפו""א לאפיה קטן",,,"תפו""א לאפיה קטן",קילוגרמים,1.00,"ק""ג",true,,3.90,3.9000,true,1,212575
7290000999896,false,ענבים אדום,,,ענבים אדום,קילוגרמים,1.00,"ק""ג",true,,16.90,16.9000,true,1,212577
7290000999899,false,קישואים זוקיני,,,קישואים זוקיני,קילוגרמים,1.00,"ק""ג",true,,12.90,12.9000,true,1,212578
7290000999901,false,עגבניה אשכולות,,,עגבניה אשכולות,קילוגרמים,1.00,"ק""ג",true,,6.90,6.9000,true,1,212579
7290000999903,false,מלפפון,,,מלפפון,קילוגרמים,1.00,"ק""ג",true,,6.90,6.9000,true,1,212581
7290000999904,false,פלפל ירוק,,,פלפל ירוק,קילוגרמים,1.00,"ק""ג",true,,7.90,7.9000,true,1,212582
7290000999905,false,פלפל בהיר,,,פלפל בהיר,קילוגרמים,1.00,"ק""ג",true,,7.90,7.9000,true,1,212583
7290000999906,false,פלפל אדום,,,פלפל אדום,קילוגרמים,1.00,"ק""ג",true,,7.90,7.9000,true,1,212584
7290000999907,false,פלפל צהוב,,,פלפל צהוב,קילוגרמים,1.00,"ק""ג",true,,7.90,7.9000,true,1,212585
7290000999908,false,פלפל חריף,,,פלפל חריף,קילוגרמים,1.00,"ק""ג",true,,7.90,7.9000,true,1,212586
7290000999909,false,כרוב לבן,,,כרוב לבן,קילוגרמים,1.00,"ק""ג",true,,3.90,3.9000,true,1,212587
7290000999910,false,כרוב אדום,,,כרוב אדום,קילוגרמים,1.00,"ק""ג",true,,5.90,5.9000,true,1,212588
7290000999911,false,כרובית,,,כרובית,קילוגרמים,1.00,"ק""ג",true,,9.90,9.9000,true,1,212589
7290000999912,false,קישואים,,,קישואים,קילוגרמים,1.00,"ק""ג",true,,7.90,7.9000,true,1,212590
7290000999913,false,חציל,,,חציל,קילוגרמים,1.00,"ק""ג",true,,5.90,5.9000,true,1,212591
7290000999914,false,גזר ארוז,,,גזר ארוז,קילוגרמים,1.00,"ק""ג",true,,3.90,3.9000,true,1,212592
7290000999915,false,צנונית ארוזה,,,צנונית ארוזה,,1000.00,,false,,5.90,0.0059,true,1,212593
7290000999916,false,סלק אדום,,,סלק,קילוגרמים,1.00,"ק""ג",true,,5.90,5.9000,true,1,212594
7290000999917,false,בטטה,,,בטטה,קילוגרמים,1.00,"ק""ג",true,,8.90,8.9000,true,1,212595
7290000999918,false,דלעת,,,דלעת,קילוגרמים,1.00,"ק""ג",true,,9.90,9.9000,true,1,212596
7290000999919,false,בצל יבש,,,בצל יבש,קילוגרמים,1.00,"ק""ג",true,,3.90,3.9000,true,1,212597
7290000999920,false,בצל אדום,,,בצל אדום,קילוגרמים,1.00,"ק""ג",true,,6.90,6.9000,true,1,212598
7290000999921,false,חסה ערבית,,,חסה ערבית,,1000.00,,false,,4.90,0.0049,true,1,213307
7290000999922,false,חסה עגולה,,,חסה עגולה,,1000.00,,false,,5.90,0.0059,true,1,213308
7290000999924,false,שום יבש,,,שום יבש,,1000.00,,false,,7.90,0.0079,true,1,212599
7290000999925,false,"תפו""א לבן",,,"תפו""א לבן",קילוגרמים,1.00,"ק""ג",true,,3.90,3.9000,true,1,212600
7290000999926,false,"תפו""א אדום",,,"תפו""א אדום",קילוגרמים,1.00,"ק""ג",true,,4.90,4.9000,true,1,212601
7290000999936,false,תירס,,,תירס,קילוגרמים,1.00,"ק""ג",true,,9.90,9.9000,true,1,212603
7290000999942,false,תפו'ע זהוב,,,תפו'ע זהוב,קילוגרמים,1.00,"ק""ג",true,,9.90,9.9000,true,1,212605
7290000999943,false,תפו'ע סמיט,,,תפו'ע סמיט,קילוגרמים,1.00,"ק""ג",true,,9.90,9.9000,true,1,212606
7290000999944,false,תפו'ע חרמון/גלה,,,תפו'ע חרמון/גלה,קילוגרמים,1.00,"ק""ג",true,,9.90,9.9000,true,1,212607
7290000999945,false,אגס,,,אגס,קילוגרמים,1.00,"ק""ג",true,,13.90,13.9000,true,1,212608
7290000999947,false,שזיף אדום,,,שזיף אדום,קילוגרמים,1.00,"ק""ג",true,,19.90,19.9000,true,1,212609
7290000999949,false,בננה,,,בננה,קילוגרמים,1.00,"ק""ג",true,,5.90,5.9000,true,1,212611
7290000999950,false,מלון,,,מלון,קילוגרמים,1.00,"ק""ג",true,,8.90,8.9000,true,1,212612
7290000999951,false,אבטיח,,,אבטיח,קילוגרמים,1.00,"ק""ג",true,,6.90,6.9000,true,1,212613
7290000999952,false,ענבים לבנים,,,ענבים לבנים,קילוגרמים,1.00,"ק""ג",true,,24.90,24.9000,true,1,212614
7290000999953,false,לימון,,,לימון,קילוגרמים,1.00,"ק""ג",true,,6.90,6.9000,true,1,212615
7290000999954,false,מנגו,,,מנגו,קילוגרמים,1.00,"ק""ג",true,,15.90,15.9000,true,1,212616
7290000999955,false,קולורבי,,,קולורבי,קילוגרמים,1.00,"ק""ג",true,,6.90,6.9000,true,1,212617
7290000999956,false,פלפל כתום,,,פלפל כתום,קילוגרמים,1.00,"ק""ג",true,,9.90,9.9000,true,1,212618
7290000999957,false,אבוקדו,,,אבוקדו,קילוגרמים,1.00,"ק""ג",true,,9.90,9.9000,true,1,212619
7290000999959,false,תפו'ע יונתן,,,תפו'ע יונתן,קילוגרמים,1.00,"ק""ג",true,,9.90,9.9000,true,1,212621
7290000999961,false,שומר,,,שומר,קילוגרמים,1.00,"ק""ג",true,,4.90,4.9000,true,1,212622
7290000999967,false,פומלה,,,פומלה,קילוגרמים,1.00,"ק""ג",true,,8.90,8.9000,true,1,212624
7290000999972,false,לפת,,,לפת,קילוגרמים,1.00,"ק""ג",true,,7.90,7.9000,true,1,212626
7290000999974,false,תות שדה,,,תות שדה,יחידה,0.00,יחידה,false,,12.90,0.0000,true,1,213309
7290000999976,false,תפו'ע ענה,,,תפו'ע ענה,קילוגרמים,1.00,"ק""ג",true,,9.90,9.9000,true,1,212627
7290000999987,false,אשכולית צהובה,,,אשכולית צהובה,קילוגרמים,1.00,"ק""ג",true,,5.90,5.9000,true,1,212630
7290000999988,false,תפוז,,,תפוז,קילוגרמים,1.00,"ק""ג",true,,5.90,5.9000,true,1,212631
7290000999989,false,ארטישוק,,,ארטישוק,קילוגרמים,1.00,"ק""ג",true,,19.90,19.9000,true,1,212632
7290000999990,false,פומלית,,,פומלית,קילוגרמים,1.00,"ק""ג",true,,4.90,4.9000,true,1,212633
7290000999999,false,צנון,,,צנון,קילוגרמים,1.00,"ק""ג",true,,6.90,6.9000,true,1,212638
7290001009123,false,לחם כוסמין מלא 100%,,,לחם כוסמין 100% 600,,600.00,,false,,15.90,0.0265,true,1,245378
7290001009178,false,לחם שיפון לחמנו 900ג,,,לחם שיפון לחמנו 900ג,,900.00,,false,,15.90,0.0177,true,1,245383
7290001022009,false,גבינת מסקרפונה 35% ו,,,גבינת מסקרפונה 35% ו,קילוגרמים,1.00,"ק""ג",true,,59.00,59.0000,true,1,249350
7290001041147,false,חומוס גדול יבש מיה 1 ק'ג,"מיה תעשיות מזון בע""מ",IL,חומוס גדול 1קג,,1000.00,,false,,12.90,0.0129,true,1,202760
7290001041161,false,"שעועית לבנה יבשה מיה 1 ק""ג","מיה תעשיות מזון בע""מ",IL,שעועית לבנה 1קג,,1000.00,,false,,16.90,0.0169,true,1,202762
7290001041192,false,"עדשים אדומים יבשים מיה 1 ק""ג","מיה תעשיות מזון בע""מ",IL,עדשים אדומות 1 קג,,1000.00,,false,,13.90,0.0139,true,1,202765
7290001041215,false,"מיה חיטה 1 ק""ג","מיה תעשיות מזון בע""מ",IL,חיטה מיה 1קג,,1000.00,,false,,8.90,0.0089,true,1,202767
7290001041222,false,"חומוס לבן ענק יבש מיה 1 ק""ג","מיה תעשיות מזון בע""מ",IL,חומוס לבן ענק 1קג,,1000.00,,false,,18.90,0.0189,true,1,202768
7290001041260,false,שומשום מיה 400 גרם,"מיה תעשיות מזון בע""מ",IL,שומשום 400 גרם,,400.00,,false,,11.90,0.0298,true,1,202769
7290001041994,false,"סוכר חום דמררה מיה 1 ק""ג",מיה תעשיות מזון בעמ,IL,סוכר דמררה צנצנת 1 ק,,1000.00,,false,,11.90,0.0119,true,1,224906
7290001045169,false,פרימור סחוט תפוחי עץ צלול 1 ל',"גניר (1992) בע""מ",IL,פרימור תפוחים צלול 1,,1000.00,,false,,16.90,0.0169,true,1,195659
7290001050019,false,קמח תפוחי אדמה פירמי,,,"קמח תפו""א פרימיום 50",,500.00,,false,,6.50,0.0130,true,1,208514
7290001072011,false,"תרסיס דאודרנט נובו מאן 150 מ""ל BREEZE",,,דאודורנט נובו מאן 15,,150.00,,false,,9.90,0.0660,true,1,235796
7290001072042,false,"תרסיס דאודרנט נובו מאן 150 מ""ל ENERGY",,,דאודורנט נובו מאן 15,,150.00,,false,,9.90,0.0660,true,1,235798
7290001072110,false,אל סבון כחול+משאבה 1ל נובו,,,סבון ידיים כחול+משאב,,1000.00,,false,,10.90,0.0109,true,1,203170
7290001072127,false,אל סבון ירוק+משאבה 1ל נובו,,,סבון ידיים ירוק+משאב,,1000.00,,false,,10.90,0.0109,true,1,203171
7290001072141,false,אל סבון ורוד+משאבה 1ל נובו,,,סבון ידיים ורוד+משאב,,1000.00,,false,,10.90,0.0109,true,1,203173
7290001072882,false,"נובו שמפו לסירוק קל 700 מ""ל",סאסאטק,IL,נובו שמפו לסירוק קל,,700.00,,false,,14.90,0.0213,true,1,238453
7290001072899,false,"נובו מרכך לסירוק קל 700 מ""ל",סאסאטק,IL,נובו מרכך לסירוק קל,,700.00,,false,,14.90,0.0213,true,1,238454
7290001072905,false,"תרסיס לסירוק קל נובו 200 מ""ל",,,נובו תרסיס לסירוק קל,,200.00,,false,,14.90,0.0745,true,1,238455
7290001121023,false,פסטרמה של פעם יחיעם,מעדני יחיעם,IL,פסטרמה של פעם יחיעם,קילוגרמים,1.00,"ק""ג",true,,89.00,89.0000,true,1,172153
7290001121238,false,נקניק קורנדביף 4% יחיעם 180 גרם,מעדני יחיעם 1993,IL,קורנדביף יחיעם 180גר,,180.00,,false,,29.90,0.1661,true,1,172233
7290001121849,false,פסטרמה הודו רכיבים טבעים 250 ג' יחיעם,מעדני יחיעם 1993,IL,פסטרמה הודו 100% חומ,,250.00,,false,,27.90,0.1116,true,1,172245
7290001133958,false,צוריסוס קפוא 500 ג' /16 יח',,,נקניקיות צוריסוס בלד,,500.00,,false,,25.90,0.0518,true,1,199228
7290001136287,false,"שמפו לשיער רגיל בבושם פרחים נקה 7 750 מ""ל","אמיליה קוסמטיקס בע""מ",IL,נקה 7 שמפו לשיער רגי,,750.00,,false,,12.90,0.0172,true,1,180217
7290001136294,false,"שמפו לשיער יבש בבישום פרחים נקה 7 750 מ""ל","אמיליה קוסמטיקס בע""מ",IL,נקה 7 שמפו לשיער יבש,,750.00,,false,,12.90,0.0172,true,1,180218
7290001136683,false,"מרכך לשיער רגיל בבושם פרחים נקה 7 750 מ""ל","אמיליה קוסמטיקס בע""מ",IL,נקה 7 מרכך לשיער רגי,,750.00,,false,,12.90,0.0172,true,1,180225
7290001216040,false,טחינה גולמית שומשום טהור אל ארז 500 גרם,דולפין ספא,IL,טחינה אל ארז 500גר,,500.00,,false,,17.90,0.0358,true,1,213589
7290001245705,false,אקונומיקה מבושמת טאצ' 4 ליטר,סאסאטק,IL,אקונומיקה מבושמת טאצ,,4000.00,,false,,10.90,0.0027,true,1,224927
7290001245729,false,ג'ל כביסה ירוקה טאצ 3 ליטר סלקט,,,ג'ל כביסה ירוק 3ל טא,ליטרים,3.00,ליטר,false,,17.90,5.9667,true,1,224928
7290001245835,false,נוזל רצפות אורנים 4 ל' טאצ,,,נוזל רצפות אורנים 4ל,,4000.00,,false,,10.90,0.0027,true,1,224929
7290001245897,false,נוזל רצפות יסמין 4 ל' טאצ,,,נוזל רצפות יסמין 4ל,,4000.00,,false,,10.90,0.0027,true,1,224931
7290001245958,false,מרכך כביסה ורוד טאצ' 4 ליטר,,,מרכך כביסה ורוד 4 לי,ליטרים,4.00,ליטר,false,,13.90,3.4750,true,1,224936
7290001245996,false,מרכך כביסה 4 ליטר טאצ' צהוב,,,מרכך כביסה צהוב 4 ל,ליטרים,4.00,ליטר,false,,13.90,3.4750,true,1,235802
7290001246061,false,מרכך מרוכז פרפיום פנטזי טאצ 1ל',סאסאטק,IL,מרכך פרימיום פנטזי 1,ליטרים,1.00,ליטר,false,,13.90,13.9000,true,1,224940
7290001246092,false,"תרסיס מסיר שומנים 750 מ""ל טאצ.",סאסאטק,IL,תרסיס מסיר שומנים 75,,750.00,,false,,9.90,0.0132,true,1,224942
7290001246115,false,"טאצ' תרסיס מסיר עובש 750 מ""ל",,,תרסיס מסיר עובש 750,,750.00,,false,,9.90,0.0132,true,1,224944
7290001246122,false,"תרסיס ניקוי כללי+ אקונומיקה 750 מ""ל טאצ",סאסאטק,IL,תרסיס ניקוי כללי 750,,750.00,,false,,9.90,0.0132,true,1,224945
7290001246153,false,"טאצ' מבשם נטול גז לבנדר 350 מ""ל",,,מבשם נטול גז ורוד 35,,350.00,,false,,7.90,0.0226,true,1,235803
7290001246160,false,"מבשם נטול גז פרש 350 מ""ל טאצ",,,מבשם נטול גז ירוק 35,,350.00,,false,,7.90,0.0226,true,1,235804
7290001246221,false,"טאצ' תרסיס מטהר אוויר לימון 300 מ""ל",,,תרסיס מטהר אוויר לימ,,300.00,,false,,4.90,0.0163,true,1,235807
7290001246238,false,"טאצ' תרסיס מטהר אוויר פריחה 300 מ""ל",,,תרסיס מטהר אוויר פרי,,300.00,,false,,4.90,0.0163,true,1,235808
7290001246269,false,"טאצ' תרסיס מטהר אוויר לבנדר 300 מ""ל",,,תרסיס מטהר אוויר 300,,300.00,,false,,4.90,0.0163,true,1,203180
7290001246276,false,"טאצ' תרסיס מטהר אוויר אורנים 300 מ""ל",,,תרסיס מטהר אוויר אור,,300.00,,false,,4.90,0.0163,true,1,235809
7290001246351,false,נוזל רצפות לבנדר 4 ל' טאצ,,,נוזל רצפות לבנדר 4ל,,4000.00,,false,,10.90,0.0027,true,1,224948
7290001246474,false,תרסיס ניקוי שטיחים 6,,,תרסיס ניקוי שטיחים 6,,600.00,,false,,14.90,0.0248,true,1,235811
7290001246528,false,מרכך כביסה מרוכז פרפיום מיסטרי טאצ' 1 ל',סאסאטק,IL,מרכך כביסה מרוכז פרי,ליטרים,1.00,ליטר,false,,13.90,13.9000,true,1,224949
7290001246535,false,תרסיס נירוסטה 400 מל,,,"ת.נירוסטה 400 מ""ל טא",,400.00,,false,,14.90,0.0373,true,1,235812
7290001246542,false,"ת. מבריק רהיטים 400 מ""ל טאצ",,,ת.מבריק רהיטים 400 מ,,400.00,,false,,14.90,0.0373,true,1,235813
7290001246825,false,ג'ל כביסה ירוק 5 ליט,,,ג'ל כביסה ירוק 5 ליט,ליטרים,5.00,ליטר,false,,25.90,5.1800,true,1,235814
7290001246832,false,גל כביסה כחול 5 ל טא,,,ג'ל כביסה כחול 5 ליט,ליטרים,5.00,ליטר,false,,25.90,5.1800,true,1,238456
7290001247068,false,קרטונית נקטר ספרינג תות בננה 1 ליטר,"יפאורה תבורי בע""מ",IL,ספרינג תות בננה קרטו,,1000.00,,false,,7.90,0.0079,true,1,181764
7290001247099,false,קרטונית נקטר ספרינג מנגו 1 ליטר,"יפאורה תבורי בע""מ",IL,ספרינג מנגו קרטונית,,1000.00,,false,,7.90,0.0079,true,1,181767
7290001247105,false,קרטונית נקטר ספרינג אפרסק 1 ליטר,"יפאורה תבורי בע""מ",IL,ספרינג נקטר אפרסק 1,,1000.00,,false,,7.90,0.0079,true,1,181768
7290001247112,false,קרטונית נקטר ספרינג לימונענע 1 ליטר,"יפאורה תבורי בע""מ",IL,ספרינג לימונענע קרטו,,1000.00,,false,,7.90,0.0079,true,1,181769
7290001247143,false,קרטונית נקטר ספרינג תפוחים 1 ליטר,"יפאורה תבורי בע""מ",IL,ספרינג תפוח קרטונית,,1000.00,,false,,7.90,0.0079,true,1,181771
7290001265642,false,שלישיית מעדני לה-קט פטה 3*400 גר',קריות זול,FR,לה קט מולטי פק 3*400,,1200.00,,false,,24.90,0.0207,true,1,179535
7290001274422,false,שלגונים ציפוי בננה מאגדת שמינייה 560 ג',"פלקו בע""מ",IL,מאגדת שלגונים ציפוי,,8.00,,false,,23.90,2.9875,true,1,224735
7290001274576,false,גלידל וניל תות 0% שומן ללא סוכר,גלידות פלדמן,IL,גלידל גלידה משפחתית,,450.00,,false,,19.90,0.0442,true,1,244537
7290001274583,false,גלידל שוקו פקאן 0% שומן ללא סוכר,גלידות פלדמן,IL,גלידל גלידה משפחתית,,450.00,,false,,19.90,0.0442,true,1,244538
7290001327180,false,שטראוס קרמיסימו וניל ציפ 1.33 ליטר,"גלידת שטראוס בע""מ, ר",IL,קרמיסימו וניל ציפ 1.,,1330.00,,false,,21.90,0.0165,true,1,187573
7290001330234,false,עוגת קייבסקי עגולה 6,ברון מפעל לייצור עוג,,עוגת ברון קייבסקי,יחידה,0.00,יחידה,false,,87.90,0.0000,true,1,221754
7290001330265,false,עוגת ערב בפראג עגול,ברון מפעל לייצור עוג,,עוגת ברון ערב בפראג,,800.00,,false,,87.90,0.1099,true,1,221753
7290001330746,false,עוגת ברון לייצן 550ג,ברון מפעל לייצור עוג,,עוגת ברון לייצן 550ג,,550.00,,false,,49.90,0.0907,true,1,221740
7290001330753,false,עוגת שחרחורת מלבנית,ברון מפעל לייצור עוג,,עוגת ברון שחרחורת 55,,550.00,,false,,49.90,0.0907,true,1,239404
7290001330951,false,עוגה סיביר ריבת חלב 800גר,ברון מפעל לייצור עוג,,עוגת ברון סיביר 800,,800.00,,false,,87.90,0.1099,true,1,221755
7290001343845,false,"גרנולה פירות 1 ק""ג - 845 - ורוד שקדיה",הנסיך- מפעל לייצור ט,IL,גרנולה מעורבת שקדיה,,1000.00,,false,,19.90,0.0199,true,1,200775
7290001356203,false,הרינג ים תיכוני שקיל,ישראל מטרמן,IL,הרינג ים תיכוני שקיל,קילוגרמים,1.00,"ק""ג",true,,29.00,29.0000,true,1,248425
7290001356258,false,דג מקרל מעושן קטן במ,ישראל מטרמן,IL,מקרל מעושן קטן שקיל,קילוגרמים,1.00,"ק""ג",true,,89.00,89.0000,true,1,246415
7290001356418,false,פילה הרינג בשמן שקיל,ישראל מטרמן,IL,פילה הרינג בשמן שקיל,קילוגרמים,1.00,"ק""ג",true,,59.00,59.0000,true,1,246408
7290001356425,false,פילה הרינג בסיגנון מ,ישראל מטרמן,,פילה הרינג בסיגנון מ,קילוגרמים,1.00,"ק""ג",true,,59.00,59.0000,true,1,246409
7290001356630,false,פילה הרינג כבוש שקיל,ישראל מטרמן,IL,פילה הרינג כבוש שקיל,קילוגרמים,1.00,"ק""ג",true,,59.00,59.0000,true,1,246411
7290001407547,false,טחינה גולמית משומשום מלא פי 6 בארכה 500ג',רושדי תעשיות מזון בע,IL,טחינה משומשום מלא פי,,500.00,,false,,17.90,0.0358,true,1,176917
7290001436790,false,נקנקיות מרגז מיני אקסטרה חריף ארוז בלדי 500 ג',יוליניבר,IL,נקניקיות מרגז מיני א,,500.00,,false,,29.90,0.0598,true,1,199245
7290001455456,false,"פילה נסיכת הנילוס פרוס בד""ץ.",,,פילה נסיכת הנילוס פר,קילוגרמים,1.00,"ק""ג",true,,74.90,74.9000,true,1,222013
7290001455937,false,אנטריקוט עגל פריים,,,אנטריקוט עגל פריים,קילוגרמים,1.00,"ק""ג",true,,159.00,159.0000,true,1,245878
7290001482933,false,בסגנון גאודה מהולנד,יושלם,NL,גאודה הולנדי 28% ויל,קילוגרמים,1.00,"ק""ג",true,,65.00,65.0000,true,1,178438
7290001485019,false,גבינת שמנת 5% טעם טבעי 200 ג' טרה,קריות זול,IL,גבינת שמנת טבעי 5% 2,,200.00,,false,,12.90,0.0645,true,1,184559
7290001491096,false,תה ירוק בתוספת לימונית ולואיזה 50 שקיקים ויסוצקי,תה ויסוצקי,IL,תה ירוק בתוספת לימונ,,50.00,,false,,46.90,0.9380,true,1,190757
7290001552025,false,קוסקוס של אמא פרבורגר 800 גרם,פרבורגר רויאל,IL,קוסקוס של אמא קפוא 8,,800.00,,false,,17.90,0.0224,true,1,225114
7290001552049,false,קוסקוס מרוקאי קפוא 800 גר,מטעמי פאר,IL,קוסקוס מרוקאי קפוא 8,,800.00,,false,,17.90,0.0224,true,1,192683
7290001567043,false,פסטרמה מעודנת על גחל,יחיעם,,פסטרמה מעודנת על גחל,קילוגרמים,1.00,"ק""ג",true,,55.00,55.0000,true,1,172159
7290001567555,false,פסטרמה מעודנת עם דבש 300 ג' יחיעם,מעדני יחיעם,IL,פסטרמה מעודנת עם דבש,,300.00,,false,,26.90,0.0897,true,1,172254
7290001567760,false,פסטרמה של פעם 300 ג' יחיעם,מעדני יחיעם,IL,פסטרמה של פעם ללא חו,,300.00,,false,,29.90,0.0997,true,1,172261
7290001567807,false,"כתף בקר מעושן לח""מ 250 גרם ""יחיעם""",מעדני יחיעם,IL,כתף בקר מעושן ללא חו,,250.00,,false,,34.90,0.1396,true,1,172265
7290001567814,false,סלמי מעושן בסגנון איטלקי 300 ג' יחיעם,מעדני יחיעם,IL,סלמי מעושן בסגנון אי,,300.00,,false,,26.90,0.0897,true,1,172266
7290001594230,false,קינלי סודה בבקבוק זכוכית,החברה המרכזית לייצור,IL,קינלי סודה קלאסי 250,,250.00,,false,,4.50,0.0180,true,1,210126
7290001594568,false,"קרלסברג פחית 500 מ""ל פקדון",מבשלות בירה בינלאומי,RO,בירה קרלסברג פחית 50,,500.00,,false,,10.50,0.0210,true,1,210139
7290001594575,false,"בירה טובורג בפחית 500 מ""ל",מבשלות בירה בינלאומי,IL,בירה טובורג פחית 500,,500.00,,false,,10.50,0.0210,true,1,210140
7290001594858,false,"טובורג רד שישייה בקבוק 330 מ""ל",קרלסברג ישראל,IL,בירה טובורג בקבוק שי,,1980.00,,false,,44.90,0.0227,true,1,210148
7290001594865,false,"קרלסברג בירה בקבוק 6* 330 מ""ל",קרלסברג ישראל,IL,בירה קרלסברג שישייה,,1980.00,,false,,43.90,0.0222,true,1,210149
7290001598085,false,לחם משפחתי עם דגנים מקמח מלא,מאפיית יוסף ברון,IL,לחם משפחתי 1.1 קג,,1100.00,,false,,16.90,0.0154,true,1,205746
7290001598115,false,לחם בריאות מקמח מלא 700 גר,מאפיית יוסף ברון,,לחם חיטה 700 גרם,,700.00,,false,,13.90,0.0199,true,1,205747
7290001598276,false,"לחם 7 דגנים קל מקמח חיטה מלא ללא שמרים 1.1 ק""ג הברון",מאפיית יוסף ברון,IL,"לחם 7 דגנים 1.1 ק""ג",,1100.00,,false,,16.90,0.0154,true,1,205754
7290001598580,false,פיתות כוסמין 6יח 99 קלוריות,מאפיית יוסף ברון בעמ,,פיתות 6 יח כוסמין 37,,372.00,,false,,16.90,0.0454,true,1,246169
7290001648919,false,קפה כתר 3*70גר,,,קפה כתר 3*70גר,,210.00,,false,,10.90,0.0519,true,1,198904
7290001648995,false,"מארז קפה טורקי ""רג'ואן"" 100X3 גרם",,,קפה טורקי רג'ואן 3*1,,300.00,,false,,14.90,0.0497,true,1,218433
7290001670224,false,מלית פרג פוליבה 400 גרם,"פוליבה בע""מ",IL,מלית פרג 400 גר,,400.00,,false,,13.90,0.0348,true,1,191507
7290001670668,false,קרחונית שקיות להכנת קרח הנמל 12 יחידות,"איטיליאן פוד, אס.פי.",TR,קרחונית 12יח,,12.00,,false,,3.90,0.3250,true,1,191523
7290001670736,false,כפפות נילון שקוף 100 יחידות,יבוא ושיווק: הנמל אר,IL,כפפות ניילון שקוף הנ,יחידה,0.00,יחידה,false,,6.90,0.0000,true,1,191524
7290001670859,false,מלית דובדבנים פוליבה 400 ג',קריות זול,IL,מלית דובדבנים 400 גר,,400.00,,false,,13.90,0.0348,true,1,191528
7290001713150,false,סנט מוריץ מתז אקונומיקה Bleach קצף לימון 1 ליטר,"קומפלקס כימיקלים בע""",IL,אקונומיקה קצף ניקוי,ליטרים,1.00,ליטר,false,,11.90,11.9000,true,1,225047
7290001713167,false,סנט מוריץ - מרסס קצף ניקוי 1 ליטר סניטרי אפור,"קומפלקס כימיקלים בע""",IL,קצף לניקוי כלים סניט,ליטרים,1.00,ליטר,false,,11.90,11.9000,true,1,225048
7290001714034,false,שריר עגל,,,שריר עגל,קילוגרמים,1.00,"ק""ג",true,,69.90,69.9000,true,1,202091
7290001714058,false,אנטריקוט עגל פריים,,,אנטריקוט עגל פריים,קילוגרמים,1.00,"ק""ג",true,,159.00,159.0000,true,1,198671
7290001714072,false,צלעות עגל,,,צלעות עגל,קילוגרמים,1.00,"ק""ג",true,,69.90,69.9000,true,1,198672
7290001791349,false,פיסגה אקונומיקה ריחנית סנו 4 ליטר,"סנו מפעלי ברונוס בע""",IL,אקונומיקה פיסגה ריחנ,ליטרים,4.00,ליטר,false,,12.90,3.2250,true,1,180245
7290001817728,false,צ'יטוס אפוי כאפה בטעם קטשופ 55 גרם,"שטראוס פריטו ליי בע""",IL,ציטוס כאפה אפוי 55גר,,55.00,,false,,3.90,0.0709,true,1,184120
7290001867655,false,תפוא לבן פרמיום לאפי,אראל תוצרת חקלאית בע,IL,"תפו""א גורמה חוות גלי",קילוגרמים,1.00,"ק""ג",true,,5.90,5.9000,true,1,245615
7290001873052,false,צלי כתף עגל,,,צלי כתף עגל,קילוגרמים,1.00,"ק""ג",true,,89.90,89.9000,true,1,244464
7290001893838,false,לברק נקי טרי,,,לברק נקי טרי,קילוגרמים,1.00,"ק""ג",true,,69.90,69.9000,true,1,198028
7290001990094,false,"סוכר חום כהה צנצנת קלאסי סוגת 1ק""ג",האי נאם סי או אל.טי.,IL,סוכר חום בצנצנת קלאס,,1000.00,,false,,15.90,0.0159,true,1,192411
7290001990117,false,שומשום סוגת 100 גרם,האי נאם סי או אל.טי.,IL,שומשום סוגת 100גר,,100.00,,false,,4.90,0.0490,true,1,192412
7290001990261,false,"סוגת חומוס 1 ק""ג","סוגת תעשיות בע""מ",IL,חומוס סוגת 1קג,,1000.00,,false,,15.90,0.0159,true,1,192414
7290001990278,false,"שעועית לבנה סוגת 1 ק""ג","סוגת תעשיות בע""מ",IL,שעועית לבנה סוגת 1קג,,1000.00,,false,,19.90,0.0199,true,1,192415
7290001990391,false,אפונה יבשה 1קג סוגת,"סוגת תעשיות בע""מ",IL,אפונה סוגת 1קג,,1000.00,,false,,11.90,0.0119,true,1,192419
7290001990407,false,"עדשים ירוקים 1 ק""ג סוגת","סוגת תעשיות בע""מ",IL,עדשים ירוקים סוגת 1,,1000.00,,false,,15.90,0.0159,true,1,192420
7290001990414,false,"עדשים אדומים יבש סוגת 1 ק""ג","סוגת תעשיות בע""מ",IL,עדשים אדומים סוגת 1,,1000.00,,false,,15.90,0.0159,true,1,192421
7290001990421,false,"פופקורן גרעינים סוגת 1 ק""ג","סוגת תעשיות בע""מ",IL,פופקורן סוגת 1 קג,,1000.00,,false,,10.90,0.0109,true,1,192422
7290002007234,false,אבקת סוכר הנמל 100 גרם,"מיוצר וארוז ע""י: ר.ס",IL,אבקת סוכר הנמל 100 ג,,100.00,,false,,2.20,0.0220,true,1,191548
7290002007302,false,סוכריות לקישוט צבע אחיד 100 ג' הנמל,קריות זול,,סוכריות מזרה צבע אחי,,100.00,,false,,6.50,0.0650,true,1,191550
7290002007357,false,שקיות צליה דליקטס מיקרוגל הנמל 10 יח',הנמל,IL,שקיות לצליה דליקטס ק,,10.00,,false,,4.90,0.4900,true,1,191552
7290002008149,false,מדליק פחם מוצק הנמל אריזת 40יח',מ.א.יצור ויבוא מטליו,IL,מדליק פחם מוצק קוביו,יחידה,0.00,יחידה,false,,6.90,0.0000,true,1,191585
7290002008224,false,סוכריות לקישוט צבעונית הנמל 100 ג',ממתקי עלה בעמ,IL,קישוט לעוגה גליד 100,,100.00,,false,,6.50,0.0650,true,1,191590
7290002008491,false,סוכריות לקישוט שוקולד 100 ג' הנמל,ממתקי עלה יצור שיווק,IL,סוכריות מזרה שוקולד,,100.00,,false,,6.50,0.0650,true,1,191605
7290002008828,false,סוכריות שוקולד לבן ג'מבו לקישוט הנמל 200ג' בדצ,ממתקי עלה ייצור שיוו,IL,סוכריות לעוגה גמבו ש,,200.00,,false,,9.50,0.0475,true,1,191618
7290002013006,false,פסטרממיה מקסיקנית במ,זוגלובק,IL,פסטרמה מקסיקנית זוגל,קילוגרמים,1.00,"ק""ג",true,,89.00,89.0000,true,1,212222
7290002013037,false,פסטרמה פרגית זוגלובק,זוגלובק,IL,פסטרמה פרגית זוגלובק,קילוגרמים,1.00,"ק""ג",true,,89.00,89.0000,true,1,212223
7290002014201,false,חומוס 200 גרם מעדני מיקי,מעדני מיקי,,חומוס מיקי 200 גרם,,200.00,,false,,9.90,0.0495,true,1,187408
7290002014232,false,סלט טורקי 200 גרם מעדני מיקי,מעדני מיקי,,סלט טורקי 200 גר,,200.00,,false,,9.90,0.0495,true,1,187411
7290002019183,false,פריניר עגב שלמות במיץA2.5,נטו מלינדה,,עגבניות שלמות פריניר,,800.00,,false,,7.90,0.0099,true,1,194935
7290002019763,false,עגבניות מרוסקות 800 גרם פריניר,פריניר,,עגבניות מרוסקות פרינ,,800.00,,false,,7.90,0.0099,true,1,194937
7290002019787,false,רוטב עגבניות מרוכז מאוד 260 גרם פריניר,פריניר ( הדס 1987) ב,IL,רסק עגבניות22% פריני,,260.00,,false,,4.70,0.0181,true,1,194938
7290002019794,false,רוטב עגבניות מרוכז מאוד 100 גרם פריניר,פריניר ( הדס 1987) ב,IL,רסק עגבניות 22% פרינ,,100.00,,false,,2.50,0.0250,true,1,194939
7290002022923,false,סוכריות על מקל בטעם תות כרמית 50 יחידות,כרמית תעשיות ממתקים,IL,לקקן תות פופ 50יח,,500.00,,false,,14.90,0.0298,true,1,213346
7290002026341,false,צ'יפס אריסטו רגיל שקיות רשת,האי נאם סי או אל.טי.,CA,צ'יפס אריסטו רגיל 50,,500.00,,false,,18.90,0.0378,true,1,224741
7290002026358,false,צ'יפס אריסטו זיג זג שקיות רשת,האי נאם סי או אל.טי.,CA,צ'יפס בטטה זיג זג 50,,500.00,,false,,18.90,0.0378,true,1,234610
7290002026365,false,טבעות בצל אריסטו קראנץ 500 ג',היידי שוקולד בירונטי,IL,טבעות בצל 500גר,,500.00,,false,,11.90,0.0238,true,1,174066
7290002026587,false,וופל בלגי פרווה בראנץ אנד קראנץ 8 יח',בראנץ' אנד קראנץ Brunch& Crunch,IL,וופל בלגי קפוא 8יח ב,,280.00,,false,,14.90,0.0532,true,1,224742
7290002037309,false,שמיניית לחמניות המבורגר,מאפית י את א ברמן בע,IL,לחמניות המבורגר 8יח,,400.00,,false,,14.90,0.0373,true,1,245228
7290002053088,false,אטריות ביצים דקיקות מספר 8 אוריינט 200 גרם,פ.פ.ח טאביט,PL,אטריות ביצים מס`8 20,,200.00,,false,,10.90,0.0545,true,1,192894
7290002053095,false,אטריות ביצים דקות מספר 10 אוריינט 200 גרם,פ.פ.ח טאביט,PL,אטריות ביצים מס 10 2,,200.00,,false,,10.90,0.0545,true,1,192895
7290002053538,false,נודלס תאילנדי אורינטל 400 גר + 25% תוספת,פ.פ.ח. טאביה ספ זאו.או,PL,נודלס תאילנדי 400גר+,יחידה,0.00,יחידה,false,,19.90,0.0000,true,1,192903
7290002057017,false,זיתים נובו ענק A2 יבנה 330ג',שיוך למחסן 17,IL,זית נובו יבנה 330גר,,330.00,,false,,10.90,0.0330,true,1,211358
7290002057031,false,זית יבנה מבוקע פיקנטיבשמן זית 340 גרם,קבוצת יבנה,IL,זית מבוקע יבנה 540גר,,540.00,,false,,9.90,0.0183,true,1,211359
7290002057109,false,זיתים יבנה ירוקים גדולים מאוד שום מנזלינ,קבוצת יבנה,IL,זית מנזולינו גדול מא,,540.00,,false,,10.90,0.0202,true,1,211366
7290002057123,false,זיתים ירוקים מנזנילו קבוצת יבנה 560 גרם,קבוצת יבנה,IL,חרוזית ירוק 540 גר,,540.00,,false,,10.90,0.0202,true,1,211368
7290002057130,false,"זיתים חרוזית ירוק יבנה 1.25ק""ג",קבוצת יבנה,IL,חרוזית ירוק 1.250קג,,1250.00,,false,,18.90,0.0151,true,1,211369
7290002057161,false,זיתים מרינט גדול מאד A2 יבנה 540ג',קבוצת יבנה,IL,זית מירנט חתוך ביין,,340.00,,false,,10.90,0.0321,true,1,211372
7290002057185,false,טבעות זיתים ירוקים קבוצת יבנה 560 גרם,קבוצת יבנה,IL,טבעות זיתים ירוק 540,,540.00,,false,,10.90,0.0202,true,1,211374
7290002057314,false,"מלפפון במלח ‏20‏-‏15‏ ‏‏ 1.3 ק""ג ‏‏ יבנה",קבוצת יבנה,IL,מלפפון 15-20 במלח 72,,725.00,,false,,14.90,0.0206,true,1,211384
7290002057352,false,מלפפון יבנה במלח גדולים 7-9 320 גרם,קבוצת יבנה מוצרי מזו,IL,מלפפון 7-9 במלח 540ג,,540.00,,false,,7.40,0.0137,true,1,211387
7290002057451,false,מלפפון בחומץ ‏9‏-‏7‏ %‏20‏ 560 ג' יבנה,אף.סי תבליני בגליל ב,IL,מלפפון 7-9 בחומץ 540,,540.00,,false,,7.40,0.0137,true,1,211394
7290002057604,false,פלפל חריף שיפקה קבוצת יבנה 225 גרם.,קבוצת יבנה,IL,פלפל חריף שיפקה יבנה,,540.00,,false,,6.50,0.0120,true,1,211401
7290002057703,false,חצילים במלח קבוצת יבנה 320 גרם,קבוצת יבנה,IL,חציל במלח יבנה 540גר,,540.00,,false,,6.90,0.0128,true,1,211407
7290002079552,false,לחם אחיד דוידוביץ 75,דוידוביץ,,לחם אחיד שחור,,750.00,,false,,5.10,0.0068,true,1,195092
7290002079590,false,חלה רגילה עגולה 500גר,מאפיית דוידוביץ,,חלה רגילה 500גר,,500.00,,false,,5.40,0.0108,true,1,195094
7290002079606,false,חלה רגילה 500גר,,,חלה רגילה 500גר,,500.00,,false,,5.40,0.0108,true,1,195095
7290002107491,false,גבינה לבנה מחלב עיזים למריחה 5% משק צוריאל 250 גרם,מחלבת משק צוריאל,IL,גבינת עזים למריחה טב,,250.00,,false,,17.50,0.0700,true,1,184606
7290002118398,false,צמרוני אוזניים בקופסא מרובעת 200 יח',עוזי אקספורט,TR,צימרוני אוזניים 'בקו,,200.00,,false,,4.90,0.0245,true,1,191632
7290002128311,false,נר נשמה בכוס ל-7 ימי,"מנורה שי נר בע""מ",IL,נר נשמה בכוס ל-7 ימי,,72.00,,false,,10.90,0.1514,true,1,173434
7290002128328,false,כוסות שתייה חמה 50 י,טיי פרידה,CN,כוסות שתייה חמה 50 י,יחידה,0.00,יחידה,false,,6.90,0.0000,true,1,248545
7290002128403,false,נרות שולחן אורה 4 יחידות,קריות זול,IL,נרות שבת מס 4,יחידה,0.00,יחידה,false,,3.50,0.0000,true,1,173435
7290002128410,false,נרות שבת אורה מספר 6,קריות זול,IL,נרות שולחן 6 יח,,6.00,,false,,3.50,0.5833,true,1,173436
7290002128434,false,נרות שבת אורה 10 יחידות,קריות זול,IL,נרות שולחן 10 יח,,10.00,,false,,3.50,0.3500,true,1,173438
7290002128458,false,נרות שבת אורה מספר 1,מנורה,,נר שבת מספר 16יח,יחידה,0.00,יחידה,false,,3.50,0.0000,true,1,173440
7290002128748,false,פתיל צף - 50 יחידות,"מנורה שי נר בע""מ",IL,פתיל צף - 50 יחידות,,50.00,,false,,2.90,0.0580,true,1,173444
7290002128762,false,נר נשמה בכוס 72 שעות - מנורה,"מנורה שי נר בע""מ",IL,נר נשמה בכוס 72 שעות,יחידה,0.00,יחידה,false,,6.50,0.0000,true,1,173445
7290002128854,false,כוסות שתייה חמה 50 י,טיי פרידה,IL,כוסות שתייה חמה 50 י,יחידה,0.00,יחידה,false,,19.90,0.0000,true,1,248546
7290002128946,false,נר נשמה בכוס 48 שעות - מנורה,"מנורה שי נר בע""מ",IL,נר נשמה כוס 48 שעות,,72.00,,false,,4.90,0.0681,true,1,173449
7290002130567,false,דבש טהור מפרחי בר בזכוכית 350 גרם,מכוורת יד מרדכי שטרא,IL,דבש טהור מפרחי בר בז,,350.00,,false,,19.90,0.0569,true,1,208544
7290002130581,false,"דבש טהור מפרחי בר בזכוכית 1 ק""ג",שטראוס גרופ,IL,דבש טהור מפרחי בר בז,,1000.00,,false,,45.90,0.0459,true,1,208546
7290002133070,false,גבינת קשקבל טורקי במ,"מחלבת השומרון בע""מ",IL,קאשקבל טורקי שומרון,קילוגרמים,1.00,"ק""ג",true,,119.00,119.0000,true,1,174206
7290002133094,false,גבינת ברינזה צאן במש,"מחלבת השומרון בע""מ",IL,ברינזה צאן שומרון,קילוגרמים,1.00,"ק""ג",true,,85.00,85.0000,true,1,174207
7290002133117,false,גבינה בולגרית מעודנת,"מחלבת השומרון בע""מ",IL,בולגרית 5% מעודנת שו,קילוגרמים,1.00,"ק""ג",true,,39.00,39.0000,true,1,174208
7290002133148,false,צפתית רכה שומרון במש,"מחלבת השומרון בע""מ",IL,צפתית רכה 5% שומרון,קילוגרמים,1.00,"ק""ג",true,,39.00,39.0000,true,1,174210
7290002133193,false,בולגרית שומרון מעדני,מחלבת השומרון בעמ,,בולגרית שומרון,קילוגרמים,1.00,"ק""ג",true,,39.00,39.0000,true,1,174211
7290002133247,false,לאבנה עם שמן זית וזעתר 5% גבינות השומרון 250 גרם,מחלבת השומרון,IL,לאבנה עם זעתר ושמן 5,,250.00,,false,,11.90,0.0476,true,1,174221
7290002133889,false,גבינה בולגרית מעודנת 5% 250 גרם,מחלבת השומרון,IL,בולגרית מעודנת בקר 5,,250.00,,false,,18.90,0.0756,true,1,174234
7290002150077,false,פלאפל חמים וטעים 400,"חמים וטעים בע""מ",IL,פלאפל חמים וטעים 400,,400.00,,false,,16.90,0.0422,true,1,172408
7290002150794,false,סיגרים במילוי בשר 40,"חמים וטעים בע""מ",IL,סיגר בשר חמים וטעים,,400.00,,false,,16.90,0.0422,true,1,172435
7290002150817,false,"סיגר תפו""א חמים וטעי","חמים וטעים בע""מ",IL,"סיגר תפו""א חמים וטעי",,400.00,,false,,16.90,0.0422,true,1,172436
7290002150848,false,אגרול סיני חמים וטעי,"חמים וטעים בע""מ",IL,אגרול סיני חמים וטעי,,400.00,,false,,16.90,0.0422,true,1,172438
7290002153825,false,אובלטים מלוחים 300 גר,,,אובלטים מלוחים 300 ג,,300.00,,false,,10.90,0.0363,true,1,235261
7290002195054,false,המבורגר בלדי 400 גרם ארוז,יוליניבר,IL,המבורגר בלדי 400גר,,400.00,,false,,14.90,0.0373,true,1,199255
7290002195078,false,קבב כבש בלדי קפוא 400 ג',בלדי,IL,בלדי קבב כבש 400גר,,400.00,,false,,14.90,0.0373,true,1,199257
7290002195085,false,קבב מזרחי בלדי 400 ג'- 8 יח',יוליניבר,IL,קבב מזרחי 400גר,,400.00,,false,,14.90,0.0373,true,1,199258
7290002195092,false,קבב רומני 400 גרם ארוז,בלדי,IL,קבב רומני 400גר,,400.00,,false,,14.90,0.0373,true,1,199259
7290002198031,false,פסטרמה פרגיות ללחמני,זוגלובק,IL,פסטרמה פרגיות ללחמני,קילוגרמים,1.00,"ק""ג",true,,89.00,89.0000,true,1,244645
7290002198048,false,פסטרמה תיבול שווארמה,זוגלובק,IL,פסטרמה הודו בתיבול ש,קילוגרמים,1.00,"ק""ג",true,,89.00,89.0000,true,1,244646
7290002211044,false,"סולת חיטה 1 ק""ג טחנת רוט",,IL,"סולת 1ק""ג",,1000.00,,false,,6.50,0.0065,true,1,198712
7290002211297,false,"קמח לבן בהיר מנופה 1 ק""ג כתום טחנת רוט",,IL,קמח חיטה לבן בהיר מנ,,1000.00,,false,,7.90,0.0079,true,1,249562
7290002239185,false,אפונת גינה קפואה פרי גליל 800 גרם,"פרי הגליל בע""""מ",IL,אפונה מוקפאת 800גר,,800.00,,false,,10.90,0.0136,true,1,201230
7290002239338,false,שעועית ירוקה 800 ג' פרי הגליל,"פרי הגליל בע""""מ",IL,שעועית ירוקה 800גר,,800.00,,false,,10.90,0.0136,true,1,201234
7290002239369,false,שעועית ירוקה שלמה 800 גרם פרי הגליל,"פרי הגליל בע""""מ",IL,שעועית שלמה 800גר,,800.00,,false,,10.90,0.0136,true,1,201236
7290002239420,false,תירס גרעינים 800 ג ' פרי הגליל,"פרי הגליל בע""""מ",IL,גרעיני תירס 800גר,,800.00,,false,,10.90,0.0136,true,1,201237
7290002253006,false,שום כתוש בצנצנת 200 גר דורות,עיצובים 2020 (3.8),IL,שום כתוש דורות 200גר,,200.00,,false,,17.90,0.0895,true,1,176921
7290002253105,false,מגשית קוביות שום טרי דורות 80 ג',עיצובים 2020 (3.8),IL,קוביות שום דורות 80ג,,80.00,,false,,12.90,0.1613,true,1,176926
7290002255055,false,פלאפל חטיפי אלקיים 7,חטיפי אלקיים בעמ,IL,"פלאפל בד""צ 700גר",,700.00,,false,,15.90,0.0227,true,1,173923
7290002278528,false,כרית קרצוף לכלים שבת כלין 2 יח',מ.א ייצור ושיווק מטל,IL,כרית ניקוי כלים 2יח,יחידה,0.00,יחידה,false,,8.90,0.0000,true,1,197910
7290002291046,false,המבורגר מסעדות קצבייה 4 יח'-480 ג',יוליניבר,IL,המבורגר מסעדות קצביי,,480.00,,false,,25.90,0.0540,true,1,199260
7290002319016,false,אבקת אפיה מיה מארז 10X10 ג',"מיה תעשיות מזון בע""מ",IL,אבקת אפיה 10*10גרם,,100.00,,false,,2.20,0.0220,true,1,202776
7290002319023,false,סוכר וניל מיה עשיריו,"מיה תעשיות מזון בע""מ",IL,סוכר וניל מיה 10*10ג,,100.00,,false,,2.20,0.0220,true,1,202777
7290002319061,false,קוקוס טחון מיה 100 גרם,מיה,IL,קוקוס טחון מיה 100 ג,,100.00,,false,,4.90,0.0490,true,1,202780
7290002319078,false,שומשום מיה 100 גרם,"מיה תעשיות מזון בע""מ",IL,שומשום מיה 100 גר,,100.00,,false,,4.90,0.0490,true,1,202781
7290002319092,false,קמח תפוחי אדמה מיה 500 גר',מיה תעשיות מזון,IL,קמח תפוחי אדמה 500גר,,500.00,,false,,5.90,0.0118,true,1,174932
7290002319122,false,גריסים יבשים מיה 500 גר',"מיה תעשיות מזון בע""מ",IL,גריסים מיה 500 גר,,500.00,,false,,5.90,0.0118,true,1,202783
7290002319139,false,שעועית לבנה יבשה מיה 500 ג',"מיה תעשיות מזון בע""מ",IL,שעועית לבנה 500גר,,500.00,,false,,9.90,0.0198,true,1,202784
7290002319146,false,שעועית אדומה מיה 500 גרם,"מיה תעשיות מזון בע""מ",IL,שעועית אדומה 500גר,,500.00,,false,,9.90,0.0198,true,1,202785
7290002319160,false,אפונה ירוקה יבשה מיה 500 ג',"מיה תעשיות מזון בע""מ",IL,אפונה מאה 500 גר,,500.00,,false,,6.90,0.0138,true,1,202786
7290002319177,false,פופקורן גרעינים מיה 500 גר',"מיה תעשיות מזון בע""מ",IL,פופקורן מיה 500 גר,,500.00,,false,,6.90,0.0138,true,1,202787
7290002319184,false,עדשים אדומים יבשים מיה 500 גר',"מיה תעשיות מזון בע""מ",IL,עדשים אדומות 500 גר,,500.00,,false,,9.90,0.0198,true,1,202788
7290002319191,false,עדשים ירוקים יבשים מיה 500 גר',"מיה תעשיות מזון בע""מ",IL,עדשים ירוקות 500 גר,,500.00,,false,,9.90,0.0198,true,1,202789
7290002319375,false,"קורנפלור 200 ג' בד""ץ מיה","מיה תעשיות מזון בע""מ",IL,קורנפלור 200 גרם,,200.00,,false,,3.90,0.0195,true,1,202794
7290002319528,false,קמח מצה מיה 200 גרם,מיה תעשיות מזון,IL,קמח מצה 200גר,,200.00,,false,,3.50,0.0175,true,1,198713
7290002319771,false,"תמצית אפיה בטעם וניל מיה 50 מ""ל","מיה תעשיות מזון בע""מ",IL,"תמצית אפיה וניל 50מ""",,50.00,,false,,3.70,0.0740,true,1,202804
7290002319788,false,"תמצית אפיה רום 50 מ""ל מיה","מיה תעשיות מזון בע""מ",IL,תמצית אפיה בטעם רום,,50.00,,false,,3.70,0.0740,true,1,202805
7290002319825,false,אבקת סוכר מיה 100 גרם,"מיה תעשיות מזון בע""מ",IL,אבקת סוכר מיה 100גרם,,100.00,,false,,2.20,0.0220,true,1,202808
7290002329602,false,עוגת שוקולד עוגל'ה 350 גרם,,,עוגה בחושה שוקולד עו,,350.00,,false,,8.90,0.0254,true,1,172078
7290002329626,false,עוגת שיש עוגל'ה 350 גרם,,,עוגה בחושה שיש עוגל',,350.00,,false,,8.90,0.0254,true,1,172080
7290002329640,false,עוגת לימון עוגל'ה 350 גרם,,,עוגת לימון 350גר,,350.00,,false,,8.90,0.0254,true,1,172082
7290002329961,false,עוגת שוקוצ'ינו עוגל'ה 350 גרם,,,עוגת שוקוצ'ינו 350 ג,,350.00,,false,,8.90,0.0254,true,1,172086
7290002331025,false,"מים מינרלים נביעות ספורט 500 מ""ל פקדון",נביעות טבע הגליל בעמ,IL,נביעות ספורט 500מל,,500.00,,false,,3.00,0.0060,true,1,210162
7290002331360,false,"נביעות מים מינרליים טו גו מארז 500X6מ""ל",קריות זול,IL,נביעות טו גו שישייה,,3000.00,,false,,16.90,0.0056,true,1,210173
7290002331490,false,מים מינרליים נביעות 1 ליטר,נביעות טבע הגליל בעמ,IL,נביעות 1 ליטר,,1000.00,,false,,4.00,0.0040,true,1,210177
7290002336686,false,אסאדו עע,,,אסאדו עע,קילוגרמים,1.00,"ק""ג",true,,69.90,69.9000,true,1,238054
7290002345886,false,צלי כתף עגל,,,צלי כתף עגל,קילוגרמים,1.00,"ק""ג",true,,89.90,89.9000,true,1,244465
7290002360155,false,חליטת תה פרחי שומר פומפדור 20 שקיקים,TEEKANNE- POMPADOU,DE,חליטת תה פומפדור פרח,,40.00,,false,,14.90,0.3725,true,1,185580
7290002360278,false,חליטת תה מנטה פומפדור 20 שקיקים,"איטיליאן פוד, אס.פי.",DE,חליטת תה פומפדור מנט,,45.00,,false,,14.90,0.3311,true,1,185584
7290002360285,false,תה פומפדור חליטת צמחים קמומיל 20 שק,TEEKANNE- POMPADOU,DE,חליטת תה פומפדור קמו,,30.00,,false,,14.90,0.4967,true,1,185585
7290002370017,false,גבינת גאודה בזיליקום,רובין הולנד,NL,גבינת גאודה עם תוספת,קילוגרמים,1.00,"ק""ג",true,,110.00,110.0000,true,1,234658
7290002370055,false,גבינת גאודה עיזים חצ,,,גאודה עיזים ויליפוד,קילוגרמים,1.00,"ק""ג",true,,115.00,115.0000,true,1,178441
7290002370161,false,גבינת צ'דר בשלה שקיל,ווייקי,GB,גבינת צ'דר בשלה וילי,קילוגרמים,1.00,"ק""ג",true,,99.00,99.0000,true,1,237152
7290002370284,false,גבינת קשקבל מבולגריה,,,גבינת קשקבל מבולגריה,קילוגרמים,1.00,"ק""ג",true,,99.00,99.0000,true,1,234659
7290002370420,false,גבינת גאודה מהולנד 30% שומן שקיל (גלגל),איוויאן,NL,גאודה הולנדי 30% ויל,קילוגרמים,1.00,"ק""ג",true,,65.00,65.0000,true,1,221809
7290002370734,false,צמות גבינה במי מלח 2,,,צמות גבינה במי מלח 2,קילוגרמים,1.00,"ק""ג",true,,109.00,109.0000,true,1,248442
7290002371533,false,דקניקים סלסולי פסטרמה בדבש 120 ג' טירת צבי,הנסיך- מפעל לייצור ט,IL,סלסולי פסטרמה בדבש ט,,120.00,,false,,15.90,0.1325,true,1,188385
7290002371571,false,פסטרמה פרגיות לבאגט במשקלטירת צבי,טירת- צבי,IL,פסטרמה פרגיות לבגט ט,קילוגרמים,1.00,"ק""ג",true,,89.00,89.0000,true,1,188246
7290002371854,false,"נקניקיות עוף מתובלות 1 ק""ג טירת צבי",הנסיך- מפעל לייצור ט,IL,נקניקיות עוף חריפות,,1000.00,,false,,31.90,0.0319,true,1,188386
7290002374268,false,שמן חמניות מילומור 1 ליטר,שמן תעשיות,IL,שמן חמניות מילומור 1,,1000.00,,false,,10.90,0.0109,true,1,248707
7290002374640,false,שמן קנולה פלוס אומגה 3 1 ליטר עץ הזית,שמן תעשיות,IL,שמן קנולה פלוס אומגה,,1000.00,,false,,17.90,0.0179,true,1,198786
7290002385738,false,גד סדרת דליקטס מנצ'גו 34% במשקל,מחלבות גד,IL,מנצגו מחלבות גד,קילוגרמים,1.00,"ק""ג",true,,167.00,167.0000,true,1,171558
7290002385745,false,גבינת פיקורינו משולשים גד,מחלבות גד,IL,פקורינו מחלבות גד,קילוגרמים,1.00,"ק""ג",true,,167.00,167.0000,true,1,171559
7290002409014,false,ג'חנון אפוי ציפור השרון ארוז,ציפור השרון,,גחנון אפוי ציפור השר,,600.00,,false,,19.90,0.0332,true,1,201107
7290002409052,false,בורקס תרד 800גר,,,בורקס תרד 800גר,,800.00,,false,,22.90,0.0286,true,1,201111
7290002409076,false,ציפור השרון גחנון בצק 800גר,ציפור השרון,,גחנון בצק ציפור השרו,,800.00,,false,,15.90,0.0199,true,1,201113
7290002409175,false,"בצק עלים צרפתי צפ.השרון 1 ק""ג",ציפור השרון,,בצק עלים 1קג,,1000.00,,false,,15.90,0.0159,true,1,201119
7290002409274,false,מלוואח 800 גר' ציפור השרון,,,מלווח ציפור השרון 80,,800.00,,false,,15.90,0.0199,true,1,247198
7290002409281,false,סבבה ציפור השרון 750,פילסברי,,סבבה ציפור השרון 750,,750.00,,false,,19.90,0.0265,true,1,201120
7290002409304,false,נקניקיות עטופות בבצק,,,נקניקיות עטופות בבצק,,600.00,,false,,22.90,0.0382,true,1,201121
7290002447481,false,צא'ך עגל טרי,אדום אדום,,צ'אך עגל,קילוגרמים,1.00,"ק""ג",true,,89.90,89.9000,true,1,198683
7290002447498,false,ויסבראטן עגל טרי,אדום אדום,,ויסבראטן עגל,קילוגרמים,1.00,"ק""ג",true,,89.90,89.9000,true,1,198684
7290002447559,false,סינטה עגל טרי,אדום אדום,,סינטה עגל,קילוגרמים,1.00,"ק""ג",true,,129.00,129.0000,true,1,198688
7290002447573,false,שייטל עגל טרי,אדום אדום,,שייטל עגל,קילוגרמים,1.00,"ק""ג",true,,89.90,89.9000,true,1,198689
7290002453383,false,מרגז טלה קצביית פרימ,קצביית פרימיום,IL,מרגז טלה 500גר,,500.00,,false,,29.90,0.0598,true,1,200608
7290002453529,false,המבורגר אנטריקוט 400 ג',קצביית פרימיום,IL,אנטריקוט בורגר 400גר,,400.00,,false,,26.90,0.0672,true,1,200610
7290002453697,false,קבב אנטריקוט קצבים עם שומן כבש 400 גרם,קצביית פרימיום,IL,קבב אנטריקוט קצבים ע,,400.00,,false,,26.90,0.0672,true,1,221154
7290002479352,false,דבש עמק חפר 350 גרם חתם סופר,מכוורת עמק חפר,IL,דבש עמק חפר 350גרם,,350.00,,false,,16.90,0.0483,true,1,172801
7290002511229,false,בולגרית מעודנת המושב,"מחלבת המושבה בע""מ",IL,בולגרית מעודנת המושב,קילוגרמים,1.00,"ק""ג",true,,45.00,45.0000,true,1,198226
7290002511236,false,בולגרית מעודנת מושבה,"מחלבת המושבה בע""מ",IL,בולגרית מעודנת 5% המ,קילוגרמים,1.00,"ק""ג",true,,45.00,45.0000,true,1,238005
7290002511250,false,שמנת 30% שום שמיר המ,"מחלבת המושבה בע""מ",IL,שמנת 30% שום שמיר המ,קילוגרמים,1.00,"ק""ג",true,,45.00,45.0000,true,1,238006
7290002511274,false,שמנת 30% זיתים המושב,"מחלבת המושבה בע""מ",IL,שמנת 30% זיתים המושב,קילוגרמים,1.00,"ק""ג",true,,45.00,45.0000,true,1,235220
7290002511281,false,המושבה גבינת ברינזה,"מחלבת המושבה בע""מ",IL,ברינזה צאן 18% המוש,קילוגרמים,1.00,"ק""ג",true,,89.00,89.0000,true,1,235221
7290002511427,false,אצבעות שוקולד וניל מ,"מחלבת המושבה בע""מ",IL,אצבעות שוקולד וניל ה,קילוגרמים,1.00,"ק""ג",true,,59.00,59.0000,true,1,235223
7290002511571,false,מוצרלה 22% המושבה,,,מוצרלה 22% המושבה,קילוגרמים,1.00,"ק""ג",true,,89.00,89.0000,true,1,238008
7290002511670,false,גבינת צ'דר המושבה מע,,,צדר בקר כתום המושבה,קילוגרמים,1.00,"ק""ג",true,,99.00,99.0000,true,1,238009
7290002512264,false,צנעני גחנון מופחת שומן רווי 700 גר',צנעני,IL,גחנון מופחת שומן 700,,700.00,,false,,19.90,0.0284,true,1,201245
7290002515333,false,"ד""ר פישר - קמיל בלו סנסיטיב אל סבון עדין לתינוק 500 מ""ל","ד""ר פישר Dr fischer",IL,קמיל בלו סנסטיב אל ס,,500.00,,false,,19.90,0.0398,true,1,204321
7290002515371,false,"קמיל בלו אל סבון לתינוקות ד""ר פישר 1 ליטר",הדקלאים אגודת שיתופי,IL,קמיל בלו קלאסיק 1 לי,,1000.00,,false,,29.90,0.0299,true,1,204322
7290002517276,false,תבלין פלפל אנגלי שלם 25ג',תות ממתקי איכות,IL,פלפל אנגלי שלם 25גר,,25.00,,false,,7.90,0.3160,true,1,198522
7290002517634,false,כוזברה 30 גר מיכל קט,תות ממתקי איכות,IL,תבליני כוסברה 30גר,,30.00,,false,,6.90,0.2300,true,1,198543
7290002517689,false,תבלין קרי 40 גרם מיכל קטן,תות ממתקי איכות,IL,תבלינ קרי אבקה 40גר,,40.00,,false,,6.90,0.1725,true,1,198548
7290002517733,false,תבלין קצח טעם וריח 4,תות ממתקי איכות,IL,קצח 40גר,,40.00,,false,,6.90,0.1725,true,1,198551
7290002517801,false,תבלין צ'ילי כתוש - חריף (פלפל קיינה) 30 ג',"תבליני טעם וריח בע""מ",IL,צילי כתוש 30גר,,30.00,,false,,6.90,0.2300,true,1,198557
7290002517825,false,"פלפל לבן טחון 40 גרם ""טעם וריח""","תבליני טעם וריח בע""מ",IL,פלפל לבן טחון 40גר,,40.00,,false,,12.90,0.3225,true,1,198559
7290002517863,false,תבלין ציפורן טחון 80ג',"תבליני טעם וריח בע""מ",IL,ציפורן טחון 40גר,,40.00,,false,,9.90,0.2475,true,1,198563
7290002542780,false,"שישייה בירה סטלה ארטואה בקבוק 330X6 מ""ל",סטלה,BE,*מבצע* בירה סטלה ארט,,1980.00,,false,,29.90,0.0151,true,1,250806
7290002543046,false,קלוגס פרוסטיס דגנים וסוכר 750ג',קלוג מנייופרטורינג א,ES,דגני קלוגס פרוסטיס 7,,750.00,,false,,24.90,0.0332,true,1,179559
7290002552345,false,מאגדת שלגונים גלי גל פרווה 8 יח' ריאו,"גלידות ריאו ביח""ר לג",IL,שלגונים גלי גל פרווה,יחידה,0.00,יחידה,false,,14.90,0.0000,true,1,198813
7290002560005,false,נורמה שקיות אשפה שרו,,,שקיות אשפה ארוך 52*6,יחידה,0.00,יחידה,false,,15.90,0.0000,true,1,236870
7290002560036,false,רדיד אלומיניום מעוצב,,,רדיד אלומיניום מעוצב,יחידה,0.00,יחידה,false,,11.90,0.0000,true,1,236873
7290002560050,false,ש.אשפה נורמה שרוך 52,,,אשפתון 52/65 100 יח',יחידה,0.00,יחידה,false,,21.90,0.0000,true,1,236875
7290002560081,false,שקיות הקפאת מזון 25/,,,שקיות הקפאת מזון 25/,יחידה,0.00,יחידה,false,,12.90,0.0000,true,1,236878
7290002560104,false,אשפתון כוכב 75/90 50,,,אשפתון כוכב 75/90 50,יחידה,0.00,יחידה,false,,14.90,0.0000,true,1,236880
7290002560111,false,שקיות אשפה נורמה 85*,,,אשפתון 75/85 עם שרוך,יחידה,0.00,יחידה,false,,14.90,0.0000,true,1,234517
7290002560135,false,נורמה ניילון נצמד 15,,,ניילון נצמד 150 מטר,יחידה,0.00,יחידה,false,,17.90,0.0000,true,1,234518
7290002560227,false,נורמה גופייה 75/90 2,קריות זול,,אשפתון גופיה 75/90 2,יחידה,0.00,יחידה,false,,10.90,0.0000,true,1,236885
7290002560333,false,שקיות אוכל מארז שלשה,,,שקיות אוכל גדולות XL,יחידה,0.00,יחידה,false,,11.90,0.0000,true,1,234520
7290002560524,false,נורמה נייר אפיה בגלי,,,נייר אפייה בגליל 25,יחידה,0.00,יחידה,false,,14.90,0.0000,true,1,250380
7290002581536,false,הדר וופל נפוליטנה ללא סוכר 250 גרם,אפיפית נצרת,IL,וופל נפוליטנה ללא סו,,250.00,,false,,9.90,0.0396,true,1,216032
7290002599029,false,תבליני יונה פפריקה מתוקה בשמן 80ג,תבליני יונה,IL,תבלינים בשקית 80גר,,80.00,,false,,4.70,0.0588,true,1,204270
7290002599036,false,פלפל לבן/שחור 50גר,תבליני יונה,IL,פלפל לבן/שחור 50גר,,50.00,,false,,4.70,0.0940,true,1,204271
7290002599081,false,תבליני יונה תבלינים,תבליני יונה,IL,תבלינים בשקית,יחידה,0.00,יחידה,false,,4.70,0.0000,true,1,204274
7290002599104,false,תבליני יונה תבלינים שונים.,תבליני יונה,IL,תבלינים בשקית 50גר,,50.00,,false,,4.70,0.0940,true,1,204276
7290002599326,false,פלפל שחור/לבן בצנצנת,,,פלפל שחור/לבן בצנצנת,,80.00,,false,,8.90,0.1113,true,1,204294
7290002599333,false,כמון בצנצנת 80גר,,,כמון בצנצנת 80גר,,80.00,,false,,8.90,0.1113,true,1,204295
7290002599371,false,פפריקה חריפה בצנצנת,,,פפריקה חריפה בצנצנת,,80.00,,false,,8.90,0.1113,true,1,204299
7290002599395,false,אבקת קארי בצנצנת 80ג,,,אבקת קארי בצנצנת 80ג,,80.00,,false,,8.90,0.1113,true,1,204301
7290002599401,false,תבלין גריל דג בצנצנת 80 גר',,,גריל דג בצנצנת 80גר,,80.00,,false,,8.90,0.1113,true,1,204302
7290002599425,false,כורכום בצנצנת 80גר,,,כורכום בצנצנת 80גר,,80.00,,false,,8.90,0.1113,true,1,204304
7290002599456,false,אורגנו בצנצנת 50גר,,,אורגנו בצנצנת 50גר,,50.00,,false,,8.90,0.1780,true,1,204307
7290002599494,false,גריל עוף בצנצנת 80גר,,,גריל עוף בצנצנת 80גר,,80.00,,false,,8.90,0.1113,true,1,204311
7290002627302,false,צלי כתף עגל,,,צלי כתף עגל,קילוגרמים,1.00,"ק""ג",true,,89.90,89.9000,true,1,244466
7290002627364,false,אנטריקוט עגל פריים,,,אנטריקוט עגל פריים,קילוגרמים,1.00,"ק""ג",true,,159.00,159.0000,true,1,238057
7290002627371,false,צלעות עגל,,,צלעות עגל,קילוגרמים,1.00,"ק""ג",true,,69.90,69.9000,true,1,238058
7290002627401,false,צלי כתף עגל,,,צלי כתף עגל,קילוגרמים,1.00,"ק""ג",true,,89.90,89.9000,true,1,238061
7290002628088,false,טחון הודו בלדי קפוא,בלדי,,טחון הודו בלדי קפוא,,1000.00,,false,,10.90,0.0109,true,1,199264
7290002628989,false,נקניקיות מרגז קפוא 500 ג' 16 יח',בלדי,,נקניקיות מרגז בלדי 5,,500.00,,false,,25.90,0.0518,true,1,199268
7290002661153,false,"לחם דני קל ברמן 1 ק""",מאפית י את א ברמן בע,IL,לחם דני קל 1 קג,,1000.00,,false,,17.90,0.0179,true,1,245234
7290002661443,false,פירורי לחם מוזהבים עדינים 200 גר.,,IL,פירורי לחם זהוב עדין,,200.00,,false,,4.50,0.0225,true,1,199952
7290002661474,false,פירור זהוב עם שמשום 200 גרם,Unknown,IL,פירורי לחם זהוב עם ש,,200.00,,false,,4.50,0.0225,true,1,199953
7290002661535,false,פירורי לחם מוזהבים 1,מאפית י את א ברמן בע,IL,פירורי לחם זהוב 1 קג,,1000.00,,false,,10.90,0.0109,true,1,235373
7290002661856,false,מיני קרוטונים מתובלים למרק ולסלט 350 גרם,מאפית י את א ברמן בע,GB,מיני קרוטונים מתובלי,,350.00,,false,,16.90,0.0483,true,1,224873
7290002661863,false,קרוטונים מתובלים למרק 350 גרם,מאפית י את א ברמן בע,IL,קרוטונים מתובלים למר,,350.00,,false,,16.90,0.0483,true,1,224874
7290002661962,false,קרקר תירס פריך בתוספ,אבונט ק.פ.ט,HU,קרקר פריך קינואה 100,,100.00,,false,,7.90,0.0790,true,1,224875
7290002661986,false,"פתית פריך תירס כשל""פ 100גר",אבונט ק.פ.ט,HU,קרקר פריך תירס 100 ג,,100.00,,false,,7.90,0.0790,true,1,224877
7290002692393,false,שמן קנולה מזוכך מועשר עץ הזית 1 ליטר,שמן תעשיות,IL,שמן קנולה מועשר עץ ה,,1000.00,,false,,16.90,0.0169,true,1,198788
7290002692768,false,"תרסיס קנולה מופחת קלוריות 200 מ""ל עץ הזית",טרנסומס פוד איי בי,IL,תרסיס שמן קנולה מופח,,200.00,,false,,17.90,0.0895,true,1,198796
7290002692775,false,"תרסיס שמן קנולה בטעם חמאה 200 מ""ל עץ הזית",עץ הזית,IL,תרסיס שמן קנולה בטעם,,200.00,,false,,17.90,0.0895,true,1,198797
7290002730262,false,"נוזל לניקוי כלים קלאסי פלמוליב 750 מ""ל",יבואן ומשווק: ש. שסט,GR,פלמוליב נוזל לכלים ק,,750.00,,false,,11.90,0.0159,true,1,185602
7290002730538,false,בלונס פדים להסרת איפור 80 יח',הנסיך- מפעל לייצור ט,GR,פדים להסרת איפור בלו,יחידה,0.00,יחידה,false,,10.90,0.0000,true,1,185607
7290002735007,false,"בצק עלים מרודד ינון 1 ק""ג",קפוא-זן,,בצק עלים ינון 1קג,,1000.00,,false,,16.90,0.0169,true,1,171462
7290002735014,false,מלווח ארוז ינון 800 גר',ג'נרל מילס סאן אדריא,IL,מלווח ארוז ינון 800ג,,800.00,,false,,14.90,0.0186,true,1,171463
7290002735021,false,ינון גחנון ארוז 750גר,ג'נרל מילס סאן אדריא,IL,גחנון ארוז ינון 750ג,,750.00,,false,,14.90,0.0199,true,1,171464
7290002735274,false,ג'חנון אפוי ינון 600 גרם,ג'נרל מילס סאן אדריא,IL,גחנון אפוי ינון 600ג,,600.00,,false,,17.90,0.0298,true,1,171469
7290002752349,false,סוכריות מנטוס מנטה 40יח' בגליל 38ג',פרפטי ואן מלה,NL,מנטוס גליל מנטה בודד,,37.50,,false,,3.90,0.1040,true,1,192019
7290002766056,false,עגבניות שרי קופסא ליח',רון שרי,IL,עגבניות שרי וויטני א,,460.00,,false,,9.90,0.0215,true,1,236384
7290002768159,false,"קצף אמבט בת אורן קרליין 500 מ""ל",פארק תעשיות עמק חפרמ,IL,קצף אמבט בת אורן 500,,500.00,,false,,19.90,0.0398,true,1,180281
7290002769316,false,קראנץ שמרים 500 גרם,ר.כ עוגיות הזהב,IL,עוגת קראנץ 500 גרם,,500.00,,false,,17.90,0.0358,true,1,201557
7290002769347,false,עוגיות מובחרות בדלי --600-500 גרם,עוגיות הזהב,IL,עוגיות מובחרות 500 ג,,500.00,,false,,16.90,0.0338,true,1,204740
7290002769644,false,עוגת דבש/אגוזים 370 גר' עוגיות הזהב,,,עוגות דבש 370 גרם עו,,370.00,,false,,11.90,0.0322,true,1,201560
7290002769910,false,עוגיות מיוחדות ללא סוכר 300 גר',מאפיית ישראל חיפה,IL,עוגיות ללא תוספת סוכ,,350.00,,false,,13.90,0.0397,true,1,240154
7290002782759,false,"פנינה קרם גוף רוזנבלום 400 מ""ל",פנינה רוזנבלום,IL,קרם גוף פנינה רוזנבל,,340.00,,false,,25.90,0.0762,true,1,211104
7290002814016,false,"מסיר שומנים קר מתז סנט מוריץ 750מ""ל","קומפלקס כימיקלים בע""",IL,מסיר שומנים סנט מורי,,750.00,,false,,15.90,0.0212,true,1,216899
7290002814078,false,סנט מוריץ נוזל לניקוי אמבט אנטרטיק 1ל',"קומפלקס כימיקלים בע""",IL,אנטרטיק נוזל לניקוי,,1000.00,,false,,7.90,0.0079,true,1,216902
7290002814412,false,סנט מוריץ נוזל כלים 1.6 ליטר לימון ליים 18%,קומפלקס כימיקלים,IL,נוזל כלים ירוק 1.5 ל,ליטרים,1500.00,ליטר,false,,11.90,0.0079,true,1,225056
7290002814528,false,נוזל לניקוי האסלה סנט מוריץ 1 ליטר,"קומפלקס כימיקלים בע""",IL,נוזל אסלות מס'1 1ליט,,1000.00,,false,,6.90,0.0069,true,1,216909
7290002814665,false,סנט מוריץ - מרסס מסיר עובש 1 ליטר,קומפלקס כימיקלים,IL,מסיר עובש 1 ליטר,,1000.00,,false,,12.90,0.0129,true,1,250491
7290002814825,false,סבון אסלה כדוריות שלישייה אוקיינוס כחול,"קומפלקס כימיקלים בע""",TR,כדוריות לאסלה אוקיינ,יחידה,0.00,יחידה,false,,9.90,0.0000,true,1,225059
7290002824183,false,"גבינה לבנה סקי 500 גרם 5% ""שטראוס"" -מוצר בפיקוח",מיוצר עי קונדיטוריית,IL,גבינה לבנה סקי 5% 50,,500.00,,false,,9.96,0.0199,true,1,195707
7290002824466,false,יוגורט דנונה ביו לבן 0% שומן 200 גרם,"שטראוס בריאות בע""מ",IL,דנונה יוגורט ביו 0%,,200.00,,false,,3.80,0.0190,true,1,195708
7290002824640,false,"גבינת סקי 250 גרם 5% ""שטראוס"" -מוצר בפיקוח",מיוצר עי קונדיטוריית,IL,גבינה לבנה סקי 5% שט,,250.00,,false,,4.98,0.0199,true,1,195710
7290002825722,false,סלט כרוב אדום אחלה 500 גרם,מיוצר עי קונדיטוריית,IL,כרוב אדום אחלה 500גר,,500.00,,false,,14.90,0.0298,true,1,195714
7290002842002,false,פתיתי שיבולת שועל קוואקר אנגלי מורנפלייק,מורנינג פוד,GB,שבולת שועל אנגלי מור,,500.00,,false,,10.90,0.0218,true,1,174578
7290002868996,false,"קוטג' 5% שומן, רכיבים טבעיים, 250 גרם",קריות זול,IL,קוטג מועשר 5% 250גר,,250.00,,false,,6.30,0.0252,true,1,184637
7290002881025,false,סאן מורנו מעדן 100% דובדבן חמוץ 284ג',דוברומירוב,BG,מעדן דובדבן חמוץ סן,,282.00,,false,,12.90,0.0457,true,1,174967
7290002881209,false,רסק תפוחי עץ דיאט 700 ג' תומר,Geurts conservenfabr,,"רסק תפו""ע דיאט 720גר",,720.00,,false,,10.90,0.0151,true,1,174981
7290002881216,false,רסק תפוחי עץ דיאט 708 גרם צנצנת,Geurts conservenfabr,,"רסק תפו""ע לסכרתיים 7",,700.00,,false,,10.90,0.0156,true,1,174982
7290002881407,false,נודלס אטריות ביצים דק תומר 400ג',קריות זול,CN,נודלס דק תומר 400גר,,400.00,,false,,10.90,0.0273,true,1,174994
7290002881414,false,תומר-אטריות ביציםעבו,אופאל,CN,נודלס עבה תומר 400גר,,400.00,,false,,10.90,0.0273,true,1,174995
7290002881506,false,חמאת בוטנים תומר 510 ג',Niza s a,,חמאת בוטנים 510גר,,510.00,,false,,10.90,0.0214,true,1,174999
7290002881612,false,לפתן דובדבנים חמוצים 680 גרם,Fructo sliven jsc,BG,לפתן דובדבנים חמוצים,,680.00,,false,,9.90,0.0146,true,1,175004
7290002881742,false,לבבות דקל פרוסות תומר 400 ג',Inaexpo,EC,לבבות דקל פרוסות תומ,,400.00,,false,,10.90,0.0273,true,1,175006
7290002881766,false,פטריות שמפניון חתוכו,פרוצאמפ,,פטריות חתוכות שלישיי,,870.00,,false,,12.90,0.0148,true,1,175007
7290002881872,false,"פטריות חתוכות 290 גרם ""תומר""",,NL,פטריות חתוכות תומר 2,,290.00,,false,,4.90,0.0169,true,1,175011
7290002881919,false,"פטריות שלמות 400 גרם רובין ""תומר""",גיבונג אינדסקיאלס,,פטריות שלמות תומר 40,,400.00,,false,,8.90,0.0223,true,1,175012
7290002881988,false,סרדין מרוקאי בשמן ולימון 125 ג' תומר,תומר,IL,סרדין מרוקאי לימון 1,,125.00,,false,,6.90,0.0552,true,1,175018
7290002900207,false,המבורגר אמיתי 100% 400 גרם-תנובה,הנסיך- מפעל לייצור ט,IL,המבורגר אמיתי 100% ב,,400.00,,false,,23.90,0.0597,true,1,188388
7290002900214,false,קבב מזרחי טירת צבי 4,טיב טירת צבי 2000,IL,קבב מזרחי טירת צבי 4,,450.00,,false,,23.90,0.0531,true,1,188389
7290002900313,false,פסטרמה ספרדיתטירת צבי,טירת- צבי,IL,פסטרמה בסגנון ספרדי,קילוגרמים,1.00,"ק""ג",true,,89.00,89.0000,true,1,188247
7290002909576,false,בשר בקר טחון לקציצות ולקבב 500 ג' 12 יח',יוליניבר,IL,בשר טחון לקציצות ולק,,500.00,,false,,19.90,0.0398,true,1,199278
7290002909804,false,פילה בקלה (מרלוזה ) ללא עור ארגנטיני,אל מאריסקו,AR,*מבצע* מרלוזה פילה ל,קילוגרמים,1.00,"ק""ג",true,,29.90,29.9000,true,1,199056
7290002909880,false,"פולי סויה - אדממה - 400 גרם (בד""ץ עדה חרדית)",ZHEJIANG,CN,פולי סויה אדממה קפוא,,400.00,,false,,10.90,0.0273,true,1,199280
7290002919179,false,"פילה אמנון 5-7 בוואקום ללא עור בד""ץ עד""ח",בלאדי,IL,אמנון פילה 5-7 ללא ע,קילוגרמים,1.00,"ק""ג",true,,39.90,39.9000,true,1,240996
7290002920311,false,גבינת קממבר צאן במשק,מחלבות גד,IL,קממבר 20% מחלבות גד,קילוגרמים,1.00,"ק""ג",true,,138.00,138.0000,true,1,171561
7290002922865,false,קבב מזרחי טאק טורו 5,,,קבב מובחר 500גר טאקט,,500.00,,false,,19.90,0.0398,true,1,205815
7290002927044,false,צלי כתף מס' 5 קפוא,זהר בשר,,צלי כתף מס' 5 קפוא,קילוגרמים,1.00,"ק""ג",true,,44.90,44.9000,true,1,200576
7290002927051,false,פילה מדומה מס' 6 קפו,זהר בשר,,פילה מדומה מס' 6 קפו,קילוגרמים,1.00,"ק""ג",true,,39.90,39.9000,true,1,200577
7290002927105,false,צלי עגל ברשת קפוא,זהר בשר,,צלי עגל ברשת קפוא,קילוגרמים,1.00,"ק""ג",true,,39.90,39.9000,true,1,200579
7290002927198,false,טחון בקר קפוא 500 גר,זהר בשר,,טחון בקר קפוא 500 גר,,500.00,,false,,14.90,0.0298,true,1,200620
7290002927358,false,סטיק אנטריקוט 800גר,זהר בשר,,סטיק אנטריקוט 800גר,,800.00,,false,,39.90,0.0499,true,1,175019
7290002927389,false,טחון עוף קפוא 500 גר,זהר בשר,,טחון עוף קפוא 500 גר,,500.00,,false,,12.90,0.0258,true,1,224882
7290002927464,false,גולש עגל קפוא,זהר בשר,,גולש עגל קפוא,קילוגרמים,1.00,"ק""ג",true,,34.90,34.9000,true,1,200588
7290002927518,false,טבעות פילה עגל קפוא,זהר בשר,,טבעות פילה עגל קפוא,קילוגרמים,1.00,"ק""ג",true,,42.90,42.9000,true,1,200592
7290002927631,false,טחון הודו קפוא 500 ג,זהר בשר,,טחון הודו קפוא 500 ג,,500.00,,false,,12.90,0.0258,true,1,224883
7290002927655,false,שניצל עגל קפוא זהר ב,זהר בשר,,שניצל עגל קפוא,קילוגרמים,1.00,"ק""ג",true,,42.90,42.9000,true,1,200598
7290003006021,false,קוביות מעדן פטה מעדנ,גבינות אמיר ניצן בעמ,IL,פטה קוביות 24% ניצן,קילוגרמים,1.00,"ק""ג",true,,74.00,74.0000,true,1,236615
7290003011087,false,אורז בסמטי אלפאנט 1 קג,אלסקה/ טילדה,IN,אורז בסמטי אלפנט 1קג,,1000.00,,false,,12.90,0.0129,true,1,200781
7290003015634,false,"נוזל רצפות פסיפלורה 2 ליטר ""ריצפז פרש""",קריות זול,IL,ריצפז פרש פסיפלורה 2,ליטרים,2.00,ליטר,false,,21.90,10.9500,true,1,180303
7290003015641,false,"נוזל רצפות יסמין 2 ליטר ""ריצפז פרש""",קריות זול,IL,ריצפז פרש יסמין 2 לי,ליטרים,2.00,ליטר,false,,21.90,10.9500,true,1,180304
7290003026029,false,"ד""ר פישר - קמיל בלו סנסיטיב שמפו אלדמע 500 מ""ל","ד""ר פישר Dr fischer",IL,קמיל בלו סנסטיב שמפו,,500.00,,false,,19.90,0.0398,true,1,204323
7290003026036,false,"ד""ר פישר - קמיל בלו סנסיטיב אל סבון עדין לתינוק 1 ליטר","ד""ר פישר Dr fischer",IL,קמיל בלו סנסיטיב אל,,1000.00,,false,,33.90,0.0339,true,1,204324
7290003026227,false,"קמיל בלו שמפו לתינוק סנסיטיב אל דמע ד""ר פישר 1 ליטר","ד""ר פישר Dr fischer",IL,קמיל בלו סנסיטיב שמפ,,1000.00,,false,,33.90,0.0339,true,1,204326
7290003029181,false,משקה יטבתה שוקו' בקבוק 1ל מהדרין,שטראוס גרופ,IL,שוקו יטבתה בקבוק 1ל,,1000.00,,false,,11.90,0.0119,true,1,195728
7290003029372,false,משקה חלב בטעם בננה יטבתה 1 ליטר,שטראוס גרופ,IL,משקה חלב בננה יטבתה,,1000.00,,false,,11.90,0.0119,true,1,195733
7290003029389,false,"משקה חלב בננה פקק ספורט 250 מ""ל יוטבתה",שטראוס גרופ,IL,משקה חלב בננה יטבתה,,250.00,,false,,5.90,0.0236,true,1,195734
7290003029433,false,"משקה יטבתה שוקו פקק 250 מ""ל מהדרין",שטראוס גרופ,IL,שוקו יטבתה 250מל,,250.00,,false,,5.90,0.0236,true,1,195737
7290003029532,false,משקה מוקה יטבתה 1 ליטר מהדרין,שטראוס גרופ,IL,משקה מוקה יטבתה 1ליט,,1000.00,,false,,11.90,0.0119,true,1,195741
7290003029617,false,יטבתה שמנת מנה אישית 15% 125מל,שטראוס גרופ,IL,שמנת מנה אישית 100מל,,100.00,,false,,2.00,0.0200,true,1,195748
7290003029792,false,"משקה יטבתה שוקו שקיות מהדרין מארז 225X8מ""ל",שטראוס גרופ,IL,שוקו שקיות יטבתה 8*2,,1800.00,,false,,21.90,0.0122,true,1,195750
7290003029815,false,חלב יוטבתה מועשר 3% בכד 2ל',שטראוס גרופ,IL,חלב מועשר בכד יטבתה,,2000.00,,false,,15.90,0.0080,true,1,195752
7290003029907,false,אייס קפה יטבתה 1 ליטר מהדרין,שטראוס גרופ,IL,אייס קפה יטבתה 1ל,,1000.00,,false,,11.90,0.0119,true,1,195757
7290003031733,false,טירת צבי פסטרמה על גחלים קופ. מחפוד 400ג,טירת צבי,IL,"פסטרמה על גחלים בד""צ",,400.00,,false,,35.90,0.0897,true,1,188391
7290003031740,false,טירתצבי פסטרמה בדבש קופ. מחפוד 400ג,טירת- צבי,IL,"פסטרמה בדבש בד""צ טיר",,400.00,,false,,35.90,0.0897,true,1,188392
7290003060009,false,"קמח חיטה לבן 1 ק""ג טחנות ישראליות",טחנות ישראליות,IL,קמח בהיר בשקיות 1קג,,1000.00,,false,,6.50,0.0065,true,1,211323
7290003060023,false,"סולת חיטה 1 ק""ג מטחנות ישראליות",טחנות ישראליות,IL,"סולת בשקיות 1ק""ג",,1000.00,,false,,6.50,0.0065,true,1,211325
7290003060276,false,קמח בהיר מועשר מנופה,,,קמח בהיר מועשר מנופה,,1000.00,,false,,9.90,0.0099,true,1,238955
7290003060283,false,קמח תופח מועשר מנופה,,,קמח תופח מועשר מנופה,,1000.00,,false,,9.90,0.0099,true,1,238956
7290003060290,false,קמח מלא מועשר מנופה,,,קמח מלא מועשר מנופה,,1000.00,,false,,9.90,0.0099,true,1,238957
7290003060320,false,"קמח לחם וחלות מנופה טחנות ישראל 1 ק""ג",,,קמח ללחם וחלות מועשר,,1000.00,,false,,9.90,0.0099,true,1,238959
7290003060344,false,"קמח חיטה לפיצה מנופה 1 ק""ג",,,קמח לפיצה מנופה 1 קג,,1.00,,false,,9.90,9.9000,true,1,236076
7290003072965,false,קבנוס חריף מעושן טירת צבי 120 גרם,טירת- צבי,IL,קבנוס חריף מעושן 120,,120.00,,false,,11.90,0.0992,true,1,237586
7290003072972,false,קבנוס בתיבול מעושן טירת צבי 120 גרם,טירת- צבי,IL,קבנוס בתיבול שום 120,,120.00,,false,,11.90,0.0992,true,1,237587
7290003093472,false,"אבקת סוכר 1 ק""ג ברמן",,,"אבקת סוכר 1 ק""ג ברמן",,1000.00,,false,,10.90,0.0109,true,1,250644
7290003126712,false,יוגורט עיזים מחלב מלא 3.7% משק צוריאל 150 גרם,מחלבת משק צוריאל,IL,יוגורט עיזים בגביע 3,,150.00,,false,,6.90,0.0460,true,1,184664
7290003141159,false,יוגטה מרשמלו ממתק מוקצף בטעמי תות שדה ווניל 180 גרם,מוטקה החולב,IL,מרשמלו יוגטה 180גר,,180.00,,false,,7.90,0.0439,true,1,192048
7290003189045,false,הצהובה הטובה הולנדית,צי תעשיות מזון יבנה,IL,הולנדית כפיר,קילוגרמים,1.00,"ק""ג",true,,39.00,39.0000,true,1,174171
7290003189076,false,פיצרלה הצהובה הטובה מגורדת 22% כפיר 500 גרם,צי תעשיות מזון יבנה,IL,כפיר פיצרלה מגורדת 5,,500.00,,false,,18.90,0.0378,true,1,174186
7290003189168,false,"צהובה מעושנת כפיר 1 ק""ג",צי תעשיות מזון יבנה,IL,מעושנת כפיר,קילוגרמים,1.00,"ק""ג",true,,45.00,45.0000,true,1,248074
7290003189199,false,צהובה טובה חריפה במש,צי תעשיות מזון יבנה,IL,חריפה במשקל כפיר,קילוגרמים,1.00,"ק""ג",true,,42.00,42.0000,true,1,174174
7290003189205,false,הצהובה הטובה לייט קלאסית 9% כפיר 200 גרם,כפיר,,כפיר הצהובה הטובה קל,,200.00,,false,,13.90,0.0695,true,1,174188
7290003189274,false,מעושנת בסיגנון גבינה,צי תעשיות מזון יבנה,IL,מעושנת כפיר,קילוגרמים,1.00,"ק""ג",true,,45.00,45.0000,true,1,174176
7290003189380,false,הצהובה הטובה שמיר מע,צי תעשיות מזון יבנה,IL,צהובה עם שום שמיר כפ,קילוגרמים,1.00,"ק""ג",true,,42.00,42.0000,true,1,174179
7290003212965,false,עוגיות רוגלך הזהב במארז 400 גר',ר.כ עוגיות הזהב,IL,מובחרות שמרים 400 גר,,400.00,,false,,13.90,0.0348,true,1,204742
7290003217014,false,תנעמי פיתות מיזרחיות 5*100גר,יוניליוור גרמניה Gm,IL,פיתות מיזרחיות 5*100,,500.00,,false,,5.90,0.0118,true,1,245189
7290003224128,false,"כיסונים תפו""א 800 ג' מאמא מרי",מאמא מרי,,"כיסוני תפו""א 800גר",,800.00,,false,,19.90,0.0249,true,1,197986
7290003224135,false,כיסונים עם בשר 800 ג,מאמא מרי,,כיסונים בשר 800גר,,800.00,,false,,24.90,0.0311,true,1,197987
7290003224456,false,"כיסונים בשר סיבירסקי מאמא מרי 1 ק""ג",מאמא מרי,,כיסונים בשר סיבירסקי,,1000.00,,false,,29.90,0.0299,true,1,197998
7290003224463,false,"כיסונים בשר - אוקראינסקי 1 ק""ג",מאמא מרי,,כיסונים אוקרינסקי מא,,1000.00,,false,,29.90,0.0299,true,1,197999
7290003229109,false,פסטרמה הודו בפפריקה טירת צבי 400 גרם,הנסיך- מפעל לייצור ט,IL,פסטרמה הודו בפפריקה,,400.00,,false,,28.90,0.0722,true,1,188394
7290003229116,false,פסטרמה הודו בדבש 3% טירת צבי 400 גרם,הנסיך- מפעל לייצור ט,IL,פסטרמה בדבש טירת צבי,,400.00,,false,,28.90,0.0722,true,1,188395
7290003229123,false,פסטרמה הודו על גחלים 2% טירת צבי 400 גרם,הנסיך- מפעל לייצור ט,IL,פסטרמה על גחלים טירת,,400.00,,false,,28.90,0.0722,true,1,188396
7290003244331,false,עגבניות חתוכות לקוביות 800 גרם פריניר,פריניר,,עגבניות קוביות פריני,יחידה,0.00,יחידה,false,,7.90,0.0000,true,1,194940
7290003268030,false,חלה ת מגש דגנית 500,,IL,חלה רגילה 500גר,,500.00,,false,,5.40,0.0108,true,1,195098
7290003268252,false,לחם חיטה מלא לילדים 750 ג' דגנית עין בר,יוניליוור גרמניה Gm,IL,*מבצע* לחם חיטה מלאה,,750.00,,false,,14.90,0.0199,true,1,245192
7290003268429,false,לחם ירוק מקמח מלא 750 ג' דגנית עין בר,מולינו ניקולי s.p.a,IL,לחם חיטה מלאה ירוק 7,,750.00,,false,,16.90,0.0225,true,1,245193
7290003268641,false,דגנית עין בר חלה מתוקה מיוחדת 500 גרם,מולינו ניקולי s.p.a,IL,חאלע חלה מתוקה מיוחד,יחידה,0.00,יחידה,false,,14.90,0.0000,true,1,245150
7290003268740,false,לחם אחיד 750 גרם,דגנית עין בר,,לחם אחיד שחור,,750.00,,false,,5.10,0.0068,true,1,195099
7290003268764,false,חלה רגילה דגנית 500,מולינו ניקולי s.p.a,IL,חלה רגילה 500גר,,500.00,,false,,5.40,0.0108,true,1,245196
7290003287253,false,נקנקיות מרגז בלאדי 500 ג',קרלו,IL,נקניקיות מרגז בלדי 5,,500.00,,false,,29.90,0.0598,true,1,199288
7290003287260,false,נקניקיות צ'וריסוס ארוז קפוא בלדי 600 ג',בלדי,IL,נקניקיות צוריסוס הקצ,,600.00,,false,,29.90,0.0498,true,1,199289
7290003287284,false,קבב ביתי קצביה ארוז 600 ג' - 8 יח',בלדי,IL,קבב ביתי ארוז 600גר,,600.00,,false,,29.90,0.0498,true,1,199291
7290003287796,false,סינטה עגל,,,סינטה עגל,קילוגרמים,1.00,"ק""ג",true,,129.00,129.0000,true,1,245879
7290003318100,false,וופל בטעם שוקולד מנעמים 200 ג',מנעמים תעשיות מזון,IL,וופל טעם שוקו מנעמים,,200.00,,false,,4.90,0.0245,true,1,190763
7290003318131,false,ופל קלאסיק אגוז 200 גרם מנעמים,מנעמים תעשיות מזון,IL,וופל אגוז מנעמים 200,,200.00,,false,,4.90,0.0245,true,1,190764
7290003318599,false,וופל וניל 200 גרם מנעמים,מנעמים תעשיות מזון,IL,וופל וניל מנעמים 200,,200.00,,false,,4.90,0.0245,true,1,190766
7290003321155,false,יוגורט בר עם פקאן מצופה שוקולד 183 ג' דנונה,"שטראוס בריאות בע""מ",IL,דנונה בר פקאן 183גר,,183.00,,false,,4.80,0.0262,true,1,195769
7290003332007,false,קפה נחלה סובחי 250גר,סובחי נחלה ובניו,,קפה נחלה סובחי 250גר,,250.00,,false,,15.90,0.0636,true,1,205579
7290003385881,false,במיה ברוטב עגבניות 600 ג' פרי הגליל,"פרי הגליל בע""""מ",IL,במיה ברוטב עגבניות 5,,540.00,,false,,9.90,0.0183,true,1,201280
7290003401369,false,"קרם לחות לשיער חוחובה נטורל פורמולה 40 מ""ל",מיוצר עי אמיליה קוסמ,IL,נטורל קרם לשיער פגום,,400.00,,false,,24.90,0.0622,true,1,180311
7290003411276,false,עמבה הודית מובחרת הנמל 600ג',טרופיקל דגיל תעשיות,IL,עמבה מובחרת 500גר,,500.00,,false,,12.90,0.0258,true,1,191648
7290003411948,false,צמר גפן הנמל 100 גרם,הנמל,TR,צמר גפן הנמל 100גרם,,100.00,,false,,4.90,0.0490,true,1,191670
7290003414406,false,הרשי ריזס נטיפי אפייה בוטנים 283 גר',ליימן מותגים,,נטיפי אפייה מקרם בוט,,283.00,,false,,15.90,0.0562,true,1,191687
7290003423909,false,חטיף הרשי קוקיס קרם לבן 43 גרם,ליימן מותגים,US,הרשי קוקיס קרם לבן 4,,43.00,,false,,4.90,0.1140,true,1,248482
7290003438006,false,ממרח אולביה פסטו וצנובר איטלקי 190ג',מיוצר עי קונדיטוריית,IL,פסטו איטלקי אוליביה,,180.00,,false,,14.90,0.0828,true,1,192945
7290003438020,false,ממרח עגבניות מיובשות אוליביה 190 גרם,מיוצר עי קונדיטוריית,IL,ממרח עגבניות מיובשות,,190.00,,false,,14.90,0.0784,true,1,192947
7290003438853,false,אוליביה ממרח אריסה חריפה 185 גר ',אוליביה,IL,אריסה חריפה 185 גרם,,185.00,,false,,14.90,0.0805,true,1,192960
7290003444009,false,חטיף הרשי ריזס שוקולד חלב 42 גר,ליימן מותגים,US,חטיף ריזס במילוי חמא,,42.00,,false,,4.90,0.1167,true,1,221604
7290003450602,false,חרדל אמיתי צהוב בקבוק לחיץ 255 גר,היינץ צפון אמריקה מקבוצת ה.י.היינץ,US,חרדל אמיתי צהוב בקבו,,255.00,,false,,12.90,0.0506,true,1,179595
7290003470433,false,פרג 200 גרם סולימני,,,פרג 200 גרם סולימני,,200.00,,false,,8.90,0.0445,true,1,174592
7290003521166,false,"ד""ר פישר - סרקל קרם רוזמרין לילדים 325 מ""ל","ד""ר פישר Dr fischer",IL,סרקל קרם רוזמרין 325,,325.00,,false,,27.90,0.0858,true,1,204331
7290003560202,false,רגליים עגל פרוס ארוז,,,רגליים עגל פרוס ארוז,קילוגרמים,1.00,"ק""ג",true,,39.90,39.9000,true,1,244720
7290003570164,false,מינוט שווארמה פרגית 300 גרם / 20 יחידות,"בלדי בע""מ",IL,שווארמה פרגית מינוט,,300.00,,false,,31.90,0.1063,true,1,224861
7290003578078,false,לפתן קוקטיל פירות טרופיים בסירופ 850 גרם,קריות זול,CN,קוקטיל טרופי ויליפוד,,850.00,,false,,9.90,0.0116,true,1,248055
7290003578108,false,חתיכות אננס בסירופ קל וילי פוד 850 גרם,קריות זול,TH,אננס חתיכות ויליפוד,,850.00,,false,,9.90,0.0116,true,1,178601
7290003578313,false,דובדבנים חמוצים ללא חרצנים 680גר,דל מונטה היילס אס.אי,HR,דובדבנים חמוצים ללא,,680.00,,false,,10.90,0.0160,true,1,178608
7290003598311,false,מינוט סטייק חלק ריאה 300 ג',בלדי,IL,*מבצע* סטייק מינוט 3,,300.00,,false,,30.00,0.1000,true,1,224864
7290003643004,false,"סוגת אורז בסמטי קלאסי 1 ק""ג",האי נאם סי או אל.טי.,IL,אורז בסמטי סוגת 1קג,,1000.00,,false,,14.90,0.0149,true,1,192426
7290003643134,false,סוגת סוכר וניל 10 יח*10 גרם,גוד פוד פרודקטס S.p,IL,סוכר וניל סוגת 10*10,,100.00,,false,,2.50,0.0250,true,1,192428
7290003643172,false,אבקת סוכר 100 גרם סוגת,א.ל ייצור ושיווק תבל,IL,אבקת סוכר סוגת 100 ג,,100.00,,false,,2.50,0.0250,true,1,192432
7290003643325,false,קוסקוס בינוני 350 גרם סוגת,"אסיף תעשיות מזון בע""",IL,קוסקוס בינוני סוגת 3,,350.00,,false,,6.90,0.0197,true,1,192436
7290003643387,false,"סוכר לבן בצנצנת 1 ק""ג סוגת",האי נאם סי או אל.טי.,IL,סוכר לבן בצנצנת סוגת,,1000.00,,false,,8.50,0.0085,true,1,192439
7290003643646,false,"סוכר דמררה קלאסי בצנצנת סוגת 1 ק""ג",האי נאם סי או אל.טי.,IL,סוכר דמררה בצנצנת סו,,1000.00,,false,,13.90,0.0139,true,1,192441
7290003643714,false,חומוס גרגירים 500 גרם סוגת,האי נאם סי או אל.טי.,IL,חומוס סוגת 500גר,,500.00,,false,,8.90,0.0178,true,1,192444
7290003643745,false,סוגת כוסמת 500 גרם,האי נאם סי או אל.טי.,IL,כוסמת סוגת 500גר,,500.00,,false,,8.90,0.0178,true,1,192446
7290003643752,false,עדשים ירוקים יבש סוגת 500 גר',האי נאם סי או אל.טי.,IL,עדשים ירוקים סוגת 50,,500.00,,false,,9.90,0.0198,true,1,192447
7290003643769,false,עדשים אדומים יבש סוגת 500 גר',"סוגת תעשיות בע""מ",IL,עדשים אדומים סוגת 50,,500.00,,false,,9.90,0.0198,true,1,192448
7290003643776,false,"פופקורן גרעינים סוגת 500 ג' כשל""פ",האי נאם סי או אל.טי.,IL,פופקורן סוגת 500 גר,,500.00,,false,,6.90,0.0138,true,1,192449
7290003643783,false,קוקוס טחון סוגת 100,האי נאם סי או אל.טי.,IL,קוקוס סוגת 100 גר,,100.00,,false,,4.90,0.0490,true,1,192450
7290003643806,false,שעועית לבנה יבשה סוגת 500 ג',האי נאם סי או אל.טי.,IL,שעועית לבנה סוגת 500,,500.00,,false,,10.90,0.0218,true,1,192452
7290003643813,false,שעועית אדומה יבשה סוגת 500 גר',האי נאם סי או אל.טי.,IL,שעועית אדומה סוגת 50,,500.00,,false,,10.90,0.0218,true,1,192453
7290003643820,false,חומוס ענק יבש סוגת 500 גרם,סוגת תעשיות בעמ,IL,חומוס ענק סוגת 500גר,,500.00,,false,,12.90,0.0258,true,1,192454
7290003681303,false,שעועית מעורבת יבשה מיה 500 גר',"מיה תעשיות מזון בע""מ",IL,שעועית מעורבת 500גר,,500.00,,false,,9.50,0.0190,true,1,202815
7290003681334,false,קוקוס טחון 400 גרם ב,מיה,IL,קוקוס מיה 400גרם,,400.00,,false,,12.90,0.0323,true,1,202816
7290003681532,false,דובדבנים מסוכרים 80 גרם מיה,מיה תעשיות מזון,IL,דובדבנים מסוכרים 80,,80.00,,false,,8.50,0.1063,true,1,202820
7290003681693,false,חומוס לבן ענק יבש מיה 500 גר',"מיה תעשיות מזון בע""מ",IL,חומוס לבן ענק 500גר,,500.00,,false,,11.90,0.0238,true,1,202822
7290003718627,false,"פול ירוק 400 ג' בית יוסף כשל""פ",,,פול ירוק קפוא 400גר,,400.00,,false,,10.90,0.0273,true,1,220313
7290003719259,false,"ליבו לחם טבעי אקסקלוסיבי 1 ק""ג",מאפית י את א ברמן בע,IL,לחם טיבעי ליבו 1קג,,1000.00,,false,,17.50,0.0175,true,1,245243
7290003726615,false,"טופו ויילר 300 גרם ""שטראוס""",הדקלאים אגודת שיתופי,IL,טופו ויילר 300גר,,300.00,,false,,12.90,0.0430,true,1,224852
7290003726875,false,טופו חומוס בתוספת פסטו וילר 300 גרם,משק וואיילר,IL,טופו חומוס בתוספת פס,,300.00,,false,,12.90,0.0430,true,1,248276
7290003781652,false,צלפים במי מלח וילי פוד 230 גרם,קריות זול,TR,צלפים 370 גר,,370.00,,false,,12.90,0.0349,true,1,178617
7290003796441,false,חזה בקר מס 3 חלק קפו,,,חזה בקר מס 3 חלק קפו,קילוגרמים,1.00,"ק""ג",true,,36.90,36.9000,true,1,238721
7290003796656,false,חזה בקר מס 3 מוכשר ק,,,חזה בקר מס 3 מוכשר ק,קילוגרמים,1.00,"ק""ג",true,,36.90,36.9000,true,1,238723
7290003796748,false,לשון מוכשר קפוא,,,לשון מוכשר קפוא,קילוגרמים,1.00,"ק""ג",true,,39.90,39.9000,true,1,206970
7290003796922,false,צלעות מס'2 מוכשר קפו,,,צלעות מס'2 מוכשר קפו,קילוגרמים,1.00,"ק""ג",true,,39.90,39.9000,true,1,238726
7290003804252,false,תיבולית נוסח הודי קנור 72 גרם,יוניליוור ישראל מזון,IL,תיבולית הודי קנור 72,,72.00,,false,,10.90,0.1514,true,1,182690
7290003804320,false,תיבולית שום ופטרוזיליה קנור 72 גרם,יוניליוור ישראל מזון,IL,תיבולית קנור שום פטר,,72.00,,false,,10.90,0.1514,true,1,182691
7290003804382,false,"תיבולית פטריות בד""ץ 72 ג' קנור",יוניליוור ישראל מזון,IL,תיבולית קנור פטריות,,72.00,,false,,10.90,0.1514,true,1,182696
7290003805587,false,"פתית חיטה מלאה בד""צ 250 גרם-קופסא",יוניליוור ישראל מזון,IL,פתית חיטה מלאה בדצ 2,,250.00,,false,,18.90,0.0756,true,1,182754
7290003882922,false,עלי גפן ממולאים באורז וילי פוד 360 גרם,הזה פלאקספו פוד קו ב,CN,עלי גפן ממולא 400 גר,,400.00,,false,,9.90,0.0248,true,1,178633
7290003938049,false,הפי נוזל הברקה שויצרית,אורומרקטינג,DE,הפי נוזל הברקה למדיח,,948.00,,false,,17.90,0.0189,true,1,183667
7290003956012,false,פטאקי 16% שומרון,"מחלבת השומרון בע""מ",IL,פטאקי 16% שומרון,קילוגרמים,1.00,"ק""ג",true,,39.00,39.0000,true,1,174216
7290003976294,false,ת.די תיקן+אקדח 630 מל טאצ',,,"די תיקן פורטה 630 מ""",,630.00,,false,,14.90,0.0237,true,1,224953
7290003976768,false,"מרסס מסיר כתמים אוקסי פאואר 750 מ""ל טאצ'",,,טאצ' מרסס מסיר כתמים,,750.00,,false,,10.00,0.0133,true,1,238460
7290003989096,false,סלט חצילים פיקנטי אחלה 500 גרם,מיוצר עי קונדיטוריית,IL,חציל פיקנטי אחלה 500,,500.00,,false,,16.90,0.0338,true,1,195780
7290003989539,false,לורנצו רביולי במילוי גבינה,מיוצר עי קונדיטוריית,IL,רביולי גבינה שטראוס,,400.00,,false,,21.90,0.0547,true,1,195781
7290003989553,false,פסטה טורטליני גבינה ופטריות 400 גרם,מיוצר עי קונדיטוריית,IL,טורטליני פטריות שטרא,,400.00,,false,,21.90,0.0547,true,1,195782
7290004033705,false,הבורגריה – 6 לחמניות המבורגר בשקית,מאפית י את א ברמן בע,IL,לחמניות המבורגר ביג,,600.00,,false,,15.90,0.0265,true,1,245955
7290004033712,false,לחם עננים מקמח מלא עם פרוסות עבות,מאפית י את א ברמן בע,IL,לחם עננים מקמח מלא 7,,750.00,,false,,16.90,0.0225,true,1,245953
7290004033729,false,לחם עננים מקמח כוסמין עם פרוסות עבות,מאפית י את א ברמן בע,IL,לחם עננים כוסמין 750,,750.00,,false,,16.90,0.0225,true,1,245954
7290004033736,false,"עננים לחם לבן בסגנון בריוש עם פרוסות עבות, 500 גרם",מאפית י את א ברמן בע,IL,לחם עננים סגנון בריו,,500.00,,false,,16.90,0.0338,true,1,247195
7290004033811,false,לחם מיוחד לבן ללא גלוטן 320 גרם,מאפית י את א ברמן בע,IL,לחם מיוחד ללא גלוטן,,320.00,,false,,16.90,0.0528,true,1,245947
7290004033835,false,לחמניות לבנות ללא גלוטן 200 גרם,מאפית י את א ברמן בע,IL,לחמניות לבנות ללא גל,,200.00,,false,,15.90,0.0795,true,1,245949
7290004061449,false,טופ שף שניצל אמרקאי 700 גר,ויטה,,שניצל אמרקאי 700גר,,700.00,,false,,11.90,0.0170,true,1,171476
7290004061463,false,שניצל עוף אמיתי שומש,,,שניצל עוף אמיתי שומש,,700.00,,false,,29.90,0.0427,true,1,171477
7290004061487,false,טבעות עוף 700 גר,פרסקו,,טבעות עוף 700גר,,700.00,,false,,16.90,0.0241,true,1,171479
7290004061494,false,נגיסי עוף 700 גר,פרסקו,,נגיסי עוף 700גר,,700.00,,false,,16.90,0.0241,true,1,171480
7290004063016,false,מלח שולחן -מוצר בפיקוח,האי נאם סי או אל.טי.,IL,מלח שולחן 1קג,,1000.00,,false,,2.07,0.0021,true,1,207075
7290004063092,false,"מלח הארץ מלח מדיח 2 ק""ג","מלח הארץ אילת בע""מ",,קריסטל מלח מדיח 2קג,קילוגרמים,2.00,"ק""ג",false,,15.90,7.9500,true,1,190780
7290004063115,false,"מלח מטבח עבה להמלחת בשר ובישול 1 ק""ג 1ק""ג",האי נאם סי או אל.טי.,IL,מלח למליחות בשר וביש,,1000.00,,false,,2.07,0.0021,true,1,207076
7290004064105,false,מטחנה מלח עשבי תיבול 250 גר מלח הארץ,חברת מלח הארץ אילת ב,IL,מלח ים עשבי תיבול מט,,250.00,,false,,19.50,0.0780,true,1,190790
7290004064303,false,מלח אטלנטי בצנצנת מלח הארץ 800 גרם,"מלח הארץ אילת בע""מ",IL,מלח אטלנטי בצנצנת 80,,800.00,,false,,19.90,0.0249,true,1,224798
7290004064358,false,"מלח דק זורם בקלות מלח הארץ קרטון 1 ק""ג","מלח הארץ אילת בע""מ",IL,"מלח דק בקרטון 1 ק""ג",,1000.00,,false,,5.90,0.0059,true,1,224817
7290004064365,false,"מלח דק מועשר ביוד מלח הארץ קרטון 1 ק""ג","מלח הארץ אילת בע""מ",IL,מלח דק מועשר ביוד בק,,1000.00,,false,,6.90,0.0069,true,1,224818
7290004064389,false,מלח הימלאיה דק מלחייה 250 גרם,"מלח הארץ אילת בע""מ",IL,מלח הימלאיה דק מלחיי,,250.00,,false,,9.90,0.0396,true,1,244857
7290004068028,false,"יוגורט צזיקי לשתיה 3.5% 500 מ""ל רובין",מיוצר על ידי קוד יצר,IL,משקה יוגורט צזיקי 3.,,500.00,,false,,10.50,0.0210,true,1,171603
7290004068424,false,גבינה גאודה משולשים,מחלבות גד,IL,גאודה בקר30% מחלבות,קילוגרמים,1.00,"ק""ג",true,,127.00,127.0000,true,1,171567
7290004068585,false,גבינת גאודה עיזים במ,מחלבת אמלטי הולנד,NL,גאודה עיזים מחלבות ג,קילוגרמים,1.00,"ק""ג",true,,149.00,149.0000,true,1,171569
7290004078225,false,"שטיפת פה קולגייט פלקס מינט ירוק 500מ""ל",קולגייט- פלמוליב,PL,קולגייט מי פה פלקס ס,,500.00,,false,,19.90,0.0398,true,1,185660
7290004078270,false,נוזל לניקוי כלים בריח לימון פלמוליב 1 ליטר,יבואן ומשווק: ש. שסט,GR,פלמוליב לכלים לימון,,1000.00,,false,,14.90,0.0149,true,1,185663
7290004078690,false,"אגקס נוזל לניקוי אסלות מרענן 750 מ""ל",הנסיך- מפעל לייצור ט,GR,אגקס נוזל לניקוי אסל,,750.00,,false,,16.90,0.0225,true,1,185667
7290004119133,false,כד יוגורט תנובה 6.5% שומן 1.5 ליטר,מיוצר עי קונדיטוריית,IL,יוגורט כדים תנובה 7%,,1500.00,,false,,18.90,0.0126,true,1,189291
7290004119225,false,יופלה יוגורט אננס %3 גביע 150 גרם,תנובה מרכז שיתופי לש,IL,יופלה אננס 3% 150גר,,150.00,,false,,5.20,0.0347,true,1,189292
7290004119928,false,קרלו מעדן וניל רביעיות גביע 125 1.5%,מחלבת אלון תבור,IL,קרלו וניל 1.5% 125גר,,125.00,,false,,3.20,0.0256,true,1,189299
7290004119973,false,קרלו מעדן שוקו רביעיה גביע 125 1.5%,תנובה מרכז שיתופי לש,IL,קרלו שוקולדה 1.5% 12,,125.00,,false,,3.20,0.0256,true,1,189300
7290004120061,false,קרלו שוניל מעדן 125 גרם,תנובה מרכז שיתופי לש,IL,קרלו שוניל 1.5% 125מ,,125.00,,false,,3.20,0.0256,true,1,189301
7290004120108,false,יופלה דיאט יוגורט דובדבן %0 גביע 150גרם,תנובה מרכז שיתופי לש,IL,יופלה דיאט דובדבן 0%,,150.00,,false,,5.30,0.0353,true,1,189303
7290004120566,false,פיראוס 24% גבינה בולגרית 250 גרם,תנובה חלב,IL,בולגרית 24% פיראוס,,250.00,,false,,24.90,0.0996,true,1,189320
7290004120634,false,גבינה פיראוס בולגרית 5% 250 גרם,תנובה מרכז שיתופי לש,IL,בולגרית 5% 250גר פיר,,250.00,,false,,24.90,0.0996,true,1,189322
7290004120832,false,"חלב 2 ליטר 3% כד ""תנובה""- מוצר בפיקוח",תנובה מרכז שיתופי לש,IL,חלב תנובה 3% כד 2 לי,,2000.00,,false,,12.46,0.0062,true,1,189325
7290004121488,false,יופלה דיאט אפרסק 0% גביע 150 גרם,תנובה מרכז שיתופי לש,IL,יופלה דיאט אפרסק 0%,,150.00,,false,,5.30,0.0353,true,1,189338
7290004121525,false,יופלה מאגדת פרי 4 תות 4 אפרסק 3% 8 יח'*150 ג',תנובה מרכז שיתופי לש,IL,יופלה אפרסק תות 3% 8,,1200.00,,false,,31.90,0.0266,true,1,189341
7290004121754,false,יוגורט עוגת גבינה ותות 3% שומן 150 ג' יופלה,תנובה חלב,IL,יופלה קרם גבינה ותות,,150.00,,false,,5.20,0.0347,true,1,189349
7290004121839,false,גבינת פטה כבשים 20% 250 ג' פיראוס,תנובה מרכז שיתופי לש,IL,פטה כבשים 20% פיראוס,,250.00,,false,,28.90,0.1156,true,1,189351
7290004121853,false,גבינה בולגרית פיראוס 5% קוביות 200 גרם,תנובה מרכז שיתופי לש,IL,בולגרית בקוביות 5%פי,,200.00,,false,,22.70,0.1135,true,1,189352
7290004122119,false,פתיתי פרמזן 23% לפסטה השף הלבן 100 גרם,פ.פ.ח. שאביט,IL,פתיתי פרמזן לפסטה 10,,100.00,,false,,13.90,0.1390,true,1,189358
7290004122195,false,"גבינת גוש חלב פרוס 28%, כשרות מהדרין, 200 ג'",תנובה חלב,IL,גבינה גוש חלב פרוס 2,,200.00,,false,,14.90,0.0745,true,1,189359
7290004122270,false,עמק קלאסית פרוסות גבינה חצי קשה 28% 200 גרם,תנובה מרכז שיתופי לש,IL,עמק פרוס סגירה חוזרת,,200.00,,false,,17.50,0.0875,true,1,189360
7290004122348,false,גבינת עמק לייט פרוס בקופסא 200 גרם,תנובה מרכז שיתופי לש,IL,עמק לייט 9% 200גר,,200.00,,false,,18.90,0.0945,true,1,189362
7290004122607,false,עמק לייט חריץ 9% תנו,תנובה מרכז שיתופי לש,,עמק לייט חריץ 9% תנו,קילוגרמים,1.00,"ק""ג",true,,77.00,77.0000,true,1,188704
7290004122676,false,גבינת חמד לייט 5% פיראוס 250 ג',"תנובה,מחלבת טנא נוגה",IL,גבינת חמד לייט גביע,,250.00,,false,,19.40,0.0776,true,1,189369
7290004122683,false,עמק חטיף אצבעות גבינה חצי קשה 28% שומן,תנובה מרכז שיתופי לש,IL,עמק אצבעות גבינה 172,,172.00,,false,,17.90,0.1041,true,1,189370
7290004124205,false,יופלה דיאט יוגורט תות %0 גביע 150 גרם,תנובה מרכז שיתופי לש,IL,יופלה דיאט תות 0% 15,,150.00,,false,,5.30,0.0353,true,1,189400
7290004124847,false,"קצפת צמחית השף הלבן 500 מ""ל תנובה",תנובה מרכז שיתופי לש,IL,קצפת צמחית 24% 500מל,,500.00,,false,,16.70,0.0334,true,1,189408
7290004125370,false,"שמנת חמוצה 9 % מופחתת שומן 200 מ""ל",תנובה מרכז שיתופי לש,IL,שמנת קלה 9% 200מל תנ,,200.00,,false,,4.00,0.0200,true,1,189418
7290004125400,false,"אשל שלי מהדרין 200 מ""ל 4.5% ""תנובה""- מוצר בפיקוח",פארייפאבה אגרואינדוס,IL,אשל 200 מל,,200.00,,false,,1.69,0.0084,true,1,189419
7290004125417,false,"גיל 3% שלי 200 מ""ל ""תנובה"" -מוצר בפיקוח",תנובה מרכז שיתופי לש,IL,"גיל 200 מ""ל",,200.00,,false,,1.51,0.0076,true,1,189420
7290004125455,false,"שמנת חמוצה 200 מ""ל 15% ""תנובה"" -מוצר בפיקוח",תנובה מרכז שיתופי לש,IL,שמנת אורגינל מהדרין,,200.00,,false,,2.40,0.0120,true,1,189421
7290004125462,false,"שמנת אורגינל 15% מהדרין 500 מ""ל",תנובה מרכז שיתופי לש,IL,שמנת חמוצה 15% 500מל,,500.00,,false,,6.00,0.0120,true,1,189422
7290004125509,false,"שמנת 15% חצי מנה 100 מ""ל תנובה",תנובה מרכז שיתופי לש,IL,שמנת חצי מנה 15% תנו,,100.00,,false,,2.10,0.0210,true,1,189424
7290004125578,false,משקה סויה מעושר בסידן תנובה 1ל',תנובה מרכז שיתופי לש,IL,משקה סויה מועשר בסיד,,1000.00,,false,,10.90,0.0109,true,1,189425
7290004125585,false,משקה סויה וניל תנובה E אלטרנטיב,תנובה מרכז שיתופי לש,IL,משקה סויה על הבוקר ת,,1000.00,,false,,11.90,0.0119,true,1,189426
7290004125721,false,"השף הלבן שמנת עמידה לבישול 15% תנובה 250 מ""ל",תנובה מרכז שיתופי לש,IL,שמנת לבישול 15% 250מ,,250.00,,false,,9.40,0.0376,true,1,189436
7290004125738,false,שמנת מתוקה להקצפה32% 250מל עמיד השף הלבן,תנובה מרכז שיתופי לש,IL,שמנת להקצפה 32% 250מ,,250.00,,false,,7.30,0.0292,true,1,189437
7290004125776,false,גבינה צהובה עמק 28% 400 גרם בקופסא,תנובה חלב,IL,עמק פרוסות 28% 400גר,,400.00,,false,,31.90,0.0797,true,1,189440
7290004126674,false,טל העמק פרוסות גבינה חצי קשה לייט %9 200 גרם בקופסא,תנובה מרכז שיתופי לש,IL,עמק טל לייט 9% 200גר,,200.00,,false,,20.90,0.1045,true,1,189458
7290004126759,false,יופלה דיאט פירות יער %0 גביע 150 גרם,תנובה חלב,IL,יופלה דיאט פירות יער,,150.00,,false,,5.30,0.0353,true,1,189462
7290004127077,false,קוטג תנובה 3% גביע 250 גרם מהדרין,מיוצר עי קונדיטוריית,IL,קוטג 3% תנובה 250גר,,250.00,,false,,5.90,0.0236,true,1,189464
7290004127329,false,קוטג תנובה גביע 250 גרם %5 ו.מהדרין,מיוצר עי קונדיטוריית,IL,קוטג 5% 250גר תנובה,,250.00,,false,,5.90,0.0236,true,1,189466
7290004127336,false,קוטג תנובה גביע 250 גרם %9 ו.מהדרין,מיוצר עי קונדיטוריית,IL,קוטג 9% 250גר תנובה,,250.00,,false,,5.90,0.0236,true,1,189467
7290004127800,false,"גבינה לבנה 500 גרם 5% ""תנובה"" -מוצר בפיקוח",מיוצר עי קונדיטוריית,IL,גבינה לבנה 5% 500גר,,500.00,,false,,9.96,0.0199,true,1,189472
7290004127817,false,גבינה לבנה 9% שומן 500 ג' תנובה,מיוצר עי קונדיטוריית,IL,גבינה לבנה %9 500גר,,500.00,,false,,10.40,0.0208,true,1,189473
7290004127862,false,"גבינה לבנה 750 גרם 5% ""תנובה"" - מוצר בפיקוח",תנובה מרכז שיתופי לש,IL,גבינה לבנה 5% 750גרם,,750.00,,false,,14.94,0.0199,true,1,189474
7290004127916,false,גבינה לבנה 0.5% שומן 500 ג' תנובה,תנובה מרכז שיתופי לש,IL,גבינת לבנה תנובה 1/2,,500.00,,false,,10.40,0.0208,true,1,189476
7290004128333,false,לאבנה על בסיס יוגורט %9 שומן 500 ג' פיראוס,תנובה חלב,IL,לאבנה גביע %9 500גר,,500.00,,false,,21.50,0.0430,true,1,189490
7290004128340,false,קרם גבינת שמנת %5 בטעם טבעי 200 ג' תנובה,תנובה חלב,IL,גבינת שמנת בטעם טבעי,,200.00,,false,,12.20,0.0610,true,1,189491
7290004128364,false,קרם גבינת שמנת 5% עם זיתים ירוקים 200 ג' תנובה,"תנובה, מחלבת תל יוסף",IL,גבינת שמנת בטעם זיתי,,200.00,,false,,12.20,0.0610,true,1,189492
7290004129101,false,גבינת שמנת 25% בטעם טבעי 225 ג' נפוליאון,תנובה מרכז שיתופי לש,IL,גבינת נפוליאון בטעם,,225.00,,false,,14.50,0.0644,true,1,189511
7290004129156,false,גבינת שמנת25% עם שום שמיר 225 ג' נפוליאון,תנובה מרכז שיתופי לש,IL,גבינת נפוליאון שום ש,,225.00,,false,,14.50,0.0644,true,1,189513
7290004129736,false,יופלה לבן מעודן 1.5% גביע 200 גרם,תנובה מרכז שיתופי לש,IL,יופלה קרם יוגרט מעוד,,200.00,,false,,4.80,0.0240,true,1,189536
7290004129767,false,"3% 'יופלה לבן מארז שמינייה 1.2 ק""ג",מחלבת אלון תבור,IL,יופלה לבן מאגדת שמינ,,1200.00,,false,,18.90,0.0157,true,1,189538
7290004130794,false,משקה סויה טבעי במתיקות מופחתת 1 ליטר,תנובה מרכז שיתופי לש,IL,משקה סויה מועשר 1 לי,,1000.00,,false,,11.90,0.0119,true,1,189553
7290004130916,false,יוגורט 3% פירות יער בשמנת 150 ג' יופלה,תנובה מרכז שיתופי לש,IL,יופלה בטעם פירות יער,,150.00,,false,,5.20,0.0347,true,1,189557
7290004131074,false,"חלב 1 ליטר 3% קרטון ""תנובה""- מוצר בפיקוח",תנובה מרכז שיתופי לש,IL,חלב בקרטון מהדרין תנ,,1000.00,,false,,6.23,0.0062,true,1,189565
7290004131432,false,יוגורט ביו 3% שומן 200 ג' יופלה,מיוצר עי קונדיטוריית,IL,יופלה לבן 3% 200מל,,200.00,,false,,4.20,0.0210,true,1,189575
7290004131456,false,יוגורט ביו 1.5% שומן 200 ג' יופלה,מיוצר עי קונדיטוריית,IL,יופלה לבן 1.5% 200מל,,200.00,,false,,4.20,0.0210,true,1,189576
7290004131814,false,גבינה צפתית 5% מעודנת 200 ג' פיראוס,פארייפאבה אגרואינדוס,IL,צפתית מעודנת 5% 200ג,,200.00,,false,,15.90,0.0795,true,1,189593
7290004131845,false,גבינת לאבנה 9% שומן 750 ג' פיראוס,תנובה מרכז שיתופי לש,IL,לאבנה גביע 9% 750גר,,750.00,,false,,24.90,0.0332,true,1,189594
7290004132552,false,משקה סויה לייט בטעם טבעי טרי 1 ליטר,תנובה מרכז שיתופי לש,IL,משקה סויה דיאט וניל,,1000.00,,false,,11.90,0.0119,true,1,189608
7290004132606,false,"קרלו מעדן חלב בטעם וניל 2% תנובה 8*100 מ""ל",תנובה מרכז שיתופי לש,IL,קרלו מיני וניל 8 *10,,800.00,,false,,14.90,0.0186,true,1,189612
7290004132712,false,חטיף אצבעות גבינת מוצרלה 20% 172 ג' עמק,תנובה מרכז שיתופי לש,IL,עמק אצבעות מוצרלה 20,,172.00,,false,,17.90,0.1041,true,1,189617
7290004132903,false,גבינה לבנה 3% מהדרין תנובה 250 גרם,תנובה מרכז שיתופי לש,IL,"גבינה לבנה 3% בד""צ 2",,250.00,,false,,5.20,0.0208,true,1,189623
7290004133511,false,יופלה מאגדת לבן 1.5% מעודן 8 יח' * 150 ג',מיוצר עי קונדיטוריית,IL,יופלה לבן מאגדת שמינ,,1200.00,,false,,21.90,0.0182,true,1,189639
7290004135058,false,מאגדת קרלו מיני 8*100 גרם שוקולד מהדרין,תנובה מרכז שיתופי לש,IL,קרלו מיני שוקולד 8*1,,800.00,,false,,14.90,0.0186,true,1,189671
7290004135225,false,מעדן חלב דל קלוריות בטעם שוקולד 0.2שומ,תנובה מרכז שיתופי לש,IL,מעדן תנובה דיאט שוקו,,150.00,,false,,4.30,0.0287,true,1,189683
7290004135614,false,גבינה בולגרית מעודנת 5% 250 ג' פיראוס,תנובה חלב,IL,בולגרית מעודנת בקר פ,,250.00,,false,,24.90,0.0996,true,1,189702
7290004136598,false,מארז הפסקת אוכל עם קורנפלקס ומשקה חלב עמיד בטעם וניל,פארייפאבה אגרואינדוס,IL,הפסקת אוכל חלב ודגני,,150.00,,false,,10.50,0.0700,true,1,189738
7290004136857,false,ג'לי תנובה פטל 125 גרם,תנובה מרכז שיתופי לש,IL,ג'לי תנובה פטל 125גר,,125.00,,false,,2.80,0.0224,true,1,189743
7290004136864,false,מעדן ג'לי בטעם אננס עם חתיכות תנובה 125 גרם,תנובה חלב,IL,ג'לי תנובה אננס עם ח,,125.00,,false,,3.10,0.0248,true,1,189744
7290004136871,false,מעדן ג'לי בטעם אפרסק עם חתיכות תנובה 125 גרם,תנובה מרכז שיתופי לש,IL,ג'לי תנובה אפרסק עם,,125.00,,false,,3.10,0.0248,true,1,189745
7290004137311,false,עמק לייט משפחתית 9% 400ג-ועדת מהדרין,תנובה חלב,IL,עמק לייט משפחתית 9%,,400.00,,false,,32.90,0.0822,true,1,189763
7290004137809,false,פיראוס לאבנה 5% גביע 250 גרם,"תנובה, מחלבת אלון תב",IL,לאבנה 5% 250גר פיראו,,250.00,,false,,13.90,0.0556,true,1,189777
7290004165017,false,"רסק תפו""ע 600 גרם טבעי ללא סוכר יכין",זנלכל,IL,"רסק תפו""ע ללא סוכר 5",,560.00,,false,,9.90,0.0177,true,1,174399
7290004194536,false,חזה עוף טרי מחפוד ארוז,עוף ירושלים מהדרין ב,IL,חזה עוף טרי מחפוד אר,קילוגרמים,1.00,"ק""ג",true,,35.90,35.9000,true,1,202183
7290004194543,false,כרעיים עוף טרי מחפוד ארוז,עוף ירושלים מהדרין ב,IL,כרעיים עוף טרי מחפוד,קילוגרמים,1.00,"ק""ג",true,,34.90,34.9000,true,1,202184
7290004194574,false,שוקיים עוף טרי מחפוד ארוז,עוף ירושלים מהדרין ב,IL,שוקיים עוף טרי מחפוד,קילוגרמים,1.00,"ק""ג",true,,37.90,37.9000,true,1,202187
7290004200077,false,שקית פרסים רמה 2,,,שקית פרסים 2,יחידה,0.00,יחידה,false,,7.90,0.0000,true,1,186640
7290004200930,false,זיקוק זוג 15 סמ בשקי,שמחה זה אנחנו,,זיקוק עבה 2 בשקית,יחידה,0.00,יחידה,false,,8.90,0.0000,true,1,186649
7290004239893,false,דנוור סטייק,,,דנוור סטייק,קילוגרמים,1.00,"ק""ג",true,,99.00,99.0000,true,1,246378
7290004255305,false,נר נשמה שבועי בפלסטיק מנורה,"מנורה שי נר בע""מ",IL,נר נשמה בכוס פלסטיק,יחידה,0.00,יחידה,false,,10.90,0.0000,true,1,246377
7290004255428,false,נר נשמה 24 שעות - מנורה,"מנורה שי נר בע""מ",IL,נר נשמה מנורה פחית 2,יחידה,0.00,יחידה,false,,1.90,0.0000,true,1,239417
7290004255558,false,נרות שבת אורה מספר 2,מנורה,IL,נרות שולחן 20 יח,,20.00,,false,,3.90,0.1950,true,1,173457
7290004255824,false,פתיל צף מתומן+פינצטה,"מנורה שי נר בע""מ",,פתיל צף מתומן 50 יח,,50.00,,false,,3.40,0.0680,true,1,173459
7290004255879,false,נר הבדלה דקורטיבי פי,,IL,נר הבדלה דקורטיבי פי,יחידה,0.00,יחידה,false,,11.90,0.0000,true,1,236418
7290004419134,false,אוכמניות מלבנית 500 גר יח,ברון מפעל לייצור עוג,,עוגת ברון אוכמניות 5,,500.00,,false,,37.90,0.0758,true,1,221743
7290004419165,false,קרם בורלה מלבנית 500 גר יח,ברון מפעל לייצור עוג,,עוגת ברון קרם ברולה,,500.00,,false,,37.90,0.0758,true,1,221745
7290004419394,false,עוגה עדינה שוקולד 400 גר,ברון מפעל לייצור עוג,,עוגת ברון עדינה שוקו,,400.00,,false,,37.90,0.0947,true,1,221747
7290004456108,false,פילה סלמון נורבגי קפ,,,פילה סלמון נורבגי קפ,קילוגרמים,1.00,"ק""ג",true,,79.90,79.9000,true,1,250463
7290004456283,false,אנטריקוט עגל פריים,,,אנטריקוט עגל פריים,קילוגרמים,1.00,"ק""ג",true,,159.00,159.0000,true,1,245880
7290004480332,false,גבינה גאודה קשה מחלב,מחלבות גד,IL,גאודה בקר30% מחלבות,קילוגרמים,1.00,"ק""ג",true,,127.00,127.0000,true,1,248269
7290004480349,false,"משולש גבינת גאודה עיזים ""גד""",מחלבת אמלטי הולנד,IL,גאודה עיזים מחלבות ג,קילוגרמים,1.00,"ק""ג",true,,149.00,149.0000,true,1,248271
7290004480363,false,גבינת קשקבל קשה במשק,מחלבות גד,IL,קאשקבל מחלבות גד,קילוגרמים,1.00,"ק""ג",true,,135.00,135.0000,true,1,248272
7290004492274,false,"בייגלה גל גל 400 גרם ""בייגל בייגל""",אתר בייגל - Food,IL,בייגלה גל גל 400גר,,400.00,,false,,10.90,0.0273,true,1,182846
7290004494131,false,יין דלתון קברנה סוביניון גליל,"איי, בי, אינבוו",IL,יין קברנה דלתון 750מ,,750.00,,false,,69.90,0.0932,true,1,192730
7290004494148,false,יין אדום מרלו גליל י,"איי, בי, אינבוו",IL,יין מרלו דלתון 750מל,,750.00,,false,,69.90,0.0932,true,1,192731
7290004532277,false,צימוק לבן ג'מבו 200 גר',"גיי אנג גי פקאנס בע""",IL,צמוק לבן גמבו 200גר,,200.00,,false,,10.90,0.0545,true,1,211932
7290004575007,false,טילון וניל וופך ושברי אגוז ריאו מארז 70X5ג',"גלידות ריאו ביח""ר לג",IL,טילונים ריאו חמישייה,יחידה,0.00,יחידה,false,,15.90,0.0000,true,1,198825
7290004575069,false,גלידה מיניס חטיפים וניל ציפוי שוקו' ופצפוצי נ.חיטה ריאו מארז 32יח',"גלידות ריאו ביח""ר לג",IL,חטיפי גלידה מיניס בט,,700.00,,false,,34.90,0.0499,true,1,198826
7290004575335,false,ארטיק מגיק מיני וניל ציפוי שוקו' ופצפוצי נ.חיטה ריאו מארז 45X8ג'באריזה,"גלידות ריאו ביח""ר לג",IL,שלגונים מיני מגי'ק 8,יחידה,0.00,יחידה,false,,17.90,0.0000,true,1,198840
7290004575373,false,שלגון מצופים וניל בציפוי שוקולד ריאו מארז 80X8 ג',"גלידות ריאו ביח""ר לג",IL,שלגונים מצופים 6יח,יחידה,0.00,יחידה,false,,15.90,0.0000,true,1,198844
7290004575397,false,גלידה בטעמי מוקה וניל פיסטוק 1.8 ל' ריאו,"גלידות ריאו ביח""ר לג",IL,גלידה טריו חלבי/ילדו,,1800.00,,false,,15.90,0.0088,true,1,198845
7290004575403,false,טריו גלידת פרווה בטעמים 1.8 ליטר ריאו,"גלידות ריאו ביח""ר לג",IL,גלידה טריו פרווה בטע,,1800.00,,false,,15.90,0.0088,true,1,198846
7290004575502,false,גליגל חלבי מאגדת 8 יח',ריאו,IL,שלגונים גלי גל חלבי,,8.00,,false,,14.90,1.8625,true,1,224854
7290004575632,false,קרמבו ריאו בטעם וניל 16יח',"גלידות ריאו ביח""ר לג",IL,קרמבו ריאו 16יח,יחידה,0.00,יחידה,false,,22.90,0.0000,true,1,198851
7290004584351,false,גבינה לבנה סימפוניה עם תוספות 200 ג' חמישית 200,"שטראוס בריאות בע""מ",IL,גבינת סימפוניה טעם ט,,200.00,,false,,11.80,0.0590,true,1,195804
7290004584528,false,יוגורט דנונה ביו לבן 1.7% שומן 200 גרם,מיוצר עי קונדיטוריית,IL,דנונה ביו 1.5% 200גר,,200.00,,false,,3.80,0.0190,true,1,195806
7290004585907,false,דני ועדן וניל 1.5% 125ג' שטראוס,מיוצר עי קונדיטוריית,IL,דני וניל 125 גר,,125.00,,false,,2.80,0.0224,true,1,195810
7290004586171,false,תירוש אדום 650מל כרמ,,,תירוש אדום 650מל כרמ,,650.00,,false,,13.90,0.0214,true,1,234481
7290004603175,false,מלח הארץ מלחייה גס 500 גרם,תעשיות מלח לישראל,IL,מלח הארץ הים האדום ג,,500.00,,false,,9.90,0.0198,true,1,190793
7290004639006,false,קוסקוס טוניסאי קפוא 800 גר,מטעמי פאר,IL,קוסקוס טוניסאי קפוא,,800.00,,false,,17.90,0.0224,true,1,194287
7290004649869,false,דג אמנון בינוני נקי,,,דג אמנון בינוני נקי,קילוגרמים,1.00,"ק""ג",true,,29.90,29.9000,true,1,198050
7290004649982,false,דניס טרי,,,דניס טרי,קילוגרמים,1.00,"ק""ג",true,,69.90,69.9000,true,1,198054
7290004685010,false,לחם 100% שיפון פלוס לחם הארץ 500 גר',מאפית י את א ברמן בע,IL,לחם הארץ שיפון פלוס,,500.00,,false,,16.90,0.0338,true,1,245245
7290004685089,false,לחם הארץ לחם חמניות 500 גר',מאפית י את א ברמן בע,IL,לחם הארץ חמניות 500ג,,500.00,,false,,16.90,0.0338,true,1,245248
7290004685126,false,לחם פומפרניקל לחם הארץ 750 גרם,מאפית י את א ברמן בע,IL,לחם הארץ פומפרניקל 7,,750.00,,false,,16.90,0.0225,true,1,245249
7290004685157,false,לחם שיפון 100% 750 גרם לחם הארץ,מאפית י את א ברמן בע,IL,לחם הארץ שיפון 100%,,750.00,,false,,16.90,0.0225,true,1,245250
7290004685195,false,לחם 10 דגנים לחם הארץ 750 גרם,מאפית י את א ברמן בע,IL,לחם הארץ 10 דגנים 75,,750.00,,false,,16.90,0.0225,true,1,245251
7290004685225,false,לחם שיפון פומפרניקל מקמח שיפון,מאפית י את א ברמן בע,IL,לחם הארץ פומפרניקל 7,,750.00,,false,,16.90,0.0225,true,1,245253
7290004685430,false,לחם הארץ כוסמין 100% 500 גרם,מאפית י את א ברמן בע,IL,לחם הארץ כוסמין 100%,,500.00,,false,,16.90,0.0338,true,1,245258
7290004685447,false,לחמניות כוסמין 6 בשקית 450 גרם,מאפית י את א ברמן בע,IL,לחמניות כוסמין 6יח ש,,450.00,,false,,13.90,0.0309,true,1,245259
7290004725846,false,גבינת גאודה קולקשיין,תנובה,IL,גאודה חריץ במשקל תנו,קילוגרמים,1.00,"ק""ג",true,,89.00,89.0000,true,1,245709
7290004731076,false,אל סבון נוזלי עם אלוורה כיף 1 ליטר,טרופיקל דגיל תעשיות,IL,כיף אל סבון אלוורה 1,,1000.00,,false,,13.90,0.0139,true,1,180339
7290004731083,false,"סבון נוזלי לידיים ג'נסינג ""כיף""",טרופיקל דגיל תעשיות,IL,כיף אלסבון ג'נסנג 1ל,,1000.00,,false,,13.90,0.0139,true,1,180340
7290004731472,false,"אל סבון צבעוני כיף שלישיה* 500 מ""ל",טרופיקל דגיל תעשיות,IL,כיף אל סבון שלישיה צ,,1500.00,,false,,21.90,0.0146,true,1,180355
7290004731519,false,"מקסימה מרכך ומבשם כביסה למייבש סנסיטיב סנו 750 מ""ל",סנו מקסימה,IL,סנו מקסימה למייבש סנ,,750.00,,false,,19.90,0.0265,true,1,180358
7290004731564,false,"סנו - מקסימה מרסס למייבש כביסה פריחה כחולה 750 מ""ל",סנו מקסימה,IL,סנו מקסימה למייבש בל,,750.00,,false,,19.90,0.0265,true,1,224757
7290004731687,false,"מטהר אויר בניחוח וניל ולמון גראס סנו 300 מ""ל",קריות זול,IL,"דואופרש וניל 300 מ""ל",,300.00,,false,,13.90,0.0463,true,1,180366
7290004737719,false,אספרגוס שלם מקולף ולבן וילי פוד 205 גרם,קריות זול,CN,אספרגוס שלם בצנצנת 3,,330.00,,false,,10.90,0.0330,true,1,178644
7290004737900,false,"חלב מרוכז וממותק בתוספת שומן צמחי וילי פוד 397 מ""ל",יו.איי.בי מאריג'אמפו,LT,חלב מרוכז ממותק 397,,397.00,,false,,11.90,0.0300,true,1,178645
7290004846558,false,אצבעות אנטריקוט ארוז,,,אצבעות אנטריקוט ארוז,,450.00,,false,,39.90,0.0887,true,1,235423
7290004861025,false,גבינה בולגרית המושבה,"מחלבת המושבה בע""מ",IL,בולגרית 5% המושבה,קילוגרמים,1.00,"ק""ג",true,,54.00,54.0000,true,1,235225
7290004861056,false,צפתית/ברינזה 5% המוש,"מחלבת המושבה בע""מ",IL,צפתית/ברינזה 5% המוש,קילוגרמים,1.00,"ק""ג",true,,45.00,45.0000,true,1,238010
7290004861063,false,גבינת קש המושבה במשק,"מחלבת המושבה בע""מ",IL,גבינת קש 9% המושבה,קילוגרמים,1.00,"ק""ג",true,,45.00,45.0000,true,1,238011
7290004861070,false,גבינה צפתית קשה המוש,מחלבת המושבה,IL,צפתית 24% קשה מושבה,קילוגרמים,1.00,"ק""ג",true,,75.00,75.0000,true,1,198227
7290004861278,false,שמנת 30% טבעי המושבה,"מחלבת המושבה בע""מ",IL,שמנת 30% טבעי המושבה,קילוגרמים,1.00,"ק""ג",true,,45.00,45.0000,true,1,198228
7290004861315,false,מעדניה-גבינה לאבנה ט,"מחלבת המושבה בע""מ",IL,לאבנה 5% המושבה,קילוגרמים,1.00,"ק""ג",true,,45.00,45.0000,true,1,238012
7290004861384,false,גבינת אורדה/ריקוטה,מחלבת המושבה,IL,ריקוטה %12 המושבה,קילוגרמים,1.00,"ק""ג",true,,54.00,54.0000,true,1,235226
7290004861520,false,גבינת שמנת 5% מושבה,"מחלבת המושבה בע""מ",IL,קרם שמנת 5% המושבה,קילוגרמים,1.00,"ק""ג",true,,39.00,39.0000,true,1,198229
7290004944032,false,חומוס שמיר אסלי 400 גר,"סלטי שמיר 2006 בע""מ",IL,חומוס אסלי 400 גרם,,400.00,,false,,14.90,0.0373,true,1,198358
7290004944049,false,טחינה אסלי שמיר 400 ג',"סלטי שמיר 2006 בע""מ",IL,טחינה אסלי 400גר,,400.00,,false,,14.90,0.0373,true,1,198359
7290004944056,false,חציל במיונז אסלי שמיר 400 ג',"סלטי שמיר 2006 בע""מ",IL,חציל במיונז אסלי 400,,400.00,,false,,14.90,0.0373,true,1,198360
7290004944063,false,סלט תורכי אסלי שמיר 400 ג',"סלטי שמיר 2006 בע""מ",IL,תורכי אסלי 400גר,,400.00,,false,,14.90,0.0373,true,1,198361
7290005068058,false,תירס קל מופחת קלוריות 550 ג' פרי הגליל,"פרי הגליל בע""""מ",IL,תירס קל מופחת קלוריו,,550.00,,false,,8.90,0.0162,true,1,201282
7290005068447,false,"גרגרי תירס קל בוואקום ללת""ס פרי גליל 340ג'","פרי הגליל בע""""מ",IL,תירס קל בוואקום 340ג,,340.00,,false,,8.90,0.0262,true,1,201283
7290005068492,false,לקט ירקות מעורבים 700 גרם פרי-גליל,"פרי הגליל בע""""מ",IL,לקט ירקות מעורבים 70,,700.00,,false,,10.90,0.0156,true,1,201284
7290005068553,false,לקט ירקות בורגנדי 700 ג' פרי הגליל,"פרי הגליל בע""""מ",IL,לקט ירקות בורגנדי 70,,700.00,,false,,10.90,0.0156,true,1,201285
7290005068621,false,ברוקלי פרי הגליל 800ג',"פרי הגליל בע""""מ",IL,ברוקולי 800גר,,800.00,,false,,14.90,0.0186,true,1,201286
7290005084355,false,סנסודין משחת שיניים דואל קר פלואוריד 75,גלקסו סמית קליין,GB,סנסודיין משחת שיניים,,75.00,,false,,21.90,0.2920,true,1,199600
7290005113222,false,זיתים קוקטייל וגמבה יבנה 350ג',קבוצת יבנה,IL,זיתים מיקס יבנה 340,,340.00,,false,,10.90,0.0321,true,1,211420
7290005174513,false,סלט חצילים במיונז אחלה 500 גרם,מיוצר עי קונדיטוריית,IL,חציל במיונז אחלה 500,,500.00,,false,,15.90,0.0318,true,1,195815
7290005174551,false,סלט חומוס עם צנוברים 125 ג' אחלה,מיוצר עי קונדיטוריית,IL,סלט חומוס אחלה 125גר,,125.00,,false,,5.50,0.0440,true,1,195816
7290005174575,false,טחינה אחלה יום יום משובחת 125ג',מיוצר עי קונדיטוריית,IL,סלט טחינה אחלה 125גר,,125.00,,false,,5.60,0.0448,true,1,195818
7290005175428,false,"קמח תירס לל""ג ריבארה 500 ג'",קריות זול,AR,קמח תירס ויליפוד 500,,500.00,,false,,6.50,0.0130,true,1,178646
7290005175589,false,"קמח תירס ללא גלוטן וילי פוד 1 ק""ג",קריות זול,AR,קמח תירס ויליפוד 1 ק,,1000.00,,false,,10.90,0.0109,true,1,178647
7290005197758,false,עוגיות חיוכים שוקו שוקו 150 גרם,אפיפית נצרת תעשיות ב,IL,עוגיות חיוכים שוקו 1,,150.00,,false,,5.20,0.0347,true,1,208614
7290005200786,false,תפוצ'יפס בטעם שמנת בצל עלית 50 גרם,"שטראוס פריטו ליי בע""",IL,תפוציפס שמנת ובצל 50,,50.00,,false,,4.20,0.0840,true,1,184125
7290005201455,false,קפה נמס מגורען עלית 200 גרם,"אינסטנטה בע""מ",PL,*מבצע* קפה נמס ארומה,,200.00,,false,,15.90,0.0795,true,1,208638
7290005270000,false,עלי סיגר מרוקאי 500,"חמים וטעים בע""מ",IL,עלי סיגר 500גר,,500.00,,false,,16.90,0.0338,true,1,172442
7290005287206,false,טונה סטארקיסט רביעיות בשמן 492 גרם,"סטארקיסט פודור בע""מ",IL,טונה סטארקיסט בשמן 4,,640.00,,false,,25.90,0.0405,true,1,179624
7290005287251,false,טונה סטארקיסט במים רביעיות 4*160 גר,"סטארקיסט פודור בע""מ",IL,טונה סטארקיסט במים 4,,640.00,,false,,25.90,0.0405,true,1,179627
7290005287527,false,טונה סטארקיסט בשמן עם לימון 160 גר,"סטארקיסט פודור בע""מ",TH,טונה סטארקיסט בשמן ל,,160.00,,false,,7.90,0.0494,true,1,179632
7290005287534,false,טונה סטארקיסט בשמן מעושן בית יוסף 112 גר,תאי יוניון גרופ,IL,טונה סטארקיסט בשמן ע,,160.00,,false,,7.90,0.0494,true,1,179633
7290005287657,false,"ממרח טונה סטארקיסט בד""צ 160 גרם","סטארקיסט פודור בע""מ",IL,ממרח טונה סטארקיסט 1,,160.00,,false,,7.90,0.0494,true,1,179641
7290005296246,false,"פותח סתימות דריין אאוט 946 מ""ל יעקבי",יוליניבר,US,כלורקס פותח סתימות 9,,946.00,,false,,29.90,0.0316,true,1,183668
7290005296260,false,"אסטוניש ספריי רסס ונגב לניקוי כללי יעקבי 750 מ""ל",יעקובי אסטוניש,GB,אסטוניש רסס ונגב 750,,750.00,,false,,15.90,0.0212,true,1,183669
7290005317125,false,ביסקוויט חצי מצופה 175 גרם,אפיפית נצרת תעשיות ב,IL,ביסקוויט חצי מצופה 1,,175.00,,false,,6.50,0.0371,true,1,202420
7290005317194,false,בסקויט מתוק רגיל/שוקו 110 גר,אפיפית נצרת,IL,בסקוויט פתי בר מתוק,,110.00,,false,,3.90,0.0355,true,1,202421
7290005317200,false,קרקר טופז טעמים שונים 110 גר,אפיפית נצרת,IL,קרקר טופז מלח 110גר,,110.00,,false,,3.90,0.0355,true,1,202422
7290005326523,false,ממרח פסטו פטרוזיליה ונענע אוליביה 180 גר,אוליביה,IL,ממרח פסטו פטרוזיליה,,185.00,,false,,14.90,0.0805,true,1,192992
7290005384851,false,וילי פוד מיץ לימון בדץ 200מל,קריות זול,IT,מיץ לימון ויליפוד 20,,200.00,,false,,4.90,0.0245,true,1,178652
7290005384868,false,בסגנון דנאבלו ויליפו,,,בסגנון דנאבלו ויליפו,קילוגרמים,1.00,"ק""ג",true,,89.00,89.0000,true,1,178452
7290005384899,false,פטינה ים תיכונית בסג,וילי פוד,NL,פטינה ויליפוד,קילוגרמים,1.00,"ק""ג",true,,39.00,39.0000,true,1,178453
7290005387043,false,צלעות 22 צרכני מוצפי,JBS S.A,BR,צלעות מס' 2 חלק קפוא,קילוגרמים,1.00,"ק""ג",true,,39.90,39.9000,true,1,248152
7290005423543,false,אורביטול - משחת שיניים להלבנה 145 גרם,טרופיקל דגיל קוסמטיק,IL,אורביטול משחת שיניים,,145.00,,false,,10.90,0.0752,true,1,180395
7290005423567,false,מטליות ניקוי רב שימושיות בגליל סנו סושי 40 יחידות,אסותא תעשיות אלבד בע,IL,סנו סושי בגליל 40יח,יחידה,0.00,יחידה,false,,22.90,0.0000,true,1,180396
7290005423635,false,ריצפז נוזל רצפות דוחה תיקנים סנו 2 ליטר,מיוצר עי קונדיטוריית,IL,ריצפז פלוס דוחה חרקי,ליטרים,2.00,ליטר,false,,24.90,12.4500,true,1,180397
7290005423734,false,מקסימה מרכך כביסה אולטרא פרש כחול סנו 4 ליטר,"סנו מפעלי ברונוס בע""",IL,סנו מקסימה מרכך כביס,ליטרים,4.00,ליטר,false,,23.90,5.9750,true,1,180398
7290005423833,false,פוליויקס נוזל לניקוי פרקט סנו 2 ליטר,"סנו מפעלי ברונוס בע""",IL,פוליויקס פרקט 2ליטר,ליטרים,2.00,ליטר,false,,23.90,11.9500,true,1,180399
7290005423918,false,סנו - מקסימה מרכך כביסה היפואלרגני אלוורה 4 ליטר,קריות זול,IL,סנו מקסימה מרכך כביס,ליטרים,4.00,ליטר,false,,23.90,5.9750,true,1,180402
7290005424311,false,"קוטל חרקים K רב קוטל סנו 500 מ""ל",מיוצר עי קונדיטוריית,IL,סנו K רב קוטל,יחידה,475.00,יחידה,false,,24.90,0.0524,true,1,180408
7290005424403,false,"אל סבון כיף אצות ים קטיפתי 1ליטר,",טרופיקל דגיל תעשיות,IL,כיף אל סבון אצות ים,,1000.00,,false,,13.90,0.0139,true,1,180410
7290005425073,false,"מטהר אויר בניחוח יסמין ועץ סאנדלווד סנו 300 מ""ל","סנו מפעלי ברונוס בע""",IL,סנו דואופרש יסמין עץ,,300.00,,false,,13.90,0.0463,true,1,180429
7290005425196,false,"מקסימה אבקת כביסה סנסיטיב סנו 2.5 ק""ג",מיוצר עי קונדיטוריית,IL,אבקת מקסימה סנסטיב 2,קילוגרמים,2.50,"ק""ג",false,,25.90,10.3600,true,1,180433
7290005425646,false,קליר נוזל לניקוי חלונות רב תכליתי סנו 1 ליטר,"סנו מפעלי ברונוס בע""",IL,סנוקליר לניקוי חלונו,,1000.00,,false,,10.90,0.0109,true,1,180443
7290005426193,false,ספוגית הפלא סנו סושי 6 יחידות,טרופיקל דגיל תעשיות,IL,סנו סושי ספוג הפלא 6,יחידה,0.00,יחידה,false,,11.90,0.0000,true,1,180462
7290005426575,false,"קרמה לחות לשיער יבש ללא שטיפה 400 מ""ל",טרופיקל דגיל תעשיות,IL,קרמה לחות לשיער יבש,,400.00,,false,,22.90,0.0572,true,1,180472
7290005426803,false,מקסימה מרכך כביסה פצ'ולי לבנדר סגול סנו 4 ליטר,סנו מקסימה,IL,סנו מקסימה מרכך כביס,ליטרים,4.00,ליטר,false,,23.90,5.9750,true,1,180481
7290005426940,false,"סנו K-300 מדביר חרקים 475 מ""ל",טרופיקל דגיל תעשיות,IL,סנו 300 K פלוס 6,יחידה,400.00,יחידה,false,,24.90,0.0622,true,1,180487
7290005426964,false,סנובון סבון לאסלה בניחוח אפרסק סנו 3 יחידות,סנו סנובון,IL,סנובון כחול בריח אפר,,150.00,,false,,17.90,0.1193,true,1,180488
7290005426971,false,סנובון סבון לאסלה תפוח כחול סנו 3 יחידות,סנו סנובון,IL,סנובון כחול בריח תפו,,150.00,,false,,17.90,0.1193,true,1,180489
7290005427107,false,סנו - סושי מגבות נייר הפלא 6 יחידות,מיוצר עי קונדיטוריית,IL,סנו סושי מגבות הפלא,,6.00,,false,,13.90,2.3167,true,1,180493
7290005427725,false,"חמישיית מגבונים מבושם ""ליטופים""",טרופיקל דגיל קוסמטיק,IL,מגבוני ליטופים מבושם,,5.00,,false,,21.90,4.3800,true,1,180528
7290005429279,false,סנו מקסימה קומפקט קומפקט אפקט גאוול 6 ק,סנו מקסימה,IL,סנו מקסימה אבקת כביס,קילוגרמים,6.00,"ק""ג",false,,49.90,8.3167,true,1,180565
7290005429286,false,"אבקת כביסה מקסימה ביו 6 ק""ג סנו",סנו מקסימה,IL,סנו מקסימה ביו אבקת,קילוגרמים,6.00,"ק""ג",false,,49.90,8.3167,true,1,180566
7290005430602,false,"סנו אוקסיג'ן ספריי להסרת כתמים עם חמצן פעיל 750 מ""ל","סנו מפעלי ברונוס בע""",IL,סנו אוקסיגן מסיר כתמ,,750.00,,false,,18.90,0.0252,true,1,180571
7290005430862,false,מים מזוקקים סנו 4 ליטר,סנו,,מים מזוקקים 4 ליטר,ליטרים,4.00,ליטר,false,,19.90,4.9750,true,1,180580
7290005431159,false,עדן קינוחים תותים בקצפת לייט,עדן קינוחים,IL,תותים בקצפת לייט 80,,80.00,,false,,7.40,0.0925,true,1,247426
7290005431883,false,עדן קינוחים מלבי חלבי,עדן קינוחים Eden,IL,מלבי חלבי 165 גרם,,165.00,,false,,7.40,0.0448,true,1,224790
7290005431906,false,מעדן קדאיף עדן קינוח,עדן קינוחים Eden,IL,קדאיף 82 גרם,,92.00,,false,,7.40,0.0804,true,1,224792
7290005431913,false,עדן קינוחים עוגת גבינה פירורים,עדן קינוחים Eden,IL,עוגת גבינה פירורים 9,,92.00,,false,,7.40,0.0804,true,1,224793
7290005431920,false,עדן קינוחים עוגת גבינה פירורים לייט,עדן קינוחים Eden,IL,עוגת גבינה פירורים ל,,165.00,,false,,7.40,0.0448,true,1,224794
7290005431937,false,עדן קינוחים טירמיסו,עדן קינוחים Eden,IL,טירמיסו 82 גרם,,82.00,,false,,7.40,0.0902,true,1,224795
7290005431968,false,עדן קינוחים מלבי שמנת,עדן קינוחים Eden,IL,מלבי שמנת 150 גרם,,150.00,,false,,7.90,0.0527,true,1,224797
7290005437069,false,שמן זית למאור 1 ליטר טעמן,טעמן,,שמן מאור טעמן 1ליטר,,1000.00,,false,,22.90,0.0229,true,1,194693
7290005437540,false,פיטריות חתוך טעמן 290 גר',,IL,פטריות חתוכות טעמן 2,,290.00,,false,,4.90,0.0169,true,1,194698
7290005437632,false,שמן קנולה 1 ליטר טעמן,,IL,שמן קנולה טעמן 1ליטר,,1000.00,,false,,11.90,0.0119,true,1,194699
7290005437755,false,"פסטה צינורות 500 ג' בד""ץ טעמן",מוטלו,TR,פסטה טעמן 500גר,,500.00,,false,,4.90,0.0098,true,1,194700
7290005437762,false,"פסטה ספירלה 500 ג' בד""ץ טעמן",מוטלו,TR,פסטה ספירלה טעמן 500,,500.00,,false,,4.90,0.0098,true,1,194701
7290005437861,false,טעמן קוקטייל פירות 825גרם,פ.ת גרייט פנאפל,ID,קוקטייל פירות טרופיי,,825.00,,false,,13.90,0.0168,true,1,194706
7290005437939,false,פסטה ספגטיני 500 גר' טעמן,,,פסטה ספגטיני מס'10 ט,,500.00,,false,,4.90,0.0098,true,1,194708
7290005437946,false,טעמן פסטה ספגטי 500 גרם,טעמן,,פסטה ספגטי מס' 6 טעמ,,500.00,,false,,4.90,0.0098,true,1,194709
7290005477669,false,אל סבון נוזלי מועשר בלחות דרמפון 1 ליטר,"אמיליה קוסמטיקס בע""מ",IL,דרמפון סבון נוזלי מו,,1000.00,,false,,19.90,0.0199,true,1,180584
7290005559587,false,מאפה נקניקיה בבצק מעדנות 800ג',מיוצר עי קונדיטוריית,IL,מאפה נקניקיות מעדנות,,800.00,,false,,29.90,0.0374,true,1,188403
7290005559907,false,פיצה משפחתית גבינה מעדנות 500 גר,מיוצר עי קונדיטוריית,IL,*מבצע* פיצה משפחתית,,500.00,,false,,15.90,0.0318,true,1,188412
7290005559914,false,פיצה משפחתית זיתים מעדנות 550 גרם,מיוצר עי קונדיטוריית,IL,*מבצע* פיצה משפחתית,,550.00,,false,,15.90,0.0289,true,1,188413
7290005559990,false,בצק פילאס תורכי מעדנות 600 גרם,מיוצר עי קונדיטוריית,IL,בצק פילאס תורכי מעדנ,,600.00,,false,,22.90,0.0382,true,1,188421
7290005591761,false,דבש טהור מפרחי בר בלחיץ 400 ג' יד מרדכי,מכוורת יד מרדכי שטרא,IL,דבש טהור מפרחי בר בל,,400.00,,false,,29.90,0.0747,true,1,208643
7290005609121,false,פילה סלמון טרי,,,פילה סלמון טרי,קילוגרמים,1.00,"ק""ג",true,,99.00,99.0000,true,1,198055
7290005609152,false,בורי בינוני נקי טרי,,,בורי בינוני נקי טרי,קילוגרמים,1.00,"ק""ג",true,,44.90,44.9000,true,1,198057
7290005609169,false,פורל טרי,,,פורל טרי,קילוגרמים,1.00,"ק""ג",true,,69.90,69.9000,true,1,198058
7290005609343,false,קרפיון נקי טרי,,,קרפיון טרי,קילוגרמים,1.00,"ק""ג",true,,34.90,34.9000,true,1,198059
7290005610509,false,צנונית ארוז דוד משה 500ג',ביכורי השקמה,IL,צנוניות יח,יחידה,0.00,יחידה,false,,4.90,0.0000,true,1,214237
7290005651069,false,"מזון חתולים לה קט מיקס 2.85 ק""ג","ביופט בע""מ",IL,לה קט מיקס 2.85קג,קילוגרמים,2.85,"ק""ג",false,,79.90,28.0351,true,1,179653
7290005651366,false,"מזון לכלבים בונזו מזון כלבים כבד 3 ק""ג","ביופט בע""מ",IL,בונזו כבד 3קג,קילוגרמים,3.00,"ק""ג",false,,55.90,18.6333,true,1,179654
7290005651427,false,שלישיות מעדני בונזו לכלבים 400X3 גרם,קריות זול,FR,בונזו מולטי פק 3*400,,1200.00,,false,,23.90,0.0199,true,1,179655
7290005689369,false,סינטה עגל,,,סינטה עגל,קילוגרמים,1.00,"ק""ג",true,,129.00,129.0000,true,1,249659
7290005838002,false,מעדן גבינה ויוגורט בטעם וניל 88 ג' דניאלה,"שטראוס בריאות בע""מ",IL,דניאלה מעדן גבינה 15,,150.00,,false,,4.30,0.0287,true,1,195830
7290005838613,false,"סקי וניל בודד 125 גרם ""שטראוס""","שטראוס בריאות בע""מ",IL,סקי גבינת וניל 125גר,,125.00,,false,,3.90,0.0312,true,1,195835
7290005838972,false,גבינת יום יום 5% שטראוס 125ג',מיוצר עי קונדיטוריית,IL,סקי גבינת לבנה 5% 12,,125.00,,false,,3.60,0.0288,true,1,195836
7290005839078,false,"יוגורט דנונה ביו לבן 3% שומן 8*150 מ""ל",מיוצר עי קונדיטוריית,IL,דנונה ביו מארז שמיני,,1200.00,,false,,17.50,0.0146,true,1,195837
7290005839108,false,גבינה לבנה סימפוניה עם תוספות 200 ג'+זיתים 5%,"שטראוס בריאות בע""מ",IL,גבינת סימפוניה עם זי,,200.00,,false,,11.80,0.0590,true,1,195839
7290005839313,false,"מילקי טופ מגולגלת שטראוס 170 מ""ל",מיוצר עי קונדיטוריית,IL,מילקי טופ מגולגלת 14,,142.00,,false,,4.80,0.0338,true,1,195840
7290005896415,false,"בירה איגל לאגר פרימיום 5% 500 מ""ל פחית","טמפו משקאות בע""מ",IL,בירה איגל ירוק פחית,,500.00,,false,,6.90,0.0138,true,1,224714
7290005896620,false,סאן בנדטו - מוגז עדין - 1.5 ליטר,אקווה מינרלה סאן בנד,IT,סאן בנדטו מים מינרלי,,1500.00,,false,,3.90,0.0026,true,1,173077
7290005896637,false,סאן בנדטו - מים מינרלים טבעיים מהאלפים 1.5 ליטר,אקווה מינרלה סאן בנד,IT,סאן בנדטו 1.5 ליטר,,1500.00,,false,,3.90,0.0026,true,1,173078
7290005992018,false,"יוגורט עיזים לשתיה 3% מחלבות גד 500 מ""ל","מיוצר ע""י קוד יצרן M",IL,יוגורט עיזים 3% 500מ,,500.00,,false,,14.70,0.0294,true,1,171618
7290005992575,false,גבינה בולגרית למריחה 5% גד 250 גרם,מחלבות גד בעמ,IL,בולגרית למריחה 5% 25,,250.00,,false,,18.90,0.0756,true,1,171622
7290005992735,false,לאבנה טבעית 5% 250 גר' - רבנות,הנסיך- מפעל לייצור ט,IL,לאבנה 5% 250גר מחלבו,,250.00,,false,,13.30,0.0532,true,1,171625
7290005996078,false,סרוולט בסגנון הונגרי 200 גר,מעדני יחיעם,IL,סרוולד הונגרי יחיעם,,125.00,,false,,29.90,0.2392,true,1,224708
7290005996740,false,סלמי פפרוני יחיעם 300 ג',מעדני יחיעם 1993,IL,סלמי פפרוני יחיעם 30,,300.00,,false,,24.90,0.0830,true,1,245459
7290006040619,false,גבינת טובורג 5% מעדנ,,,טבורוג כפיר5%,קילוגרמים,1.00,"ק""ג",true,,30.00,30.0000,true,1,174181
7290006040621,false,טבורוג כפיר5%,,,טבורוג כפיר5%,קילוגרמים,1.00,"ק""ג",true,,30.00,30.0000,true,1,248151
7290006040621,false,טבורוג כפיר5%,,,טבורוג כפיר5%,קילוגרמים,1.00,"ק""ג",true,,30.00,30.0000,true,1,248075
7290006041043,false,טבורוג עם צימוקים כפ,,,טבורוג עם צימוקים כפ,קילוגרמים,1.00,"ק""ג",true,,30.00,30.0000,true,1,174182
7290006131287,false,פילה בקלה (מרלוזה) א,,,פילה בקלה (מרלוזה) א,קילוגרמים,1.00,"ק""ג",true,,34.90,34.9000,true,1,215657
7290006131447,false,מקרל קפוא,,,מקרל קפוא,קילוגרמים,1.00,"ק""ג",true,,21.90,21.9000,true,1,215659
7290006199218,false,"שמיניית גלידל אייס מוקה ""פלדמן""",הגלידות של פלדמן,IL,גלידל חלבי מאגדת בטע,,8.00,,false,,29.90,3.7375,true,1,224739
7290006229427,false,סן בנדטו - מים מינרלים - מארז שישיית 500 מל,קריות זול,IT,סאן בנדטו שישייה 6*5,,3000.00,,false,,14.90,0.0050,true,1,173088
7290006243713,false,בורקס גבינה שחף 800 גרם,שחף,,בורקס גבינה שחף 800ג,,800.00,,false,,15.90,0.0199,true,1,203291
7290006243737,false,שחף גחנון 800 גרם,שחף,,גחנון שחף 800גר,,800.00,,false,,15.90,0.0199,true,1,203292
7290006251343,false,הגן הקסום תה פסיפלורה ומנגו ויסוצקי 25 יחידות,תה ויסוצקי,IL,תה פסיפלורה מנגו הגן,,62.50,,false,,19.90,0.3184,true,1,190798
7290006251374,false,תה ירוק לימונית וג'ינג'ר ויסוצקי 25 יחידות,תה ויסוצקי,IL,תה ירוק לימונית וגינ,,25.00,,false,,26.90,1.0760,true,1,190800
7290006251589,false,תה ירוק עם עלי נענע 50 שקיקים ויסוצקי,בית ויסוצקי,IL,תה ירוק עם עלי נענע,,50.00,,false,,46.90,0.9380,true,1,190801
7290006256775,false,"גאטו נגרו מלבק 750 מ""ל",,,גאטו נגרו מלבק 750 מ,,750.00,,false,,39.90,0.0532,true,1,246566
7290006265500,false,פטריות שמפיניון ארוז מרינה,"מרינה פטריות הגליל בע""מ",IL,פטריות שמפיניון ארוז,,250.00,,false,,8.90,0.0356,true,1,172536
7290006271174,false,ג'חנון לאפיה בתנור מעדנות 700 גרם,מיוצר עי קונדיטוריית,IL,גחנון לאפיה בתנור מע,,700.00,,false,,18.90,0.0270,true,1,188425
7290006271648,false,מיני בורקס תפוחי אדמה מעדנות 800 גרם,"מעדנות בע""מ",IL,"מיני בורקס תפו""א מעד",,800.00,,false,,24.90,0.0311,true,1,188441
7290006271655,false,מיני בורקס גבינה מעדנות 800 גרם,מיוצר עי קונדיטוריית,IL,מיני בורקס גבינה מעד,,800.00,,false,,27.90,0.0349,true,1,188442
7290006272072,false,חטיפי פיצה בשקית מעדנות 650ג',"מעדנות בע""מ",IL,חטיפי פיצה מעדנות 65,,650.00,,false,,33.90,0.0522,true,1,188454
7290006272430,false,בצק עלים חמאה מעדנות 600 גרם,מיוצר עי קונדיטוריית,IL,בצק עלים חמאה מעדנות,,600.00,,false,,28.90,0.0482,true,1,188459
7290006306319,false,רביולי במילוי בטטה 400 ג' פסטה נונה,דורום תעשיות מזון ופ,IL,רביולי במילוי בטטה 4,,400.00,,false,,26.90,0.0672,true,1,189896
7290006306326,false,רביולי במילוי פטריות וגבינת פרמזן פסטה נונה 400 ג',דורום תעשיות מזון ופ,IL,רביולי במילוי פטריות,,400.00,,false,,26.90,0.0672,true,1,189897
7290006306357,false,רביולי במילוי גבינת עיזים 400 ג' פסטה נונה,דורום תעשיות מזון ופ,IL,רביולי במילוי גבינת,,400.00,,false,,26.90,0.0672,true,1,189900
7290006342072,false,גרעין לבן 200 גרם ששון הקולה,"דין שיווק וקלייה בע""",IL,גרעין דלעת קלוי ששון,,200.00,,false,,7.90,0.0395,true,1,200789
7290006342515,false,מנצס 200 גרם ששון הקולה,"דין שיווק וקלייה בע""",,מנצס 200גרם,,200.00,,false,,6.90,0.0345,true,1,200793
7290006342560,false,בוטן אמריקאי 200 גרם ששון הקולה,"דין שיווק וקלייה בע""",IL,בוטנים מצופים 200גר,,200.00,,false,,5.00,0.0250,true,1,200795
7290006374738,false,קונפיטורת יד מרדכי תות 340 גרם,אף.סי תבליני בגליל ב,IL,קונפיטורת תות יד מרד,,340.00,,false,,13.90,0.0409,true,1,208666
7290006376022,false,קורנפלור 200גר פרימי,,,קורנפלור 200גר פרימי,,200.00,,false,,3.90,0.0195,true,1,235262
7290006376718,false,גלטין לעוגה פרימיום 24 יח,,,ג'לטין שקיות 24 גר,,24.00,,false,,9.90,0.4125,true,1,198720
7290006464293,false,כבד בקר לצליה לא מוכ,,,כבד בקר לצליה לא מוכ,קילוגרמים,1.00,"ק""ג",true,,29.90,29.9000,true,1,198705
7290006492432,false,גבינת מוצרלה בייבי 18% גד 150 גרם,מחלבות גד בעמ,IL,בייבי מוצרלה מחלבות,,100.00,,false,,16.50,0.1650,true,1,171640
7290006492616,false,גבינה בולגרית מעודנת פרוסות 5% גד 250 גרם,DSH עבור מחלבות גד ב,IL,בולגרית פרוסות 5% 25,,250.00,,false,,27.90,0.1116,true,1,171642
7290006492630,false,גבינת פרומעז עיזים 22% גד 180 גרם,מחלבות גד בעמ,IL,גבינת גליל מחלבות גד,,180.00,,false,,24.50,0.1361,true,1,171643
7290006492685,false,גבינת לאבנה עיזים 5% גד 250 גרם,מחלבות גד בעמ,IL,לאבנה עזים 5% 250גר,,250.00,,false,,18.80,0.0752,true,1,171645
7290006492852,false,גבינת עיזים למריחה 5% שומן 250 ג' גד,קריות זול,IL,גבינת עיזים 5 % למרי,,250.00,,false,,19.70,0.0788,true,1,171651
7290006492913,false,גבינת לאבנה ציזיקי 5% מחלבות גד 250 גרם,מחלבות גד בעמ,IL,לאבנה ציזיקי 250גר מ,,250.00,,false,,14.50,0.0580,true,1,171654
7290006498052,false,דנונה ביו יוגורט טבעי מהדרין 3% 150 ג',שטראוס גרופ,IL,יוגורט טבעי מהדרין 3,,150.00,,false,,2.90,0.0193,true,1,195857
7290006511010,false,פרמז'נו שקיל וילי פו,ויליפוד,IT,פרמזנו ויליפוד,קילוגרמים,1.00,"ק""ג",true,,120.00,120.0000,true,1,178454
7290006511683,false,פולי סויה מאנצ`ו קפוא 454 ג' וילפוד,קו.אל.טי.די.קיאוניונ,CN,פולי סויה מאנצו קפוא,,454.00,,false,,10.90,0.0240,true,1,178665
7290006511751,false,פטריות שמפניון חתוך ויליפוד 290X3 ג' בד”צ,לוטס,NL,פטריות חתוכות שלישיי,,870.00,,false,,12.90,0.0148,true,1,178666
7290006511904,false,גבינת אדם כדורים במשקל,ברגלנדמיל,AT,כדורי גבינת אדם וילי,קילוגרמים,1.00,"ק""ג",true,,79.00,79.0000,true,1,178460
7290006546012,false,שעועית בנוסח מקסיקני בטעם חריף 580 ג' פרי הגליל,"פרי הגליל בע""""מ",IL,צילי בנוסח מקסיקני ב,,580.00,,false,,9.90,0.0171,true,1,201314
7290006546302,false,"צ'יפס קיטרינג פרי גליל 1.5 ק""ג","פרי הגליל בע""""מ",IL,ציפס קטרינג קפוא 1.5,,1500.00,,false,,22.90,0.0153,true,1,201315
7290006546371,false,במיה 600 ג' פרי הגליל,"פרי הגליל בע""""מ",IL,במיה 600גר,,600.00,,false,,12.90,0.0215,true,1,201318
7290006546388,false,תחתיות ארטישוק פרי הגליל 400 ג',"פרי הגליל בע""""מ",IL,תחתיות ארטישוק 400 ג,,400.00,,false,,12.90,0.0323,true,1,201319
7290006546517,false,צי'פס סטייק קפוא פרי הגליל 800 ג',"פרי הגליל בע""""מ",IL,סטייק ציפס 800גר,,800.00,,false,,14.90,0.0186,true,1,249846
7290006546999,false,לקט למרק פרי הגליל 800 ג',"פרי הגליל בע""""מ",IL,לקט למרק 800גר,,800.00,,false,,12.90,0.0161,true,1,201337
7290006567048,false,קוסקוס ישראלי מפתול אסם 350ג',"מיוצר ע""י קוד יצרן K",IL,פתיתי קוסקוס ישראלי,,350.00,,false,,8.50,0.0243,true,1,177037
7290006582355,false,סילאן דבש תמרים כשר,"דין שיווק וקליה בע""מ",IL,סילאן 900 גרם,,900.00,,false,,10.90,0.0121,true,1,200802
7290006651570,false,"קמיל בלו אל סבון ושמפו לתינוק ד""ר פישר 750 מ""ל","ד""ר פישר Dr fischer",IL,קמיל בלו אל סבון ושמ,,750.00,,false,,19.90,0.0265,true,1,175106
7290006651730,false,"ד""ר פישר - אלכוג'ל מגבונים לשמירת היגייניית הידיים 20 יח'","ד""ר פישר Dr fischer",IL,אלכוויפס מגבונים לשמ,יחידה,0.00,יחידה,false,,15.90,0.0000,true,1,236293
7290006652027,false,במבה חטיף בוטנים אסם 20*15 גרם,מיוצר עי קונדיטוריית,IL,במבה מארז 20*15גר אס,,300.00,,false,,19.90,0.0663,true,1,177053
7290006653765,false,פסטה פרפקטו פטוציני 500 ג' אסם,אסם פרפקטו,IT,פסטה פרפקטו פטוציני,,500.00,,false,,8.50,0.0170,true,1,177061
7290006653819,false,פתיתי קוסקוס דק 350 גרם,"מיוצר ע""י קוד יצרן K",IL,קוסקוס דק אסם 350 גר,,350.00,,false,,8.50,0.0243,true,1,177062
7290006664402,false,גבינה לבנה סקי 5% שומן 750 גרם,מיוצר עי קונדיטוריית,IL,גבינה לבנה סקי 5% 75,,750.00,,false,,14.94,0.0199,true,1,195907
7290006664532,false,יוגורט עם תות 3% שומן 150 ג' דנונה,מיוצר עי קונדיטוריית,IL,דנונה תות 1.5% 150 מ,,150.00,,false,,3.90,0.0260,true,1,195915
7290006664655,false,"אקטימל לבן טבעי מארז 100X8 מ""ל",מיוצר עי קונדיטוריית,IL,אקטימל טבעי 8*100מל,,800.00,,false,,21.90,0.0274,true,1,195919
7290006664693,false,יוגורט עם אפרסק 3% שומן 150 ג' דנונה,מיוצר עי קונדיטוריית,IL,דנונה אפרסק 1.5% 150,,150.00,,false,,3.90,0.0260,true,1,195922
7290006664990,false,"יוגורט דנונה ביו לבן 1.7% שומן 8*150 מ""ל",מיוצר עי קונדיטוריית,IL,דנונה ביו מארז שמיני,,1200.00,,false,,17.50,0.0146,true,1,195936
7290006681553,false,קרמבו בטעם וניל שטראוס 8 יחידות,"גלידת שטראוס בע""מ",IL,קרמבו וניל שטראוס 8י,,8.00,,false,,15.90,1.9875,true,1,187621
7290006681560,false,קרמבו בטעם מוקה שטראוס 8 יחידות,"גלידת שטראוס בע""מ",IL,קרמבו מוקה שטראוס 8י,,8.00,,false,,15.90,1.9875,true,1,187622
7290006712981,false,"משחת שיניים לילדים בגילאי +6 קולגייט 50 מ""ל",הנסיך- מפעל לייצור ט,PL,קולגייט משחת שיניים,,50.00,,false,,13.90,0.2780,true,1,185710
7290006739131,false,בצק גולמי פילו זוגלובק 500ג',מאפיית אריאל,IL,*מבצע* בצק פילו זוגל,,500.00,,false,,13.90,0.0278,true,1,214241
7290006739247,false,פסטרמה איטלקית זוגלו,זוגלובק,IL,פסטרמה איטלקית זוגלו,קילוגרמים,1.00,"ק""ג",true,,89.00,89.0000,true,1,212232
7290006739292,false,נקניק פסטרמה פרגיות ציפוי תירס,נקניק נהריה כשר זוגל,IL,פסטרמה תבור זוגלובק,,330.00,,false,,29.90,0.0906,true,1,212360
7290006739421,false,נקניק סלמי מעושן איטלקי זוגלובק 300 גרם,נקניק נהריה כשר זוגל,IL,סלמי מעושן איטלקי זו,,300.00,,false,,28.90,0.0963,true,1,212367
7290006739445,false,שניצל תירס קלאסי 750 ג' זוגלובק,נקניק נהריה כשר זוגל,IL,שניצל תירס קלאסי זוג,,750.00,,false,,27.90,0.0372,true,1,212369
7290006739544,false,נקניק כתף בקר 3% 300 גרם,זוגלובק,IL,כתף בקר זוגלובק 300ג,,300.00,,false,,34.90,0.1163,true,1,212370
7290006741363,false,בורקס תפוחי אדמה זוגלובק 800 גרם,מאפיית אריאל וגידרון,IL,"בורקס תפו""א בדץ זוגל",,800.00,,false,,17.90,0.0224,true,1,212402
7290006742162,false,המבורגר מזרחי זוגלובק 400 גרם,נקניק נהריה כשר זוגל,IL,המבורגר מזרחי זוגלוב,,400.00,,false,,22.90,0.0572,true,1,212419
7290006742278,false,פסטרמה הודו צלויה על לבנים 330 ג' זוגלובק,נקניק נהריה כשר זוגל,IL,פסטרממיה צלויה על לב,,330.00,,false,,29.90,0.0906,true,1,212421
7290006742292,false,פסטרמה הודו בדבש 330 ג' זוגלובק,נקניק נהריה כשר זוגל,IL,פסטרממיה בדבש 1% זוג,,330.00,,false,,29.90,0.0906,true,1,212423
7290006742315,false,פסטרמה חזה הודו ברביקיו 2% זוגלובק 330 גרם,נקניק נהריה כשר זוגל,IL,חזה הודו ברביקיו 1%,,330.00,,false,,29.90,0.0906,true,1,212425
7290006764485,false,"בירה שחורה נשר מאלט שישייה ח""פ 330*6 מ''ל",קריות זול,IL,נשר מאלט בקבוק שישיי,,1980.00,,false,,32.90,0.0166,true,1,173101
7290006765000,false,טורטיות חיטה מלאה 8יח 540 ג',אלקטי קוראבייכיסיגיד,TR,טורטיות מקמח חיטה מל,,540.00,,false,,10.00,0.0185,true,1,224887
7290006770561,false,לקט לקוסקוס פרי הגליל 800ג',"פרי הגליל בע""""מ",IL,לקט לקוסקוס 800גר,,800.00,,false,,12.90,0.0161,true,1,201342
7290006775016,false,עוגה מבית טוב 450 גרם תפוז,אחדות ביחר לטחינה חל,IL,עוגת תפוז 450גר,,450.00,,false,,10.90,0.0242,true,1,203369
7290006775023,false,"עוגה מבית טוב"" 450 גרם אנגלית",אחדות ביחר לטחינה חל,IL,עוגת אנגלית 450גר,,450.00,,false,,10.90,0.0242,true,1,203370
7290006775047,false,"עוגה מבית טוב"" 450 גרם שוקולד",אחדות ביחר לטחינה חל,IL,עוגת שוקולד 450גר,,450.00,,false,,10.90,0.0242,true,1,203372
7290006775054,false,עוגת שיש אחווה 450 ג' אחוה,אחדות ביחר לטחינה חל,IL,עוגת שיש 450גר,,450.00,,false,,10.90,0.0242,true,1,203373
7290006775085,false,עוגת שמרים במילוי שוקולד 400גר,אחדות ביחר לטחינה חל,IL,עוגת שמרים שוקולד 40,,400.00,,false,,12.90,0.0323,true,1,203375
7290006775191,false,מאפין ממולא בטעם שוקולד 50 גרם אחוה,אחדות ביחר לטחינה חל,IL,מאפין ממולא שוקולד 5,,50.00,,false,,3.20,0.0640,true,1,203376
7290006775306,false,מאפינס אישי וניל במילוי תות אחווה 50ג',אחדות ביחר לטחינה חל,IL,מאפין ממולא תות 50גר,,50.00,,false,,3.20,0.0640,true,1,203377
7290006775405,false,מאפינס שוקוצ'יפס אישי אחווה 45גרם,אחדות ביחר לטחינה חל,IL,מאפינס 40גר,,40.00,,false,,3.20,0.0800,true,1,203380
7290006775764,false,"עוגת שוקוצ'יפס לל""ס אחדות 400 גר'",אחדות ביחר לטחינה חל,IL,עוגת שוקוציפס ללא סו,,400.00,,false,,12.90,0.0323,true,1,203385
7290006775795,false,"עוגת תפו""ע אחוה במילוי עדין 450'","אחדות ביח""ר לטחינה ח",IL,עוגת תפוח עץ ממולאת,,450.00,,false,,12.90,0.0287,true,1,203386
7290006775894,false,אחדות עוגת שיש ללא תוספת סוכר 400 גרם,"אחדות ביח""ר לטחינה ח",IL,עוגה שיש ללא סוכר 40,,400.00,,false,,12.90,0.0323,true,1,203388
7290006788016,false,"שמפו לשיער יבש 700 מ""ל קרליין","אמיליה קוסמטיקס בע""מ",IL,"קרליין ""10"" שמפו לשי",,700.00,,false,,13.90,0.0199,true,1,180593
7290006788061,false,"מרכך קרליין 10 לשיער רגיל 700 מ""ל","אמיליה קוסמטיקס בע""מ",IL,"קרליין ""10"" מרכך לשי",,700.00,,false,,13.90,0.0199,true,1,180597
7290006788078,false,קרליין מרכך-לשיער יבש,מיוצר עי : אמיליה קו,IL,"קרליין ""10"" מרכך לשי",,700.00,,false,,13.90,0.0199,true,1,180598
7290006788412,false,"קרליין - נושם אקווה דאודורנט רול און לאישה כחול 75 מ""ל",אמיליה קוסמטיקס,IL,קרליין רולאון נושם כ,,75.00,,false,,14.90,0.1987,true,1,180611
7290006788429,false,"קרליין - נושם סאן רייס דאודורנט רול און לאישה כתום 75 מ""ל","אמיליה קוסמטיקס בע""מ",IL,קרליין רולאון נושם כ,,75.00,,false,,14.90,0.1987,true,1,180612
7290006788481,false,"קרליין - נושם סאן רייס דאודורנט ספריי לאישה כתום 200 מ""ל","אמיליה קוסמטיקס בע""מ",IL,קרליין ספריי רקטיב נ,,200.00,,false,,14.90,0.0745,true,1,180617
7290006788504,false,"קרליין - נושם אוקסיג'ן דאודורנט ספריי לאישה סגול 200 מ""ל",מיוצר עי : אמיליה קו,IL,קרליין ספריי רקטיב נ,,200.00,,false,,14.90,0.0745,true,1,180619
7290006822192,false,נקטר דיאט חמוציות אושן ספריי פריגת 1 ליטר,מבשלות בירה בינלאומי,IL,אושן ספריי דיאט חמוצ,,1000.00,,false,,13.90,0.0139,true,1,210301
7290006866967,false,פרימור נקטר חמוציות 1ליטר,סטאר סנקס,IL,פרימור נקטר חמוציות,,1000.00,,false,,12.90,0.0129,true,1,207515
7290006873460,false,מיץ ענבים בציר 1 ליט,יקב ירושלים,IL,מיץ ענבים בציר 1 ליט,,1000.00,,false,,13.90,0.0139,true,1,236111
7290006873620,false,מהודר אדום – מיץ ענב,,,מיץ ענבים אדום טבעי,,1000.00,,false,,12.90,0.0129,true,1,212504
7290006873712,false,יין גראנש רוזה חצי י,,,יין גראנש רוזה חצי י,,1000.00,,false,,19.90,0.0199,true,1,212505
7290006873774,false,יין סמיון לבן חצי יב,,,יין סמיון לבן חצי יב,,1000.00,,false,,19.90,0.0199,true,1,212506
7290006873958,false,יין קרניאן אדום יבש,,,יין קרניאן אדום יבש,,1000.00,,false,,19.90,0.0199,true,1,212507
7290006920553,false,כפיר הצהובה הטובה 5% 400ג,,,כפיר הצהובה הטובה 5%,,400.00,,false,,21.90,0.0547,true,1,221524
7290006920836,false,"תחליפי גבינ""צ מעושן פרוס 350 גר'",צי תעשיות מזון יבנה,IL,מעושן פרוס 350 גרם,,350.00,,false,,15.90,0.0454,true,1,174196
7290006920843,false,"תחליפי גבינ""צ מוצרלה פרוס 350 גר'",צי תעשיות מזון יבנה,IL,מוצרלה פרוס 350 גרם,,350.00,,false,,19.90,0.0569,true,1,174197
7290006920911,false,הולנדית פרוס 350ג' כפיר,צי תעשיות מזון יבנה,IL,הולנדי פרוס 350 גרם,,350.00,,false,,15.90,0.0454,true,1,174198
7290006920935,false,פיקנטית פרוס 350ג' כפיר,,,חריפה פרוס 350 גרם,,350.00,,false,,15.90,0.0454,true,1,174199
7290006920997,false,כדורי מוצרלה 18% כפי,,,כדורי מוצרלה 18% כפי,קילוגרמים,1.00,"ק""ג",true,,79.00,79.0000,true,1,174185
7290006983152,false,קרוטונים מתובלים למרק אסם 400 גרם,עינת תעשיות מזון אגו,IL,קרוטונים מתובלים למר,,400.00,,false,,21.90,0.0547,true,1,177089
7290006983176,false,אוסם - לחמית שיפון 250 גרם,"אסם תעשיות בע""מ",IL,לחמית שיפון אסם 250ג,,250.00,,false,,9.90,0.0396,true,1,177090
7290006983763,false,עוגת הבית שוקולד 400 גרם אסם.,מיוצר עי קונדיטוריית,IL,עוגת הבית שוקולד אסם,,400.00,,false,,14.90,0.0373,true,1,177100
7290006983770,false,עוגת הבית שיש אסם 400 גרם,מיוצר עי קונדיטוריית,IL,עוגת הבית שיש אסם 40,,400.00,,false,,14.90,0.0373,true,1,177101
7290006983787,false,עוגת הבית שוקולד צ'יפס אסם 400 גרם,מיוצר עי קונדיטוריית,IL,עוגת הבית שוקוציפס א,,400.00,,false,,14.90,0.0373,true,1,177102
7290006992185,false,"מטרנה - דייסת אורז פרוביוטי כשל""פ 200 גרם",מולינו ניקולי s.p.a,IL,דייסת אורז מטרנה 200,,200.00,,false,,15.90,0.0795,true,1,177114
7290006992208,false,מטרנה דייסת 8 דגנים מעורבים 200 גרם,מטרנה תעשיות ש.מ,IL,דייסת דגנים מעורבים,,200.00,,false,,15.90,0.0795,true,1,177116
7290006992390,false,"מטרנה - דייסת וניל פרוביוטי כשל""פ 200 גרם",מולינו ניקולי s.p.a,IL,דייסת וניל מטרנה 200,,200.00,,false,,15.90,0.0795,true,1,177119
7290008104050,false,"שטיפת אינטימית לקטופיל פמינה 220 מ""ל",כצט נוביס סעמ,IL,פימינה נוזל שטיפה אי,,200.00,,false,,24.90,0.1245,true,1,199618
7290008154222,false,שניצלונים עוף טוב 700 גרם,מוצרי עוף טוב (2001),IL,שניצלונים עוף טוב 70,,700.00,,false,,19.90,0.0284,true,1,177126
7290008166751,false,חמוציות במגשית הטיב 200 גר',"גיי אנג גי פקאנס בע""",IL,חמוציות 200גר מגשית.,,200.00,,false,,10.90,0.0545,true,1,211970
7290008175173,false,חמאה מפינלנד ללא מלח 200 גרם ויליפוד,ואליו אל.טי.די,FI,חמאה מפינלנד ללא מלח,,200.00,,false,,15.90,0.0795,true,1,178675
7290008175760,false,מנצגו חלב כבשים מעדניה שקיל,אלפסטור,ES,מנצגו כבשים ויליפוד,קילוגרמים,1.00,"ק""ג",true,,120.00,120.0000,true,1,178463
7290008175777,false,גבינת איברקו חלב ישר,יושלם,ES,איבריקו ויליפוד,קילוגרמים,1.00,"ק""ג",true,,120.00,120.0000,true,1,178464
7290008175906,false,גבינת עיזים קשה וילי,אלמטאה,NL,גבינת עיזים חלב ארינ,קילוגרמים,1.00,"ק""ג",true,,120.00,120.0000,true,1,178466
7290008190640,false,אפיפיות בטעם אגוזים בציפוי שוקולד לבן 110 גר בית יוסף,קריות זול,,אפיפיות אגוזים ושוקו,,110.00,,false,,7.90,0.0718,true,1,213349
7290008190909,false,עוגיות מיני קוקיס שוקולד צ'יפס כרמית 600 גרם,כרמית תעשיות ממתקים,IL,מיני קוקיס שוקולד צי,,600.00,,false,,17.90,0.0298,true,1,213354
7290008194266,false,מארזים מתוקים א.אטיא,ממתקי השלום,IL,חטיפים מעורבים 350 ג,,350.00,,false,,14.50,0.0414,true,1,173970
7290008286947,false,מנות פילה סלמון נורווגי בית יוסף,,,פילה סלמון נורבגי מנ,קילוגרמים,1.00,"ק""ג",true,,89.90,89.9000,true,1,246071
7290008329224,false,מרקיה צבעוני 20יח דנ,,,מרקיה צבעוני 20יח דנ,יחידה,0.00,יחידה,false,,9.90,0.0000,true,1,197691
7290008329248,false,ליפתנית צבעוני 20יח,,,ליפתנית צבעוני 20יח,,0.00,,false,,6.90,0.0000,true,1,197693
7290008329293,false,סכינים פרימיום שקוף/קרם/לבן/זהב דנטס אר' 50 יח',,TR,סכינים פרימיום שקוף/,יחידה,0.00,יחידה,false,,9.90,0.0000,true,1,197698
7290008329309,false,מזלגות פרמיום שקוף/קרם/לבן/זהב דנטס אר 50 יח,,TR,מזלגות פרימיום שקוף/,יחידה,0.00,יחידה,false,,9.90,0.0000,true,1,197699
7290008329316,false,כפות פרימיום שקוף/קרם/לבן/זהב דנטס 50 יח,,TR,כפות פרימיום שקוף/קר,יחידה,0.00,יחידה,false,,9.90,0.0000,true,1,197700
7290008409049,false,מיני שניצלונים בציפוי שומשום מאמא עוף 500 גרם,תנובה גליל שותפות מו,IL,שניצלונים מיני מיני,,500.00,,false,,29.90,0.0598,true,1,188494
7290008409100,false,אצבעות שניצל בציפוי שומשום מאמא עוף 700 גרם,תנובה גליל שותפות מו,IL,אצבעות שניצל שומשום,,700.00,,false,,38.90,0.0556,true,1,188500
7290008409124,false,מאמא עוף קפוא שניצל ג'ונגל פריך 700 גרם,תנובה גליל שותפות מו,IL,שניצל גונגל פריך מאמ,,700.00,,false,,38.90,0.0556,true,1,188502
7290008409315,false,מיני מיני דק שניצלונים בציפוי פריך מאמא עוף 500 ג',תנובה גליל,IL,שניצלונים מיני מיני,,500.00,,false,,29.90,0.0598,true,1,188515
7290008443616,false,"מרכך לשיער יבש אדום 750 מ""ל נקה 7","אמיליה קוסמטיקס בע""מ",IL,נקה 7 מרכך לשיער יבש,,750.00,,false,,12.90,0.0172,true,1,180684
7290008443630,false,"שמפו לשיער מתולתל נקה 7 750 מ""ל","אמיליה קוסמטיקס בע""מ",IL,נקה 7 שמפו לשיער מתו,,750.00,,false,,12.90,0.0172,true,1,180686
7290008443647,false,"מרכך לשיער מתולתל סגול, 750 מ""ל נקה 7","אמיליה קוסמטיקס בע""מ",IL,נקה 7 מרכך מועשר בתמ,,750.00,,false,,12.90,0.0172,true,1,180687
7290008453783,false,שקיות אשפה ושרוך 50/70 אריזת 60יח',,,אשפה שרוך 52/65 60 י,יחידה,0.00,יחידה,false,,14.90,0.0000,true,1,236488
7290008464024,false,"בירה גולדסטאר Unfiltered, בירה לא מסוננת, פחית 500 מ""ל","טמפו משקאות בע""מ",IL,בירה גולדסטאר לאגר כ,,500.00,,false,,9.90,0.0198,true,1,173110
7290008464222,false,"בירה מכבי 7.9%, בירה חזקה, פחית 500 מ""ל","טמפו משקאות בע""מ",IL,בירה מכבי 7.9% פחית,,500.00,,false,,8.90,0.0178,true,1,173113
7290008464468,false,"בירה גולדסטאר, פחית 500 מ""ל",פארייפאבה אגרואינדוס,IL,בירה גולדסטאר פחית 5,,500.00,,false,,8.90,0.0178,true,1,173123
7290008464475,false,"בירה מכבי, פחית 500 מ""ל","טמפו משקאות בע""מ",IL,בירה מכבי פחית 500מל,,500.00,,false,,8.90,0.0178,true,1,173124
7290008464505,false,סאן בנדטו בקבוק פלסטיק 500מל,פארייפאבה אגרואינדוס,IT,"סאן בנדטו 500מ""ל",,500.00,,false,,3.00,0.0060,true,1,173125
7290008464741,false,"בירה גולדסטאר, מארז שישייה, בקבוק 330 מ''ל",קריות זול,IL,בירה גולדסטאר בקבוק,,1980.00,,false,,36.90,0.0186,true,1,173136
7290008464796,false,"בירה היינקן, מארז שישייה, בקבוק 330 מ''ל",קריות זול,IL,בירה היינקן בקבוק 6*,,1980.00,,false,,36.90,0.0186,true,1,173140
7290008493413,false,פירורי לחם מאיר בייגל פירורי גריסיני 200 גרם,מאיר בייגל,IL,פרורי גריסני שקית 20,,200.00,,false,,6.90,0.0345,true,1,179670
7290008493710,false,פירורי לחם מאיר בייגל פרורי גריסני זהב 200 גרם,מאיר בייגל,IL,פרורי גריסיני זהב 20,,200.00,,false,,6.90,0.0345,true,1,214552
7290008590129,false,שעועית ירוקה שלמה שף,משק ויילר,BE,שעועית ירוקה שלמה שף,,800.00,,false,,9.90,0.0124,true,1,249291
7290008590150,false,אפונת גינה קטנה שף ה,משק ויילר,BE,אפונת גינה קטנה שף ה,,800.00,,false,,9.90,0.0124,true,1,247589
7290008614498,false,צלעות מס'2 קפוא,,,צלעות מס'2 קפוא,קילוגרמים,1.00,"ק""ג",true,,39.90,39.9000,true,1,235213
7290008614528,false,צלי כתף מס 5 חלק מהד,,,צלי כתף מס 5 חלק מהד,קילוגרמים,1.00,"ק""ג",true,,69.90,69.9000,true,1,245089
7290008614559,false,שריר הזרוע מס 8 חלק,,,שריר הזרוע מס 8 חלק,קילוגרמים,1.00,"ק""ג",true,,36.90,36.9000,true,1,235988
7290008644112,false,סלט מטבוחה יום יום אחלה 125 ג',"שטראוס גרופ בע""מ",IL,סלט מטבוחה אחלה 125ג,,125.00,,false,,5.60,0.0448,true,1,195969
7290008644235,false,עלי בייבי שטראוס 120 גרם,שטראוס בריאות ירקות,IL,עלי בייבי 120 גר שטר,,120.00,,false,,11.90,0.0992,true,1,195970
7290008644945,false,לקט לסלט המושבה שטראוס 450 גרם,שטראוס בריאות ירקות,IL,סלט המושבה שטראוס 45,,450.00,,false,,12.90,0.0287,true,1,195978
7290008690713,false,נקטר חמוציות אושן ספריי פריגת 1 ליטר,מבשלות בירה בינלאומי,IL,אושן ספריי חמוציות 1,,1000.00,,false,,13.90,0.0139,true,1,210334
7290008693134,false,מעדן גבינה ויוגורט בטעם תות 5% שומן 88 ג' דניאלה,"שטראוס בריאות בע""מ",IL,דניאלה תות מעדן גבינ,,150.00,,false,,4.30,0.0287,true,1,195990
7290008736244,false,סינטה בקר קפוא,,,סינטה בקר קפוא,קילוגרמים,1.00,"ק""ג",true,,69.90,69.9000,true,1,248009
7290008736312,false,לשון בקר קפוא,,,לשון בקר קפוא,קילוגרמים,1.00,"ק""ג",true,,39.90,39.9000,true,1,246978
7290008737296,false,"גפילטע פיש ""דג עדן 6",,,"גפילטע פיש ""דג עדן 6",,6.00,,false,,15.90,2.6500,true,1,198723
7290008745239,false,תפוצ'יפס קראנצ' בטעם טבעי עלית 50 גרם,"שטראוס פריטו ליי בע""",IL,תפוציפס אקסטרא טבעי,,50.00,,false,,4.20,0.0840,true,1,184128
7290008747547,false,תפוצ'יפס קראנץ' בטעם טבעי עלית 200 גרם,"שטראוס פריטו ליי בע""",IL,תפוציפס אקסטרא טבעי,,200.00,,false,,11.70,0.0585,true,1,184130
7290008750264,false,מסטיק מאסט LL פליפ.דובדבן מגדים 28 גר,"שטראוס גרופ בע""מ",IL,מסטיק מאסט דובדבן 28,,28.00,,false,,4.90,0.1750,true,1,208747
7290008752244,false,תפוצ'יפס קראנץ' בטעם גריל עלית 50 גרם,"שטראוס פריטו ליי בע""",IL,תפוציפס אקסטרא גריל,,50.00,,false,,4.20,0.0840,true,1,184133
7290008753111,false,תפוצ'יפס קראנץ' בטעם מקסיקני עלית 50 גרם,"שטראוס פריטו ליי בע""",IL,תפוציפס מקסיקני 50גר,,50.00,,false,,4.20,0.0840,true,1,184136
7290008757034,false,"שוופס סודה זכוכית 250 מ""ל","יפאורה תבורי בע""מ",IL,שוופס סודה 250מל,,250.00,,false,,3.90,0.0156,true,1,181821
7290008757980,false,קרטונית ספרינג נקטר רימונים 1 ליטר,"יפאורה תבורי בע""מ",IL,ספרינג רימונים 1 ליט,,1000.00,,false,,7.90,0.0079,true,1,181838
7290008775816,false,ערגליות עוגיות במילוי שוקו אסם 300 גרם,מיוצר עי קונדיטוריית,IL,ערגליות שוקו אסם 300,,300.00,,false,,11.50,0.0383,true,1,177166
7290008775823,false,ערגליות במילוי תות אסם 300 גרם,מיוצר עי קונדיטוריית,IL,ערגליות תות אסם 300ג,,300.00,,false,,11.50,0.0383,true,1,177167
7290008792264,false,מפיות טישיו טאצ' 100יח',"שניב תעשיות נייר בע""",IL,טאצ מפיות 100,,100.00,,false,,4.90,0.0490,true,1,202528
7290008801119,false,יין סוביניון בלאן סלקטד יקבי כרמל,אגודת הכורמים הקואופ,IL,יין סלקטד סוביניון ב,,750.00,,false,,29.90,0.0399,true,1,171233
7290008801157,false,מרלו סלקטד כרמל מזרחי 750 מל,כרמל מזרחי,IL,יין סלקטד מרלו 750 מ,,750.00,,false,,29.90,0.0399,true,1,171234
7290008801539,false,יין כרמל 120 קינג דיוויד יקבי כרמל,אגודת הכורמים הקואופ,IL,יין קינג דיוויד מתוק,,750.00,,false,,21.90,0.0292,true,1,171242
7290008801546,false,יין מוסקט מתוק קינג דיוויד יקבי כרמל,אגודת הכורמים הקואופ,IL,יין קינג דיוויד מוסק,,750.00,,false,,21.90,0.0292,true,1,171243
7290008801843,false,קברנה סוביניון אדום יבש 750 מל סלקטד,"כד בני דרום בע""מ",IL,יין סלקטד קברנה סובי,,750.00,,false,,29.90,0.0399,true,1,171245
7290008801850,false,סלקטד אמרלד ריזלינג לבן חצי יבש 750 מל,אגודת הכורמים הקואופ,IL,יין סלקטד אמרלד ריזל,,750.00,,false,,29.90,0.0399,true,1,171246
7290008802291,false,יין מרלו פרייבט קולקשן יקבי כרמל,אגודת הכורמים הקואופ,IL,יין מרלו פריווט קולק,,750.00,,false,,39.90,0.0532,true,1,171247
7290008802512,false,"יין וינו אדום ""כרמל מזרחי""","כד בני דרום בע""מ",IL,יין וינו אדום יבש 75,,750.00,,false,,21.90,0.0292,true,1,171248
7290008802529,false,"יין לבן חצי יבש וינו 750 מ""ל",כרמל מזרחי,IL,יין וינו לבן יבש 750,,750.00,,false,,21.90,0.0292,true,1,171249
7290008804332,false,שיראז אדום יבש פריווט קולקשיין 750מל,אגודת הכורמים הקואופ,IL,יין שיראז אדום יבש פ,,750.00,,false,,39.90,0.0532,true,1,171261
7290008805049,false,סלקטד זינפנדל כרמל מזרחי 750 מל,"כד בני דרום בע""מ",IL,יין סלקטד זינפנדל 75,,750.00,,false,,29.90,0.0399,true,1,171281
7290008807050,false,"יין טבע קברנה סובניון 750 מ""ל",יקבי בינימינה,IL,יין טבע קברנה סוביני,,750.00,,false,,24.90,0.0332,true,1,200632
7290008835954,false,"פילה אמנון 5-7 וואקום בד""ץ.",היינאן קשינגטאי,CN,פילה אמנון 5-7 וואקו,קילוגרמים,1.00,"ק""ג",true,,29.90,29.9000,true,1,234104
7290008836401,false,יין אדום מתוק ישן נושן אפרת 1 ליטר,יקב טפרברג 1870 בעמ,IL,יין ישן נושן 1 ליטר,,1000.00,,false,,24.90,0.0249,true,1,172758
7290008836494,false,יקבי אפרת תירוש טבעי אדום 1 ליטר,יקב טפרברג 1870 בעמ,IL,תירוש טבעי אדום 1 לי,,1000.00,,false,,17.90,0.0179,true,1,172762
7290008849739,false,רוטב סויה אמיתי אוליביה 310 גרם,קריות זול,IL,רוטב סויה קלאסי אולי,,290.00,,false,,13.90,0.0479,true,1,193039
7290008849777,false,רוטב צ'ילי מתוק אוליביה 345 גרם,קריות זול,IL,רוטב צילי מתוק 350 מ,,290.00,,false,,13.90,0.0479,true,1,193043
7290008921190,false,"יין לבן אמרלד ריזלינג ""תשבי""",יקב תשבי,,יין אמרלד ריזלינג וי,,750.00,,false,,34.90,0.0465,true,1,199407
7290008975551,false,תחליף חלב מהדרין שלב 3 מטרנה 700 גרם,מולינו ניקולי s.p.a,IL,מטרנה מהדרין שלב 3 7,,700.00,,false,,59.90,0.0856,true,1,177186
7290010050109,false,רוזמרין/עירית,,,רוזמרין/עירית,יחידה,0.00,יחידה,false,,5.90,0.0000,true,1,205130
7290010051021,false,בזיליקום 40 גרם,,,בזיליקום,יחידה,0.00,יחידה,false,,5.90,0.0000,true,1,205132
7290010051045,false,עלי בייבי מיקס ארוז,חקלאי,IL,סלט ביבי מיקס בנספק,יחידה,0.00,יחידה,false,,8.90,0.0000,true,1,205134
7290010051052,false,פטרוזיליה א.אדמה,אדמה,,פטרוזליה,יחידה,0.00,יחידה,false,,3.90,0.0000,true,1,205135
7290010051076,false,לבבות קיסר א.אדמה,אדמה,,לבבות חסה,יחידה,0.00,יחידה,false,,9.90,0.0000,true,1,205137
7290010051113,false,טימין קורנית ארוז,חקלאי,IL,קורנית (טימין),יחידה,0.00,יחידה,false,,5.90,0.0000,true,1,205139
7290010051120,false,מרווה יח',,,מרווה,יחידה,0.00,יחידה,false,,5.90,0.0000,true,1,205140
7290010051144,false,תרד עלים א.אדמה,אדמה,,תרד עלים 180גר,,180.00,,false,,9.90,0.0550,true,1,205142
7290010051168,false,כוסברה א.אדמה,אדמה,,כוסברה,יחידה,0.00,יחידה,false,,3.90,0.0000,true,1,205144
7290010051175,false,כוסברה/שמיר ארוז,חקלאי,IL,כוסברה/שמיר ארוז,,1000.00,,false,,3.90,0.0039,true,1,205146
7290010051182,false,נענע א.אדמה,אדמה,,נענע ארוזה,יחידה,0.00,יחידה,false,,3.90,0.0000,true,1,205147
7290010051199,false,שורש פטרוזיליה א.אדמה,אדמה,,שורש פטרוזיליה,יחידה,0.00,יחידה,false,,5.90,0.0000,true,1,205148
7290010051205,false,סלרי אמריקאי א.אדמה,אדמה,,סלרי אמריקאי.,,200.00,,false,,5.90,0.0295,true,1,205149
7290010051212,false,ראש סלרי א.אדמה,אדמה,,סלרי ראש,יחידה,0.00,יחידה,false,,5.90,0.0000,true,1,205150
7290010051267,false,לוף בשקית א.אדמה,אדמה,,פרסה לוף שלם,יחידה,0.00,יחידה,false,,7.90,0.0000,true,1,205155
7290010051281,false,עלי רוקולה/רוקט,ביכורי שדה דרום,IL,עלי רוקולה,יחידה,0.00,יחידה,false,,7.90,0.0000,true,1,205156
7290010051298,false,מנגולד עלי סלק א.אדמה,אדמה,,סלק עלים ארוז,יחידה,0.00,יחידה,false,,6.90,0.0000,true,1,205157
7290010051335,false,בצל ירוק א.אדמה,אדמה,,בצל ירוק,,110.00,,false,,5.90,0.0536,true,1,205159
7290010051373,false,לבבות חסה א.אדמה,,,לבבות חסה א.אדמה,יחידה,0.00,יחידה,false,,9.90,0.0000,true,1,238577
7290010051403,false,שיבה יח',,,שיבה,יחידה,0.00,יחידה,false,,5.90,0.0000,true,1,205160
7290010051434,false,חסה סלנובה ארוז,ביכורי שדה דרום,IL,חסה סלנובה,יחידה,0.00,יחידה,false,,10.90,0.0000,true,1,238578
7290010051687,false,רוזמרין 30 גרם,אדמה,,רוזמרין,יחידה,0.00,יחידה,false,,5.90,0.0000,true,1,205166
7290010065295,false,פרינוק - מחית תפוחי עץ ובננה 130 גרם,פרינוק,CZ,"פרינוק מחית תפו""ע+בנ",,130.00,,false,,5.70,0.0438,true,1,185312
7290010065349,false,פרינוק גרבר גוניור סלט פירות 190 גר',פרוטה פודווין איי.אס,CZ,פרינוק מחית גוניור ס,,190.00,,false,,6.70,0.0353,true,1,193061
7290010065745,false,ג`וניור פרינוק מחית לפתן פירות 190ג',פרוטה פודווין איי.אס,CZ,פרינוק מחית גוניור ל,,190.00,,false,,6.70,0.0353,true,1,193076
7290010066513,false,נתחי טונה בשמן צמחי רביעיה *158ג' פילטונה,תעשיות פילטונה,IL,נתחי טונה בשמן פילטו,,632.00,,false,,22.90,0.0362,true,1,204451
7290010066575,false,נתחי טונה במים רביעיה *158ג' פילטונה,תעשיות פילטונה,IL,נתחי טונה במים פילטו,,632.00,,false,,22.90,0.0362,true,1,204454
7290010066582,false,נתחי טונה בשמן קנולה רביעיה * 158 ג' פילטונה,תעשיות פילטונה,IL,נתחי טונה בשמן קנולה,,632.00,,false,,22.90,0.0362,true,1,204455
7290010066599,false,רביעיית נתחי טונה בשמן זית פילטונה 158X4 גרם,תעשיות פילטונה,IL,נתחי טונה בשמן זית פ,,632.00,,false,,29.90,0.0473,true,1,204456
7290010116980,false,אבקת שוקולית שקית עלית 850 ג',הנסיך- מפעל לייצור ט,IL,שוקולית עלית 850גר,,820.00,,false,,17.90,0.0218,true,1,208791
7290010117864,false,דוריטוס חטיף תירס בטעם חריף אש עלית 70 גרם,שטראוס פריטו ליי (מל,IL,דוריטוס חריף אש 70גר,,70.00,,false,,3.90,0.0557,true,1,184145
7290010118328,false,תפוצ'יפס בטעם טבעי עלית מארז 6*40 גרם,שטראוס פריטו ליי (מל,IL,תפוציפס טעם טבעי מאר,,240.00,,false,,13.90,0.0579,true,1,184150
7290010124107,false,סטייקבורגר זהב 400 גר',בלדי,IL,סטייק בורגר זהב 400,,400.00,,false,,19.90,0.0497,true,1,225697
7290010124213,false,סינטה בקר דק דק אל מטאדור 250 ג',בלאדי,IL,סינטה בקר דק דק אל מ,,250.00,,false,,19.90,0.0796,true,1,225699
7290010124503,false,שומן כבש מעובד ארוז בלדי 200גר,בלדי,IL,שומן כבש 200גר,,200.00,,false,,13.90,0.0695,true,1,199309
7290010153510,false,בורגול יבש מיה 500 גר',"מיה תעשיות מזון בע""מ",IL,בורגול מיה 500 גר,,500.00,,false,,6.90,0.0138,true,1,202836
7290010153534,false,קמח תירס מיה 400 גרם,מיה תעשיות מזון,IL,קמח תירס 400 גר,,400.00,,false,,5.90,0.0148,true,1,175137
7290010153770,false,ציפוי לשניצל פיקנטי מיה 500 גרם,מיה תעשיות מזון,IL,ציפוי לשניצל פיקנטי,,500.00,,false,,9.90,0.0198,true,1,202840
7290010153787,false,ציפוי לשניצל עם שום מיה 500 גרם,מיה תעשיות מזון,IL,ציפוי לשניצל שום 500,,500.00,,false,,9.90,0.0198,true,1,202841
7290010153794,false,ציפוי לשניצל עם עשבי תיבול מיה 500 גרם,מיה תעשיות מזון,IL,ציפוי לשניצל עשבי תי,,500.00,,false,,9.90,0.0198,true,1,202842
7290010153800,false,ציפוי לשניצל עם תיבול עדין מיה 500 גר',מיה תעשיות מזון,IL,ציפוי לשניצל תיבול ע,,500.00,,false,,9.90,0.0198,true,1,202843
7290010175857,false,פרוסות לבבות דקל 400 ג' טעמן,אינאקספו,IL,לבבות דקל פרוסות 400,,400.00,,false,,12.90,0.0323,true,1,194332
7290010176229,false,נודלס בטעם בקר בכוס 65 גר' טעמן,זיזיאנג גרין הום פוד,CN,נודלס בטעם בשר 65 גר,,65.00,,false,,5.90,0.0908,true,1,194730
7290010176236,false,נודלס בטעם ירקות בכוס 65 גר' טעמן,זיזיאנג גרין הום פוד,CN,נודלס בטעם ירקות 65ג,,65.00,,false,,5.90,0.0908,true,1,194731
7290010176243,false,נודלס בטעם סיני בכוס 65 גר' טעמן,זיזיאנג גרין הום פוד,CN,נודלס בטעם פיקנטי 65,,65.00,,false,,5.90,0.0908,true,1,194732
7290010199891,false,"סטייל - סבון ידיים אדום 500 מ""ל משאבה - מרכז",דולפין ספא,TR,אל סבון סטייל תה אדו,,500.00,,false,,6.90,0.0138,true,1,199621
7290010259823,false,מנת השף נודלס בטעם עוף וילי פוד 70 גרם,נמצ'או(תאילנד) בעמ,TH,נודלס בטעם עוף מנת ה,,70.00,,false,,5.90,0.0843,true,1,178698
7290010259830,false,מנת השף נודלס בסגנון סיני פיקנטי וילי פוד 70 גרם,נמצ'או(תאילנד) בעמ,TH,נודלס סגנון סיני פיק,,70.00,,false,,5.90,0.0843,true,1,178699
7290010259991,false,צנימים מיוחדים בטעם טבעי 250 ג',קריות זול,PT,צנימים ויליפוד 250גר,,250.00,,false,,8.50,0.0340,true,1,178709
7290010328093,false,ממרח חלווה אחווה 400 ג' מהדרין,אחדות בית חרושת לטחי,IL,ממרח חלבה 400גר,,400.00,,false,,10.90,0.0273,true,1,203391
7290010328246,false,טחינה גולמית משומשום מלא אחווה 500 גרם,"אחדות ביח""ר לטחינה ח",IL,טחינה משומשום מלא 50,,500.00,,false,,12.90,0.0258,true,1,203393
7290010328253,false,טחינה גולמית משומשום טבעי אחווה 500 גרם,"אחדות ביח""ר לטחינה ח",IL,טחינה גולמית 500 גרם,,500.00,,false,,11.90,0.0238,true,1,203394
7290010328345,false,חלווה 50 גר' וניל אחדות,אחדות ביחר לטחינה חל,IL,חלבה 50גר,,350.00,,false,,2.90,0.0083,true,1,203395
7290010328468,false,אחווה חטיפי מיני חלווה ב- 3 טעמים 18 יח,שוורצקוף& הנקל דיסלד,IL,חטיפי מיני חלבה ב3 ט,,216.00,,false,,12.90,0.0597,true,1,203396
7290010328680,false,עוגה בטעם שוקולד עם שוקוצ'יפס מריר ולבן 450 גרם,אחדות ביחר לטחינה חל,IL,עוגת שוקולד עם שוקוצ,,450.00,,false,,10.90,0.0242,true,1,203405
7290010328710,false,קיצפיות אחווה 180 גר,אחדות ביחר לטחינה חל,IL,קצפיות במגש 180גר,,180.00,,false,,10.90,0.0606,true,1,203408
7290010328727,false,ממרח טחינה עם שוקולד אחווה 400 גרם,אחדות ביחר לטחינה חל,IL,ממרח טחינה עם שוקולד,,400.00,,false,,10.90,0.0273,true,1,203409
7290010328734,false,ממרח טחינה עם סילאן משומשום מלא,אחדות ביחר לטחינה חל,IL,ממרח טחינה עם סילאן,,400.00,,false,,10.90,0.0273,true,1,203410
7290010328819,false,"ממרח טחינה עם שוקולד לל""ס 400 ג' אחדות!.",אחדות ביחר לטחינה חל,IL,ממרח טחינה עם שוקולד,,400.00,,false,,10.90,0.0273,true,1,203415
7290010328901,false,מאפין בטעם וניל אחוה 45 גרם,אחדות ביחר לטחינה חל,IL,מאפין בטעם וניל 45גר,,45.00,,false,,3.20,0.0711,true,1,220722
7290010429554,false,"שמן זית כתית מעולה יד מרדכי 2 קלאסי, 750 מ""ל",מכוורת יד מרדכי שטרא,IL,שמן זית כתית מעולה2,,750.00,,false,,36.90,0.0492,true,1,208826
7290010471669,false,יוגורט תות עם קורנפלקס מצופה שוקולד ללא גלוטן 3.9%,"שטראוס בריאות בע""מ",IL,דנונה בר תות קורנפלק,,173.00,,false,,4.80,0.0277,true,1,196024
7290010472307,false,מארז 8 יחידות משקה גמדים בטעם תות בננה,מיוצר עי קונדיטוריית,IL,גמדים לשתיה תות בננה,,800.00,,false,,20.90,0.0261,true,1,196033
7290010472390,false,מארז 8 יחידות מעדן דני בטעם שוקולד 1.5%,מיוצר עי קונדיטוריית,IL,דני שוקולד מארז 8*12,,1000.00,,false,,16.90,0.0169,true,1,196038
7290010513727,false,פנקו פרורי לחם 200 גרם (קינגדאו),קינגדאו גוניון פודס,CN,פירורי לחם פנקו 200ג,,200.00,,false,,9.90,0.0495,true,1,205414
7290010613526,false,טאצ' דלי מטליות לחות לניקוי וחיטוי בתוספת חומץ 250 יח',,,דלי מטליות לניקוי וח,יחידה,0.00,יחידה,false,,10.90,0.0000,true,1,245748
7290010613953,false,טאצ' דלי מטליות לחות לניקוי וחיטוי בניחוח מלון בוטיק 250 יח',סאסאטק,IL,דלי מטליות לניקוי וח,יחידה,0.00,יחידה,false,,10.90,0.0000,true,1,246668
7290010676712,false,פילה סול ארוז קפוא,,,פילה סול ארוז קפוא,,1000.00,,false,,37.90,0.0379,true,1,250582
7290010711123,false,"ננס רביעיה ""שייני"" ח",מ.א ייצור ושיווק מטל,CN,"ננס רביעיה ""שייני""",יחידה,0.00,יחידה,false,,7.90,0.0000,true,1,197919
7290010711932,false,שייני מטליות אינטנסיב רב שימושית 9 יח',נועם אורים תעשיות בע,IL,מטליות רב שימושיות 9,,9.00,,false,,9.90,1.1000,true,1,197932
7290010718634,false,"פנינה רוזנבלום -אל סבון נוזלי לבן,1 ליטר",פנינה רוזנבלום,IL,אל סבון לבן פנינה רו,,1000.00,,false,,11.90,0.0119,true,1,211110
7290010748860,false,"ד""ר פישר - אפקטיב קר קרם ידיים אינטנסיב 150 מ""ל",פישר מעבדות פרמצבטיו,IL,קרם ידיים אפקטיב לעו,,150.00,,false,,10.90,0.0727,true,1,204367
7290010766734,false,רוטב פיצה אוליביה אסם 430 ג',אוליביה,IL,רוטב פיצה אוליביה 41,,415.00,,false,,14.90,0.0359,true,1,193114
7290010766949,false,ממרח תחתיות ארטישוק 180ג' אוליביה,אוליביה,IL,ממרח ארטישוק אוליביה,,180.00,,false,,14.90,0.0828,true,1,193120
7290010791538,false,לה-קט דליקטס עוף גורמה 85 גר',מנדלז סי.אר. פרודקשן,TH,לה קט דליקטס עוף גור,,85.00,,false,,6.50,0.0765,true,1,179694
7290010791644,false,בונזו ג'וי מקלוני עןוף 90ג,בונזו,,בונזו ג'וי מקלוני עו,,90.00,,false,,17.90,0.1989,true,1,234703
7290010814695,false,שוקולד מריר פרווה ללא תוספת סוכר כרמית 85 גרם,כרמית תעשיות ממתקים,IL,שוקולד מריר ללא סוכר,,85.00,,false,,6.90,0.0812,true,1,213361
7290010838219,false,ממתיק על בסיס צמח הסטיביה - שקיות,תות ממתקי איכות,IL,סטיביה 100 שק,יחידה,0.00,יחידה,false,,29.90,0.0000,true,1,207568
7290010903917,false,שניצל תירס שף הטבע 1,משק ויילר,IL,"שניצל תירס בד""ץ 1 ק""",,1000.00,,false,,21.90,0.0219,true,1,234492
7290010903924,false,שניצל צמחי דק שף הטב,משק ויילר,IL,"שניצל צמחי בד""ץ 1 ק""",,1000.00,,false,,21.90,0.0219,true,1,234493
7290010922024,false,"פסיפלורה קפואה 250 גרם בד""ץ עדה חרדית",,,"פסיפלורה קפואה בד""ץ",,250.00,,false,,12.90,0.0516,true,1,249541
7290010922864,false,גולש בקר קפוא ארוז 800 גרם אשפר,בלדי,IL,גולש בקר קפוא אשפר 8,,800.00,,false,,39.90,0.0499,true,1,246181
7290010922871,false,טחון בקר 1 קג ארוז קפוא -אשפר,,,טחון בקר אשפר קפוא 1,,1000.00,,false,,29.90,0.0299,true,1,246179
7290010922895,false,המבורגר בקר 400 גר ארוז אשפר,,,המבורגר בקר 400 גרם,,400.00,,false,,14.90,0.0373,true,1,246178
7290010922901,false,קבב מזרחי קפוא ארוז אשפר 400גר,,,קבב מזרחי 400 גרם אש,,400.00,,false,,14.90,0.0373,true,1,246180
7290010922918,false,סטייק מינוט 250 גר ארוז אשפר,,,סטייק מינוט 250 גרם,,250.00,,false,,29.90,0.1196,true,1,246182
7290010922949,false,תות שדה קפוא בלדי 250 גרם,,IL,תות שדה קפוא 250 גרם,,250.00,,false,,12.90,0.0516,true,1,248355
7290010931330,false,סלט מטבוחה אחלה 500 גרם,מיוצר עי קונדיטוריית,IL,סלט מטבוחה אחלה 500ג,,500.00,,false,,15.90,0.0318,true,1,196074
7290010945146,false,קוטג' 3% מועשר בסידן טרה 250 ג' מהדרין,קריות זול,IL,קוטג מועשר 3% 250גר,,250.00,,false,,6.30,0.0252,true,1,184715
7290010945306,false,"חלב קרטון 3% 2 ליטר בד""צ",קריות זול,IL,חלב בקרטון טרה 3% 2,,2000.00,,false,,12.46,0.0062,true,1,184721
7290010945450,false,גבינה לבנה 3% 250 גר מועשר בסידן וויטמין,קריות זול,IL,גבינה לבנה מהדרין 3%,,250.00,,false,,4.90,0.0196,true,1,184731
7290011017866,false,קוקה קולה קלאסי בפחית,החברה המרכזית לייצור,IL,קוקה קולה סליק 330מל,,330.00,,false,,6.70,0.0203,true,1,210435
7290011017873,false,"קוקה קולה זירו פחית 330 מ""ל",החברה המרכזית לייצור,IL,קוקה קולה זירו סילק,,330.00,,false,,6.70,0.0203,true,1,210436
7290011018443,false,"פנטה אורנג פחית סליק 330 מ""ל",החברה המרכזית לייצור,IL,פאנטה אורנג' סליק 33,,330.00,,false,,6.70,0.0203,true,1,210461
7290011022457,false,תבנית 90 ארוז 8 ר2,,,תבנית 90 ארוז 8 ר2,יחידה,0.00,יחידה,false,,9.90,0.0000,true,1,240267
7290011022464,false,תבנית 210 ר99 ארוז 4,,,תבנית 210 ר99 ארוז 4,יחידה,0.00,יחידה,false,,9.90,0.0000,true,1,240268
7290011022495,false,תבנית 8A ארוז 10יח',,,תבנית 8A ארוז 10יח',יחידה,0.00,יחידה,false,,9.90,0.0000,true,1,240269
7290011022563,false,ניילון נצמד צר 150/3,,,ניילון נצמד צר 150/3,יחידה,0.00,יחידה,false,,17.90,0.0000,true,1,240270
7290011022921,false,תבנית 105 ארוז 8יח',,,תבנית 105 ארוז 8יח',יחידה,0.00,יחידה,false,,9.90,0.0000,true,1,240271
7290011022938,false,תבנית 8B ארוז 15 ר29,,,תבנית 8B ארוז 15 ר29,יחידה,0.00,יחידה,false,,9.90,0.0000,true,1,240272
7290011022945,false,תבנית אינגליש ארוז 1,,,תבנית אינגליש ארוז 1,יחידה,0.00,יחידה,false,,9.90,0.0000,true,1,240273
7290011064075,false,מעדן לבנה מסבחה -אבו גוש 200 גרם,גבינות אמיר ניצן בעמ,IL,לאבנה אבו גוש 200 גר,,200.00,,false,,13.90,0.0695,true,1,204858
7290011064099,false,טאפס פלפלוני שרי ממולאים במעדן גבינה,גבינות אמיר ניצן בעמ,IL,פלפלוני שרי ממולא 12,,125.00,,false,,19.90,0.1592,true,1,204859
7290011108816,false,חסה ערבית מהדרין,,,חסה ערבית מהדרין,יחידה,0.00,יחידה,false,,6.90,0.0000,true,1,246959
7290011108823,false,פטרוזליה מהדרין,,,פטרוזליה מהדרין,,1000.00,,false,,5.90,0.0059,true,1,246966
7290011108830,false,כוסברה מהדרין,,,כוסברה מהדרין,,1000.00,,false,,5.90,0.0059,true,1,246968
7290011108861,false,בצל ירוק מהדרין,,,בצל ירוק מהדרין,יחידה,0.00,יחידה,false,,6.90,0.0000,true,1,246971
7290011108878,false,סלרי עלים מהדרין,,,סלרי עלים מהדרין,יחידה,0.00,יחידה,false,,6.90,0.0000,true,1,246972
7290011108885,false,סלק עלים מהדרין,,,סלק עלים מהדרין,,1000.00,,false,,6.90,0.0069,true,1,246967
7290011108892,false,כרוב לבן מהדרין,,,כרוב לבן מהדרין,קילוגרמים,1.00,"ק""ג",true,,12.90,12.9000,true,1,246973
7290011108908,false,כרוב אדום מהדרין,,,כרוב אדום מהדרין,קילוגרמים,1.00,"ק""ג",true,,12.90,12.9000,true,1,246974
7290011115203,false,אל סבון מוצק מבושם בניחוח עדין קלאסיק - מארז רביעיה,טרופיקל דגיל תעשיות,IL,נקה 7 סבון מוצק ורוד,,400.00,,false,,11.90,0.0298,true,1,180767
7290011115265,false,מארז סבון מוצק ארומה אל סבון מועשר בשמנים ארומטיים,"גליל כימיכלים בע""מ",IL,נקה 7 סבון מוצק לילך,,400.00,,false,,11.90,0.0298,true,1,180771
7290011115289,false,אל סבון מוצק מבושם בניחוח עדין קלאסיק - מארז רביעיה,"גליל כימיכלים בע""מ",IL,נקה 7 סבון מוצק לילך,,400.00,,false,,11.90,0.0298,true,1,180773
7290011126209,false,הגן הקסום תה טעם תפוח וקינמון סיידר ויסוצקי 25 יח',תה ויסוצקי,IL,תה תפוח וקינמון סייד,,55.00,,false,,19.90,0.3618,true,1,190843
7290011126940,false,תה ירוק ויסוצקי בתוספת מרווה 25 שקיקים,ויסוצקי ירוק,IL,תה ירוק בתוספת מרווה,,37.50,,false,,26.90,0.7173,true,1,190863
7290011132507,false,סן בנדטו- מים מנרליים - מוגז עדין 500 מל,פארייפאבה אגרואינדוס,IT,מים סאן בנדטו מוגז 5,,500.00,,false,,3.50,0.0070,true,1,173192
7290011133375,false,"בירה שנדי, בירה בטעם אפרסק, מארז שישייה, בקבוק 330 מ''ל","טמפו משקאות בע""מ",IL,שנדי אפרסק שישייה 6*,,1980.00,,false,,39.90,0.0202,true,1,173222
7290011164553,false,סוכריות טופי ממולא בטעם פירות 175 יחידות 700 גרם,טעמן,,סוכריות זאזא טופי פי,,700.00,,false,,15.90,0.0227,true,1,194746
7290011174866,false,צ'יפס בטטה 700 גרם פרי הגליל,פרי הגליל,IL,צ'יפס בטטה קפוא 700ג,,700.00,,false,,15.90,0.0227,true,1,238285
7290011174897,false,אפונה עדינה פרי גליל 600 גר',"פרי הגליל בע""""מ",IL,אפונה עדינה 600גר,,600.00,,false,,10.90,0.0182,true,1,175171
7290011194215,false,מעדן גבינה ויוגורט בטעם בננה 5% שומן 88 ג' דניאלה,"שטראוס בריאות בע""מ",IL,דניאלה בננה 150מל,,150.00,,false,,4.30,0.0287,true,1,196111
7290011194246,false,קוטג' 5% עם סידן 250 ג' שטראוס,מיוצר עי קונדיטוריית,IL,קוטג 5% עם סידן שטרא,,250.00,,false,,5.90,0.0236,true,1,196113
7290011223038,false,בונומי עלים לקרמשניט שכבות אפויות מבצק עלים 300 גרם,בונומי ס.פ.א,IT,עלים לקרמשניט 300גר,,400.00,,false,,16.90,0.0422,true,1,207581
7290011223229,false,"טואלט דאק ג'ל לאסלה טיפות טל רעננות 55 מ""ל","איטיליאן פוד, אס.פי.",IT,טואלט דאק ג'ל אסלה נ,,55.00,,false,,9.90,0.1800,true,1,207591
7290011223243,false,"טואלט דאק ג'ל לאסלה בניחוח לבנדר 55 מ""ל","איטיליאן פוד, אס.פי.",IT,טואלט דאק ג'ל אסלה נ,,55.00,,false,,9.90,0.1800,true,1,207593
7290011239404,false,עמוס חטיפים שונים אר,"בני ריאד מחרום בע""מ",IL,חטיפי מחרום 330גרם,,330.00,,false,,15.90,0.0482,true,1,226108
7290011254001,false,זרעי פשתן מיה 450 גרם,מיה תעשיות מזון,IL,זרעי פשתן 450 גר,,450.00,,false,,7.90,0.0176,true,1,202847
7290011254032,false,קינואה מיה 500 גרם,"מיה תעשיות מזון בע""מ",IL,קינואה מיה 500 גרם,,500.00,,false,,10.90,0.0218,true,1,247926
7290011254254,false,נטיפי שוקולד צ'יפס בטעם שוקולד מיה 300 גרם,"מיה תעשיות מזון בע""מ",IL,נטיפי שוקולד 300 גרם,,300.00,,false,,9.90,0.0330,true,1,202866
7290011254346,false,"קינואה מיה בד""צ 1 ק""ג","מיה תעשיות מזון בע""מ",IL,קינואה מיה 1קג,,1000.00,,false,,19.90,0.0199,true,1,247925
7290011254728,false,ג'לטין טהור 25גרם בקרטונית,"מיה תעשיות מזון בע""מ",IL,גלטין טהור מיה 25 גר,,25.00,,false,,10.90,0.4360,true,1,202867
7290011254759,false,שעועית שחורה יבשה מיה 500 גר',"מיה תעשיות מזון בע""מ",IL,שעועית שחורה 500גר,,500.00,,false,,9.90,0.0198,true,1,175185
7290011254766,false,"שעועית לוביה יבשה מיה 400 גר'בד""צ","מיה תעשיות מזון בע""מ",IL,שעועית לוביה 400גר,,400.00,,false,,8.90,0.0223,true,1,202868
7290011332983,false,מגבונים לניקוי אף מגבונאף קמיל בלו- מארז שלישייה,"ד""ר פישר Dr fischer",IL,*מבצע* מגבונאף קמיל,יחידה,0.00,יחידה,false,,22.90,0.0000,true,1,204375
7290011369460,false,מזלף למקלחת ענן,,,מזלף למקלחת ענן,יחידה,0.00,יחידה,false,,19.90,0.0000,true,1,236245
7290011378233,false,בארכה מאגדת חטיפי חלווה וניל ל.סוכר 120גר,רושדי תעשיות מזון בע,IL,בארכה חטיף חלבה וניל,,126.00,,false,,13.90,0.1103,true,1,177264
7290011379018,false,מארז משפחתי שמפיניון 500 ג' מרינה,מרינה פטריות הגליל,IL,פטריות צמד חמד איטלק,,500.00,,false,,15.90,0.0318,true,1,172625
7290011431341,false,"מזלג איכות יח""פ 100 יח'",,IL,מזלגות 100יח שמאי,יחידה,0.00,יחידה,false,,9.90,0.0000,true,1,226004
7290011431358,false,כפיות איכותי ר. שמאי 100 יחי' כשל''פ עד''ח,,,כפיות 100יח שמאי,יחידה,0.00,יחידה,false,,9.90,0.0000,true,1,226005
7290011431488,false,"אציטון 100 מ""ל",,,"אצטון 100 מ""ל",יחידה,0.00,יחידה,false,,4.90,0.0000,true,1,246015
7290011431495,false,"אלכוהול 1000 סמ""ק עד""ח",,,"אלכוהול 100 סמ""ק ר.ש",יחידה,0.00,יחידה,false,,4.90,0.0000,true,1,248499
7290011431853,false,מפות שמיניה עבה קריסטלי ר.שמאי,,IL,מפות שמיניות עבה כתו,יחידה,0.00,יחידה,false,,8.90,0.0000,true,1,226024
7290011435226,false,דבש מפרחי בר לחיץ 650 ג' יד מרדכי,מכוורת יד מרדכי שטרא,IL,דבש מפרחי בר לחיץ 65,,650.00,,false,,41.90,0.0645,true,1,208873
7290011438142,false,"משקה יטבתה אייס קפה בבקבוק אישי 350 מ""ל",שטראוס גרופ,IL,אייס קפה יטבתה בבקבו,,350.00,,false,,6.90,0.0197,true,1,196170
7290011447267,false,מטרנה פרימיום חלבי שלב 1 700 גרם חיסכון,מטרנה תעשיות ש.מ,IL,מטרנה חלבי שלב 1 700,,700.00,,false,,59.90,0.0856,true,1,177280
7290011447281,false,מטרנה פרימיום חלבי שלב 2 700 גרם חיסכון,מטרנה תעשיות ש.מ,IL,מטרנה חלבי שלב 2 700,,700.00,,false,,59.90,0.0856,true,1,177282
7290011447304,false,מטרנה פרימיום חלבי שלב 3 700 גרם חיסכון,מטרנה תעשיות ש.מ,IL,מטרנה חלבי שלב 3 700,,700.00,,false,,59.90,0.0856,true,1,177284
7290011447359,false,תרכובת מזון המשך לפעוטות מהדרין שלב 1,מולינו ניקולי s.p.a,IL,מטרנה מהדרין שלב 1 7,,700.00,,false,,59.90,0.0856,true,1,177287
7290011447373,false,תרכובת מזון המשך לפעוטות מהדרין שלב 2,מטרנה תעשיות ש.מ,IL,מטרנה מהדרין שלב 2 7,,700.00,,false,,59.90,0.0856,true,1,177289
7290011489533,false,בייגלה שמיניות עם מל,,,בייגלה שמיניות עם מל,,300.00,,false,,6.90,0.0230,true,1,202438
7290011489595,false,קרקר טופז שומשום 24/0.110 הדר,אפיפית נצרת,IL,קרקר טופז שומשום 110,,110.00,,false,,3.90,0.0355,true,1,202443
7290011489601,false,קרקר טופז בטעם בצל ה,אפיפית נצרת,IL,קרקר טופז בצל 110גר,,110.00,,false,,3.90,0.0355,true,1,202444
7290011489625,false,פתי בר ביסקויט בטעם שוקו,אפיפית נצרת,IL,ביסקוויט פתי בר קקאו,,110.00,,false,,3.90,0.0355,true,1,202446
7290011499105,false,בולגרית מסורתית 5% 250 גרם -רבנות,ג'נרל מילס סאן אדריא,IL,בולגרית 5% 250גר מחל,,250.00,,false,,24.90,0.0996,true,1,171660
7290011499129,false,גבינה בולגרית מעודנת קוביות קטנות 5% גד 200 גרם,קוד יצרן DSH,IL,בולגרית מעודנת קוביו,,200.00,,false,,24.90,0.1245,true,1,171662
7290011499303,false,פטה עיזים מעודנת 5% בגביע 250 גרם - רבנות,ג'נרל מילס סאן אדריא,IL,בולגרית עיזים מעודנת,,250.00,,false,,31.90,0.1276,true,1,171670
7290011499327,false,גבינה בולגרית מעודנת 5% 250 גרם - רבנות,מיוצר על ידי DSH עבו,IL,בולגרית בקר מעודנת 2,,250.00,,false,,24.90,0.0996,true,1,171672
7290011499365,false,גד חלומי 24% 200 גרם רובין,"מחלבות גד בע""מ",IL,גבינת חלומי מחלבות ג,,200.00,,false,,23.90,0.1195,true,1,171676
7290011499419,false,גבינה במרקם שמנת בטעם טבעי 5% ניו יורק,מחלבות גד,IL,קרם שמנת ניו יורק טב,,200.00,,false,,13.90,0.0695,true,1,171679
7290011499525,false,גבינת לאבנה דרוזית 9% גד 500 גרם,מחלבות גד בעמ,IL,לאבנה דרוזית 9% 500ג,,500.00,,false,,20.80,0.0416,true,1,171683
7290011499846,false,גבינת ריקוטה פרסקה 9% גד 300 גרם,מחלבות גד בעמ,IL,ריקוטה פרסקה 300גר מ,,300.00,,false,,18.90,0.0630,true,1,171702
7290011499853,false,גבינת שמנת זיתים 30אחוז 200גרם גד,מחלבות גד (שיווק 199,IL,גבינת שמנת ניו יורק,,200.00,,false,,13.90,0.0695,true,1,171703
7290011514075,false,סט תפירה קטן,,,סט תפירה קטן,יחידה,0.00,יחידה,false,,9.90,0.0000,true,1,236247
7290011514280,false,וואקום סקוטש פתוח,,,וואקום סקוטש פתוח,יחידה,0.00,יחידה,false,,7.90,0.0000,true,1,213726
7290011514464,false,גומיות צבעוניות,,,גומיות צבעוניות,יחידה,0.00,יחידה,false,,7.90,0.0000,true,1,213727
7290011514594,false,מסננים לכיור - זוג,,,מסננים לכיור-זוג,יחידה,0.00,יחידה,false,,7.90,0.0000,true,1,236253
7290011514617,false,גומי לרכב,,,גומי לרכב,יחידה,0.00,יחידה,false,,13.90,0.0000,true,1,236254
7290011514709,false,מתלים וואקום - זוג,,,מתלים וואקום זוג,יחידה,0.00,יחידה,false,,9.90,0.0000,true,1,213728
7290011515683,false,טילונים אקסטרים וניל מאגדת 6יח',תות תעשיות מזון (201,IL,מאגדת אקסטרים וניל 6,יחידה,0.00,יחידה,false,,35.90,0.0000,true,1,183830
7290011515911,false,שלגון לייט ריבת חלב מאגדת 6 יח',גלידות נסטלה (נגה גל,IL,מאגדת לייט ריבת חלב,,312.00,,false,,29.90,0.0958,true,1,183838
7290011518561,false,"אקטימל תות משפחתי מארז 14X100מ""ל",מיוצר עי קונדיטוריית,IL,אקטימל תות משפחתי 14,,1400.00,,false,,32.90,0.0235,true,1,196212
7290011524555,false,שעועית לבנה אפויה 800 ג' פרי הגליל,"פרי הגליל בע""""מ",IL,שעועית לבנה אפויה 80,,800.00,,false,,10.90,0.0136,true,1,194420
7290011525712,false,"קמיל בלו אל סבון סנסיטיב לפני השינה ד""ר פישר 1 ליטר","ד""ר פישר Dr fischer",IL,קמיל בלו סנסיטיב לפנ,,1000.00,,false,,33.90,0.0339,true,1,204378
7290011530358,false,שייק איט 450 גרם friday מיקס פירות קפוא,"הבו-קדו בע""מ",IL,שייק איט פירות קפואי,,450.00,,false,,29.90,0.0664,true,1,225700
7290011530488,false,שייק איט 450 גר saturday מיקס פירות קפוא,"הבו-קדו בע""מ",IL,שייק איט פירות קפואי,,450.00,,false,,29.90,0.0664,true,1,225701
7290011530525,false,מיקס פירות קפואים שייק איט צהוב - 3*150 ג',"הבו-קדו בע""מ",IL,שייק איט פירות קפואי,,450.00,,false,,29.90,0.0664,true,1,225702
7290011530532,false,מיקס פירות קפואים שייק איט ירוק - 3*150 ג',"הבו-קדו בע""מ",IL,שייק איט פירות קפואי,,450.00,,false,,29.90,0.0664,true,1,225703
7290011530549,false,מיקס פירות קפואים שייק איט ורוד - 3*150 ג',"הבו-קדו בע""מ",IL,שייק איט פירות קפואי,,450.00,,false,,29.90,0.0664,true,1,225704
7290011530730,false,מיקס פירות קפואים שייק איט חום - 3*150 ג',"הבו-קדו בע""מ",IL,שייק איט פירות קפואי,,450.00,,false,,29.90,0.0664,true,1,225705
7290011530945,false,קרפציו עגל 210 גרם קפוא,בלדי,IL,קרפציו עגל 210 גרם,,210.00,,false,,39.90,0.1900,true,1,225708
7290011537371,false,פסטה קונכיות טעמן 500 גר',מוטלו,TR,פסטה קצרה צורות שונו,,500.00,,false,,4.90,0.0098,true,1,194751
7290011575007,false,"הפי מרסס שומר ברק למקלחון 750 מ""ל",יעקובי הפי,DE,הפי מרסס לאמבט 750 מ,,750.00,,false,,19.90,0.0265,true,1,183700
7290011587079,false,חרדל דיז'ון גרגירים 370 ג' PICCATA,Covinor sas,IL,חרדל דיז'ון גרגרים 3,,370.00,,false,,9.90,0.0268,true,1,175213
7290011587093,false,תירס צעיר במי מלח 42,שיוך למחסן 17,IL,תירס גמדי תומר 400 ג,,400.00,,false,,9.90,0.0248,true,1,175214
7290011587451,false,גרנולה בתוספת פירות ואגוזים,ויטליה,IL,גרנולה+פירות ואגוזים,,600.00,,false,,14.90,0.0248,true,1,175227
7290011587598,false,שימורי אנשובי בפח 45 ג' תומר,אינוורסיונס פריסקו,IL,פילה אנשובי 45גר,,45.00,,false,,7.90,0.1756,true,1,175230
7290011587642,false,מקרל עם פלפל חריף בשמן חמניות,Union des pecheries,,מקרל מרוקאי חריף 125,,125.00,,false,,6.90,0.0552,true,1,175234
7290011587710,false,צלפים במי מלח 350 גר תומר,,,צלפים בחומץ 350גר,,350.00,,false,,10.90,0.0311,true,1,175236
7290011587758,false,אטריות נודלס דק 200 גר' -תומר,אופאל,CN,נודלס דק 200 גרם,,200.00,,false,,6.90,0.0345,true,1,175238
7290011587826,false,חרדל דיז'ון תומר 370ג',Covinor sas,,חרדל דיז'ון 370 גר,,370.00,,false,,9.90,0.0268,true,1,175241
7290011587840,false,עגבניות קצוצות בשמן 340 גר,תומר,,עגבניות קצוצות בשמן,,340.00,,false,,12.90,0.0379,true,1,214264
7290011587857,false,עגבניות מיובשות בשמן חמניות ועשבי תיבול,Sunto gida sun ve ti,TR,עגבניות מיובשות מתוב,,250.00,,false,,9.90,0.0396,true,1,175242
7290011598211,false,"סנו - אנטי קאלק מרסס ניקוי כללי 4 ב-1 700 מ""ל",מיוצר עי קונדיטוריית,IL,סנו אנטי קאלק ניקוי,,700.00,,false,,19.90,0.0284,true,1,180805
7290011598402,false,מקסימה מרכך כביסה ארומתרפי מאסק סנו 4 ליטר,סנו מקסימה,IL,סנו מקסימה מרכך כביס,ליטרים,4.00,ליטר,false,,23.90,5.9750,true,1,180812
7290011607180,false,"אבקת כביסה קולון 101 1.25 ק""ג",ריקט בנקיזר ( ניר אי,IL,קולון 101כתמים אבקת,קילוגרמים,1.25,"ק""ג",false,,10.90,8.7200,true,1,200175
7290011607197,false,"קולון 101 אבקת כביסה 5 ק""ג",רקיט בנקיזר,IL,קולון 101כתמים אבקת,קילוגרמים,5.00,"ק""ג",false,,34.90,6.9800,true,1,200176
7290011615406,false,בולגרית בקוביות בשמן ותבלינים הבולגריה 325 ג' קוליוס,"קוליוס אס. איי, גריק",GR,הבולגריה בקוביות בשמ,,325.00,,false,,15.90,0.0489,true,1,178776
7290011622428,false,כתמטמינים-חטיף בריאות לתינוקות וילדים 45 ג',מיוצר עבור גולדן האר,IL,כתמטמינים חטיף בריאו,,45.00,,false,,7.90,0.1756,true,1,193153
7290011622664,false,כתמטמינים - חטיף אצבעות טחינה אורז ותירס 45 גרם,אלס נוטרישן,IL,כתמטמינים טחינה 45 ג,,45.00,,false,,7.90,0.1756,true,1,250395
7290011725402,false,חסה למהדרין היתר מכי,קוסטר - תורכיה,IL,חסה ערבית מהדרין,יחידה,0.00,יחידה,false,,6.90,0.0000,true,1,246879
7290011725419,false,פטרוזיליה למהדרין הי,קונספסיון/ פניסקור/,IL,פטרוזיליה מהדרין,יחידה,0.00,יחידה,false,,5.90,0.0000,true,1,246865
7290011725426,false,כוסברה מהדרין - ארוז,קונסרבאס פרדו,IL,כוסברה מהדרין,יחידה,0.00,יחידה,false,,5.90,0.0000,true,1,246866
7290011725440,false,שמיר למהדרין היתר מכ,קונסרבס,IL,שמיר מהדרין,יחידה,0.00,יחידה,false,,5.90,0.0000,true,1,246870
7290011725457,false,בצל ירוק למהדרין הית,קלדש הולמן,IL,בצל ירוק מהדרין,יחידה,0.00,יחידה,false,,6.90,0.0000,true,1,246877
7290011725488,false,כרוב לבן למהדרין הית,קוסמופול,IL,כרוב לבן מהדרין,קילוגרמים,1.00,"ק""ג",true,,12.90,12.9000,true,1,246873
7290011732172,false,מארז סוכריות שרשרת 24 יחידות 422 גרם,גואנגדונג צאואן פוד,CN,סוכריות שרשרת טעמן 2,יחידה,0.00,יחידה,false,,19.90,0.0000,true,1,194755
7290011800840,false,רפי כהן סלט טחינה בלאדי צבר 400 גרם,רפי כהן / צבר,IL,טחינה בלאדי צבר 400ג,,400.00,,false,,16.90,0.0422,true,1,177317
7290011860271,false,ביסבול כדורי פירה מתפוחי אדמה תפוגן 700 גרם,"תעשיות תפוגן בע""מ",IL,ביסבול טבעי תפוגן 70,,700.00,,false,,17.90,0.0256,true,1,177322
7290011877156,false,"מבשם אוויר, בגדים וארונות פרש בניחוח מאסק",מיוצר עי קונדיטוריית,IL,סנו פרש ענק מאסק 375,,375.00,,false,,11.90,0.0317,true,1,180848
7290011877859,false,סנו אינסטלטור חדש פותח סתימות 200ג',מיוצר עי קונדיטוריית,IL,*מבצע* סנו אינסטלטור,,200.00,,false,,10.90,0.0545,true,1,180862
7290011877866,false,"מקסימה אבקת כביסה בניחוח מאסק סנו 6 ק""ג","איי, בי, אינבוו",IL,סנו מקסימה מאסק אבקת,קילוגרמים,6.00,"ק""ג",false,,49.90,8.3167,true,1,180863
7290011947316,false,זיתא זיתי קלמטה בשמן זית כתית מעולה 215ג,זיתא - י.ט.ב תעשיות,IL,זיתי קלמטה 215 גר,,215.00,,false,,14.90,0.0693,true,1,190879
7290011947743,false,זיתים זיתא מיקס זית ירוק וזית קלמטה 215 גרם,זיתא - י.ט.ב תעשיות,IL,מיקס זית ירוק וזית ק,,215.00,,false,,14.90,0.0693,true,1,225346
7290011947781,false,מיקס זית ירוק וזית קלמטה ללא גלעין עם שמן זית כתית מעולה,זיתא - י.ט.ב תעשיות,IL,מיקס זית ירוק/קלמטה,,215.00,,false,,14.90,0.0693,true,1,244446
7290011947798,false,זית קלמטה ללא גלעין עם שמן זית כתית מעולה,זיתא - י.ט.ב תעשיות,IL,זית קלמטה ללא גלעין,,215.00,,false,,14.90,0.0693,true,1,244447
7290011964658,false,"מלח לימון 170 גרם ""טעם וריח""","תבליני טעם וריח בע""מ",IL,מלח לימון 170גר,,170.00,,false,,10.90,0.0641,true,1,198577
7290011964702,false,שווארמה ללא מונסודיום 100 גרם מיכל גדול,"תבליני טעם וריח בע""מ",IL,תיבול לשווארמה ללא מ,,100.00,,false,,10.90,0.1090,true,1,198580
7290011977627,false,סרדינים בשמן צמחי טעים 125 גרם,טעמן,MA,סרדין בשמן צמחי 125,,125.00,,false,,6.90,0.0552,true,1,194768
7290011977634,false,סרדינים בשמן צמחי עם פלפל חריף טעים 90 גרם,טעמן,IL,סרדין פלפל חריף 125,,125.00,,false,,6.90,0.0552,true,1,194769
7290011977641,false,סרדינים בלימון 125 גרם - רובין טעים,טעמן,IL,סרדין בלימון 125 גר,,125.00,,false,,6.90,0.0552,true,1,194770
7290011977665,false,סרדינים ברוטב עגבניות טעים 125 גרם,טעמן,MA,סרדין ברוטב עגבניות,,125.00,,false,,6.90,0.0552,true,1,194771
7290011977924,false,טעמן פסטה קרנים\פרפלה 500גרם,מוטלו,TR,פסטה קרנים\פרפלה טעמ,,500.00,,false,,4.90,0.0098,true,1,194779
7290012013225,false,עוגת גבינה אפויה 420 גרם,,,עוגת גבינה ברון 420ג,,420.00,,false,,39.90,0.0950,true,1,239408
7290012019258,false,מחית תפוחי עץ רביעיה 4 * 113 ג' תומר,Cherry growers inc,IL,"מחית תפו""ע 4*113גר",,452.00,,false,,12.90,0.0285,true,1,175271
7290012019265,false,"מחית תפו""ע ללא תוספת סוכר 4*113גר",Cherry growers inc,US,"מחית תפו""ע ללא סוכר",,452.00,,false,,12.90,0.0285,true,1,175272
7290012022203,false,פריכיות קליליות חיטה,דילייט 2005,IL,קליליות (פריכיות) חי,,100.00,,false,,15.90,0.1590,true,1,211354
7290012022227,false,קליליות חיטה טעם טבעי,דילייט 2005,IL,קליליות (פריכיות) חי,,100.00,,false,,13.90,0.1390,true,1,211355
7290012022272,false,פריכיות קליליות קידס,דילייט 2005,IL,קליליות קידס 30גר,,30.00,,false,,12.90,0.4300,true,1,221426
7290012025822,false,שמיר סלק אסלי 400 גרם,"סלטי שמיר 2006 בע""מ",IL,סלק אסלי 400גר,,400.00,,false,,14.90,0.0373,true,1,198380
7290012025839,false,מטבוחה שמיר אסלי 400 גרם,"סלטי שמיר 2006 בע""מ",IL,מטבוחה אסלי 400גר,,400.00,,false,,14.90,0.0373,true,1,198381
7290012086113,false,עגבניות שרי אשכולות מארז,ירקט,IL,שרי קלמר ארוז 450 גר,,450.00,,false,,9.90,0.0220,true,1,196272
7290012116537,false,"מקסימה אבקת כביסה בניחוח מאסק סנו 2.5 ק""ג",טרופיקל דגיל תעשיות,IL,אבקת מקסימה 2.5 קג מ,קילוגרמים,2.50,"ק""ג",false,,25.90,10.3600,true,1,204599
7290012116551,false,אנטי קאלק נוזל לניקוי כללי סנו 2 ליטר,מיוצר עי קונדיטוריית,IL,אנטי קאלק ניקוי כללי,,2000.00,,false,,21.90,0.0109,true,1,180894
7290012117411,false,"שמפו וג'ל רחצה רויבוס 700 מ""ל ""קרמה""",החברה הדרומית,IL,קרמה גל רחצה לגבר במ,,700.00,,false,,17.90,0.0256,true,1,180929
7290012117428,false,"ג'ל רחצה ושמפו מעיינות מנטה קרמה מן 700 מ""ל",טרופיקל דגיל תעשיות,IL,קרמה שמפו גל רחצה לג,,700.00,,false,,17.90,0.0256,true,1,180930
7290012117534,false,סנו - מקסימה מרכך כביסה מרוכז קול 1 ליטר,"סנו מפעלי ברונוס בע""",IL,סנו מקסימה קומפקט 1ל,,1000.00,,false,,18.90,0.0189,true,1,180935
7290012117541,false,מקסימה מרכך כביסה מרוכז צהוב סנו 1 ליטר,החברה הדרומית,IL,סנו מקסימה קומפקט צה,,1000.00,,false,,18.90,0.0189,true,1,180936
7290012117558,false,מקסימה מרכך כביסה מרוכז ורוד בניחוח מאסק סנו 1 ליטר,"סנו מפעלי ברונוס בע""",IL,סנו מקסימה קומפקט מא,,1000.00,,false,,18.90,0.0189,true,1,180937
7290012117732,false,מקסימה מרכך כביסה ארומתרפי קול סנו 4 ליטר,"סנו מפעלי ברונוס בע""",IL,סנו מקסימה מרכך כביס,ליטרים,4.00,ליטר,false,,23.90,5.9750,true,1,180953
7290012117916,false,אינסטלטור נוזל לפתיחת סתימות סנו 1 ליטר,"סנו מפעלי ברונוס בע""",IL,סנו אינסטלטור נוזל 1,,1000.00,,false,,29.90,0.0299,true,1,180960
7290012191855,false,ר.שמאי גפרור רגיל עש,,IN,גפרור רגיל עשיריות,יחידה,0.00,יחידה,false,,3.50,0.0000,true,1,240156
7290012191985,false,גפרור קטן מנורה,S.M.P.L,IN,גפרור קטן מנורה,יחידה,0.00,יחידה,false,,2.90,0.0000,true,1,173476
7290012193125,false,ממתיק על בסיס סוכרלוז - טבליות,מיוצר עי קונדיטוריית,IL,סוכרלוז מרמולייט 150,,150.00,,false,,35.90,0.2393,true,1,207655
7290012193163,false,סבון נוזלי פמלי לקשרי פריחת הדובדבן 1 ל,אף.סי תבליני בגליל ב,IL,פמלי אל סבון פרחי בר,,1000.00,,false,,14.90,0.0149,true,1,207657
7290012226014,false,נקניקיות וינר זוגלובק 800 גרם,נקניק נהריה כשר זוגל,IL,נקניקיות וינר זוגלוב,,800.00,,false,,23.90,0.0299,true,1,212433
7290012226021,false,נקניק סלמי מעושן פראג זוגלובק 400 גרם,נקניק נהריה כשר זוגל,IL,*מבצע* סלמי מעושן פר,,400.00,,false,,16.90,0.0422,true,1,212434
7290012226120,false,"קבנוס 135 גרם ""זוגלובק""",נקניק נהריה כשר זוגל,IL,קבנוס זוגלובק 135גר,,135.00,,false,,12.90,0.0956,true,1,212436
7290012226922,false,קבנוס בטעם שום זוגלובק 135 גרם,נקניק נהריה כשר זוגל,IL,קבנוס בטעם שום זוגלו,,135.00,,false,,12.90,0.0956,true,1,212441
7290012226939,false,קבנוס עם צ'ילי חריף זוגלובק 135 גרם,נקניק נהריה כשר זוגל,IL,קבנוס בטעם צילי זוגל,,135.00,,false,,12.90,0.0956,true,1,212442
7290012226946,false,קבנוס בטעם בצל זוגלו,נקניק נהריה כשר זוגל,,קבנוס בטעם בצל זוגלו,,135.00,,false,,12.90,0.0956,true,1,212443
7290012227325,false,סלמי דק דק מעושן איטלקי 120 ג' זוגלובק,זוגלובק,IL,סלמי מעושן דק דק 120,,120.00,,false,,14.90,0.1242,true,1,225873
7290012227400,false,נקניקיות עוף זוגלובק 800 גרם,נקניק נהריה כשר זוגל,IL,נקניקיות עוף זוגלובק,,800.00,,false,,23.90,0.0299,true,1,212461
7290012227608,false,מארז חרמון 300 גר' +חרמון ברבקיו 300ג' זוגלובק,זוגלובק,IL,חרמון כפרית זוג מחפו,,600.00,,false,,29.90,0.0498,true,1,212466
7290012227615,false,נקניקיות עוף זוגלובק 800 ג' מחפוד,זוגלובק,IL,נקניקיות עוף מחפוד 8,,800.00,,false,,23.90,0.0299,true,1,212467
7290012227912,false,קבנוס עודן 135 ג' זוגלובק,זוגלובק,IL,קבנוס מעודן זוגלובק,,135.00,,false,,12.90,0.0956,true,1,212482
7290012227974,false,פסטרמה הודו בדבש טהור דק דק דק,זוגלובק,IL,פסטרמה בדבש דק דק 12,,120.00,,false,,14.90,0.1242,true,1,225874
7290012227981,false,פסטרמה דק דק ברביקיו 120 ג' זוגלובק,זוגלובק,IL,פסטרמה ברביקיו דק דק,,120.00,,false,,14.90,0.1242,true,1,225875
7290012245312,false,"צ'יפס אמריקאי 1.5 ק""ג גולד שארית",יוליניבר,BE,גולד ציפס אמריקאי 1.,קילוגרמים,1.50,"ק""ג",false,,21.90,14.6000,true,1,234495
7290012245329,false,"צ'יפס קלאסי 1.5 ק""ג גולד שארית",יוליניבר,IL,גולד צ'יפס קלאסי1.5,,1500.00,,false,,21.90,0.0146,true,1,225188
7290012245336,false,"גולד צ'יפס סטייק 1.5 ק""ג גולד שארית",אגריסטו,IL,גולד סטייק צ'יפס -1.,,1500.00,,false,,21.90,0.0146,true,1,234496
7290012309939,false,חלבה מסולסלת דין שיווק 500 ג',אף.סי תבליני בגליל ב,IL,חלבה מסולסלת 500גר,,500.00,,false,,13.90,0.0278,true,1,200852
7290012335020,false,סוכריות סודה שעון מארז משפחתי 375 גר',גואנגדונג צאואן פוד,CN,סוכריות סודה שעון מש,,30.00,,false,,19.90,0.6633,true,1,194457
7290012404955,false,נקטר חמוציות ספרינג קולקשן 1.25 ליטר,"יפאורה תבורי בע""מ",IL,ספרינג קולקשיין נקטר,,1250.00,,false,,13.90,0.0111,true,1,181894
7290012413636,false,תה ירוק צאי מסאלה 25 שקיקים 1.5 גרם,ויסוצקי ירוק,IL,תה ירוק מסאלה 25יח,,1500.00,,false,,26.90,0.0179,true,1,190899
7290012413643,false,תה ירוק קמומיל 25 שקיקים ויסוצקי,ויסוצקי ירוק,IL,תה ירוק קמומיל 25יח,,25.00,,false,,26.90,1.0760,true,1,190900
7290012483608,false,וילי פוד אורז בסמטי 5 קג,הנסיך- מפעל לייצור ט,IN,אורז בסמטי ויליפוד 5,,5000.00,,false,,49.90,0.0100,true,1,178836
7290012522581,false,טבעול שניצל תירס ללא גלוטן טבעול 664 גרם,עיצובים 2020 (4.8),IL,שניצל תירס ללא גלוטן,,664.00,,false,,29.90,0.0450,true,1,177350
7290012576607,false,"יין פרימייר אדום קברנה סובניון ומלבק 750 מ""ל","ברקן שיווק והפצה בע""",IL,יין פרימייר אדום קבר,,750.00,,false,,29.90,0.0399,true,1,173244
7290012576614,false,יין Premieur לבן חצי יבש אמרלד ריזלינג קולומברד,יקבי ברקן שיווק והפצ,IL,יין פרימייר לבן ריזל,,750.00,,false,,29.90,0.0399,true,1,173245
7290012642036,false,"פסטה ""לה פסטה"" 400 ג' ספגטי 400 ג'",מוטלו,TR,פסטה לה פסטה 5 ספגטי,,400.00,,false,,5.90,0.0148,true,1,175316
7290012642814,false,פלפלים חריפים מעורבים כבושים שלמים,תומר,,פלפלים מעורבים כבושי,,540.00,,false,,9.90,0.0183,true,1,175331
7290012642852,false,פלפל אדום קלוי על האש עם שום 540 תומר,,IL,פלפל אדום קלוי על הא,,540.00,,false,,9.90,0.0183,true,1,175334
7290012642876,false,פלפלונים מעורב צבעוני בחומץ חריף6X,יושלם,,פלפלונים מעורבים כבו,,530.00,,false,,9.90,0.0187,true,1,175336
7290012645020,false,"יוגורט עיזים טבעי 500 גרם ""חלב הארץ""",חלב הארץ,IL,משקה יוגורט עיזים חל,,500.00,,false,,12.90,0.0258,true,1,196280
7290012645112,false,"יוגורט עיזים בדלי 750 גרם ""חלב הארץ""",מחלבות סוסיא,IL,יוגורט עיזים בדלי 75,,750.00,,false,,21.90,0.0292,true,1,196281
7290012645297,false,"יוגורט עיזים בטעם טבעי 150 גרם ""חלב הארץ""",מחלבות סוסיא,IL,יוגורט עיזים בטעם טב,,150.00,,false,,5.90,0.0393,true,1,196287
7290012803055,false,סוכרלוז מרמולייט- 100שקיות אישיות,תות ממתקי איכות,IL,סוכרלוז מרמולייט 100,,100.00,,false,,29.90,0.2990,true,1,207673
7290012803215,false,וופל בלגי בטעם שוקולד ללא תוספת סוכר,בטר אנד דיפרנט,IL,וופל טוסו וופל בלגי,,200.00,,false,,11.90,0.0595,true,1,207681
7290012803765,false,טוסו שוקולד מריר ללא תוספת סוכר 100 גרם,אלטינמארקה גידה סאן,TR,שוקולד טוסו מריר 100,,100.00,,false,,13.50,0.1350,true,1,207707
7290012823381,false,מקסימה מרכך כביסה מרוכז סנסטיב בייבי סנו 1 ליטר,"סנו מפעלי ברונוס בע""",IL,סנו מקסימה ורוד סנסט,,1000.00,,false,,18.90,0.0189,true,1,180992
7290012823404,false,מטהר אוויר פרש אוטומטיק יסמין וסנדלווד,סנו פרש Fresh,,מטהר אוויר סנו פרש א,יחידה,0.00,יחידה,false,,16.90,0.0000,true,1,194467
7290012823602,false,נייר טואלט סופט סילק לבן 32 גלילים סנו,טרופיקל דגיל תעשיות,IL,*מבצע* סופט סילק ניי,,1950.00,,false,,35.90,0.0184,true,1,181000
7290012823923,false,"מקסימה מרכך כביסה מרוכז פרפיום גולדן סנרייז סנו 750 מ""ל",סנו מפעלי ברונוס בעמ,IL,סנו מקסימה פרפיום גו,,750.00,,false,,18.90,0.0252,true,1,181016
7290012850035,false,מחית בוליווד תפוח ואפרסק 190 גרם,NOVOFRUCHT SK S.R.O,SK,בלאבד מחית תפוח ואפר,,190.00,,false,,5.90,0.0311,true,1,171889
7290012850073,false,מחית בוליווד סלט פירות 190 גרם,בילובד Beloved,SK,בלאבד מחית סלט פירות,,190.00,,false,,5.90,0.0311,true,1,171893
7290012864001,false,נביטי חמניה 170ג',קרונוס,IL,נבטי חמניות,יחידה,0.00,יחידה,false,,8.90,0.0000,true,1,205195
7290012901355,false,דודלס ארוחת אטריות עם גבינה 206 גרם,האי נאם סי או אל.טי.,US,פסטה מקרוני עם גבינה,,206.00,,false,,12.90,0.0626,true,1,174667
7290012929779,false,פסטה ספירלה מקמח מלא טעמן 500 ג',מוטלו,TR,פסטה ספירלה חיטה מלא,,500.00,,false,,7.90,0.0158,true,1,194790
7290012929786,false,טעמן פסטה צינורות חיטה מלאה 500גר,מוטלו,TR,פסטה צינורות חיטה מל,,500.00,,false,,7.90,0.0158,true,1,194791
7290012931611,false,שייני כריות ברזל שלשייה,מ.א ייצור ושיווק מטל,CN,כריות ברזל 3יח,,3.00,,false,,7.90,2.6333,true,1,197944
7290012938405,false,"רדיד אלומיניום עבה במיוחד לבישול,אפייה והקפאה.",ריינולדס,US,דאיימונד נייר כסף 87,,0.45,,false,,21.90,48.6667,true,1,199707
7290012938580,false,"סנסודיין משחת שיניים להלבנה עדינה 75 מ""ל",גלקסוסמית'קליין קונס,GB,סנסודיין משחת שיניים,,75.00,,false,,21.90,0.2920,true,1,199711
7290012938597,false,"סנסודיין משחת שיניים רפיד רליף 75 מ""ל","סמיתקליין ביצ'ם בע""מ",SK,סנסודיין משחת שיניים,,75.00,,false,,21.90,0.2920,true,1,199712
7290012938740,false,"משחת שיניים פרש מינט מנטה 75מ""ל סנסודיין",גלקסו סמית קליין,GB,סנסודיין משחת שיניים,,75.00,,false,,21.90,0.2920,true,1,199716
7290012983160,false,סילאן בקבוק לחיץ 400 גרם,"חצר כנרת מוצרי תמר אגש""ח",IL,סילאן לחיץ חצר כנרת,,400.00,,false,,10.90,0.0273,true,1,214658
7290012996672,false,סבון אסלה + בושם ל24 שעות ביום הפי,יוליניבר,IT,הפי סבון אסלה מבושם,,110.00,,false,,12.90,0.1173,true,1,183715
7290013031051,false,אורז יסמין לבן שוקחה,,,אורז יסמין לבן שוקחה,,5000.00,,false,,29.90,0.0060,true,1,172092
7290013038432,false,מים מזוככים אקווה נובה,אקווה נובה Aqua Nova,IL,מים אקווה נובה 2 ליט,,2000.00,,false,,4.20,0.0021,true,1,204603
7290013083661,false,"מטרנה אקסטרה קר שלב 1 חסכון 700 גרם תמ""ל",מטרנה תעשיות ש.מ,IL,מטרנה אקסטרא קר שלב,,700.00,,false,,59.90,0.0856,true,1,177370
7290013083678,false,תחליף חלב אקסטרה קר שלב 2 מטרנה 700 גרם,מולינו ניקולי s.p.a,IL,מטרנה אקסטרא קר שלב,,700.00,,false,,59.90,0.0856,true,1,177371
7290013083685,false,תחליף חלב אקסטרה קר שלב 3 מטרנה 700 גרם,מטרנה תעשיות ש.מ,IL,מטרנה אקסטרא קר שלב,,700.00,,false,,59.90,0.0856,true,1,177372
7290013117212,false,בורקס פילו במילוי גבינה מעדנות 600 גר,מיוצר עי קונדיטוריית,IL,בורקס פילו גבינה מעד,,600.00,,false,,21.90,0.0365,true,1,188585
7290013117229,false,"בורקס פילו במילוי תפו""א מעדנות 600 גר",מיוצר עי קונדיטוריית,IL,בורקס פילו תפוא מעדנ,,600.00,,false,,21.90,0.0365,true,1,188586
7290013117243,false,בורקס פילו בולגרית מעדנות 600 גרם,מיוצר עי קונדיטוריית,IL,בורקס פילו בולגרית מ,,600.00,,false,,21.90,0.0365,true,1,188588
7290013117427,false,בצק פריך מרודד למאפים מלוחים מעדנות 2*450 גרם,מיוצר עי קונדיטוריית,IL,בצק פריך מרודד למאפי,,900.00,,false,,24.50,0.0272,true,1,188592
7290013117526,false,בצק שמרים מרודד למאפים מתוקים מעדנות 900 גרם,"מעדנות בע""מ",IL,בצק שמרים למאפים מתו,,900.00,,false,,24.50,0.0272,true,1,188597
7290013268020,false,מקסימה מרכך כביסה מרוכז בניחוח אולטרא פרש סנו 1 ליטר,"סנו מפעלי ברונוס בע""",IL,סנו מקסימה אולטרא פר,,1000.00,,false,,18.90,0.0189,true,1,181024
7290013268242,false,תרכיז ריחני לניקוי רצפות בריח מלון מפנק ריצפז פרש,"סנו מפעלו ברונוס בע""",IL,ריצפז פרש הום בניחוח,,2000.00,,false,,24.90,0.0124,true,1,225255
7290013268884,false,"נוזל רצפות מאסק 2 ליטר ""ריצפז פרש""",מיוצר עי קונדיטוריית,IL,ריצפז פרש מאסק 2ליטר,ליטרים,2.00,ליטר,false,,21.90,10.9500,true,1,181073
7290013268891,false,אוקסיג'ן ג'ל ללא אקונומיקה עם חמצן פעיל סנו 3 ליטר,"סנו מפעלי ברונוס בע""",IL,סנו אוקסיגן 3ליטר,,3000.00,,false,,33.90,0.0113,true,1,181074
7290013268938,false,סנובון סבון לאסלה בניחוח מאסק סנו 3*65 גרם,סנו סנובון,IL,סנובון שלישיה מאסק 3,,195.00,,false,,13.90,0.0713,true,1,181077
7290013268983,false,מרכך כביסה סופר מרוכז בבישום עוצמתי סנו מקסימה 1 ל',"סנו מפעלי ברונוס בע""",IL,סנו מקסימה מרכך סופר,,1000.00,,false,,18.90,0.0189,true,1,246194
7290013268990,false,סנו - מקסימה מרכך כביסה מרוכז ביו 1 ליטר,"סנו מפעלי ברונוס בע""",IL,סנו מקסימה ביו 1ליטר,,1000.00,,false,,18.90,0.0189,true,1,196326
7290013269263,false,ג'ל כביסה מרוכז מקסימה בבישום קריסטל נואר,סנו מפעלי ברונוס בעמ,IL,סנו מקסימה גל כביסה,ליטרים,3.00,ליטר,false,,33.90,11.3000,true,1,181089
7290013269287,false,סנו - מקסימה ג'ל כביסה מרוכז מאסק 3 ליטר,"סנו מפעלי ברונוס בע""",IL,סנו מקסימה גל כביסה,ליטרים,3.00,ליטר,false,,33.90,11.3000,true,1,181091
7290013269348,false,K3 תחנת פיתיון קוטל תיקנים (ג'וקים) בבית ובחצר,טרופיקל דגיל תעשיות,IL,סנו קיי תחנת פיתיון,יחידה,0.00,יחידה,false,,55.90,0.0000,true,1,225258
7290013269621,false,ריצפז פרש לניקוי רצפות בניחוח מלון בוטיק,מיוצר עי קונדיטוריית,IL,ריצפז פרש הום בניחוח,ליטרים,2.00,ליטר,false,,24.90,12.4500,true,1,225259
7290013269638,false,ספוג הפלא אקסטרה Extra- מארז 6 יח',החברה הדרומית,IL,סנו סושי ספוג הפלא א,יחידה,0.00,יחידה,false,,11.90,0.0000,true,1,181103
7290013269645,false,ריצפז פרש מטליות לחות לריצפה בניחוח מאסק 10 יחידות,סנו מפעלי ברונוס בעמ,IL,מטליות לחות ריצפז פר,יחידה,0.00,יחידה,false,,13.90,0.0000,true,1,181104
7290013269751,false,מטליות לחותריצפז פרש לניקוי ריצפה בניחות מלון בוטיק 10 יח' סנו,טרופיקל דגיל תעשיות,IL,ריצפז פרש הום מטליות,,10.00,,false,,13.90,1.3900,true,1,225260
7290013284112,false,פריניר זית חרוזית יר,פריניר ( הדס 1987) ב,IL,חרוזית ירוק פריניר 5,יחידה,0.00,יחידה,false,,9.90,0.0000,true,1,219030
7290013284136,false,מלפפונים פריניר במלח,פריניר,,מלפפון במלח 7-9 פרינ,,560.00,,false,,7.40,0.0132,true,1,219032
7290013284310,false,רוטב פסטה לילדים 240 גרם פריניר,פריניר ( הדס 1987) ב,IL,רוטב פסטה לילדים פרי,,240.00,,false,,6.90,0.0288,true,1,214564
7290013284662,false,רוטב פיצה פיתה לילדים 240 ג' פריניר,פריניר ( הדס 1987) ב,IL,רוטב פיצה פריניר 240,,240.00,,false,,6.90,0.0288,true,1,214565
7290013301970,false,אשפתון גליל 75/85 קומפקט 25 יח' ר. שמאי,,,אשפתון 75/85 גליל 25,יחידה,0.00,יחידה,false,,11.90,0.0000,true,1,236499
7290013302236,false,פסטה פרפלה ג'מבו טעמן 500 גר',מוטלו,IL,פסטה פרפלה גמבו טעמן,,500.00,,false,,4.90,0.0098,true,1,194800
7290013302243,false,טעמן פסטה מסולסלת 500 גרם,מוטלו,TR,פסטה מסולסלת טעמן 50,,500.00,,false,,4.90,0.0098,true,1,194801
7290013358363,false,מאסטר שף פרורי לחם פנקו עבים בסגנון יפני 300 גר,קריניציה ויטמינה אס,IL,פירורי לחם פנקו מאסט,,300.00,,false,,8.90,0.0297,true,1,185837
7290013358431,false,מאסטר שף קרוטונים לסלט עגבניות ובזיליקום,עינת תעשיות מזון אגו,IL,קרוטונים לסלט עגבניו,,200.00,,false,,13.90,0.0695,true,1,185843
7290013358509,false,"מיקסלט גרעינים, קטניות ואגוזים",בטר אנד דיפרנט,IL,מיקסלט מאסטר שף 200ג,,200.00,,false,,14.90,0.0745,true,1,185849
7290013358523,false,מאסטר שף שבבי בצל מטוגן 150 גרם,קריניציה ויטמינה אס,NL,שבבי בצל מטוגן מאסטר,,150.00,,false,,13.90,0.0927,true,1,185851
7290013358530,false,מאסטר שף אסייאתי רוטב צ'ילי מתוק 700 מל כשלפ,קריניציה ויטמינה אס,TH,רוטב צילי מתוק מאסטר,,700.00,,false,,14.90,0.0213,true,1,185852
7290013358837,false,מנה מאגדת פריכיות אורז ללא מלח 264 גר,Mana,,פריכיות מנה ללא מלח,,264.00,,false,,12.90,0.0489,true,1,185862
7290013389145,false,"ניוקי 500 ג' ""לה פסטה"" מיני 500 גר' 12X",לה פסטה La' Pasta,,מיני ניוקי 500 גר,,500.00,,false,,9.90,0.0198,true,1,175360
7290013389381,false,"קמח תירס פולנטה מולינו 1 ק""ג",מולינו פילה,IT,"קמח תירס 1 ק""ג",,1000.00,,false,,10.90,0.0109,true,1,175374
7290013472892,false,בולגריה קוביות במי מלח - מרכיבי חלב ושומן צמחי,"קוליוס אס.איי, גריק",GR,בולגריה בקוביות וילי,,200.00,,false,,11.90,0.0595,true,1,178877
7290013492005,false,תפוח אדמה אדום למיקרו 600 ג',שרווין ווליאמס,IL,"תפו""א למיקרו",יחידה,0.00,יחידה,false,,7.90,0.0000,true,1,205205
7290013525789,false,אריסה מרוקאית שמיר 150 גר',"סלטי שמיר 2006 בע""מ",IL,סלט עריסה מרוקאית שמ,,150.00,,false,,12.90,0.0860,true,1,198387
7290013525796,false,סחוג תימני שמיר 150 גר',"סלטי שמיר 2006 בע""מ",IL,סלט סחוג תימני שמיר,,150.00,,false,,12.90,0.0860,true,1,198388
7290013525802,false,סחוג אדום שמיר 150 גר',"סלטי שמיר 2006 בע""מ",IL,סלט סחוג אדום שמיר 1,,150.00,,false,,12.90,0.0860,true,1,198389
7290013525819,false,סלט שום כתוש שמיר 15,"סלטי שמיר 2006 בע""מ",IL,סלט שום כתוש שמיר 15,,150.00,,false,,12.90,0.0860,true,1,198390
7290013531117,false,רוטב פסטה לילדים 240 גרם יכין,"זנלכל בע""מ",IL,רוטב פסטה לילדים יכי,,240.00,,false,,6.90,0.0288,true,1,174430
7290013531377,false,תורמוס A2 יכין בית יוסף,היינץ צפון אמריקה מק,IL,תורמוס יכין 560 גרם,,560.00,,false,,10.90,0.0195,true,1,174437
7290013531490,false,שעועית לבנה אפויה יכין,זנלכל,IL,פול מתובל יכין 550גר,,550.00,,false,,9.90,0.0180,true,1,174443
7290013531612,false,רוטב לפסטה נפוליטנה יכין 240 גרם,זנלכל,IL,רוטב נפוליטנה יכין 2,,240.00,,false,,6.90,0.0288,true,1,174444
7290013531629,false,רוטב לפסטה פומודורו 240 גרם יכין,היינץ צפון אמריקה מק,IL,רוטב פומדורו יכין 24,,240.00,,false,,6.90,0.0288,true,1,174445
7290013531759,false,שעועית לבנה במים יכין 550 גרם,"זנלכל בע""מ",IL,שעועית אפוייה יכין 5,,550.00,,false,,9.90,0.0180,true,1,174453
7290013534057,false,"צ'יפס בטטה טבעי מיה 100ג' 'כשל""פ",מיה תעשיות מזון בעמ,IL,חטיף צ'יפס בטטה 100,,100.00,,false,,9.90,0.0990,true,1,225729
7290013539892,false,אל סבון נוזלי משאבה תה ירוק סטייל 1 ל',סטייל Style,TR,אל סבון נוזלי משאבה,,1000.00,,false,,9.90,0.0099,true,1,199732
7290013539915,false,אל סבון נוזלי משאבה תה לבן סטייל 1 ל,סטייל Style,TR,אל סבון נוזלי משאבה,,1000.00,,false,,9.90,0.0099,true,1,199734
7290013540225,false,פרינס נתחי טונה בשמן,,,טונה פרינס בשמן צמחי,,632.00,,false,,19.90,0.0315,true,1,204463
7290013540874,false,נתחי טונה בהירה בשמן,תעשיות פילטונה,IL,נתחי טונה בהירה בשמן,,414.00,,false,,13.90,0.0336,true,1,235856
7290013542526,false,כוסות נייר שתיה חמה,כוסות שתייה חמה 3 ב,CN,כוס נייר 8 אוז 50יח,,50.00,,false,,9.90,0.1980,true,1,197740
7290013580009,false,המבורגר זהב 400 ג' 12 יח',בלדי,IL,המבורגר זהב ארוז 400,,400.00,,false,,19.90,0.0497,true,1,225709
7290013581648,false,מינוט סטייק אל מטאד,בלדי,IL,סטייק מינוט 250 גרם,,250.00,,false,,19.90,0.0796,true,1,225710
7290013585387,false,קוקה קולה זירו בקבוק,פארייפאבה אגרואינדוס,IL,קוקה קולה זירו 1ליטר,,1000.00,,false,,7.50,0.0075,true,1,210509
7290013585394,false,קוקה קולה 1ליטר בודד,פארייפאבה אגרואינדוס,IL,קוקה קולה 1ליטר,,1000.00,,false,,7.50,0.0075,true,1,210510
7290013608260,false,פרימור מיץ רימונים 100% סחוט טרי 1ל',"גניר (1992) בע""מ",IL,פרימור רימונים סחוט,,1000.00,,false,,24.90,0.0249,true,1,196343
7290013608604,false,"משקה קל תפוחי עץ פרימור 500 מ""ל",סטאר סנקס,IL,פרימור תפוחי עץ 500,,500.00,,false,,5.90,0.0118,true,1,236481
7290013608628,false,פרימור משקה קל ענבים,סטאר סנקס,IL,"פרימור ענבים 500 מ""ל",,500.00,,false,,5.90,0.0118,true,1,236482
7290013608680,false,פרימור מיץ עגבניות 1ליטר,סטאר סנקס,IL,פרימור מיץ עגבניות 1,,1000.00,,false,,8.90,0.0089,true,1,179764
7290013608772,false,"משקה קל תפוזים פרימור 500 מ""ל",סטאר סנקס,IL,"פרימור תפוזים 500 מ""",,500.00,,false,,5.90,0.0118,true,1,236484
7290013608796,false,"משקה קל תות בננה 500 מ""ל פרימור",,,פרימור תות בננה 500,,500.00,,false,,5.90,0.0118,true,1,240676
7290013625670,false,סינטטי חומצה אצטית מדוללת למזון 5%,טעמן,,חומץ סנטטי טעמן 1ליט,,1000.00,,false,,5.90,0.0059,true,1,194819
7290013625939,false,טעמן איטריות דקיקות 400גר,מוטלו,TR,איטריות דקיקות טעמן,,400.00,,false,,5.90,0.0148,true,1,194821
7290013652157,false,"ד""ר פישר - נטורל קר מגבונים להסרת איפור לעור רגיל יבש 30 יח' * 3","ד""ר פישר Dr fischer",IL,נטורל קר מגבונים להס,יחידה,0.00,יחידה,false,,26.90,0.0000,true,1,204391
7290013652171,false,"ד""ר פישר - נטורל קר מגבונים להסרת איפור לעור שמן מעורב 30 יח' * 3","ד""ר פישר Dr fischer",IL,נטורל קר מגבונים להס,יחידה,0.00,יחידה,false,,26.90,0.0000,true,1,214313
7290013652843,false,נטורל קר שמפו לשיער רגיל- ורדים וחלב רימונים,"ד""ר פישר Dr fischer",IL,נטורל קר שמפו לשיער,,700.00,,false,,19.90,0.0284,true,1,204402
7290013652874,false,נטורל קר מרכך לשיער רגיל- ורדים וחלב רימונים,"ד""ר פישר Dr fischer",IL,נטורל קר מרכך לשיער,,700.00,,false,,19.90,0.0284,true,1,204404
7290013675545,false,שניצל כלי תחבורה מאמא עוף 700 ג',תנובה גליל,IL,שניצל כלי תחבורה 700,,700.00,,false,,38.90,0.0556,true,1,225294
7290013677846,false,"כוסמת מיה 1 ק""ג","מיה תעשיות מזון בע""מ",IL,"כוסמת 1 ק""ג",,1000.00,,false,,13.90,0.0139,true,1,202888
7290013702050,false,"שוופס וואטר ענבים 500מ""ל",יפאורה תבורי,IL,שוופס וואטר ענבים 50,,500.00,,false,,5.90,0.0118,true,1,181902
7290013702388,false,"שוופס וואטר תפוח 500מ""ל",יפאורה תבורי בעמ,IL,שוופס מים בטעם תפוח,,500.00,,false,,5.90,0.0118,true,1,181914
7290013702883,false,"שוופס מוגז פינק למונייד 500 מ""ל",יפאורה,,שוופס לימונדה ורודה,,500.00,,false,,5.90,0.0118,true,1,181932
7290013725752,false,אטריות ביצים צרות לה,,CN,נודלס דק סו שף 400גר,,400.00,,false,,9.90,0.0248,true,1,200866
7290013725769,false,נודלס עבה סו שף 400ג,,CN,נודלס עבה סו שף 400ג,,400.00,,false,,9.90,0.0248,true,1,200867
7290013771216,false,פטאקי 16% גבינות השומרון,מיוצר עי קונדיטוריית,IL,פטאקי 16% 250גר השומ,,250.00,,false,,14.90,0.0596,true,1,174242
7290013771261,false,גבינה בולגרית מעודנת,מחלבת השומרון,IL,בולגרית מעודנת 5% 25,,250.00,,false,,14.90,0.0596,true,1,174243
7290013771292,false,גבינה פטאקי 16% שומר,מחלבת השומרון,IL,פטאקי 16% 250גר הסדר,,250.00,,false,,14.90,0.0596,true,1,174245
7290013847386,false,סטארקיסט נתחי טונה בהירה במים ושמן קנולה בטעם טבעי 140 גרם,סטארקיסט Starkist,IL,טונה סטארקיסט לייט 4,,140.00,,false,,7.90,0.0564,true,1,225247
7290013847454,false,טונה סטארקיסט שמן קנולה רביעיות 4*160 גר,"סטארקיסט פודור בע""מ",IL,טונה סטארקיסט בשמן ק,,640.00,,false,,25.90,0.0405,true,1,246725
7290013847553,false,נתחי טונה בהירה במים דל נתרן - מארז רביעיה,"סטארקיסט פודור בע""מ",TH,סטארקיסט טונה רביעיי,,640.00,,false,,25.90,0.0405,true,1,248440
7290013848345,false,מארז מטליות לחיטוי וניקוי יסודי אנטיבקטריאלי 99.9%,סנו מפעלי ברונוס בעמ,IL,סנו מטליות לחות לחיט,יחידה,0.00,יחידה,false,,24.90,0.0000,true,1,225262
7290013848383,false,קרמה מן גל רחצה אקטיב בלוק 700 מל לגבר,טרופיקל דגיל תעשיות,IL,קרמה מן ג'ל רחצה אקט,,700.00,,false,,17.90,0.0256,true,1,181129
7290013883407,false,דזיטול מחטא ומשמיד חיידקים-מרסס,יעקבי - דזיטול Desytol,ES,דזיטול מרסס מחטא ומש,,500.00,,false,,15.90,0.0318,true,1,183721
7290013906205,false,פסטרמה עם שום וצילי טירת צבי 400 ג',הנסיך- מפעל לייצור ט,IL,פסטרמה שום וצ'ילי פי,,400.00,,false,,28.90,0.0722,true,1,188621
7290013906212,false,"נקנקיות וינר טירת 1 ק""ג טירת צבי",הנסיך- מפעל לייצור ט,IL,נקניקיות וינר טירת צ,,1000.00,,false,,29.90,0.0299,true,1,188622
7290013906236,false,סלמי גלבוע טירת צבי 400 ג',הנסיך- מפעל לייצור ט,IL,סלמי גלבוע טירת צבי,,400.00,,false,,24.90,0.0622,true,1,188623
7290013906441,false,קבנוס טירת צבי 120 גר,הנסיך- מפעל לייצור ט,IL,קבנוס טירת צבי 120גר,,120.00,,false,,11.90,0.0992,true,1,188629
7290013906687,false,פסט' צמד כפרית ברביקיו ודבש 300X2ג' טירת צבי,הנסיך- מפעל לייצור ט,IL,פסטרמה צמד מארז כפרי,,600.00,,false,,28.90,0.0482,true,1,188632
7290013927156,false,אחוה בטעם פירות יער ללא תוספת סוכר 450 גרם.,אחדות ביחר לטחינה חל,IL,עוגה בטעם פירות יער,,450.00,,false,,13.90,0.0309,true,1,203429
7290013927200,false,עוגת שוקולד צ'יפס עשירה אחווה 400ג',אחדות ביחר לטחינה חל,IL,עוגת שוקולד צ'יפס עש,,400.00,,false,,12.90,0.0323,true,1,203432
7290013927323,false,אחדות עוגת בראוניס 400 גרם,אחדות ביחר לטחינה חל,IL,עוגת בראוניס אחווה 4,,400.00,,false,,12.90,0.0323,true,1,203439
7290013927996,false,עוגת שמרים קראץ' בטעם שוקולד 400 גר',אחדות ביחר לטחינה חל,IL,עוגת שמרים קרנץ בטעם,,400.00,,false,,12.90,0.0323,true,1,238489
7290013946089,false,מג'יק ניקוי חלונות 1 ל',סאסאטק,IL,מבריק חלונות מגיק 1ל,,1000.00,,false,,6.90,0.0069,true,1,203222
7290014002197,false,חליטת קמומיל ולימונית ויסוצקי 25 יחידות,תה ויסוצקי,IL,חליטת קמומיל ולימוני,,25.00,,false,,19.90,0.7960,true,1,190916
7290014002203,false,חליטת לימונית ולואיזה ויסוצקי 25 יחידות,תה ויסוצקי,IL,חליטת לימונית ולואיז,,25.00,,false,,19.90,0.7960,true,1,190917
7290014046016,false,פסטרמה של פעם דל שומן 2% רכיבים טבעיים,מעדני יחיעם,IL,פסטרמה הודו 100% חומ,,250.00,,false,,27.90,0.1116,true,1,172272
7290014046030,false,"מוס כבד עוף 140 גרם ""יחיעם""",מעדני יחיעם 1993,IL,מוס כבד עוף 140גר יח,,140.00,,false,,15.90,0.1136,true,1,172274
7290014046047,false,צמד פסטרמות 600 ג' יחיעם,מעדני יחיעם 1993,IL,צמד פסטרמות פפריקה ו,,600.00,,false,,29.90,0.0498,true,1,172275
7290014046436,false,נשנושי קבנוס 125 ג' יחיעם,מעדני יחיעם 1993,IL,נשנושי קבנוס יחיעם 1,,125.00,,false,,14.90,0.1192,true,1,172276
7290014046474,false,"נקניקיות עוף 1.5 ק""ג יחיעם",מעדני יחיעם,IL,נקניקיות עוף יחיעם 1,,1500.00,,false,,29.90,0.0199,true,1,172278
7290014046580,false,"פסטרמה מעודנת על האש 300 גרם ""יחיעם""",מעדני יחיעם 1993,IL,פסטרמה מעודנת על גחל,,300.00,,false,,26.90,0.0897,true,1,172286
7290014046757,false,סלמי תה מעדני יחיעם,מעדני יחיעם,IL,סלמי תה יחיעם 300 גר,,300.00,,false,,25.90,0.0863,true,1,172290
7290014059436,false,"משחת שיניים סנסודיין 75 מ""ל פרימיום לשיקום והגנה מלבינה 75 מ""ל","סמית קליין ביצ'ם בע""",GB,משחת סנסודיין לשיקום,,75.00,,false,,21.90,0.2920,true,1,199743
7290014066359,false,לנדוור-קפסולות אספרסו בלנסד(06) - 10יח'12X יח,האחים פלם הגפן,IL,לנדוור קפסולות אספרס,,50.00,,false,,15.90,0.3180,true,1,225279
7290014066373,false,לנדוור-קפסולות אספרסו קלאסיק(09) - 10יח'12X יח,קפה לנדוור,IL,לנדוור קפסולות אספרס,,50.00,,false,,15.90,0.3180,true,1,225281
7290014066441,false,לנדוור-קפסולות אספרסו נטול קפאין(07) - 10יח'12X יח,קפה לנדוור,IL,לנדוור קפסולות אספרס,,50.00,,false,,15.90,0.3180,true,1,225283
7290014066533,false,לנדוור-קפסולות אספרסו קלייה כפולה(12) - 10יח'12X יח,קפה לנדוור,IL,לנדוור קפסולות אספרס,,50.00,,false,,15.90,0.3180,true,1,225285
7290014079847,false,פטריות בייבי בלה צמד מרינה,"מרינה פטריות הגליל בע""מ",IL,צמד פטריות בייבי בלה,,500.00,,false,,15.90,0.0318,true,1,172659
7290014083813,false,וילי פוד מריגה שפרוטים מעושנים בשמן 190ג,הנסיך- מפעל לייצור ט,LV,שפרוטים מעושנים בשמן,,190.00,,false,,9.90,0.0521,true,1,178908
7290014088948,false,קקאו 150 גרם 100 %-ח,,,קקאו 150 גרם 100 %-ח,,150.00,,false,,8.90,0.0593,true,1,247126
7290014094376,false,שזיפים ללא גלעין 330 גר,"דין שיווק וקלייה בע""",,שזיף ללא גלעין 250 ג,,250.00,,false,,22.90,0.0916,true,1,200890
7290014094383,false,משמש מיובש ששון הקול,"דין שיווק וקלייה בע""",,משמש 250 גרם בקופסא,,250.00,,false,,22.90,0.0916,true,1,200891
7290014094390,false,חמוציות מסוכרות ששון,"דין שיווק וקלייה בע""",,חמוציות 250 גרם קופס,,250.00,,false,,16.90,0.0676,true,1,200892
7290014094406,false,צימוק לבן 250 גרם ששון הקולה,"דין שיווק וקלייה בע""",US,צימוק לבן קופסא 330ג,,330.00,,false,,16.90,0.0512,true,1,200893
7290014094857,false,פקאן סיני מסוכר 150 גרם ששון הקולה,"דין שיווק וקלייה בע""",IL,פקאן סיני מסוכר 150,,150.00,,false,,20.00,0.1333,true,1,200921
7290014094901,false,פקאן טבעי 150 גרם ששון הקולה,"דין שיווק וקלייה בע""",IL,פקאן טבעי 150גרם,,150.00,,false,,22.90,0.1527,true,1,200926
7290014095861,false,שיבולת שועל דקה 500 גרם קוואקר,"דין שיווק וקלייה בע""",IL,קוואקר שיבולת שועל ד,,500.00,,false,,7.90,0.0158,true,1,200937
7290014095960,false,שיבולת שועל עבה 500 גרם קוואקר,"דין שיווק וקלייה בע""",IL,קוואקר שיבולת שועל ע,,500.00,,false,,7.90,0.0158,true,1,200940
7290014204560,false,"פנינהרוזנבלום- סבון נוזלי לידיים שלישיה,3*500 מ""ל",פנינה רוזנבלום,IL,סבון שלישייה פנינה *,ליטרים,1.50,ליטר,false,,11.90,7.9333,true,1,226127
7290014204683,false,"פנינה רוזנבלום- סבון נוזלי משאבה סגול,1 ליטר",פנינה רוזנבלום,IL,סבון נוזלי משאבה סגו,,1000.00,,false,,11.90,0.0119,true,1,211145
7290014204690,false,"פנינה רוזנבלום- סבון נוזלי משאבה ורוד,1 ליטר",פנינה רוזנבלום,IL,סבון נוזלי משאבה ורו,,1000.00,,false,,11.90,0.0119,true,1,211146
7290014217003,false,"פפריקה מעושנת 90 גרם ""טעם וריח""","תבליני טעם וריח בע""מ",IL,פפריקה מעושנת 90גר,,90.00,,false,,10.90,0.1211,true,1,198587
7290014217065,false,"מיכל אורגנו 30 גרם ""תבלין וריח""","תבליני טעם וריח בע""מ",IL,אורגנו מיכל גדול 30ג,,30.00,,false,,9.90,0.3300,true,1,198593
7290014217140,false,"מיכל ראס אל חנות 100 גר' ""טעם וריח""","תבליני טעם וריח בע""מ",IL,תבלין ראס אל חנות 10,,100.00,,false,,10.90,0.1090,true,1,198599
7290014217225,false,תבלין גריל עוף מיכל 120גר,"תבליני טעם וריח בע""מ",IL,גריל עוף מיכל 120גר,,120.00,,false,,11.90,0.0992,true,1,198604
7290014217263,false,"תערובת לתיבול פרגיות ""טעם וריח""","תבליני טעם וריח בע""מ",IL,תערובת תיבול לפרגיות,,100.00,,false,,10.90,0.1090,true,1,198605
7290014217348,false,"מיכל צ'ילי כתוש 70 גר' ""טעם וריח""","תבליני טעם וריח בע""מ",IL,צ'ילי כתוש מיכל 70גר,,70.00,,false,,10.90,0.1557,true,1,198608
7290014217515,false,תבלין ציפוי ללחם מלוח טעם וריח 90 ג',"תבליני טעם וריח בע""מ",IL,ציפוי מאפה מלוח מיכל,,90.00,,false,,10.90,0.1211,true,1,238032
7290014217522,false,תערובת ללחם שום טעם וריח 100 ג',"תבליני טעם וריח בע""מ",IL,לחם שום תערובת מיכל,,100.00,,false,,10.90,0.1090,true,1,238033
7290014217911,false,תבלין פלפל אדום מתוק בשקית 150 גר,טייפונג פודס,CN,פלפל אדום מתוק שלם 1,,150.00,,false,,14.90,0.0993,true,1,238035
7290014218321,false,בורקס אישי גבינה מעדנות 4* 150 גרם,מיוצר עי קונדיטוריית,IL,בורקס יפו גבינה מעדנ,,600.00,,false,,19.90,0.0332,true,1,188646
7290014218338,false,בורקס יפו במילוי תפוחי אדמה,מיוצר עי קונדיטוריית,IL,"בורקס יפו תפו""א מעדנ",,600.00,,false,,15.90,0.0265,true,1,188647
7290014218932,false,חטיפי פיצה בתוספת זיתים 710 ג' מעדנות,מיוצר עי קונדיטוריית,IL,חטיפי פיצה בתוספת זי,,710.00,,false,,33.90,0.0477,true,1,225316
7290014258723,false,תרכובת מזון צמחי לתינוקות מגיל 0 עד גיל שנה,מטרנה,IL,מטרנה צמחי 700 גרם 0,,700.00,,false,,59.90,0.0856,true,1,177424
7290014325050,false,קורנפלור מיה 500 גרם,"מיה תעשיות מזון בע""מ",IL,קורנפלור 500 גרם,,500.00,,false,,6.90,0.0138,true,1,202889
7290014397774,false,רצפז פרש הום טבע רענן 2 ל',סנו פרש Fresh,IL,ריצפז פרש הום בניחוח,ליטרים,2.00,ליטר,false,,24.90,12.4500,true,1,181203
7290014435704,false,סלמון מעושן 100גר' שמיר,שבעת הימים - שמיר,IL,סלמון מעושן 100גר,,100.00,,false,,23.90,0.2390,true,1,249821
7290014435810,false,הרינג כבוש ובצל במרינת חמוץ מתוק שמיר 180 ג',שבעת הימים - שמיר,IL,הרינג כבוש עם בצל במ,,180.00,,false,,23.90,0.1328,true,1,198398
7290014455245,false,גבינת גרנה פדנו משולש 29% 200 גרם בית יוסף,מחלבת סוציאלה מנטובה,IT,גרנה פדנו משולש מחלב,,200.00,,false,,28.50,0.1425,true,1,171708
7290014455320,false,גבינה כדורי מוצרלה פרסקה גד 100ג',מוצרלה פרסקה 2 ב 15,IL,כדור מוצרלה פרסקה 18,,100.00,,false,,10.30,0.1030,true,1,171715
7290014455467,false,ירח מתוק מעדן חלב 2% ושיבולת שועל גד 150ג',מחלבות גד,IL,מעדן שיבולת שועל וחל,,150.00,,false,,6.00,0.0400,true,1,171720
7290014459137,false,"תפוגן סטייק צ'יפס 1.5 ק""ג אסם","תעשיות תפוגן בע""מ",IL,ציפס סטייק תפוגן 1.5,,1500.00,,false,,26.90,0.0179,true,1,177431
7290014459632,false,"תפוגן צ'יפס טוגן 1.5 ק""ג",עיצובים 2020 (4.5),IL,ציפס טוגן תפוגן 1.5,,1500.00,,false,,24.90,0.0166,true,1,225215
7290014471412,false,"מוזלי בוטנים אגוזים ושקדים 1 ק""ג - 412 ירוק שקדיה","דין שיווק וקלייה בע""",IL,מוזלי עם בוטנים אגוז,,1000.00,,false,,19.90,0.0199,true,1,200943
7290014471436,false,"מיזלי צימוקים תפוח קינמון וגרעיני חמניה שקדיה 1ק""ג","דין שיווק וקלייה בע""",IL,מוזלי עם צימוקים תפ,,1000.00,,false,,19.90,0.0199,true,1,200945
7290014471443,false,"גרנולה צימוקים אגוזים ושקדים1 ק""ג חדש - 443 כתום שקדיה (כתום)","דין שיווק וקלייה בע""",IL,גרנולה עם צימוקים אג,,1000.00,,false,,19.90,0.0199,true,1,200946
7290014472136,false,גרעין שחור קלוי ששון הקולה 150 ג',"דין שיווק וקלייה בע""",IL,גרעין שחור קלוי 150ג,,150.00,,false,,3.90,0.0260,true,1,200953
7290014472426,false,קונפיטורה דובדבן חמוץ 450 ג' שקדיה,"דין שיווק וקליה בע""מ",IL,קונפיטורה דובדבן חמו,,450.00,,false,,13.90,0.0309,true,1,200962
7290014472464,false,קונפיטורה משמש 70% פרי 450 גרם,"דין שיווק וקליה בע""מ",IL,קונפיטורה משמש 450גר,,450.00,,false,,13.90,0.0309,true,1,200966
7290014472990,false,ממרח 100% שקדים שקדיה 300 ג',דין שיווק,IL,ממרח 100% שקדים 300ג,,300.00,,false,,34.90,0.1163,true,1,200973
7290014534650,false,"פסטה ""לה פסטה"" 400 ג' צינור 400 ג'",מוטלו,TR,פסטה לה פסטה צינור 4,,400.00,,false,,5.90,0.0148,true,1,175411
7290014534667,false,"פסטה ""לה פסטה"" 400 ג' קונכיה 400 ג'",מוטלו,TR,פסטה לה פסטה קונכיה,,400.00,,false,,5.90,0.0148,true,1,175412
7290014534674,false,"פסטה ""לה פסטה"" 400 ג' פרפר 400 ג'",מוטלו,TR,פסטה לה פסטה פרפר 40,,400.00,,false,,5.90,0.0148,true,1,175413
7290014534681,false,"פסטה ""לה פסטה"" 400 ג' בורג 400 ג'",מוטלו,TR,פסטה לה פסטה בורג 40,,400.00,,false,,5.90,0.0148,true,1,175414
7290014534698,false,"פסטה ""לה פסטה"" 400 ג' תלתל 400 ג'",מוטלו,TR,פסטה לה פסטה תלתל 40,,400.00,,false,,5.90,0.0148,true,1,175415
7290014534704,false,"פסטה ""לה פסטה"" 400 ג' אטריות מרק 400 ג'",מוטלו,TR,פסטה לה פסטה אטריות,,400.00,,false,,5.90,0.0148,true,1,175416
7290014555723,false,"תחליב רחצה אקזוטי 700 מ""ל נובו",סאסאטק,IL,נובו תחליב רחצה אקזו,,700.00,,false,,10.00,0.0143,true,1,203241
7290014555730,false,"תחליב רחצה דבש 700 מ""ל נובו.",סאסאטק,IL,נובו תחליב רחצה דבש,,700.00,,false,,10.00,0.0143,true,1,203242
7290014555754,false,"תחליב רחצה בלוסום 700 מ""ל נובו",סאסאטק,IL,נובו תחליב רחצה בלוס,,700.00,,false,,10.00,0.0143,true,1,203244
7290014555778,false,"ג'ל רחצה לגבר בלייז 700 מ""ל נובו.",סאסאטק,IL,נובו תחליב רחצה לגבר,,700.00,,false,,10.00,0.0143,true,1,203246
7290014581319,false,מנגל קטן+ רשת,,,מנגל קטן,יחידה,0.00,יחידה,false,,29.90,0.0000,true,1,211581
7290014581500,false,מנגל ענק עם רגליים ו,,,מנגל ענק עם רגליים ו,יחידה,0.00,יחידה,false,,99.00,0.0000,true,1,211583
7290014692299,false,גבינת ברי 125 ג' קסטיאלו ויליפוד,יורו צ'יז Euro Cheese,DK,גבינת ברי קאסטללו יו,,125.00,,false,,21.90,0.1752,true,1,178918
7290014692305,false,גבינת קממבר 125ג' CASTELLO ויליפוד,הנסיך- מפעל לייצור ט,DK,גבינת קממבר יורוציז,,125.00,,false,,21.90,0.1752,true,1,178919
7290014692541,false,גבינת golden מגורדת 500 גרם,ג.וילי פוד אינטרנשיו,IL,אמה מגורדת 500גר,,500.00,,false,,21.90,0.0438,true,1,178933
7290014731264,false,"כוס שתיה ח""פ ר.שמאי 100יח'",רם,,כוסות פלסטיק לשתיה ק,יחידה,0.00,יחידה,false,,7.90,0.0000,true,1,215975
7290014731707,false,צלחות גדולות פשוטות 50 יח',,,צלחות פלסטיק גדול 50,יחידה,0.00,יחידה,false,,15.90,0.0000,true,1,215978
7290014748651,false,דג טוב פילה אמנון מצופה נתח שלם 360 גרם,מוצרי עוף טוב (2001),IL,פילה אמנון מצופה מנת,,360.00,,false,,32.90,0.0914,true,1,225220
7290014749245,false,ספיישל רצועות שניצל שומשום עוף טוב 600 גרם,מוצרי עוף טוב (2001),IL,צ'ונגו רצועות שניצל,,600.00,,false,,35.90,0.0598,true,1,225232
7290014758100,false,מאגדת יוגורט ביו 3% שומן 8 יח' *150ג' תנובה,מיוצר עי קונדיטוריית,IL,יוגורט ביו מאגדת שמי,,1200.00,,false,,17.30,0.0144,true,1,189987
7290014758117,false,מאגדת יוגורט ביו 1.5% שומן 8 יח' *150 ג' תנובה,מיוצר עי קונדיטוריית,IL,יוגורט ביו מאגדת שמי,,1200.00,,false,,17.30,0.0144,true,1,189988
7290014758162,false,חלב עיזים מלא 3.6% קרטון 1 ל' תנובה,תנובה מרכז שיתופי לש,IL,חלב עיזים מלה 3.6% 1,,1000.00,,false,,16.70,0.0167,true,1,189990
7290014758681,false,קוטג תנובה 1% גביע 250 גרם,מיוצר עי קונדיטוריית,IL,קוטג 1% בגביע 250גר,,250.00,,false,,5.90,0.0236,true,1,190019
7290014759084,false,גבינת שמנת 16% בטעם טבעי 225 ג' נפוליאון,תנובה מרכז שיתופי לש,IL,גבינת נפוליאון 16% 2,,225.00,,false,,14.50,0.0644,true,1,190033
7290014759534,false,גבינה בולגרית למריחה טבעי 5% 200 ג' פיראוס,"תנובה, מחלבת תל יוסף",IL,בולגרית למריחה טבעי,,200.00,,false,,15.30,0.0765,true,1,190040
7290014759978,false,"גבינת קצקבל פלח גלעד 27%, 200 ג'",תנובה חלב,IL,קאשקבל פלח 200 גר,,200.00,,false,,28.90,0.1445,true,1,190049
7290014760134,false,מעדן סויה בטעם וניל אלטרנטיב,תנובה Alternative,IL,מעדן סויה בטעם וניל,,125.00,,false,,4.20,0.0336,true,1,190056
7290014760141,false,משקה שקדים תנובה E אלטרנטיב,תנובה Alternative,IL,משקה שקדים טרי 1ליטר,,1000.00,,false,,13.30,0.0133,true,1,190057
7290014760448,false,גבינה צהובה גלבוע 400 גרם 22% שומן תנובה,מחלבת בית יצחק,IL,גבינה גלבוע 400גר,,400.00,,false,,25.90,0.0647,true,1,190066
7290014760912,false,פרוסות גבינה 28% שומן 400 ג' גוש חלב,תנובה מרכז שיתופי לש,IL,גבינה גוש חלב מהדרין,,400.00,,false,,27.90,0.0697,true,1,190081
7290014761056,false,מעדן שוקולד חלב מעולה 123 ג' יולו,מיוצר עי קונדיטוריית,IL,מעדן YOLO שוקולד חלב,,123.00,,false,,4.70,0.0382,true,1,190084
7290014761063,false,מעדן שוקולד מריר מעולה 123 ג' יולו,מיוצר עי קונדיטוריית,IL,מעדן YOLO שוקולד מרי,,123.00,,false,,4.70,0.0382,true,1,190085
7290014761070,false,מעדן שוקולד לבן מעולה 123 ג' יולו,מיוצר עי קונדיטוריית,IL,מעדן YOLO שוקולד לבן,,123.00,,false,,4.70,0.0382,true,1,190086
7290014761414,false,יולו מעדן שכבות שוקולד חלב ולבן 123 גר,מיוצר עי קונדיטוריית,IL,מעדן YOLO שכבות שוקו,,123.00,,false,,4.70,0.0382,true,1,190101
7290014762756,false,נפוליאון גבינת שמנת עם בצל 16% שומן,תנובה חלב,IL,גבינת נפוליאון 16% ב,,225.00,,false,,14.50,0.0644,true,1,190156
7290014762800,false,מעדן סויה שוקולד גביע 125 גרם אלטרנטיב,תנובה מרכז שיתופי לש,IL,מעדן סויה בטעם שוקול,,125.00,,false,,4.20,0.0336,true,1,225335
7290014762831,false,גבינת שמנת חלפיניו 24% שומן 225 ג' נפוליאון,תנובה מרכז שיתופי לש,IL,גבינת נפוליאון 25% ע,,225.00,,false,,14.50,0.0644,true,1,190158
7290014763098,false,קרם גבינת שמנת 5% עם פלפל שום ובצל 200 ג' תנובה,תנובה,IL,קרם גבינה שמנת 5% טו,,200.00,,false,,12.20,0.0610,true,1,190169
7290014763272,false,יוגורט סויה BIO לשתיה תות ובננה אלטרנטיב,תות תעשיות מזון (201,IL,משקה סויה ביו תות בנ,,236.00,,false,,5.90,0.0250,true,1,190176
7290014791091,false,"שוויפס לימונייד 500 מ""ל",יפאורה,IL,שוופס לימונייד 500מל,,500.00,,false,,5.90,0.0118,true,1,181937
7290014791725,false,"שוויפס תפוחים מוגז 500 מ""ל",יפאורה,IL,שוופס מוגז תפוח 500,,500.00,,false,,5.90,0.0118,true,1,181960
7290014855434,false,מגבונים בייביסיטר פרפורמנס מבושם רביעיה,בייביסיטר Babysitter,IL,מגבוני בייביסיטר פרפ,יחידה,0.00,יחידה,false,,15.90,0.0000,true,1,171933
7290014855458,false,מגבוני בייביסיטר פרפורמנס ללא בישום מארז 72X4יח',בייביסיטר Babysitter,IL,מגבוני בייביסיטר פרפ,יחידה,0.00,יחידה,false,,15.90,0.0000,true,1,171934
7290014860094,false,"מקלוני אורז ללא גלוטן 3מ""מ 454גר' (אור)",ניינטי נודל קו,TH,מקלוני אורז ללא גלוט,,454.00,,false,,10.90,0.0240,true,1,205416
7290014860100,false,"מקלות אורז ללא גלוטן 1 מ""מ 454 גרם",,,מקלוני אורז ללא גלוט,,454.00,,false,,10.90,0.0240,true,1,205417
7290014901247,false,"שמפו קרטין לאחר החלקה ועיצוב בחום סטייל 750 מ""ל",א.ל. ארמן ייצור תמרו,IL,שמפו סטייל קרטין 750,,750.00,,false,,19.90,0.0265,true,1,199761
7290014905160,false,"הפי מטהר אוויר פניני ריח בניחוחות, 130 גרם",יוליניבר,IT,פניני ריח הפי 130גר,,130.00,,false,,8.90,0.0685,true,1,183737
7290014905207,false,"הג'ל הכחול לניקוי האסלה יעקבי 750 מ""ל",איי פי אס,TR,הפי גל לניקוי אסלה 7,,750.00,,false,,10.90,0.0145,true,1,183739
7290014905696,false,"נוזל כלים הפי מרוכז 24% לימון 750 מ""ל",יעקובי הפי,IL,הפי נוזל כלים צהוב ל,,750.00,,false,,7.90,0.0105,true,1,183746
7290014905719,false,הפי לימונית למדיח כלים - מנטרל ריחות רעים,יעקבי - הפי Hepi,IT,הפי לימונית למדיח כל,יחידה,0.00,יחידה,false,,9.90,0.0000,true,1,183747
7290014905733,false,"הפי פרפקט לניקוי שמשות 750 מ""ל",יעקובי הפי,TR,הפי מרסס לניקוי חלונ,,750.00,,false,,7.90,0.0105,true,1,183748
7290014945067,false,צמרוני פלסטיק בקופסא,,,צמרוני אוזניים פלסטי,יחידה,0.00,יחידה,false,,4.50,0.0000,true,1,249666
7290014945074,false,צמרוני בייבי 56 גרם,,,צמרוני בייבי 56 גרם,יחידה,0.00,יחידה,false,,4.90,0.0000,true,1,249667
7290014945210,false,300 צמרוני עץ (בשקית) Shiny,GUANGDONG,CN,צמרוני עץ 300 יח בשק,יחידה,0.00,יחידה,false,,4.90,0.0000,true,1,245101
7290014945807,false,קיסמי שיניים דנטלים 200 יחידות,,,קיסמי שיניים דנטליים,,200.00,,false,,7.90,0.0395,true,1,221701
7290015008020,false,נר נשמה ר. שמאי 24 שעות,,CN,נר נשמה 24 שעות שמאי,יחידה,0.00,יחידה,false,,1.90,0.0000,true,1,236500
7290015008037,false,נרות חימום 50 יח' ר.שמאי,,,להבונים 50 יח',,50.00,,false,,9.90,0.1980,true,1,236501
7290015008280,false,נייר אפייה ר. שמאי 50 דף,,,נייר אפייה 50דף,יחידה,0.00,יחידה,false,,8.90,0.0000,true,1,226040
7290015008372,false,"כוס קרטון לשתיה חמה 8OZ ח""פ 50יח'",,,כוסות שתיה חמה 50 יח,יחידה,0.00,יחידה,false,,9.90,0.0000,true,1,240677
7290015008631,false,שקיות צליה ר. שמאי 10+2יח',,IL,שקיות צליה 12יח' ר.ש,,12.00,,false,,4.90,0.4083,true,1,246287
7290015008648,false,שקיות צליה ענק ר. שמאי 5+2יח',,,שקיות צליה ענק 7יח',,7.00,,false,,4.90,0.7000,true,1,246288
7290015008662,false,"מזלג שקוף ארוז ח""פ 50יח'",,,מזלג ארוז 50 יח,יחידה,0.00,יחידה,false,,9.90,0.0000,true,1,226043
7290015008686,false,כפיות קרם/שקוף ארוז,,,כפיות ארוז 50 יח,יחידה,0.00,יחידה,false,,9.90,0.0000,true,1,226045
7290015139250,false,"כרמית שוקולד מריר עם פצפוצי אורז לל""ס",כרמית תעשיות ממתקים,IL,שוקולד מריר עם פצפוצ,,85.00,,false,,6.90,0.0812,true,1,213373
7290015139267,false,שוקולד מריר עם שקדים ללא תוספת סוכר וסטהיים,כרמית תעשיות ממתקים,IL,שוקולד מריר עם שקדים,,85.00,,false,,6.90,0.0812,true,1,213374
7290015150088,false,מחית עגבניות גראנד איטליה 700 גרם,שוורצקוף& הנקל דיסלד,IT,מחית עגבניות גרנד אי,,700.00,,false,,12.90,0.0184,true,1,190963
7290015150118,false,עגבניות חתוכות דק בלה איטליה 3*400 ג',אמיליאנה קונסרב ס.פ.,IL,עגבניות חתוכות 3* 40,,1200.00,,false,,14.90,0.0124,true,1,190966
7290015150200,false,עגבניות חתוכות דק 400 גרם,HIQ FOOD PRODUCTS,IT,רסק עגבניות גרנ איטל,יחידה,0.00,יחידה,false,,6.50,0.0000,true,1,225900
7290015155830,false,מחית תפוחי עץ ובננה חטיפטף ללא תוספת סוכר,פרוטה פודווין איי.אס,CZ,פרינוק פאוץ' בטעם תפ,,120.00,,false,,6.50,0.0542,true,1,225365
7290015155847,false,מחית סלט פירות חטיפטף ללא תוספת סוכר,פרוטה פודיווין איי.א,CZ,פרינוק פאוץ' בטעם סל,,120.00,,false,,6.50,0.0542,true,1,225366
7290015156769,false,מחית פרינוק פאוץ' תפוח ואוכמניות 120 גרם,פרוטה פודווין איי.אס,CZ,פרינוק פאוץ תפוח ואו,,120.00,,false,,6.50,0.0542,true,1,225369
7290015156776,false,מחית פירות טרופיים חטיפטף ללא תוספת סוכר,פרוטה פודווין איי.אס,CZ,פרינוק פאוץ פירות טר,,120.00,,false,,6.50,0.0542,true,1,225370
7290015156790,false,מחית לפתן פירות חטיפטף ללא תוספת סוכר,פרוטה פודווין איי.אס,CZ,פרינוק פאוץ לפתן פיר,,120.00,,false,,6.50,0.0542,true,1,225371
7290015156813,false,מחית פרינוק פאוץ' פירות מעורבים 120 גרם,פרוטה פודווין איי.אס,CZ,פרינוק פאוץ פירות מע,,120.00,,false,,6.50,0.0542,true,1,225372
7290015161930,false,"פסטPRO קסרצ'ה פתיתים אורגניים, ללא גלוטן",נוטרה זן NutraZen,IT,פסטה PRO עדשים צהובו,,250.00,,false,,17.90,0.0716,true,1,245495
7290015251174,false,"שלישיית סבון ידים ירוק נובו 500 מ""ל",סאסאטק,IL,נובו אל סבון ירוק של,,1500.00,,false,,10.90,0.0073,true,1,203249
7290015251204,false,"נובו שלישיית סבון ידיים ורוד 500מ""ל",סאסאטק,IL,נובו אל סבון ורוד של,,1500.00,,false,,10.90,0.0073,true,1,203252
7290015251259,false,תחליב רחצה דבש+משאבה 1ל נובו,,,נובו תחליב רחצה דבש+,,1000.00,,false,,10.00,0.0100,true,1,203253
7290015282000,false,איקרא אדומה SEVEN SEAS 200 גרם,שבעת הימים - שמיר,IL,איקרה אדומה 200גר שמ,,200.00,,false,,17.90,0.0895,true,1,198407
7290015282024,false,איקרא לבנה SEVEN SEAS 200 גרם,שבעת הימים - שמיר,IL,איקרה לבנה 200גר שמי,,200.00,,false,,17.90,0.0895,true,1,198409
7290015282390,false,סלט תורכי 200 גרם שמיר,"סלטי שמיר 2006 בע""מ",IL,תורכי 200 גרם גורמה,,200.00,,false,,14.90,0.0745,true,1,220945
7290015282581,false,חומוס שמיר אבו גוש עם חריף 200 גר',"סלטי שמיר 2006 בע""מ",IL,חומוס אבו גוש עם חרי,,200.00,,false,,14.90,0.0745,true,1,198428
7290015282598,false,חומוס שמיר מסעדות 200 גר',"סלטי שמיר 2006 בע""מ",IL,חומוס מסעדות 200 גר,,200.00,,false,,14.90,0.0745,true,1,198429
7290015282604,false,טחינה שמיר מיוחדת גורמה 200ג',"סלטי שמיר 2006 בע""מ",IL,טחינה מיוחדת 200 גר,,200.00,,false,,14.90,0.0745,true,1,220940
7290015282628,false,חציל שמיר בטעם כבד 200 גר',"סלטי שמיר 2006 בע""מ",IL,חציל בטעם כבד 200 גר,,200.00,,false,,14.90,0.0745,true,1,198431
7290015282635,false,חומוס שמיר מסבחה 200 גר',"סלטי שמיר 2006 בע""מ",IL,חומוס מסבחה 200 גר,,200.00,,false,,14.90,0.0745,true,1,220941
7290015282642,false,חומוס שמיר אבו גוש 200 גר',"סלטי שמיר 2006 בע""מ",IL,"חומוס אבו ג""וש 200 ג",,200.00,,false,,14.90,0.0745,true,1,198432
7290015282666,false,סלט טונה עם ירקות 200 גר,"סלטי שמיר 2006 בע""מ",IL,סלט טונה עם ירקות שמ,,200.00,,false,,17.90,0.0895,true,1,220954
7290015282673,false,חציל שמיר במיונז ביתי 200 גורמה גר',"סלטי שמיר 2006 בע""מ",IL,חציל במיונז ביתי שמי,,200.00,,false,,14.90,0.0745,true,1,198434
7290015282697,false,כרוב אדום שמיר גורמה 200גר,"סלטי שמיר 2006 בע""מ",IL,כרוב אדום 200 גר,,200.00,,false,,14.90,0.0745,true,1,220946
7290015282710,false,קוביות סלק שמיר 200 גר',"סלטי שמיר 2006 בע""מ",IL,קוביות סלק 200 גר,,200.00,,false,,14.90,0.0745,true,1,220942
7290015282727,false,גזר מרוקאי ברוטב פיקנטי אסלי שמיר 200 ג',"סלטי שמיר 2006 בע""מ",IL,גזר מרוקאי ברוטב פיק,,200.00,,false,,14.90,0.0745,true,1,220943
7290015282734,false,מטבוחה שמיר ביתית גורמה 200 ג ',"סלטי שמיר 2006 בע""מ",IL,מטבוחה ביתית 200 גר,,200.00,,false,,14.90,0.0745,true,1,220944
7290015282741,false,חציל תאילנדי אסלי שמיר 200 ג',"סלטי שמיר 2006 בע""מ",IL,חציל תאילנדי 200 גר,,200.00,,false,,14.90,0.0745,true,1,220949
7290015282796,false,"סלט תפו""א שמיר במיונז 200ג'","סלטי שמיר 2006 בע""מ",IL,תפוח אדמה 200 גר גור,,200.00,,false,,14.90,0.0745,true,1,220947
7290015320009,false,שוקולד מריר 3*100 ג' השקדיה,קריות זול,,שוקולד מריר שקדיה 3*,,300.00,,false,,10.90,0.0363,true,1,248603
7290015320047,false,עוגיות פח בטעם חמאה,,,עוגיות בטעם חמאה 114,,114.00,,false,,6.90,0.0605,true,1,173725
7290015320054,false,עוגיות חמאה בפח כחול 340ג',,,עוגיות בטעם חמאה 340,,340.00,,false,,10.90,0.0321,true,1,173726
7290015320481,false,שוקולד מריר 60% יעד,,,שוקולד מריר 60% יעד,,100.00,,false,,4.90,0.0490,true,1,234603
7290015324007,false,תבלין פלפל שחור גרוס 80 ג',"תבליני טעם וריח בע""מ",IL,פלפל שחור גרוס שקית,,80.00,,false,,11.90,0.1488,true,1,198615
7290015324014,false,"פלפל שחור טחון בשקית 80 גרם ""טעם וריח""","תבליני טעם וריח בע""מ",IL,פלפל שחור טחון שקית,,80.00,,false,,11.90,0.1488,true,1,198616
7290015324038,false,פפריקה מתוקה בשמן 100 גרם טעם וריח,"תבליני טעם וריח בע""מ",IL,פפריקה בשמן שקית 80ג,,80.00,,false,,6.90,0.0863,true,1,198617
7290015324045,false,תבלין פפריקה חריפה 80 גר' שק',"תבליני טעם וריח בע""מ",IL,פפריקה חריפה שקית 80,,80.00,,false,,6.90,0.0863,true,1,198618
7290015324052,false,תבלין פפריקה מתוקה 80 ג',"תבליני טעם וריח בע""מ",IL,פפריקה מתוקה שקית 80,,80.00,,false,,6.90,0.0863,true,1,198619
7290015324069,false,תערובת תיבול גריל עוף,"תבליני טעם וריח בע""מ",IL,גריל עוף שקית 80גר,,80.00,,false,,6.90,0.0863,true,1,198620
7290015324076,false,טעם וריח זעתר שקית 8,"תבליני טעם וריח בע""מ",IL,זעתר שקית 80גר,,80.00,,false,,7.90,0.0988,true,1,198621
7290015324083,false,טעם וריח מלח לימון ש,"תבליני טעם וריח בע""מ",IL,מלח לימון שקית 80גר,,80.00,,false,,6.90,0.0863,true,1,198622
7290015324090,false,תבלין כמון טחון 80 ג',"תבליני טעם וריח בע""מ",IL,כמון שקית 80גר,,80.00,,false,,6.90,0.0863,true,1,198623
7290015324106,false,תבלין כורכום טחון 80 גר',"תבליני טעם וריח בע""מ",IL,כורכום שקית 80גר,,80.00,,false,,6.90,0.0863,true,1,198624
7290015324120,false,טעם וריח שום גבישי ב,"תבליני טעם וריח בע""מ",IL,שום גבישי שקית 80גר,,80.00,,false,,9.90,0.1238,true,1,198626
7290015324151,false,שק 80 גרם חוויאג למרק,"תבליני טעם וריח בע""מ",IL,חוואג' 80גר,,80.00,,false,,8.90,0.1113,true,1,198627
7290015324281,false,"בצל מטוגן שקית 200 גרם""טעם וריח""",תות תעשיות מזון (201,NL,בצל מטוגן בשקית 200,,200.00,,false,,12.90,0.0645,true,1,220816
7290015324526,false,תערובת תיבול לפרגיות 80 גרם,"תבליני טעם וריח בע""מ",IL,תערובת תיבול לפרגיות,,80.00,,false,,7.90,0.0988,true,1,235248
7290015324540,false,טימין מיכל גדול 30 גרם,"תבליני טעם וריח בע""מ",IL,טימין מיכל גדול 30 ג,,30.00,,false,,10.90,0.3633,true,1,235250
7290015339414,false,דבש טהור טבעי 350 ג',טעמן,,דבש טהור 350גר טעמן,,350.00,,false,,16.90,0.0483,true,1,194861
7290015339551,false,פסטה פתיתים קוסקוס טעמן 500 גר',,,פתיתים אפויים קוסקוס,,500.00,,false,,5.90,0.0118,true,1,194863
7290015339568,false,פסטה פתיתים אורז טעמן 500 גר',,,פתיתים אפויים אורז ט,,500.00,,false,,5.90,0.0118,true,1,194864
7290015339933,false,ריבת חלב 340 גרם טעמן,טעמן,,ריבת חלב טעמן 340גר,,340.00,,false,,13.90,0.0409,true,1,194867
7290015347273,false,נטיפי שוקולד אמיתי לאפיה 250 גר',מיה,IL,נטיפי שוקולד אמיתי 2,,250.00,,false,,10.90,0.0436,true,1,225759
7290015347525,false,צ'יפס בטטה עם שום ורוזמרין 80גרם,מיה תעשיות מזון בעמ,IL,צ'יפס בטטה עם שום ור,,80.00,,false,,9.90,0.1238,true,1,225770
7290015366663,false,"משחת שיניים מנטה עדין אקווה פרש 100 מ""ל",גלקסוסמיתקליין,SK,אקווה פרש עדין משחת,,100.00,,false,,8.90,0.0890,true,1,199794
7290015366670,false,משחת שיניים הגנה משולשת מנטה מרענן,גלקסוסמיתקליין,SK,אקווה פרש מנטה משחת,,100.00,,false,,8.90,0.0890,true,1,199795
7290015374286,false,"סיגר במילוי תפו""א בד",,,"סיגר במילוי תפו""א בד",,400.00,,false,,12.90,0.0323,true,1,173949
7290015374361,false,"קרפלך במילוי בשר בד""",,,"קרפלך במילוי בשר בד""",,400.00,,false,,12.90,0.0323,true,1,173957
7290015374422,false,"שניצלונים תפו""א במיל",,,"שניצלונים תפו""א במיל",,400.00,,false,,12.90,0.0323,true,1,173962
7290015374439,false,"שניצלונים תפו""א במיל",,,"שניצלונים תפו""א במיל",,400.00,,false,,12.90,0.0323,true,1,173963
7290015395045,false,קינואה 400 גרם חתם סופר,"שקדיה גבע תעשיות בע""",IL,קינואה 400גר,,400.00,,false,,10.90,0.0273,true,1,200975
7290015470094,false,טוסו שוקולד מריר תפוז ללא סוכר 100גרם,ALTINMARKA,TR,שוקולד טוסו מריר תפו,,100.00,,false,,13.50,0.1350,true,1,207779
7290015528436,false,קערת פירות עגולה לבנ,,CN,קערת פירות עגולה לבנ,יחידה,0.00,יחידה,false,,17.90,0.0000,true,1,197785
7290015528832,false,צלחת 9 מתכלה אר' 25 יח' דנטס,,IN,צלחת 9 מתכלה אר' 25,יחידה,0.00,יחידה,false,,14.90,0.0000,true,1,221653
7290015528849,false,צלחת 10 מתכלה אר' 25 יח' דנטס,,IN,צלחת 10 מתכלה אר' 25,יחידה,0.00,יחידה,false,,18.90,0.0000,true,1,221654
7290015528870,false,ליפתנית מתכלה אר' 25 יח' דנטס,,IN,"ליפתנית 200 מ""ל מתכל",יחידה,0.00,יחידה,false,,7.90,0.0000,true,1,221657
7290015597210,false,מאגדת טילון קורנטו פרווה טבעוני-וויגן פרנדלי,"גלידת שטראוס בע""מ, ר",IL,טילון קורנטו מאגדת פ,,378.00,,false,,37.90,0.1003,true,1,225291
7290015603201,false,אטריות מחיטה מלאה 454ג' (כ) (fu),xiamen zhongshi impo,CN,אטריות מחיטה מלאה 45,,454.00,,false,,10.90,0.0240,true,1,205423
7290015603232,false,איטריות בתוספת דלעת 454 גרם,פוגקן לונגהי אנלידה,CN,איטריות בתוספת דלעת,,454.00,,false,,10.90,0.0240,true,1,205426
7290015603546,false,"שימורי קרם קוקוס 17-19% 400 מ""ל (ASIATIC)(כ)",אסיאטיק אגרו אינדסטר,TH,קרם קוקוס 17-19% 400,,400.00,,false,,10.90,0.0273,true,1,238603
7290015603560,false,"שימורי קרם קוקוס 20-22% 400 מ""ל (ASIATIC)(כ)",אסי אטיק גרו אינדוסט,TH,קרם קוקוס 20-22% 400,,400.00,,false,,10.90,0.0273,true,1,235878
7290015603591,false,גינגר כבוש וורוד 160 גרם,ננטונג הידה אקוטיק פ,CN,גינגר ורוד כבוש ללא,,160.00,,false,,9.50,0.0594,true,1,238604
7290015603638,false,"אורז קלרוז 1 ק""ג (כ) (Minh)",מינה פונג גרין אגריק,CN,*מבצע* אורז קלרוז 1ק,,1000.00,,false,,11.00,0.0110,true,1,205432
7290015652070,false,קשיו קלוי 150 גרם ששון הקולה,"דין שיווק וקלייה בע""",IL,קשיו קלוי 150גרם,,150.00,,false,,10.90,0.0727,true,1,200988
7290015652254,false,גרעיני חמניה קלויים 400 גרם ששון הקלה,"דין שיווק וקלייה בע""",IL,גרעינים שחורים 400 ג,,400.00,,false,,10.00,0.0250,true,1,200993
7290015652278,false,תערובת פיצוחים 250 גרם ששון הקולה,"דין שיווק וקלייה בע""",IL,תערובת פיצוחים 250גר,,250.00,,false,,20.00,0.0800,true,1,200995
7290015652292,false,קבוקים עם שומשום 400 גרם ששון הקלה,"דין שיווק וקלייה בע""",IL,קבוקים עם שומשום 500,,500.00,,false,,10.00,0.0200,true,1,200997
7290015652308,false,מנצס 300 גרם ששון הקולה,"דין שיווק וקלייה בע""",IL,מנצס ששון הקולה 300,,300.00,,false,,10.00,0.0333,true,1,200998
7290015652322,false,בוטנים אמריקאיים מצופים 400 גר ששון הקלה,"דין שיווק וקלייה בע""",IL,בוטנים אמריקאים מצופ,,400.00,,false,,10.00,0.0250,true,1,201000
7290015652384,false,"קמח תירס הכנה מהירה ללא גלוטן 1 ק""ג",מולינו פילה,IT,קמח תירס ללא 1קג,,1000.00,,false,,10.90,0.0109,true,1,201003
7290015652407,false,פיסטוק קלוי 250 גר דין שיווק,"דין שיווק וקלייה בע""",IL,פיסטוק 250גר,,250.00,,false,,20.00,0.0800,true,1,201005
7290015652605,false,פיסטוק קלוף 100 גרם השף,"דין שיווק וקלייה בע""",IL,פיסטוק מקולף 100 גר,,100.00,,false,,22.90,0.2290,true,1,201017
7290015733205,false,תרכובת מזון לתינוקות חלבי שלב 1 אקסטרה קר מהדרין,מטרנה,IL,מטרנה אקסטרה קר שלב,,700.00,,false,,59.90,0.0856,true,1,244435
7290015733229,false,תרכובת מזון לתינוקות חלבי שלב 2 אקסטרה קר מהדרין,מטרנה,IL,מטרנה אקסטרה קר שלב,,700.00,,false,,59.90,0.0856,true,1,244436
7290015733243,false,מטרנה אקסטרה קייר מהדרין שלב 3 700 גרם,מטרנה,IL,מטרנה אקסטרה קר שלב,,700.00,,false,,59.90,0.0856,true,1,244437
7290015733427,false,מטרנה דייסת גם וגם וניל פרו12*300ג 2019,מולינו ניקולי s.p.a,IL,דייסת גם וגם וניל פר,,300.00,,false,,24.90,0.0830,true,1,225246
7290015733441,false,מטרנה דייסת גם וגם דגנים פרו 300 גר',מטרנה תעשיות ש.מ,IL,דייסת גם וגם דגנים פ,,300.00,,false,,24.90,0.0830,true,1,234641
7290015781046,false,"יין לבן חצי יבש ויזון 750 מ""ל",יקב טפרברג 1870 בעמ,IL,יין ויז'ן לבן חצי יב,,750.00,,false,,39.90,0.0532,true,1,172781
7290015781053,false,"יין ויז'ן לבן יבש 750 מ""ל",יקב טפרברג 1870 בעמ,IL,יין ויזן לבן יבש 750,,750.00,,false,,39.90,0.0532,true,1,172782
7290015781114,false,"יין אימפרשן מרלו 750 מ""ל",יקב טפרברג 1870 בעמ,IL,יין אימפרזיון מרלו 7,,750.00,,false,,49.90,0.0665,true,1,172785
7290015781121,false,"קברנה סוביניון אימפרשיאון 750 מ""ל-מרכז",יקב טפרברג 1870 בעמ,IL,יין אימפרזיון קברנה,,750.00,,false,,49.90,0.0665,true,1,172786
7290015781169,false,"יין קברנה סוביניון - חצי יבש אימפרשן 750מ""ל",יקב טפרברג 1870 בעמ,IL,יין אדום חצי יבש אימ,,750.00,,false,,49.90,0.0665,true,1,215141
7290015781275,false,"יין מוסקטו לבן 750 מ""ל MOSCATO",יקב טפרברג 1870 בעמ,IL,יין מוסקטו לבן 750מל,,750.00,,false,,39.90,0.0532,true,1,172791
7290015781282,false,"יין גוורצטמינר אימפרשן 750מ""ל",יקב טפרברג 1870,IL,יין אימפרוזיון גוורצ,,750.00,,false,,49.90,0.0665,true,1,172792
7290015804400,false,עגבניות מרוסקות טל 260 ג',טל וטרי,IL,עגבניות מרוסקות 250ג,,250.00,,false,,4.90,0.0196,true,1,201456
7290015804424,false,עגבניות מרוסקות ובזיליקום ועשבי תיבול טל 260 ג',טל,,עגבניות מרוסקות בזיל,,250.00,,false,,4.90,0.0196,true,1,201458
7290015842631,false,"כוס ברד 330 מ""ל ח""פ 40יח'",,GR,כוס לברד 40 יח,יחידה,0.00,יחידה,false,,11.90,0.0000,true,1,236506
7290015855013,false,פלפלים מתוקים בצבעים,,,פלפל טינקרבל ארוז,יחידה,0.00,יחידה,false,,8.90,0.0000,true,1,205207
7290015855037,false,פלפל צילי חריף,,,פלפל צ'ילי.,יחידה,0.00,יחידה,false,,7.90,0.0000,true,1,205209
7290015855051,false,מלפפון טעם של פעם יח,,,מלפפון מיני ארוז,יחידה,0.00,יחידה,false,,8.90,0.0000,true,1,205210
7290015855129,false,כרוב קייל רעננים,רעננים,,כרוב קייל ארוז,יחידה,0.00,יחידה,false,,10.90,0.0000,true,1,205216
7290015855143,false,שיני שום קלופות בנספ,,,שום קלוף 170גרם,יחידה,0.00,יחידה,false,,11.90,0.0000,true,1,205218
7290015855228,false,אספרגוס א.אדמה,אדמה,,אספרגוס,יחידה,0.00,יחידה,false,,28.00,0.0000,true,1,205222
7290015855273,false,בזיליקום מארז גדול,,,בזיליקום מארז גדול,יחידה,0.00,יחידה,false,,9.90,0.0000,true,1,249326
7290015855341,false,אנדיב לבן (עלוש),,,אנדיב (עולש),,0.00,,false,,15.90,0.0000,true,1,238599
7290015855358,false,בצלצלי שאלוט 280 גרם,,,בצלצלי שאלוט,יחידה,0.00,יחידה,false,,9.90,0.0000,true,1,235877
7290015855495,false,חסה לאליק,פריסלנד,IL,חסה לאליק,יחידה,0.00,יחידה,false,,12.90,0.0000,true,1,248180
7290015856171,false,בייגלה שמיניות מלח הדר 200 גרם,,,בייגלה שמיניות עם מל,,200.00,,false,,6.90,0.0345,true,1,247094
7290015856492,false,חטיפי קרקר עם מלח 180 גר',,,קרקר חטיפית מלח 180,,180.00,,false,,4.90,0.0272,true,1,235777
7290015856539,false,חטיפי קרקר בצורת דגים הדר,,,ביסקוויט גן חיות 180,,180.00,,false,,4.90,0.0272,true,1,235781
7290015856607,false,קרקר תירוש מלוח מתוק חצי מצופה בטעם שוקולד,אפיפית נצרת תעשיות ב,IL,קרקר תירוש 175ג חצי,,175.00,,false,,7.90,0.0451,true,1,238431
7290015856690,false,"קרם קרקר ""הדר"" 1 ק""ג",אפיפית נצרת תעשיות ב,IL,"קרם קרקר 1 ק""ג",קילוגרמים,1.00,"ק""ג",false,,19.90,19.9000,true,1,238434
7290015856973,false,פתי בר ללא סוכר 150 גר הדר וניל,,,תה ביסקוויט וניל ללא,,150.00,,false,,7.90,0.0527,true,1,249034
7290015856980,false,פתי בר ללא סוכר 150 גר הדר שוקו,,,תה ביסקוויט שוקו ללא,,150.00,,false,,7.90,0.0527,true,1,249035
7290015858106,false,"ממרח פסטו ביתי 180 גרם ""עללחם""",מדשא תעשיות מזון בעמ,IL,ממרח פסטו ביתי 180 ג,,180.00,,false,,16.90,0.0939,true,1,225424
7290015858144,false,ממרח ארטישוק עללחם 180 גרם,מדשא תעשיות מזון בעמ,IL,ממרח ארטישוק 180 גרם,,180.00,,false,,16.90,0.0939,true,1,225425
7290015858212,false,ממרח לימון כבוש עללחם 180 גרם,מדשא תעשיות מזון בעמ,IL,ממרח לימון כבוש 180,,180.00,,false,,16.90,0.0939,true,1,235085
7290015858229,false,"טפנד זיתי קלמטה 180 גרם ""עללחם""",מדשא תעשיות מזון בעמ,IL,ממרח טפנד זיתי קלמטה,,180.00,,false,,16.90,0.0939,true,1,225427
7290015858243,false,ממרח צימיצורי עללחם 180 גרם,מדשא תעשיות מזון בעמ,IL,ממרח צ'ימיצ'ורי 180,,180.00,,false,,16.90,0.0939,true,1,225428
7290015858328,false,עללחם ממרח איולי פסטו 295 גרם,מדשא תעשיות מזון בעמ,IL,עללחם ממרח איולי פסט,,295.00,,false,,16.90,0.0573,true,1,250348
7290015858441,false,עללחם ממרח איולי פלפלים 295 גרם,מדשא תעשיות מזון בעמ,IL,עללחם ממרח איולי פלפ,,295.00,,false,,16.90,0.0573,true,1,250349
7290015858687,false,עללחם ממרח איולי שום 295 גרם,מדשא תעשיות מזון בעמ,IL,עללחם ממרח איולי שום,,295.00,,false,,16.90,0.0573,true,1,250351
7290015858694,false,עללחם ממרח איולי שום לימון 295 גרם,מדשא תעשיות מזון בעמ,IL,עללחם ממרח איולי שום,,295.00,,false,,16.90,0.0573,true,1,250350
7290015865692,false,קונפיטורה תות שדה ענ,קריות זול,IL,קונפיטורה תענוג פרי,,400.00,,false,,17.90,0.0447,true,1,250292
7290015865722,false,קונפיטורת תות שדה לייט 400 גרם,ענבי ציון,IL,קונפיטורת לייט תות ש,,400.00,,false,,19.90,0.0497,true,1,250297
7290015865746,false,קונפיטורת פירות יער לייט 400 ג,ענבי ציון,IL,קונפיטורת לייט פירות,,400.00,,false,,19.90,0.0497,true,1,250299
7290016006025,false,שוופס סודה 0.50 ליטר בקבוק,יפאורה תבורי בעמ,IL,שוופס סודה 500מל,,500.00,,false,,3.90,0.0078,true,1,181970
7290016006148,false,"שוופס מוגז עדין ענבים בקבוק 500מ""ל",שוופס,,שוופס מוגז ענבים 500,,500.00,,false,,5.90,0.0118,true,1,181972
7290016006346,false,שישיית שרינק 500 מל שוופס סודה,יפאורה תבורי בעמ,IL,שוופס סודה מארז שישי,,3000.00,,false,,15.90,0.0053,true,1,181982
7290016028867,false,נר מחליף 4 צבעים דנט,,,נר מחליף 4 צבעים דנט,יחידה,0.00,יחידה,false,,11.90,0.0000,true,1,221673
7290016087147,false,רוטב עגבניות לפיצה מרגריטה 240 ג' פריניר,פריניר,IL,רוטב עגבניות לפיצה מ,,240.00,,false,,6.90,0.0288,true,1,225991
7290016087222,false,רוטב עגבניות מרוכז לשקשוקה פריניר 230 גרם,פריניר ( הדס 1987) ב,IL,רוטב עגבניות מרוכז ל,,230.00,,false,,6.90,0.0300,true,1,225995
7290016087499,false,פריניר עגבניות חתוכות דק שלישיה 3 * 400 גרם,פריניר,,עגבניות חתוכות דק של,יחידה,0.00,יחידה,false,,14.90,0.0000,true,1,225997
7290016096583,false,נתחי טונה בשמן שלישיה 3*80ג' פרינס,,,טונה פרינס שלישייה 3,,240.00,,false,,10.90,0.0454,true,1,238557
7290016102123,false,קסרול שקוף קשיח=בדול,,,קסרול שקוף קשיח בדול,יחידה,0.00,יחידה,false,,11.90,0.0000,true,1,236508
7290016102789,false,ר.שמאי צלחות קטנות א,,,צלחות קטן 50 יח',יחידה,0.00,יחידה,false,,9.90,0.0000,true,1,240164
7290016114300,false,נייר טואלט לילי לבן דאבל 16 גל=32 גל,חוגלה קימברלי,IL,לילי דאבל לבן נייר ט,יחידה,0.00,יחידה,false,,39.90,0.0000,true,1,181693
7290016136746,false,איטריות מקלונים ללא גלוטן 340 גר גי פרי,אורגרן הלס אנד ניצר,IT,אטריות בצורת מקלונים,,340.00,,false,,10.90,0.0321,true,1,237804
7290016144024,false,"קמח כוסמין מלא נפלאות 100% 1 ק""ג","קמח מלכים בע""מ",IL,קמח נפלאות כוסמין מל,,1000.00,,false,,15.90,0.0159,true,1,226965
7290016144031,false,"נפלאות קמח חיטה לבן מנופה 1 ק""ג",קמח מלכים,IL,קמח נפלאות חיטה לבן,,1000.00,,false,,7.90,0.0079,true,1,226966
7290016144055,false,"קמח כוסמין נפלאות 80% 1 ק""ג",קמח מלכים,IL,קמח נפלאות כוסמין 80,,1000.00,,false,,15.90,0.0159,true,1,226968
7290016150117,false,סלק אדום מבושל 500 ג' בוואקום,חקלאי,IL,סלק וואקום,,500.00,,false,,6.90,0.0138,true,1,212643
7290016150711,false,נוזל קוקוס אבאל פחית,,,נוזל קוקוס אבאל 400,,400.00,,false,,6.90,0.0173,true,1,229050
7290016162233,false,עוגיות ממולאות פרימיום סוגים שונים 200 גר',,,עוגיות פרימיום ממולא,,200.00,,false,,21.90,0.1095,true,1,213500
7290016162264,false,עוגת גבינה רנססנס 450 גר',קפולסקי שיווק וקמעונ,IL,עוגת גבינה רנסנס 450,,450.00,,false,,42.90,0.0953,true,1,213503
7290016197488,false,מטליות מיקרופייבר למשטחים ניקול 3יח',סטון טכנולגי,CN,מטלית קסם לשיש ניקול,יחידה,0.00,יחידה,false,,15.90,0.0000,true,1,181705
7290016197839,false,ניקול השקית החזקה 20 יח' XL,"אשפלסט תעשיות בע""מ",IL,השקית החזקה 20יח XL,יחידה,0.00,יחידה,false,,21.90,0.0000,true,1,181714
7290016217742,false,חציל על אש בטחינה 200 גר,"סלטי שמיר 2006 בע""מ",IL,חציל אש בטחינה 200 ג,,200.00,,false,,14.90,0.0745,true,1,220952
7290016217759,false,חצילים בסגנון מרוקאי,"סלטי שמיר 2006 בע""מ",IL,סלט חציל מרוקאי 200,,200.00,,false,,14.90,0.0745,true,1,220953
7290016233384,false,גפילטע פיש 7 קציצות 540 גרם תומר,דג טעים ירושלים,IL,גפילטע פיש 7קציצות מ,,550.00,,false,,15.90,0.0289,true,1,175444
7290016233575,false,פתיתי שיבולת שועל 600 גר גוד מורנינג,,LT,שיבולת שועל 600גר,,600.00,,false,,6.90,0.0115,true,1,175448
7290016233711,false,"פסטה ""לה פסטה"" לינגוויני 400 גרם",,,פסטה לה פסטה לינגווי,,400.00,,false,,5.90,0.0148,true,1,226320
7290016233995,false,שימורי אנשובי עם שמן זית 45 ג' תומר,Inversiones prisco s,IL,אנשובי בפח עם שמן זי,,45.00,,false,,7.90,0.1756,true,1,226321
7290016246025,false,בארכה מיקס פינוקיות חלווה ללא סוכר 10*20ג,רושדי תעשיות מזון בע,IL,בארכה חלבה ללא סוכר,,200.00,,false,,14.90,0.0745,true,1,177480
7290016246452,false,בארכה טחינה גולמית מעודנת שום לימון 310 גרם,רושדי תעשיות מזון בע,IL,טחינה גולמית מעודנת,,310.00,,false,,14.90,0.0481,true,1,226336
7290016255300,false,"נובו ג'ל רחצה לגבר ספורט 700מ""ל",,,נובו תחליב רחצה לגבר,,700.00,,false,,10.00,0.0143,true,1,203273
7290016270709,false,עגבניות שרי אשכולות,ביכורי השקמה,IL,שרי אשכולות ארוז כ-4,יחידה,0.00,יחידה,false,,9.90,0.0000,true,1,239317
7290016270907,false,ברוקולי ארוז במגשית,,,ברוקולי,יחידה,0.00,יחידה,false,,8.90,0.0000,true,1,247149
7290016276534,false,"שמן קוקוס לא מזוכך 500 מ""ל",דין שיווק,IL,שמן קוקוס לא מזוכך 5,,500.00,,false,,29.90,0.0598,true,1,201038
7290016276756,false,מעדן 4 פירות 100% רכיבי פרי 284 גר' ללא תוספת סוכר,שקדיה,IL,מעדן 4 פירות 100% רכ,,284.00,,false,,12.90,0.0454,true,1,201039
7290016276794,false,מעדן פירות ללא סוכר שקדיה 284 ג',שקדיה,IL,מעדן תפוז 100% רכיבי,,284.00,,false,,12.90,0.0454,true,1,201043
7290016276848,false,תבשיל איטריות בטעם עוף 70 גרם סו שף,טיאן הונג,TH,תבשיל איטריות בטעם ע,,70.00,,false,,6.90,0.0986,true,1,201046
7290016321661,false,פרש וואנס SENSITIVE מגבונים ללא בישום רביעייה 72 יחידות,עלבד משואות יצחק,IL,מגבוני פרשוואנס רביע,יחידה,0.00,יחידה,false,,18.90,0.0000,true,1,228764
7290016372342,false,עגבניות חתוך קוביות גראנד איטליה מארז 400X3ג',גרנד איטליה Grand Italia,IT,עגבניות חתוכות לקובי,,1200.00,,false,,14.90,0.0124,true,1,226789
7290016372458,false,חליטת צמחים לימונית ולואיזה הגן הקסום,תה ויסוצקי,IL,תה לימונית ולואיזה ו,,50.00,,false,,37.90,0.7580,true,1,237707
7290016387483,false,שייני כריות יפניות דו צדדיות 3 יח',מ.א ייצור ושיווק מטל,IL,כריות יפניות דו צדדי,,3.00,,false,,6.90,2.3000,true,1,226931
7290016387841,false,אטבי כביסה איכותים צבעונים 50 יחי',GUANGDONG,CN,אטבי כביסה ג'וי צבעו,יחידה,0.00,יחידה,false,,13.90,0.0000,true,1,226934
7290016408294,false,"מרשמלו ורוד לבן וסטהיים 150 ג', 26 בקרטון",מנדלז סי.אר. פרודקשן,IL,מרשמלו ורוד לבן כרמי,,150.00,,false,,5.90,0.0393,true,1,213408
7290016408980,false,"מטבעות שוקולד חלב 36 ג' כשל""פ בד""ץ!",כרמית תעשיות מזון,IL,מטבעות שוקולד חלב 36,,36.00,,false,,4.90,0.1361,true,1,228924
7290016437621,false,"תחתוני חיתולים פרידום דריי מידה 4 9-11 ק""ג",קימברלי קלארק צ'כיה,CZ,האגיס פרידום דריי PA,יחידה,0.00,יחידה,false,,49.90,0.0000,true,1,226423
7290016437645,false,האגיס פרידום דריי פנטס מידה 5 32 יחידות,קימברלי קלארק צ'כיה,CZ,האגיס פרידום דריי PA,יחידה,0.00,יחידה,false,,49.90,0.0000,true,1,226424
7290016440652,false,תערובת פרוסות ירקות חמוצים,,,תערובת פרוסות ירקות,,0.00,,false,,19.90,0.0000,true,1,245845
7290016440911,false,מלפפונים ביתיים כבושים,מעדני עופר,,מלפפונים ביתיים כבוש,,0.00,,false,,22.90,0.0000,true,1,245847
7290016509342,false,סוד מארז טריו כדוריות לאסלה כחול אקטיבי אקונומיקה,הנקל סוד,RS,כדוריות סוד סבון לאס,,0.00,,false,,16.90,0.0000,true,1,228871
7290016509786,false,פרסיל גל לכביסה לבנה וצבעונית-ירוק 2.5 ל,פרסיל Persil,IL,פרסיל ג'ל 2.5ליטר יר,ליטרים,2.50,ליטר,false,,34.90,13.9600,true,1,228873
7290016509809,false,ג'ל מרוכז לכביסה קולור 2.5 ל' פרסיל,פרסיל Persil,IL,פרסיל ג'ל 2.5 ליטר ק,ליטרים,2.50,ליטר,false,,34.90,13.9600,true,1,228875
7290016621341,false,אל סבון היגייני לניקוי יסודי קמיל Clean & Moisture,"ד""ר פישר Dr fischer",IL,קמיל אל סבון ניקיון,,1000.00,,false,,16.90,0.0169,true,1,228989
7290016621358,false,"ד""ר פישר - קמיל אל סבון ניקיון והזנה ורוד 1 ליטר","ד""ר פישר Dr fischer",IL,קמיל אל סבון ניקיון,,1000.00,,false,,16.90,0.0169,true,1,228990
7290016717631,false,יין מוסקטו בעל חוזק אלכוהול נמוך פרייבט קולקשן,אגודת הכורמים הקואופ,IL,מוסקטו פרייבט קולקשי,,750.00,,false,,39.90,0.0532,true,1,226241
7290016717754,false,"יין ישן נושן יקבי כרמל 750 מ""ל ^^^",אגודת הכורמים הקואופ,IL,"יין ישן נושן 750 מ""ל",,750.00,,false,,18.90,0.0252,true,1,226242
7290016866650,false,"פרודונטקס - משחת שיניים אוריג'ינל 75 מ""ל",פרודונטקס Parodontax,SK,פרודונטקס משחת שיניי,,75.00,,false,,29.90,0.3987,true,1,228649
7290016866674,false,"פרודונטקס - משחת שיניים מלבינה 75 מ""ל",פרודונטקס Parodontax,SK,פרודונטקס משחת שיניי,,75.00,,false,,29.90,0.3987,true,1,228651
7290016882407,false,מחית חצילים קלויים 510 גרם,אונטד גידה,TR,ממרח חצילים קלויים 5,,550.00,,false,,9.90,0.0180,true,1,238234
7290016882414,false,קונפיטורה שזיף 70% פרי 450 גרם,דין שיווק,IL,קונפיטורה שזיף 70 %,,450.00,,false,,13.90,0.0309,true,1,235425
7290016898071,false,"תבניות מקרטון אינגליש גדול ח""פ 5 יח'",,,תבניות אינגליש קייק,,5.00,,false,,10.90,2.1800,true,1,229036
7290016898842,false,מפיות מנוקדות 80 יח',,,מפיות מנוקדות 80 יח,יחידה,0.00,יחידה,false,,8.90,0.0000,true,1,229038
7290017023212,false,"שוויפס מוגז פירות תפוח מארז רביעייה* 330 מ""ל",יפאורה תבורי,IL,שוופס מוגז פירות רבי,,1320.00,,false,,15.90,0.0120,true,1,226435
7290017023229,false,רביעיית פחיות שוופס מוגז פירות תות ליים 330 מל.,יפאורה תבורי,IL,שוופס מוגז פירות רבי,,1320.00,,false,,15.90,0.0120,true,1,226436
7290017023663,false,"שוופס מיץ פירות לימונייד פחית מארז 330X4מ""ל",יפאורה תבורי,IL,שוופס מוגז פירות למו,,1320.00,,false,,15.90,0.0120,true,1,226446
7290017023809,false,"רביעיית ספרינג אגס סברס תפוח 250 מ""ל",יפאורה תבורי,IL,ספרינג אגס סברס תפוח,,1000.00,,false,,15.90,0.0159,true,1,226451
7290017023816,false,"ספרינג  פירות טרופיים 250 מ""ל רביעייה",יפאורה תבורי,IL,ספרינג פירות טרופיים,,1000.00,,false,,15.90,0.0159,true,1,226452
7290017023823,false,"רביעיית ספרינג תות בננה 250 מ""ל",יפאורה תבורי,IL,ספרינג תות בננה 4*25,,1000.00,,false,,15.90,0.0159,true,1,226453
7290017023854,false,מי סודה בקבוקים אישיים - מארז 4 יח',יפאורה תבורי בעמ,IL,"שוופס סודה 4*250מ""ל",,1000.00,,false,,13.90,0.0139,true,1,226455
7290017023861,false,סודה בטעם לימון בקבוקים אישיים - מארז 4 יח',יפאורה תבורי בעמ,IL,שוופס סודה לימון 4*2,,1000.00,,false,,13.90,0.0139,true,1,226456
7290017031477,false,"סנסודיין משחת שיניים רפיד רליף להלבנה 75 מ""ל","סמיתקליין ביצ'ם בע""מ",GB,משחת שיניים סנסודיין,,75.00,,false,,21.90,0.2920,true,1,228654
7290017031705,false,"סנסודיין - משחת שיניים קלין&פרש 75 מ""ל",גלקסוס סמית קליין,SK,סנסודיין משחת שיניים,,75.00,,false,,21.90,0.2920,true,1,228655
7290017031859,false,"פרודונטקס - משחת שיניים אולטרא קלין 75 מ""ל",סמיתקליין ביצ'ם בעמ,SK,פרודונטקס משחת שיניי,,75.00,,false,,29.90,0.3987,true,1,228656
7290017058009,false,שימורי אנשובי עם צלפים 45 ג' תומר,,IL,אנשובי בפח עם צלפים,,45.00,,false,,7.90,0.1756,true,1,237045
7290017058092,false,שיבולת שועל שלמה 600 גר גוד מורנינג,,LT,שיבולת שועל שלמה 600,,600.00,,false,,6.90,0.0115,true,1,237047
7290017058139,false,רסק תפוח עץ עם תות שדה 452 גר,Cherry growers inc,US,רסק תפוח עץ עם תות ש,יחידה,0.00,יחידה,false,,12.90,0.0000,true,1,226324
7290017058146,false,רסק תפוח עץ עם אפרסק 452 גר,Cherry growers inc,,רסק תפוח עץ עם אפרסק,יחידה,0.00,יחידה,false,,12.90,0.0000,true,1,226325
7290017062037,false,"ג'ל אלוורה נובו 200 מ""ל",,,ג'ל אלוורה נובו 200מ,,200.00,,false,,9.90,0.0495,true,1,221479
7290017062747,false,"נ.כלים 36% תפוח טאצ' +משאבה 750 מ""ל",,,טאצ' נוזל כלים לימון,,750.00,,false,,8.90,0.0119,true,1,228713
7290017062754,false,"נ.כלים 36% לימון טאצ' +משאבה 750 מ""ל",,,טאצ' נוזל כלים שדות,,750.00,,false,,8.90,0.0119,true,1,228714
7290017062914,false,"קצף לכלים בניחוח לימון פלירוסול 500 מ""ל",,,קצף לכלים בניחוח לימ,,500.00,,false,,21.90,0.0438,true,1,248522
7290017062983,false,מטליות רצפה בתוספת ווקס 10 יח' טאצ',,,טאצ' מטליות רצפה חד,יחידה,0.00,יחידה,false,,10.00,0.0000,true,1,247570
7290017065007,false,פרוסות גבינה מוצרלה חצי קשה 22% שומן 200 ג' גד,מחלבות גד בעמ,IL,מוצרלה פרוסה 150 גרם,,150.00,,false,,19.60,0.1307,true,1,220583
7290017065137,false,ריקוטה למריחה 5% טבעית 200 גרם - רובין,האי נאם סי או אל.טי.,IL,ריקוטה למריחה 5% טבע,,200.00,,false,,10.90,0.0545,true,1,226249
7290017065144,false,גבינת ריקוטה למריחה 5% בזיליקום 200ג' גד,האי נאם סי או אל.טי.,IL,ריקוטה למריחה 5% עפ,,200.00,,false,,10.90,0.0545,true,1,226250
7290017065168,false,גבינה כחולה denish blue cheese 100 גרם,מחלבות גד,DK,גבינה כחולה 100 גרם,,100.00,,false,,17.90,0.1790,true,1,226252
7290017065212,false,גבינת קרם מסקרפונה מחלבות גד 250 גר,מיוצר עי קוד יצרן ED,IL,קרם מסקרפונה 250 גרם,,250.00,,false,,21.90,0.0876,true,1,226253
7290017065236,false,גבינה בולגרית מעודנת 24% גד 250 גרם,הנסיך- מפעל לייצור ט,IL,בולגרית מעודנת 250גר,,250.00,,false,,24.90,0.0996,true,1,226254
7290017065311,false,פרוסות גבינה מוצרלה מעושנת 200 ג',מחלבות גד בעמ,IL,פרוסות מוצרלה מעושנת,,200.00,,false,,20.70,0.1035,true,1,236842
7290017065434,false,פרוסות גבינה גאודה הולנדית חצי קשה 200 גרם בית יוסף,מחלבות גד בעמ,NL,פרוסות גאודה 200 גרם,,200.00,,false,,22.90,0.1145,true,1,226259
7290017065526,false,קוואטרו פורמאג'י 4 גבינות מגוררות 26%,מחלבות גד בעמ,IL,קוואטרו פורמאג'י 300,,300.00,,false,,29.90,0.0997,true,1,226261
7290017065731,false,גבינת שמנת 30% ניו יורק +כמהין 200 גרם רבנות,פ.פ.ח. שאביט,IL,גבינת שמנת ניו יורק,,200.00,,false,,13.90,0.0695,true,1,245041
7290017065762,false,גבינה יוונית מאנורי 30% שומן 100 ג' גד,מחלבות גד,IL,גבינה מאנורי 100 גרם,,100.00,,false,,12.90,0.1290,true,1,248299
7290017065786,false,"גבינת צ`דר מחלבות גד , 210 גרם",מחלבות גד,IL,גבינת צ'דר פלח מחלבו,,210.00,,false,,23.90,0.1138,true,1,247012
7290017068350,false,עדשים שחורות בלוגה מיה 500 גר',מיה,IL,עדשים שחורות בלוגה 5,,500.00,,false,,9.90,0.0198,true,1,247928
7290017088327,false,מגבונים אקסטרא סופט 64יח ללא בישום רביעי,ניאופארם,IL,מגבוני בייביסיטר אקס,יחידה,0.00,יחידה,false,,15.90,0.0000,true,1,226272
7290017088815,false,בריז תחבושות לבריחת שתן נורמל 12 יח,ניאופארם,IT,תחבושות בריז נורמל 1,יחידה,0.00,יחידה,false,,19.90,0.0000,true,1,246183
7290017088839,false,BREEZE תחבושות לבריחת שתן אקסטרה פלוס (8 יח'),ניאופארם,IT,תחבושות בריז אקסטרה,יחידה,0.00,יחידה,false,,19.90,0.0000,true,1,246185
7290017094861,false,חומוס עם רוטב מסבחה אסלי שמיר 400 ג',"סלטי שמיר 2006 בע""מ",IL,חומוס עם רוטב מסבחה,,400.00,,false,,14.90,0.0373,true,1,226940
7290017105383,false,תירס לילדים יכין 3*200 גר',,,תירס קיד יכין שלישיי,,495.00,,false,,15.90,0.0321,true,1,237018
7290017105468,false,מארז שלישייה אפונה קטנה יכין 3*200 גר,קשקמט קונסרב הונגריה,IL,אפונה גינה יכין Oz2,,600.00,,false,,15.90,0.0265,true,1,226308
7290017105895,false,גרגרי חומוס להכנת חומוס משובח יכין 560 ג,זנלכל,IL,גרגרי חומוס מסעדות י,,560.00,,false,,9.90,0.0177,true,1,226312
7290017121093,false,"אריסה חריפה 250 גרם ""עללחם""",מדשא תעשיות מזון בעמ,IL,ממרח אריסה חריפה 250,,250.00,,false,,13.90,0.0556,true,1,226905
7290017129761,false,"שוקולד פרימיום 70% בטעם תפוז בד""ץ 100 גר'",כרמית תעשיות ממתקים,IL,אגו שוקולד פרימיום 7,,100.00,,false,,8.90,0.0890,true,1,228938
7290017129778,false,"שוקולד פרימיום 70% בטעם קפה בד""ץ 100 גר'",כרמית תעשיות ממתקים,IL,אגו שוקולד פרימיום 7,,100.00,,false,,8.90,0.0890,true,1,228939
7290017129822,false,מטבעות שוקולד מריר 36 גרם כרמית,כרמית,IL,מטבעות שוקולד מריר 3,,36.00,,false,,4.90,0.1361,true,1,228940
7290017129846,false,כרמית מיני קוקיס טעם קרמל 600 גרם,קריות זול,IL,מיני קוקיס בטעם קרמל,,600.00,,false,,17.90,0.0298,true,1,228942
7290017142159,false,מארז נתחי טונה בהירה בשמן זית 3*80 ג' עץ הזית,הנסיך- מפעל לייצור ט,TH,נתחי טונה בהירה בשמן,,240.00,,false,,25.90,0.1079,true,1,228629
7290017142180,false,פילה טונה בשמן זית בטעם לימון עם פלפל שחור 120 ג',"יוניקורד ח.צ בע""מ",TH,פילה טונה פרוס עם שמ,,120.00,,false,,15.90,0.1325,true,1,228631
7290017142203,false,פילה טונה בשמן זית בטעם מעושן עץ המוצר 120 ג',"יוניקורד ח.צ בע""מ",TH,פילה טונה פרוס עם שמ,,120.00,,false,,15.90,0.1325,true,1,228632
7290017142340,false,שמן זרעי ענבים מזוכך 1 לי עץ הזית,עץ השדה,TH,שמן זרעי ענבים מזוכך,,1000.00,,false,,29.90,0.0299,true,1,227142
7290017142371,false,שמן שומשום לא מזוכך 250 מל,גאה די. או. או.,SI,"שמן שומשום ""עץ הזית""",,250.00,,false,,29.90,0.1196,true,1,227144
7290017142388,false,שמן חמניות אומגה 3 פלוס 1 ליטר עץ הזית,שמן תעשיות,IL,שמן חמניות פלוס 1 לי,ליטרים,1.00,ליטר,false,,17.90,17.9000,true,1,228637
7290017142418,false,טונה עם אורז ועדשים בשמן זית 160 גר,יוניקורד ח.צ בעמ,TH,אורז עם עדשים עם טונ,,160.00,,false,,14.90,0.0931,true,1,228640
7290017239101,false,פילה סלמון אטלנטי מע,,LV,פילה סלמון אטלנטי מע,,100.00,,false,,23.90,0.2390,true,1,229107
7290017275345,false,"טחינה גולמית בבקבוק לחיץ , 350 גרם אחווה",אחדות ביחר לטחינה חל,IL,טחינה גולמית בקבוק ל,,350.00,,false,,9.90,0.0283,true,1,250097
7290017275741,false,חלווה עם אגוזי לוז במגש 400 גר אחווה,אחוה,IL,חלבה עם אגוזי לוז אח,,400.00,,false,,14.90,0.0373,true,1,250281
7290017289175,false,"יין ישראלי פטיט סירה 750 מ""ל",יקב טפרברג 1870 בעמ,IL,"יין פטיט סירה 750מ""ל",,750.00,,false,,24.90,0.0332,true,1,234533
7290017297330,false,"טל רוטב עגבניות מרוכז, 240 גרם",טל וטרי,IL,רוטב עגבניות מרוכז ט,,260.00,,false,,4.90,0.0188,true,1,250701
7290017297637,false,רכז עגבניות A2 BX28 טל וטרי 580 גר',"מילוז(1989)בע""""מ",,רוטב עגבניות מרוכז 2,,580.00,,false,,8.90,0.0153,true,1,247505
7290017297644,false,ברוקולי קפוא גרין אנד פרש 800 גר',גרין אנד פרש Green & Fresh,IL,ברוקולי גרין אנד פרש,,800.00,,false,,14.90,0.0186,true,1,247523
7290017297682,false,כרובית מוקפאת גרין אנד פרש 800 גר',גרין אנד פרש Green & Fresh,,כרובית גרין אנד פרש,,800.00,,false,,12.90,0.0161,true,1,247522
7290017303482,false,מלאווח שחף 700 גרם,,,מלאווח 700 גרם שחף,,700.00,,false,,15.90,0.0227,true,1,249601
7290017303499,false,בורקס פטריות שחף 800,,,בורקס פטריות שחף 800,,800.00,,false,,15.90,0.0199,true,1,249676
7290017440309,false,"ד""ר פישר - קידס שמפו ויטמינים 750 מ""ל","ד""ר פישר Dr fischer",IL,שמפו קידס פישר 750 מ,,750.00,,false,,17.90,0.0239,true,1,229003
7290017440323,false,"ד""ר פישר - קידס שמפו + מרכך ויטמינים 750 מ""ל","ד""ר פישר Dr fischer",IL,שמפו +מרכך קידס פישר,,750.00,,false,,17.90,0.0239,true,1,229004
7290017457703,false,"מרכך כביסה סוד מרוכז ארומתרפי זהב 900 מ""ל",הנקל סוד,IL,סוד מרכך מרוכז ארומת,,900.00,,false,,14.90,0.0166,true,1,228888
7290017457727,false,"סוד - מרכך כביסה מרוכז פרש סקיי 900 מ""ל",הנקל סוד,IL,סוד מרכך מרוכז כחול,,900.00,,false,,14.90,0.0166,true,1,228890
7290017457734,false,"סוד - מרכך כביסה מרוכז ווילד רוז 900 מ""ל",הנקל סוד,IL,סוד מרכך מרוכז ורוד,,900.00,,false,,14.90,0.0166,true,1,228891
7290017457826,false,פרסיל קפסולות ג'ל פרימיום 32 יח,הנקל,HU,פרסיל קפסולות ג'ל לכ,יחידה,0.00,יחידה,false,,39.90,0.0000,true,1,227189
7290017470092,false,כפפות משק בית זוגות-S,,,כפפות זוג S ר.שמאי,יחידה,0.00,יחידה,false,,3.90,0.0000,true,1,248511
7290017470108,false,כפפות משק בית זוגות- M,,,כפפות זוג M ר.שמאי,יחידה,0.00,יחידה,false,,3.90,0.0000,true,1,248512
7290017470115,false,כפפות משק בית זוגות- L,,,כפפות זוג L ר.שמאי,יחידה,0.00,יחידה,false,,3.90,0.0000,true,1,248514
7290017470184,false,קש ארומה בשקית 100 יחידות,,CN,קשים ארומה 100 יח',,100.00,,false,,11.90,0.1190,true,1,246286
7290017470627,false,"צלחות גדול לבן ח""פ 10 יח' קלאסיק",,,צלחות קלאסיק גדול קר,יחידה,0.00,יחידה,false,,26.90,0.0000,true,1,236537
7290017477169,false,קשיו קלוי 250 גרם ששון הקולה,"דין שיווק וקלייה בע""",IL,קשיו קלוי ששון הקולה,,250.00,,false,,20.00,0.0800,true,1,228684
7290017477305,false,זרעי ציה 250 גר שקדי,דין שיווק,IL,זרעי צ'יה 250 גרם.,,250.00,,false,,10.00,0.0400,true,1,238251
7290017477350,false,תערובת לסלט ירוק 200 גרם,דין שיווק,IL,תערובת לסלט ירוק 200,,200.00,,false,,10.00,0.0500,true,1,228691
7290017513775,false,פליפז-בייגלה מצופה שוקולד חלב 140 גרם,שוורצקוף& הנקל דיסלד,TR,בייגלה מצופה שוקולד,,140.00,,false,,9.90,0.0707,true,1,226805
7290017513867,false,תה ירוק לימונית לואיזה 25 שקיקים בתוספת ויטמין Cּּ+D,תה ויסוצקי,IL,תה ירוק לימונית לואי,,37.50,,false,,26.90,0.7173,true,1,226809
7290017589565,false,"ברקן, גוורצטרמינר לבן חצי יבש 750 מל",יקבי ברקן שיווק והפצ,IL,יין קלאסיק ברקן גוור,,750.00,,false,,39.90,0.0532,true,1,226293
7290017589633,false,"רזרב גולד אדישיין קברנה סוביניון 750 מ""ל",יקבי ברקן Barkan,IL,יין רזרב ברקן גולד א,,750.00,,false,,49.90,0.0665,true,1,226294
7290017599250,false,סוכרזית קלאסי 120 שקיות,ביסקול בעמ,IL,סוכרזית קלאסי 120 שק,,100.00,,false,,18.90,0.1890,true,1,249571
7290017599267,false,סוכרלוז 120 שקיות ממתיק שולחני,סוכרזית Sucrazit,IL,סוכרזית סוכרלוז 120,יחידה,0.00,יחידה,false,,29.90,0.0000,true,1,250051
7290017617138,false,טונה בשמן קנולה דל נתרן סטארקיסט 4*160 ג',"סטארקיסט פודור בע""מ",TH,טונה סטארקיסט בשמן ק,,640.00,,false,,25.90,0.0405,true,1,237233
7290017617411,false,מיקס סלמון עם אורז מלא וירקות 160 ג' סטארקיסט,גראאל אס איי,PL,סטארקיסט מיקס סלמון,,160.00,,false,,15.90,0.0994,true,1,250049
7290017647425,false,יין גמלא קברנה סוביניון 2019 750 מל,יקבי רמת הגולן,IL,יין גמלא קברנה סובינ,,750.00,,false,,79.90,0.1065,true,1,228979
7290017682556,false,"שיפוד עובי 30 ס""מ 80 יחי",מ.א ייצור ושיווק מטל,CN,שיפודים עבה 30סמ,יחידה,0.00,יחידה,false,,3.90,0.0000,true,1,226935
7290017696409,false,פטריות פורטובלה,,,פטריות פורטובלה,יחידה,0.00,יחידה,false,,12.90,0.0000,true,1,234526
7290017812052,false,יין שיראז-קברנה סוביניון אקסלנס יקבי כרמל,יקבי כרמל Carmel Winery,IL,יין אקסלנס שיראז-קבר,,750.00,,false,,24.90,0.0332,true,1,226244
7290017812069,false,יין אמרלד ריזלינג שרדונה אקסלנס Excellence,יקבי כרמל Carmel Winery,IL,יין אקסלנס ריזלינג-ש,,750.00,,false,,24.90,0.0332,true,1,226245
7290017812618,false,מיץ ענבים תירוש רוזה 1 ליטר.,כרמל מזרחי,IL,תירוש מיץ ענבים רוזה,,1000.00,,false,,19.90,0.0199,true,1,226248
7290017812847,false,סלקטד פרנץ גוורצטרמינר כרמל מזרחי,"כד בני דרום בע""מ",IL,יין סלקטד פרנץ' גוור,,750.00,,false,,29.90,0.0399,true,1,244763
7290017812861,false,יין וינו לבן יקבי כרמל,כרמל מזרחי,IL,יין וינו לבן יבש 750,,750.00,,false,,21.90,0.0292,true,1,244765
7290017812885,false,יין קברנה סוביניון בלאן גוורצטרמינר,אגודת הכורמים א.ת אל,IL,סוביניון גוורצטרמינר,,750.00,,false,,39.90,0.0532,true,1,245550
7290017812977,false,"יין מבעבע באזז אננס יקבי כרמל 750 מ""",כרמל מזרחי,IL,באז משקה יין מוגז א,,750.00,,false,,26.90,0.0359,true,1,245548
7290017870465,false,מכסים לתבנית אלומיני,,,מכסים לתבנית אלומיני,יחידה,0.00,יחידה,false,,6.90,0.0000,true,1,246005
7290017870472,false,מכסים לתבנית אלומיני,,EE,מכסים לתבנית אלומיני,יחידה,0.00,יחידה,false,,6.90,0.0000,true,1,246006
7290017888026,false,"משקה אננס תפוח גזר פרות & ווג 350 מ""ל",פרוט אנד וג' Fruit & Veg,IL,פרוט & וג' אננס תפוח,,350.00,,false,,8.90,0.0254,true,1,226465
7290017888033,false,"משקה בננה מלון נענע פרות &ווג 350 מ""ל",פרוט אנד וג' Fruit & Veg,IL,פרוט & וג' בננה מלון,,350.00,,false,,8.90,0.0254,true,1,226466
7290017888095,false,"רביעיית פחיות שוופס מוגז עדין פירות יער 330 מ""ל.",יפאורה תבורי,IL,שוופס מוגז עדין פירו,,1320.00,,false,,15.90,0.0120,true,1,226469
7290017888101,false,"שוויפס מוגז עדין אפרסק מארז רביעייה* 330 מ""ל",יפאורה תבורי,IL,שוופס מוגז עדין אפרס,,1320.00,,false,,15.90,0.0120,true,1,226470
7290017888972,false,בקבוק מי עדן פקק ספורט 1 ליטר,מופק ממקור בזלתי עדן,IL,מי עדן 1 ליטר פקק ספ,,1000.00,,false,,3.90,0.0039,true,1,226489
7290017907246,false,סולת מאורז לנמנעים מגלוטן,פוראטוס ישראל,IL,תמי סולת ללא גלוטן 3,,300.00,,false,,16.90,0.0563,true,1,245467
7290017907253,false,פתיתים מאורז לנמנעים מגלוטן,פוראטוס ישראל,IL,תמי פתיתים ללא גלוטן,,300.00,,false,,16.90,0.0563,true,1,245468
7290017917399,false,מגבונים לסיוע בטיפול ובמניעת תפרחת חיתולים קמיל בלו,"ד""ר פישר Dr fischer",IL,קמיל בלו סנסטיב מגבו,יחידה,0.00,יחידה,false,,15.90,0.0000,true,1,239222
7290017938264,false,"חומוס בתוספת רוטב פיקנטי, 200 גרם",,,חומוס עם חריף 200 גר,,200.00,,false,,9.90,0.0495,true,1,249830
7290017969084,false,ר.שמאי מרקיות אקו 25,,,מרקיות 25 יחידות,יחידה,0.00,יחידה,false,,9.90,0.0000,true,1,240172
7290017969091,false,לפתניות 25 יחידות שמאי,,,לפתניות 25 יחידות,יחידה,0.00,יחידה,false,,7.90,0.0000,true,1,236549
7290017969145,false,מפה נצמדת עם גומי 180X75,,,מפה נצמדת עם גומי הי,יחידה,0.00,יחידה,false,,19.90,0.0000,true,1,240174
7290017969244,false,פלסטרים 25 יח בצבעים שונים ר. שמאי,,,פלסטרים 25יח צבעים ש,יחידה,0.00,יחידה,false,,5.90,0.0000,true,1,240176
7290017969299,false,קיסמי שיניים במבוק 500 יח',,,קיסמי שיניים 500 יח',יחידה,0.00,יחידה,false,,5.50,0.0000,true,1,248508
7290017969503,false,קיסמי שיניים דנטלי 300 יח',,,קיסמי שיניים דנטלי 3,יחידה,0.00,יחידה,false,,10.90,0.0000,true,1,248510
7290017969916,false,צמר גפן 100 גר' חדש BEL OM,,,צמר גפן רפואי 100 גר,,100.00,,false,,4.90,0.0490,true,1,246019
7290017969978,false,כוס מרוקאית צבעונית 40 יח',,,כוס מרוקאית 40 יח,יחידה,0.00,יחידה,false,,13.90,0.0000,true,1,246042
7290017978215,false,קרמבו ריאו בטעם מוקה 16יח',"גלידות ריאו ביח""ר לג",IL,קרמבו ריאו מוקה 16 י,יחידה,0.00,יחידה,false,,22.90,0.0000,true,1,228642
7290018045084,false,דגנים במילוי קרם בטעם בראוניז 480 ג' BON & BON,monday,DE,דגני בוקר בון בון במ,,480.00,,false,,23.90,0.0498,true,1,248196
7290018045497,false,בון בון דגנים במילוי קרם שוקולד 480 גרם,monday,DE,דגני בוקר בון בון במ,,480.00,,false,,23.90,0.0498,true,1,248194
7290018045695,false,דגנים במילוי קרם קרמל מלוח 480 ג' BON & BON,monday,DE,דגני בוקר בון בון במ,,480.00,,false,,23.90,0.0498,true,1,248195
7290018045893,false,בון בון דגנים במילוי קרם נוגט 480 גרם,monday,DE,דגני בוקר בון בון במ,,480.00,,false,,23.90,0.0498,true,1,248193
7290018050361,false,שזיף ללא גלעין 330 ג,,,שזיף ללא גלעין 330 ג,,330.00,,false,,22.90,0.0694,true,1,238991
7290018050408,false,אגוזי פיסטוק קלויים ומומלחים 160 גרם,,,אגוזי פיסטוק קלויים,,160.00,,false,,15.00,0.0938,true,1,238995
7290018050453,false,קשיו טבעי קופסא 220,שקרצי,IL,קשיו טבעי קופסא 220,,220.00,,false,,15.00,0.0682,true,1,239000
7290018050460,false,קשיו קלוי קופסא 200,,,קשיו קלוי קופסא 200,,200.00,,false,,15.00,0.0750,true,1,239001
7290018050484,false,אגוזי מלך קלופים טבעיים 150 גרם,,IL,אגוז מלך קלופים טבעי,,150.00,,false,,10.00,0.0667,true,1,239003
7290018050491,false,חטיף אלמנדוס 220 גרם,,IL,אלמונדוס קופסא 220 ג,,220.00,,false,,10.00,0.0455,true,1,239004
7290018050514,false,בוטן מטוגן קופסא 240,,,בוטן מטוגן קופסא 240,,240.00,,false,,10.00,0.0417,true,1,239006
7290018050521,false,אגוזי לוז טבעי קופסא,,IL,אגוזי לוז טבעי קופסא,,180.00,,false,,10.00,0.0556,true,1,239007
7290018050545,false,גרעיני אבטיח קלויים ומומלחים 140 גרם,,,גרעיני אבטיח קלויים,,140.00,,false,,10.00,0.0714,true,1,239009
7290018050552,false,גרעיני דלעת קלופים טבעיים 240 גרם,,,גרעיני דלעת קלופים ט,,240.00,,false,,10.00,0.0417,true,1,239010
7290018050569,false,גרעיני חמנייה קלופים טבעיים 400 גרם,,,גרעיני חמנייה קלופים,,400.00,,false,,10.00,0.0250,true,1,239011
7290018050613,false,צימוקים כהים קופסא 3,שקרצי,IL,צימוקים כהים קופסא 3,,300.00,,false,,10.00,0.0333,true,1,239015
7290018050637,false,בוטנים אמריקאים - בוטנים מצופים 300 גרם,,,בוטנים אמריקאים מצופ,,300.00,,false,,10.00,0.0333,true,1,239017
7290018050644,false,קבוקים - בוטנים מצופים 300 גרם,,,קבוקים-בוטנים מצופים,,300.00,,false,,10.00,0.0333,true,1,239018
7290018050675,false,שקד קלוי קופסא 210 ג,,,שקד קלוי קופסא 210 ג,,210.00,,false,,15.00,0.0714,true,1,239021
7290018050699,false,שקדים טבעיים קלופים 230 גרם,,,שקדים טבעיים קלופים,,230.00,,false,,15.00,0.0652,true,1,239023
7290018050750,false,מיקס אגוזים וחמוציות מיובשות ומסוכרות 130 גרם,,,מיקס אגוזים חמצוציות,,130.00,,false,,10.00,0.0769,true,1,239029
7290018050774,false,מיאסי בוטנים מצופים תירס 270 גרם,,,מיאסי (בוטנים מצופים,,270.00,,false,,10.00,0.0370,true,1,239031
7290018050781,false,אפונה מטוגנת קופסא 3,,,אפונה מטוגנת קופסא 3,,320.00,,false,,10.00,0.0313,true,1,239032
7290018050811,false,חטיף תירס ברביקיו 220 גרם,,,חטיף תירס ברביקיו קו,,220.00,,false,,10.00,0.0455,true,1,239033
7290018050828,false,חטיף חטיפול קופסא 22,,,חטיף חטיפול קופסא 22,,220.00,,false,,10.00,0.0455,true,1,239034
7290018050835,false,בוטנים קלויים ומומלחים 250 גרם,,,בוטנים קלויים ומומלח,,250.00,,false,,10.00,0.0400,true,1,239035
7290018050842,false,שקדים בקרמל קופסא 20,,,שקדים בקרמל קופסא 20,,200.00,,false,,15.00,0.0750,true,1,239036
7290018050866,false,בוטנים בכרמל קופסא 2,,,בוטנים בכרמל קופסא 2,,200.00,,false,,10.00,0.0500,true,1,239038
7290018091029,false,מקלות פילו תפוחי אדמה מעדנות 450 ג',תנובה מעדנות,IL,מקלות פילו תפוחי אדמ,,450.00,,false,,16.90,0.0376,true,1,226748
7290018091234,false,פיצה מקסיקנית מעדנות 260 ג',תנובה מעדנות,IL,פיצה מקסיקנית מעדנות,,260.00,,false,,14.90,0.0573,true,1,226750
7290018091616,false,מקלות פילו גבינה מעדנות 450 ג',מיוצר עי קונדיטוריית,IL,מקלות פילו גבינה 450,,450.00,,false,,16.90,0.0376,true,1,226754
7290018091661,false,פיצה ירקות שוק מעדנות 330 גרם,"מעדנות בע""מ",IL,פיצה שוק משפחתי מעדנ,,380.00,,false,,19.90,0.0524,true,1,247920
7290018091821,false,פיצה נפוליטנה עם 100% מוצרלה,תנובה מעדנות,IL,פיצה נפוליטנה מעדנות,,200.00,,false,,14.90,0.0745,true,1,226756
7290018115022,false,אבוקדו מוכן לאכילה,,,אבוקדו מוכן לאכילה,יחידה,0.00,יחידה,false,,7.90,0.0000,true,1,240807
7290018131954,false,לה פרוטה מאגדת תות שוקולד כלפ8 5*72ג,נסטלה גלידות,IL,לה פרוטה מאגדת תות ש,,350.00,,false,,29.90,0.0854,true,1,246126
7290018165447,false,"יין רזרב GOLD EDITION מרלו 750 מ""ל",יקבי ברקן שיווק והפצ,IL,יין רזרב גולד מרלו 7,,750.00,,false,,49.90,0.0665,true,1,244736
7290018192658,false,מארז זוג פטריות פורטובלה ושמפיניון מרינה,"מרינה פטריות הגליל בע""מ",IL,פטריות צמד חמד איטלק,יחידה,0.00,יחידה,false,,15.90,0.0000,true,1,236909
7290018198056,false,תפוגן קוביות תפוחי אדמה 9*1.5קג,עיצובים 2020 (4.5),,תפוגן קוביות תפוחי א,,1500.00,,false,,26.90,0.0179,true,1,226338
7290018198148,false,"תפוגן קריספי צ'יפס קלאסי 1.25 ק""ג",עיצובים 2020 (4.5),IL,תפוגן קריספי צ'יפס ק,,1250.00,,false,,25.90,0.0207,true,1,245556
7290018198254,false,"תפוגן קריספי צ'יפס פוטטוס 1.25 ק""ג",עיצובים 2020 (4.5),IL,תפוגן קריספי צ'יפס פ,,1250.00,,false,,25.90,0.0207,true,1,245557
7290018204573,false,מנג'טים מעוטרים מס' 1.5 100 יח',,,גביעי נייר צבעוני מס,,100.00,,false,,5.90,0.0590,true,1,248078
7290018213247,false,מטליות לחות לרצפה בנ,,IL,מטליות לחות לרצפה 10,יחידה,0.00,יחידה,false,,9.90,0.0000,true,1,226937
7290018213254,false,שלישיית מגבות מטבח עבות SHINY,,IL,שלישיית מגבות מטבח ע,יחידה,0.00,יחידה,false,,12.90,0.0000,true,1,237946
7290018213353,false,מטליות לרצפה בניחוח,,,מטליות לחות לרצפה 10,יחידה,0.00,יחידה,false,,9.90,0.0000,true,1,249674
7290018213995,false,*מבצע* 3 מטליות מיקר,,,*מבצע* 3 מטליות מיקר,יחידה,0.00,יחידה,false,,10.90,0.0000,true,1,249602
7290018237922,false,עוף טוב שניצלונים ציפוי צ'יפס 700 גרם,עיצובים 2020 (4.9),IL,שניצלונים בציפוי ציפ,,700.00,,false,,19.90,0.0284,true,1,248873
7290018237939,false,שניצלונים ציפוי שומשום עוף טוב 700 גרם,עיצובים 2020 (4.9),IL,שניצלונים בציפוי שומ,,700.00,,false,,19.90,0.0284,true,1,248874
7290018294895,false,"יין מונלייט מוסקטו ורוד מבעבע 750 מ""ל",יקבי כרמל Carmel Winery,IL,מונלייט לבן חצי יבש,,750.00,,false,,34.90,0.0465,true,1,249859
7290018307212,false,תבנית רוסטר גדול 2 י,,,תבנית רוסטר גדול 2 י,יחידה,0.00,יחידה,false,,10.90,0.0000,true,1,248140
7290018307250,false,תבנית רוסטר אובלית 5,,,תבנית רוסטר אובלית 5,יחידה,0.00,יחידה,false,,10.90,0.0000,true,1,240806
7290018359129,false,עגבניות פולפה מקולפות יכין 690 גרם - זכוכית,אמיליאנה קונסרב,IT,פולפה עגבניות מקולפו,,690.00,,false,,10.90,0.0158,true,1,237020
7290018359495,false,תירס מהשדה בלי תוספת סוכר יכין 550 גרם,היינץ צפון אמריקה מק,IL,תירס מהשדה בלי תוספת,,550.00,,false,,10.90,0.0198,true,1,226319
7290018359518,false,תירס מהשדה בלי תוספת סוכר יכין מארז 200X3 גר',היינץ צפון אמריקה מק,IL,תירס מהשדה בלי תוספת,,600.00,,false,,15.90,0.0265,true,1,237021
7290018359570,false,שעועית צילי הקטניה יכין מארז 3* 200 גר,זנלכל,,שעועית צ'ילי הקטניה,,200.00,,false,,12.90,0.0645,true,1,244639
7290018359679,false,שעועית לימה הקיסרית יכין 550 גר,קריות זול,IL,הקיסרית- שעועית לימה,,550.00,,false,,9.90,0.0180,true,1,248494
7290018359686,false,יכין חומוס גדול 550 גר A2,היינץ צפון אמריקה מק,IL,חומוס ענק יכין 550 ג,,550.00,,false,,9.90,0.0180,true,1,248495
7290018359716,false,רוטב עגבניות פיצה טוסקנה 240 גרם יכין,"זנלכל בע""מ",IL,רוטב פיצה טוסקנה יכי,,240.00,,false,,6.90,0.0288,true,1,244941
7290018359938,false,"רוטב עגבניות לשקשוקה יכין, 400 גרם",זנלכל,IL,רוטב עגבניות לשקשוקה,,400.00,,false,,11.90,0.0298,true,1,250511
7290018376416,false,פילה דג ברבוניה קפוא,,,פילה ברבוניה קפוא 40,,400.00,,false,,24.90,0.0622,true,1,250407
7290018380505,false,"אורז פרסי לבן ארוך 1 קג ""20X",,TH,"אורז פרסי ארוך 1 ק""ג",,1000.00,,false,,9.90,0.0099,true,1,246230
7290018380574,false,"סקוויז מחית תפו""ע ואגס 100 גרם",,,"סקוויז תפו""ע ואגס תו",,100.00,,false,,6.90,0.0690,true,1,250434
7290018380925,false,פרוזן שעועית ירוקה עדינה 800 גר' רובין,,,פרוזן שעועית ירוקה ע,,800.00,,false,,12.90,0.0161,true,1,250447
7290018380932,false,פרוזן אפונה אקסטרא עדין 600 גר' רובין,,,פרוזן אפונה אקסטרא ע,,600.00,,false,,12.90,0.0215,true,1,250445
7290018440209,false,פליפז בייגלה בציפוי פאדג' לבן 140 גרם,שוורצקוף& הנקל דיסלד,TR,בייגלה בציפוי פאד'ג,,140.00,,false,,9.90,0.0707,true,1,244445
7290018440476,false,פליפז בייגלה מצופה בקרם עוגת גבינה ותותים 140 גרם,אולקר מקבוצת פלאדיס,TR,בייגלה מצופה בקרם עו,,140.00,,false,,9.90,0.0707,true,1,246550
7290018440483,false,פליפז בייגלה מצופה בקרמל מלוח ושוקולד 140 גרם,שוורצקוף& הנקל דיסלד,TR,בייגלה מצופה בקרמל מ,,140.00,,false,,9.90,0.0707,true,1,246549
7290018440896,false,הגן הקסום חליטה ג'ינגר כורכום ויסוצקי 25 יח,תה ויסוצקי,IL,חליטת ג'ינג'ר וכורכו,,37.50,,false,,19.90,0.5307,true,1,247821
7290018468319,false,נקניקיה טבעונית בסגנון צוריסוס טירת צבי 400 גרם,טירת צבי,IL,נקניקיה צמחונית בסגנ,,400.00,,false,,37.90,0.0947,true,1,250261
7290018471470,false,תפוזינה נקטר תפוז פסיפלורה קרטונית 1 ליטר,"יפאורה תבורי בע""מ",IL,תפוזינה נקטר תפוז פס,,1000.00,,false,,7.90,0.0079,true,1,245890
7290018471487,false,תפוזינה נקטר תפוז אננס קרטונית 1 ליטר,"יפאורה תבורי בע""מ",IL,תפוזינה נקטר תפוז אנ,,1000.00,,false,,7.90,0.0079,true,1,245887
7290018471494,false,תפוזינה משקה תפוז גזר קרטונית 1 ליטר,"יפאורה תבורי בע""מ",IL,תפוזינה משקה תפוז גז,,1000.00,,false,,7.90,0.0079,true,1,245891
7290018471548,false,"רביעיית ספרינג ענבים 250 מ""ל",יפאורה תבורי,IL,ספרינג ענבים 4*250 מ,,1000.00,,false,,15.90,0.0159,true,1,245059
7290018471913,false,משקה מוגז פירות תפוחים שוופס 1.5 ליטר,"יפאורה תבורי בע""מ",IL,שוופס מוגז תפוחים 1.,,1500.00,,false,,9.90,0.0066,true,1,247690
7290018471920,false,שוופס מוגז פירות ענבים 1.5 ליטר פיקדון,"יפאורה תבורי בע""מ",IL,שוופס מוגז ענבים 1.5,,1500.00,,false,,9.90,0.0066,true,1,247692
7290018471937,false,שוופס מוגז פירות תות ליים 1.5 ליטר פיקדון,"יפאורה תבורי בע""מ",IL,שוופס מוגז פירות תות,,1500.00,,false,,9.90,0.0066,true,1,247695
7290018471951,false,שוופס מוגז פירות אשכולית אדומה 1.5 ליטר פיקדון,"יפאורה תבורי בע""מ",IL,שוופס מוגז אשכולית א,,1500.00,,false,,9.90,0.0066,true,1,247694
7290018493144,false,"ד""ר פישר אל סבון נוזלי לידיים קמיל ש ארגן 1 ל'",פישר תעשיות,IL,קמיל אל סבון לניקוי,,1000.00,,false,,16.90,0.0169,true,1,240774
7290018554258,false,שעועית 580 ג' קטניות פרי חן,General,,שעועית לבנה ברוטב עג,,580.00,,false,,7.90,0.0136,true,1,247205
7290018564691,false,ממרח חצילים שף הטבע,,,ממרח חצילים שף הטבע,,200.00,,false,,14.90,0.0745,true,1,248155
7290018564707,false,ממרח פלפל קלוי שף הט,,,ממרח פלפל קלוי שף הט,,200.00,,false,,14.90,0.0745,true,1,248157
7290018564721,false,ממרח אריסה שף הטבע 2,,,ממרח אריסה שף הטבע 2,,200.00,,false,,14.90,0.0745,true,1,248158
7290018608432,false,תבניות אינגליש גדול מקרטון 3 יח' שמאי,,,תבניות אינגליש קייק,יחידה,0.00,יחידה,false,,10.90,0.0000,true,1,246020
7290018652213,false,מאגדת חטיפי גלידה קראנץ בר 41X6 גרם,פרונרי איטליה,IT,מאגדת קראנץ בר וניל,,246.00,,false,,26.90,0.1093,true,1,248404
7290018652671,false,"לה קרמריה שוקולד וניל 1.4 ליטר [תו אי""ל]",גלידות נסטלה,IL,לה קרמריה שוקו וניל,,1.40,,false,,22.90,16.3571,true,1,248402
7290018652923,false,מאגדת תות עוגת גבינה שוקולד 5 *43 ג' נסטלה,גלידות נסטלה,IL,נסטלה מאגדת תות שוקו,,215.00,,false,,29.90,0.1391,true,1,248407
7290018703052,false,פראוד חטיף חלבון עוג,,,פראוד חטיף חלבון עוג,,29.00,,false,,10.90,0.3759,true,1,250090
7290018703182,false,פראוד חטיף חלבון שוק,,,פראוד חטיף חלבון שוק,,29.00,,false,,10.90,0.3759,true,1,250091
7290018703311,false,פראוד - חטיף חלבון קרם עוגיות קראנצ' 60ג,v.s.i,NL,חטיף חלבון קרם עוגיו,,60.00,,false,,12.90,0.2150,true,1,249446
7290018770245,false,זית ירוק מגולען בטעם,,,זית ירוק מגולען בטעם,,190.00,,false,,14.90,0.0784,true,1,249725
7290018770252,false,זית ירוק מגולען בטעם,,,זית ירוק מגולען בטעם,,190.00,,false,,14.90,0.0784,true,1,249726
7290018770269,false,זית קלמטה עם שמן זית,,,זית קלמטה עם שמן זית,,190.00,,false,,14.90,0.0784,true,1,249727
7290018770276,false,זית עריביקה עם שמן ז,,,זית עריביקה עם שמן ז,,215.00,,false,,14.90,0.0693,true,1,249728
7290018770283,false,זית סורי בטעם לימון,,,זית סורי בטעם לימון,,215.00,,false,,14.90,0.0693,true,1,249729
7290018860991,false,אטריות ביצים רחבות 400 גרם,xiamen zhongshi impo,CN,אטריות ביצים רחבות 4,,400.00,,false,,9.90,0.0248,true,1,249605
7290018893005,false,"חטיפי בייגלה אפוי בטעם חרדל ודבש, 160 גרם",צ'וקטה Chocketa,RO,בייגלה שטוח חרדל ודב,,160.00,,false,,8.90,0.0556,true,1,247981
7290018893036,false,עוגיות סנדוויץ' בטעם שוקולד ממולאות קרם בטעם וניל,צ'וקטה Chocketa,ES,צ'וקטה ביסקוויט שוקו,,176.00,,false,,8.90,0.0506,true,1,248346
7290018893135,false,מקלות אפויים בתוספת מלח Salty,צ'וקטה Chocketa,US,צ'וקטה גריסיני מלח 1,,120.00,,false,,7.90,0.0658,true,1,250180
7290018893265,false,צ'וקטה עוגות אישיות מריר במילוי קרם 240 ג',פרדי קונדיטוריה אס פ,IT,עוגות אישיות 5 שכבות,,240.00,,false,,14.90,0.0621,true,1,247984
7290018893289,false,צ'וקטה עוגות מגולגלות בטעם קקאו במילוי קרם קקאו וציפוי בטעם שוקולד 6 יח' 222 גרם,צ'וקטה Chocketa,IT,עוגות אישיות מגולגלו,,222.00,,false,,10.90,0.0491,true,1,247990
7290018893296,false,עוגיות חמאה מצופות שוקולד בעיטורי שוקולד לבן 100 ג',דיסטרופר אוליבייר,RO,צ'וקטה עוגיות מיני ח,,100.00,,false,,10.90,0.1090,true,1,250169
7290018893661,false,עוגות אישיות במילוי קרם קקאו ציפוי בטעם שוקולד מריר,פרדי קונדיטוריה אס פ,IT,עוגות אישיות מצופה מ,,240.00,,false,,14.90,0.0621,true,1,247986
7290018893814,false,צ'וקטה חמישיית שוקולד מריר 48%,הדקלאים אגודת שיתופי,ES,שוקולד מריר 48% צוקט,,500.00,,false,,18.90,0.0378,true,1,247993
7290018893913,false,"צ`וקטה ממרח אגוזי לוז עם מקלות גריסיני קקאו, 52 גרם",צ'וקטה Chocketa,IT,צ'וקטה חטיף מקלות גר,,52.00,,false,,4.90,0.0942,true,1,250170
7290018894019,false,עוגות אישיות במילוי קרם חלבי ובציפוי קרם קקאו,בלקוני Balconi,IT,בלקוני עוגות אישיות,,350.00,,false,,15.90,0.0454,true,1,250177
7290018894200,false,בלקוני וופל קוביות וניל 250 גרם,בלקוני Balconi,IT,בלקוני וופל קוביות ו,,250.00,,false,,13.90,0.0556,true,1,250173
7290018894217,false,עוגות אישיות במילוי קרם קקאו ובציפוי קרם קקאו,בלקוני Balconi,IT,בלקוני עוגות מיקס מק,,350.00,,false,,15.90,0.0454,true,1,250178
7290018894248,false,צ'וקטה - שוקולד חלב שלישייה 3 * 100 גרם,צ'וקטה Chocketa,FR,צוקטה שוקול חלב שליש,,100.00,,false,,12.90,0.1290,true,1,250183
7290018894408,false,קוביות וופל במילוי קרם אגוזי לוז - חלבי,בלקוני Balconi,IT,בלקוני וופל קוביות א,,250.00,,false,,13.90,0.0556,true,1,250171
7290018894606,false,בלקוני וופל קקאו 175 גרם חלבי OU,בלקוני Balconi,IT,בלקוני וופל קקאו 175,,175.00,,false,,8.90,0.0509,true,1,250174
7290018925065,false,מיץ פרימור תפוזים סחוט 2 ליטר-,"גניר (1992) בע""מ",IL,פרימור מיץ תפוזים סח,,2000.00,,false,,29.90,0.0150,true,1,247822
7290018925072,false,משקה קל לימונים ונענע 2 ל פרימור,"גניר (1992) בע""מ",IL,פרימור משקה קל לימונ,,2000.00,,false,,29.90,0.0150,true,1,247823
7290018925089,false,"מיץ פרימור תפו""ע צלול סחוט 2 ליטר-","גניר (1992) בע""מ",IL,פרימור מיץ תפוחים צל,,2000.00,,false,,29.90,0.0150,true,1,247824
7290018925096,false,פרימור משקה קל תפוזים 1.5ליטר,פרימור,IL,משקה קל תפוזים ‏5‏.‏,,1500.00,,false,,8.90,0.0059,true,1,247651
7290018925102,false,פרימור משקה קל ענבים 1.5ליטר,פרימור,IL,משקה קל ענבים ‏5‏.‏1,,1500.00,,false,,8.90,0.0059,true,1,247654
7290018925157,false,פרימור משקה קל לימונים 1.5ליטר,פרימור,IL,משקה קל לימונים 1.5,,1500.00,,false,,8.90,0.0059,true,1,247658
7290018929001,false,5 מטליות מיקרופייבר,,,5 מטליות מיקרופייבר,יחידה,0.00,יחידה,false,,8.90,0.0000,true,1,249603
7290018972274,false,פרוזן שעועית ירוקה חתוכה 800 גר' רובין,,,פרוזן שעועית ירוקה ח,,800.00,,false,,12.90,0.0161,true,1,250449
7290018972335,false,פרוזן שעועית ירוקה אקסטרא עדינה 600 גרם,,,פרוזן שעועית ירוקה א,,600.00,,false,,12.90,0.0215,true,1,250448
7290018972601,false,תמר מג'הול קפוא 450גר תומר,,,תמר לח כ-450גר,,450.00,,false,,24.90,0.0553,true,1,250560
7290018972779,false,נודלס מנה חמה בקר תומר 72 גרם,,,נודלס טעם בקר להכנה,,72.00,,false,,6.90,0.0958,true,1,249496
7290018972786,false,נודלס טעם ירקות להכנה מהירה 72 גרם,,,נודלס טעם ירקות להכנ,,72.00,,false,,6.90,0.0958,true,1,249497
7290018989005,false,שלישיית פולפה עגבניות טבעי יכין 400X3 גרם,זנלכל,IL,פולפה טבעית יכין 400,,1200.00,,false,,15.90,0.0133,true,1,249354
7290019014386,false,"ניקוי והברקת רהיטי עץ פלירוסול 500 מ""ל טאצ",,,ניקוי והברקת רהיטי ע,,500.00,,false,,29.90,0.0598,true,1,248526
7290019056027,false,שוופס מוגז פירות תפוחים ללא סוכר 1.5 ליטר פיקדון,"יפאורה תבורי בע""מ",IL,שוופס מוגז פירות תפו,,1500.00,,false,,9.90,0.0066,true,1,247696
7290019056041,false,שוופס מוגז פירות לימונייד ללא סוכר 1.5 ליטר פיקדון,"יפאורה תבורי בע""מ",IL,שוופס מוגז פירות ללא,,1500.00,,false,,9.90,0.0066,true,1,247698
7290019056058,false,שוופס מוגז עדין תפוח ליים 1.5 ליטר פיקדון,"יפאורה תבורי בע""מ",IL,שוופס מוגז עדין תפוח,,1500.00,,false,,9.90,0.0066,true,1,247685
7290019056065,false,שוופס מוגז עדין פירות יער 1.5 ליטר פיקדון,"יפאורה תבורי בע""מ",IL,שוופס מוגז עדין פירו,,1500.00,,false,,9.90,0.0066,true,1,247686
7290019056072,false,שוופס מוגז עדין אננס 1.5 ליטר פיקדון,מיוצר עי קונדיטוריית,IL,שוופס מוגז עדין אננס,,1500.00,,false,,9.90,0.0066,true,1,247687
7290019056096,false,שוופס מוגז עדין אפרסק 1.5 ליטר פיקדון,"יפאורה תבורי בע""מ",IL,שוופס מוגז עדין אפרס,,1500.00,,false,,9.90,0.0066,true,1,247689
7290019056119,false,שוופס סודה 1.5 ליטר פיקדון,"יפאורה תבורי בע""מ",IL,שוופס סודה 1.5ליטר,,1500.00,,false,,4.20,0.0028,true,1,247674
7290019056126,false,שוופס סודה לימון 1.5 ליטר בק' בודד פיקדון,"יפאורה תבורי בע""מ",IL,שוופס סודה לימון 1.5,,1500.00,,false,,4.20,0.0028,true,1,247761
7290019056164,false,שוופס סודה 1.5 ליטר רביעייה פיקדון,"יפאורה תבורי בע""מ",IL,שוופס סודה מארז 4*1.,,6000.00,,false,,12.90,0.0021,true,1,247733
7290019056171,false,שוופס סודה לימון 1.5 ליטר רביעייה פיקדון,"יפאורה תבורי בע""מ",IL,שוופס סודה לימון מאר,,6000.00,,false,,12.90,0.0021,true,1,247734
7290019056195,false,שוופס סודה למון גראס ג'ינג'ר 1.5 ליטר רביעייה פיקדון,"יפאורה תבורי בע""מ",IL,שוופס סודה למון גראס,,6000.00,,false,,12.90,0.0021,true,1,247736
7290019056249,false,שוופס מים בטעמים ענבים 1.5 ליטר פיקדון,מיוצר עי קונדיטוריית,IL,שוופס וואטר ענבים 1.,,1500.00,,false,,9.90,0.0066,true,1,247720
7290019056256,false,שוופס מים בטעמים תפוחים 1.5 ליטר פיקדון,מיוצר עי קונדיטוריית,IL,שוופס וואטר תפוח 1.5,,1500.00,,false,,9.90,0.0066,true,1,247721
7290019056263,false,שוופס מים בטעמים אפרסק 1.5 ליטר פיקדון,מיוצר עי קונדיטוריית,IL,שוופס וואטר אפרסק 1.,,1500.00,,false,,9.90,0.0066,true,1,247722
7290019056270,false,שוופס מים בטעמים פירות יער 1.5 ליטר פיקדון,"יפאורה תבורי בע""מ",IL,שוופס וואטר פירות יע,,1500.00,,false,,9.90,0.0066,true,1,247723
7290019056300,false,משקה בטעם ביטר לימון 1.5 ל' שוויפס,"יפאורה תבורי בע""מ",IL,שוופס ביטר לימון 1.5,,1500.00,,false,,13.90,0.0093,true,1,247730
7290019056317,false,שוופס ראשן 1.5 ליטר פיקדון,"יפאורה תבורי בע""מ",IL,שוופס רסצ'יין 1.5ליט,,1500.00,,false,,13.90,0.0093,true,1,247731
7290019056324,false,שוופס טוניק 1.5 ליטר פיקדון,"יפאורה תבורי בע""מ",IL,שוופס מי טוניק 1.5לי,,1500.00,,false,,13.90,0.0093,true,1,247732
7290019056355,false,תפוזינה לימונדה MIX לימונענע 1.5 ליטר,"יפאורה תבורי בע""מ",IL,תפוזינה לימונענע 1.5,,1500.00,,false,,9.90,0.0066,true,1,247677
7290019056362,false,תפוזינה ענבים 1.5 ליטר פיקדון,"יפאורה תבורי בע""מ",IL,תפוזינה ענבים 1.5ליט,,1500.00,,false,,9.90,0.0066,true,1,247675
7290019056379,false,תפוזינה תפוזים 1.5 ליטר פיקדון,"יפאורה תבורי בע""מ",IL,תפוזינה תפוזים 1.5לי,,1500.00,,false,,9.90,0.0066,true,1,247676
7290019056386,false,פתוזינה אשכולית 1.5 ליטר פיקדון,"יפאורה תבורי בע""מ",IL,תפוזינה אשכוליות 1.5,,1500.00,,false,,9.90,0.0066,true,1,247678
7290019056393,false,תפוזינה תות בננה 1.5 ליטר פיקדון,"יפאורה תבורי בע""מ",IL,תפוזינה תות בננה 1.5,,1500.00,,false,,9.90,0.0066,true,1,247679
7290019056409,false,תפוזינה מנגו 1.5 ליטר פיקדון,"יפאורה תבורי בע""מ",IL,תפוזינה מנגו עסיסי 1,,1500.00,,false,,9.90,0.0066,true,1,247680
7290019056461,false,מארז משקה בטעם קולה שישייה * 1.5 ל' אר.סי,"יפאורה תבורי בע""מ",IL,אר.סי קולה שישייה 6*,,9000.00,,false,,39.90,0.0044,true,1,247700
7290019056478,false,ספרינג טי קר אפרסק 1.5ליטר פיקדון,"יפאורה תבורי בע""מ",IL,ספרינג טי קר אפרסק 1,,1500.00,,false,,9.90,0.0066,true,1,247725
7290019056485,false,ספריג תה ירוק לימון לואיזה 1.5 ליטר פיקדון,"יפאורה תבורי בע""מ",IL,ספרינג טי קר לימון ל,,1500.00,,false,,9.90,0.0066,true,1,247726
7290019056492,false,ספרינג תה מנגו אפרסק 1.5 ליטר פיקדון,"יפאורה תבורי בע""מ",IL,ספרינג טי מנגו אפרסק,,1500.00,,false,,9.90,0.0066,true,1,247728
7290019056515,false,פרוט ווטר אננס 1.5 ליטר פיקדון,"יפאורה תבורי בע""מ",IL,משקה וואטר פרוט אננס,,1500.00,,false,,9.90,0.0066,true,1,247703
7290019056522,false,פרוט ווטר תות 1.5 ליטר פיקדון,"יפאורה תבורי בע""מ",IL,משקה וואטר פרוט תות,,1500.00,,false,,9.90,0.0066,true,1,247706
7290019056539,false,פרוט ווטר אפרסק 1.5 ליטר פיקדון,"יפאורה תבורי בע""מ",IL,משקה וואטר פרוט אפרס,,1500.00,,false,,9.90,0.0066,true,1,247704
7290019056546,false,פרוט ווטר אבטיח 1.5 ליטר פיקדון,"יפאורה תבורי בע""מ",IL,משקה וואטר פרוט אבטי,,1500.00,,false,,9.90,0.0066,true,1,247705
7290019056553,false,עין גדי מים מינרלים 2 ליטר*6 יח',עין גדי מים מינרליים,IL,עין גדי מים מינרלים,,12000.00,,false,,13.80,0.0012,true,1,247662
7290019056560,false,עין גדי 2 ליטר בק' בודד פיקדון,יפאורה תבורי,IL,עין גדי 2ליטר,,2000.00,,false,,3.30,0.0016,true,1,247659
7290019056577,false,משקה קל מנגו ספרינג 1.5 ליטר,"יפאורה תבורי בע""מ",IL,ספרינג מנגו 1.5ליטר,,1500.00,,false,,9.90,0.0066,true,1,247663
7290019056584,false,משקה קל תפוזים ספרינג 1.5 ליטר,"יפאורה תבורי בע""מ",IL,ספרינג תפוזים 1.5ליט,,1500.00,,false,,9.90,0.0066,true,1,247664
7290019056591,false,משקה קל ענבים ספרינג 1.5 ליטר,"יפאורה תבורי בע""מ",IL,ספרינג ענבים 1.5ליטר,,1500.00,,false,,9.90,0.0066,true,1,247672
7290019056607,false,משקה קל תפוחים ספרינג 1.5 ליטר,"יפאורה תבורי בע""מ",IL,ספרינג תפוחים 1.5ליט,,1500.00,,false,,9.90,0.0066,true,1,247666
7290019056614,false,משקה קל אפרסק ספרינג 1.5 ליטר,"יפאורה תבורי בע""מ",IL,ספרינג אפרסק 1.5ליטר,,1500.00,,false,,9.90,0.0066,true,1,247665
7290019056621,false,משקה קל פירות טרופיים ספרינג 1.5 ליטר,"יפאורה תבורי בע""מ",IL,ספרינג פירות טרופיים,,1500.00,,false,,9.90,0.0066,true,1,247667
7290019056638,false,משקה קל תות בננה ספרינג 1.5 ליטר,"יפאורה תבורי בע""מ",IL,ספרינג תות בננה 1.5ל,,1500.00,,false,,9.90,0.0066,true,1,247668
7290019056645,false,משקה קל אגס תפוח סברס ספרינג 1.5 ליטר,"יפאורה תבורי בע""מ",IL,ספרינג אגס סברס תפוח,,1500.00,,false,,9.90,0.0066,true,1,247669
7290019056652,false,משקה קל אננס בננה ספרינג 1.5 ליטר,"יפאורה תבורי בע""מ",IL,ספרינג אננס בננה 1.5,,1500.00,,false,,9.90,0.0066,true,1,247673
7290019056669,false,משקה קל תפוחים דיאט ספרינג 1.5 ליטר,"יפאורה תבורי בע""מ",IL,ספרינג תפוחים דיאט 1,,1500.00,,false,,9.90,0.0066,true,1,247670
7290019056676,false,משקה קל אשכולית אננס דיאט ספרינג 1.5 ליטר,"יפאורה תבורי בע""מ",IL,ספרינג דיאט אשכוליות,,1500.00,,false,,9.90,0.0066,true,1,247671
7290019056720,false,קריסטל מיץ ענבים 2 ליטר פיקדון,יפאורה תבורי,IL,קריסטל מיץ ענבים 2 ל,,2000.00,,false,,8.90,0.0045,true,1,247713
7290019056737,false,קריסטל מיץ אשכוליטרות 2 ליטר,יפאורה תבורי,IL,קריסטל מיץ אשכוליות,,2000.00,,false,,8.90,0.0045,true,1,247714
7290019056744,false,קריסטל מיץ תפוזים 2 ליטר פיקדון,יפאורה תבורי,IL,קריסטל מיץ תפוזים 2,,2000.00,,false,,8.90,0.0045,true,1,247715
7290019056775,false,קריסטל מוגז ענבים 2 ליטר פיקדון,יפאורה תבורי,IL,קריסטל ענבים 2 ליטר,,2000.00,,false,,8.90,0.0045,true,1,247707
7290019056805,false,קריסטל מוגז תפוחים 2 ליטר פיקדון,יפאורה תבורי,IL,קריסטל תפוח 2 ליטר,,2000.00,,false,,8.90,0.0045,true,1,247717
7290019056812,false,קריסטל מוגז מנטה 2 ליטר פיקדון,יפאורה תבורי,IL,קריסטל מנטה 2 ליטר,,2000.00,,false,,8.90,0.0045,true,1,247709
7290019056836,false,קריסטל מוגז תות 2 ליטר פיקדון,יפאורה תבורי,IL,קריסטל תות 2 ליטר,,2000.00,,false,,8.90,0.0045,true,1,247711
7290019056843,false,קריסטל מוגז קולה 2 ליטר פיקדון,קריות זול,IL,קריסטל קולה 2 ליטר,,2000.00,,false,,8.90,0.0045,true,1,247712
7290019056898,false,שוופס סודה לימון 1.5 ליטר,"כד בני דרום בע""מ",IL,שוופס סודה לימון 1.5,,1500.00,,false,,4.20,0.0028,true,1,248044
7290019056966,false,מי עדן בקבוק פיקדון 1.5 ליטר,"מי עדן בע""מ",IL,מי עדן 1.5ליטר,,1500.00,,false,,3.30,0.0022,true,1,247829
7290019056973,false,שישיית מי עדן 1.5 ליטר משפחתי,מופק ממקור בזלתי עדן,IL,מי עדן שישייה 6*1.5,,9000.00,,false,,14.70,0.0016,true,1,247661
7290019153535,false,"רביעייה שוופס מוגז פירות למונייד ללא סוכר 330 ש""ח",יפאורה תבורי,IL,שוופס מוגז פירות למו,,1320.00,,false,,15.90,0.0120,true,1,249926
7290019204008,false,עוף טוב פסטרמה ארבעה פלפלים 350גרם,עיצובים 2020 (4.9),IL,עוף טוב פסטרמה ארבעה,,350.00,,false,,25.90,0.0740,true,1,249928
7290019204305,false,חזה הודו פסטרמה ברביקיו 350 גר',עיצובים 2020 (4.9),IL,עוף טוב פסטרמה ברביק,,350.00,,false,,25.90,0.0740,true,1,249929
7290019232155,false,"חליטת ""לילה טוב"" קמומיל לבנדר ו25 שקיקים ויסוצקי",תה ויסוצקי,IL,תה ירוק קמומיל לבנדר,,25.00,,false,,27.90,1.1160,true,1,250527
7290019232162,false,"חליטת ""לילה טוב"" קמומיל מליסה 25 שקיקים ויסוצקי",תה ויסוצקי,IL,תה ירוק קמומיל מליסה,,25.00,,false,,27.90,1.1160,true,1,250528
7290019232179,false,חליטת לילה טוב נענע 25 שקיקים ויסוצקי,תה ויסוצקי,IL,תה ירוק נענע עם ויטמ,,25.00,,false,,27.90,1.1160,true,1,250525
7290019232186,false,תה ירוק לימונית לואיזהSTAY WELL 25 שקיקים ויסוצקי,תה ויסוצקי,IL,תה ירוק לימונית לואי,,25.00,,false,,27.90,1.1160,true,1,250526
7290019232193,false,תה ירוק לימונית ג'ינג'ר STAY WELL שקיקים 25 ויסוצקי,תה ויסוצקי,IL,תה ירוק לימונית ג'ינ,,25.00,,false,,27.90,1.1160,true,1,250529
7290019232834,false,בייגלה מצופה קרם עוגיות ושוקולד 140 גרם פליפז - רבנות,אולקר מקבוצת פלאדיס,TR,בייגלה מצופה עוגיות,,140.00,,false,,9.90,0.0707,true,1,249288
7290019233008,false,רוטב עגבניות עם קוביות ארטישוק ושמן זית 420ג ויסוצקי,דליציה דורה אס.אר.אל,IT,זיתא רוטב לשקשוקה א,,420.00,,false,,14.90,0.0355,true,1,250466
7290019297239,false,צימוק חום 250 גרם ששון הקולה,"דין שיווק וקלייה בע""",,צימוק חום 330גר קופס,,330.00,,false,,16.90,0.0512,true,1,201064
7290019297383,false,מעדן משמש ללא סוכר שקדיה 284 ג',לינוי סיטי,CN,מעדן משמש שקדיה 100%,,284.00,,false,,12.90,0.0454,true,1,201066
7290019297406,false,מעדן דובדובן ללא סוכר שקדיה 284 ג',לינוי סיטי,CN,מעדן דובדבן שקדיה 10,,284.00,,false,,12.90,0.0454,true,1,201068
7290019297413,false,מעדן אפרסק ללא סוכר שקדיה 284 ג',לינוי סיטי,CN,מעדן אפרסק שקדיה 100,,284.00,,false,,12.90,0.0454,true,1,201069
7290019297437,false,מעדן אוכמניות ללא סוכר שקדיה 284 ג',לינוי סיטי,CN,מעדן אוכמניות שקדיה,,284.00,,false,,12.90,0.0454,true,1,201071
7290019297451,false,מי ורדים שקדיה 500 מ,אף.סי תבליני בגליל ב,BE,"מי ורדים 500 מ""ל",,500.00,,false,,14.90,0.0298,true,1,215147
7290019297512,false,"רוטב רימונים שקדיה 340 מ""ל בדץ",סיטוגלוגידה,TR,רוטב רימונים שקדיה 3,,350.00,,false,,10.90,0.0311,true,1,201073
7290019297543,false,חמאת בוטנים שקדיה 51,דין שיווק,CN,חמאת בוטנים 510גרם,,510.00,,false,,10.90,0.0214,true,1,201075
7290019297628,false,שקד טבעי 150 גרם ששון הקולה שקית,"דין שיווק וקלייה בע""",IL,שקד טבעי 150גרם,,150.00,,false,,16.90,0.1127,true,1,201080
7290100240137,false,"תרסיס למייבש כביסה כחול 500 מ""ל בדין","זוהר דליה, קיבוץ דלי",IL,בדין תרסיס כחול למיי,,500.00,,false,,19.90,0.0398,true,1,182975
7290100240656,false,"פתית שיפון בד""צ חדש 300X24 גר'",יוניליוור ישראל מזון,IL,פתית שיפון 300גר,,300.00,,false,,18.90,0.0630,true,1,182986
7290100243671,false,מרכך כביסה מרכך כביסה בדין אקסטרה 1 ל',יוניליוור סנאיי וי ט,TR,בדין אקסטרא כחול 960,,960.00,,false,,18.90,0.0197,true,1,183072
7290100411254,false,מחית בוליווד תפוח ובננה 190 גרם ללא תוספ,בילובד Beloved,SK,בלאבד מחית תפוח ובננ,,190.00,,false,,5.90,0.0311,true,1,171955
7290100412343,false,קוויק מגבונים לניקוי כללי בניחוח לימון 50 יח',די.פי.אל,IL,קוויק מגבונים לניקוי,יחידה,0.00,יחידה,false,,8.90,0.0000,true,1,171965
7290100412435,false,קוויק מגבונים לניקוי כללי בניחוח פרחי בר 50 יח',די.פי.אל,IL,קוויק מגבונים לניקוי,יחידה,0.00,יחידה,false,,8.90,0.0000,true,1,171966
7290100412459,false,מטליות לחות לניקוי וחיטוי אמבטיה ושירותים לבנדר,די.פי.אל,IL,קוויק מגבונים לניקוי,יחידה,0.00,יחידה,false,,8.90,0.0000,true,1,171968
7290100412466,false,מגבונים קוויק לניקוי וחיטוי רצפות בניחוח לימון 10 יח',די.פי.אל,IL,קוויק מגבונים לניקוי,יחידה,0.00,יחידה,false,,10.90,0.0000,true,1,226277
7290100412770,false,"ד""ר עור - תחליב רחצה קלאסי בניחוח מאסק 700 מ""ל","אמיליה קוסמטיקס בע""מ",IL,"תחליב רחצה ד""ר עור ק",,700.00,,false,,16.90,0.0241,true,1,226282
7290100412787,false,"ד""ר עור - תחליב רחצה קלאסי בניחוח פריחת הכותנה 700 מ""ל","אמיליה קוסמטיקס בע""מ",IL,"תחליב רחצה ד""ר עור ק",,700.00,,false,,16.90,0.0241,true,1,236850
7290100412831,false,תחליב רחצה אנטי אייג'ינג בניחוח וניל טרופי,"אמיליה קוסמטיקס בע""מ",IL,"תחליב רחצה ד""ר עור א",,700.00,,false,,16.90,0.0241,true,1,226285
7290100680650,false,מנה חמה נודלס-אטריות ירקות טעם תאילנדי אסם 76 ג',THAI PRESIDENT FOODS,TH,מנה חמה אסם נודלס-אט,,76.00,,false,,6.90,0.0908,true,1,177497
7290100680711,false,פירורית זהב אסם זהב 350ג',עינת תעשיות מזון אגו,IL,פירורית זהב שקית אסם,,350.00,,false,,9.90,0.0283,true,1,177500
7290100680728,false,פירורית רגילה שקית 350 גרם,מיוצר עי קונדיטוריית,IL,פירורית אסם שקית 350,,350.00,,false,,7.90,0.0226,true,1,177501
7290100681015,false,אינסטנט פודינג בטעם ריבת חלב אסם 84 גרם,מיוצר עי קונדיטוריית,IL,פודינג ריבת חלב אסם,,84.00,,false,,6.30,0.0750,true,1,177504
7290100681138,false,מארז אפרופו חטיף תירס 3 יחידות,"אסם תעשיות בע""מ",IL,אפרופו מארז אסם 3*50,,150.00,,false,,13.90,0.0927,true,1,177507
7290100683880,false,תבשילים משפחתיים פירה 260 גרם,"אסם השקעות בע""מ",IL,תערובת להכנת פירה אס,,260.00,,false,,15.70,0.0604,true,1,177568
7290100684139,false,פסטה מיני מקרוני אסם 500 גרם,פסטה זארה,IT,פסטה מיני מקרוני אסם,,500.00,,false,,6.90,0.0138,true,1,177574
7290100684764,false,במבה יום הולדת על סרט אסם 25 ג',"אסם תעשיות בע""מ",IL,במבה על סרט אסם 25גר,,25.00,,false,,2.60,0.1040,true,1,177581
7290100685136,false,"אבקת מרק בטעם עוף אסם 1 ק""ג","אסם תעשיות בע""מ",IL,*מבצע* מרק טעם עוף 1,,1000.00,,false,,12.00,0.0120,true,1,177591
7290100685334,false,אבקת מרק עוף אמיתי בשרי רכיבים טבעיים אסם 400 גרם,"אסם תעשיות בע""מ",IL,*מבצע* מרק עוף רכיבי,,400.00,,false,,22.90,0.0572,true,1,177601
7290100685341,false,אבקת מרק טעם עוף זך רכיבים טבעיים אסם 400 גרם,"אסם תעשיות בע""מ",IL,*מבצע* מרק טעם עוף ז,,400.00,,false,,16.90,0.0422,true,1,177602
7290100685600,false,פירורית זהב אסם זהב חיטה מלאה 200ג',עינת תעשיות מזון אגו,IL,פירורית זהב חיטה מלא,,200.00,,false,,7.90,0.0395,true,1,177616
7290100686164,false,מארז מולטיפק ביסלי ברביקיו 6 יח 35 גר יח,מיוצר עי קונדיטוריית,IL,ביסלי ברביקיו מארז א,,210.00,,false,,14.90,0.0710,true,1,177633
7290100689301,false,אבקת מרק בטעם עוף זך עדיף אסם 400 גרם,"אסם השקעות בע""מ",IL,מרק בטעם עוף זך אסם,,400.00,,false,,16.90,0.0422,true,1,177718
7290100700006,false,"סוגת חיטה 1 ק""ג","סוגת תעשיות בע""מ",IL,חיטה סוגת 1קג,,1000.00,,false,,8.90,0.0089,true,1,192458
7290100700020,false,סוגת גריסי פנינה 500 גרם,האי נאם סי או אל.טי.,IL,גריסי פנינה סוגת 500,,500.00,,false,,6.90,0.0138,true,1,192459
7290100700068,false,סוגת שעועית צבעונית 500גרם,"סוגת תעשיות בע""מ",IL,שעועית צבעונית סוגת,,500.00,,false,,10.90,0.0218,true,1,192460
7290100700075,false,סוגת פירורי לחם מוזהבים 200 גרם,"סוגת תעשיות בע""מ",IL,פירורי לחם מוזהבים ס,,200.00,,false,,4.90,0.0245,true,1,192461
7290100700266,false,פירורי לחם לבנים 200 ג' סוגת,"סוגת תעשיות בע""מ",IL,פירורי לחם לבן סוגת,,200.00,,false,,4.90,0.0245,true,1,192470
7290100700273,false,קינואה לבנה 500 ג סו,האי נאם סי או אל.טי.,IL,קינואה סוגת 500 גר,,500.00,,false,,15.90,0.0318,true,1,192471
7290100700297,false,סוגת עדשים שחורות 500 גרם,"סוגת תעשיות בע""מ",IL,עדשים שחורות סוגת 50,,500.00,,false,,9.90,0.0198,true,1,192473
7290100700310,false,"סוגת כוסמת סוגת 1ק""ג","סוגת תעשיות בע""מ",IL,כוסמת סוגת 1קג,,1000.00,,false,,16.90,0.0169,true,1,192474
7290100700327,false,"גריסי פנינה סוגת 1 ק""ג","סוגת תעשיות בע""מ",IL,גריסי פנינה סוגת 1קג,,1000.00,,false,,8.90,0.0089,true,1,192475
7290100700365,false,"שעועית אדומה 1 ק""ג סוגת",סוגת תעשיות בעמ,,שעועית אדומה סוגת 1ק,,1000.00,,false,,19.90,0.0199,true,1,192477
7290100700372,false,"סוגת אורז בסמטי מלא 1 ק""ג",האי נאם סי או אל.טי.,IL,אורז בסמטי מלא סוגת,,1000.00,,false,,13.90,0.0139,true,1,192478
7290100700389,false,"אורז אדום 1 ק""ג ""סוגת""",סוגת תעשיות בעמ,IL,אורז אדום סוגת 1קג,,1000.00,,false,,15.90,0.0159,true,1,192479
7290100700396,false,"סוגת אורז יסמין קלאסי 1 ק""ג",האי נאם סי או אל.טי.,IL,אורז יסמין קלאסי סוג,,1000.00,,false,,13.90,0.0139,true,1,192480
7290100700419,false,"סוגת בורגול 1 ק""ג","סוגת תעשיות בע""מ",IL,בורגול סוגת 1קג,,1000.00,,false,,7.90,0.0079,true,1,192482
7290100700587,false,"בורגול ""סוגת"" 500 גרם",האי נאם סי או אל.טי.,IL,בורגול סוגת 500 גר,,500.00,,false,,6.90,0.0138,true,1,192488
7290100701126,false,סוגת שעועית מש סוגת 500 גרם,סוגת תעשיות בעמ,IL,שעועית מש סוגת 500גר,,500.00,,false,,10.90,0.0218,true,1,192506
7290100701140,false,"אורז ריזוטו ארבוריו 1 ק""ג ""סוגת""","סוגת תעשיות בע""מ",IL,אורז ארבוריו סוגת 1ק,,1000.00,,false,,15.90,0.0159,true,1,192507
7290100701157,false,אורז להכנת סושי סוגת,סוגת תעשיות בעמ,IL,אורז להכנת סושי סוגת,,1000.00,,false,,14.90,0.0149,true,1,192508
7290100701300,false,סוגת קינואה אדומה 500גרם,סוגת,,קינואה אדומה סוגת 50,,500.00,,false,,15.90,0.0318,true,1,192515
7290100701331,false,קמח רב תכליתי שטיבל קמח חיטה לבן בהיר,"שטיבל בע""מ - טחנות ק",IL,קמח רב תכליתי סוגת 1,,1000.00,,false,,7.90,0.0079,true,1,192517
7290100701348,false,"קמח שיפון מלא 1 ק""ג סוגת",שטיבל טחנות קמח,IL,קמח שיפון מלא סוגת 1,,1000.00,,false,,7.90,0.0079,true,1,192518
7290100701386,false,קמח לחלה 1קג סוגת ני,שטיבל טחנות קמח,IL,קמח לחלה סוגת 1קג,,1000.00,,false,,7.90,0.0079,true,1,192520
7290100701454,false,סוגת גרישה סוגת 500 גרם,"סוגת תעשיות בע""מ",IL,גרישה סוגת 500גר,,500.00,,false,,6.90,0.0138,true,1,192524
7290100702260,false,סוגת קוסקוס דק 350 גרם,"אסיף תעשיות מזון בע""",IL,קוסקוס דק סוגת 350 ג,,350.00,,false,,6.90,0.0197,true,1,192546
7290100702284,false,קוסקוס מלא סוגת 350 גרם,"אסיף תעשיות מזון בע""",IL,קוסקוס מלא סוגת 350,,350.00,,false,,6.90,0.0197,true,1,192548
7290100702383,false,קמח תופח מס' 13 סוגת,שטיבל טחנות קמח,IL,קמח תופח סוגת 1 קג,,1000.00,,false,,7.90,0.0079,true,1,192553
7290100702611,false,פתיתים אפויים אורז סוגת 500 גרם,"אסיף תעשיות מזון בע""",IL,פתיתים אפויים אורז ס,,500.00,,false,,6.90,0.0138,true,1,192564
7290100702628,false,פתיתים אפויים קוסקוס סוגת 500 גרם,"אסיף תעשיות מזון בע""",IL,פתיתים אפויים קוסקוס,,500.00,,false,,6.90,0.0138,true,1,192565
7290100702635,false,פתיתים אפויים כוכבים סוגת 500 ג',"אסיף תעשיות מזון בע""",IL,פתיתים אפויים כוכבים,,500.00,,false,,6.90,0.0138,true,1,192566
7290100702642,false,פתיתים אפויים טבעת 500 ג' סוגת,"אסיף תעשיות מזון בע""",IL,פתיתים אפויים טבעות,,500.00,,false,,6.90,0.0138,true,1,192567
7290100702659,false,פתיתים אפויים מקמח מלא סוגת 400ג',"אסיף תעשיות מזון בע""",IL,פתיתים אפויים מקמח מ,,400.00,,false,,6.90,0.0173,true,1,192568
7290100702666,false,פתיתים אפויים עם בצל 400 ג' סוגת,"אסיף תעשיות מזון בע""",IL,פתיתים אפויים עם בצל,,400.00,,false,,6.90,0.0173,true,1,192569
7290100702673,false,פתיתים אפויים 3 צבעים 400 גר גרם סוגת,"אסיף תעשיות מזון בע""",IL,פתיתים אפויים 3 צבעי,,400.00,,false,,6.90,0.0173,true,1,192570
7290100702741,false,"סוכר חום בהיר בצנצנת 1 ק""ג סוגת",סוגת תעשיות בעמ,IL,סוכר חום קלאסי בקופס,,1000.00,,false,,13.90,0.0139,true,1,192576
7290100702987,false,שיבולת שועל פתיתים סוגת 500 גרם,סוגת תעשיות,,פתיתי שיבולת שועל סו,,500.00,,false,,6.90,0.0138,true,1,192587
7290100703007,false,"עדשים שחורות בלוגה 500 גרם ""סוגת""",האי נאם סי או אל.טי.,IL,עדשים שחורות בלוגה ס,,500.00,,false,,9.90,0.0198,true,1,192588
7290100703458,false,כוסמת לא קלוי 500 ג' סוגת,סוגת תעשיות בעמ,IL,כוסמת ללא קליה סוגת,,500.00,,false,,8.90,0.0178,true,1,192607
7290100703557,false,"קמח פוקצה 1 ק""ג ""סוגת""","שטיבל בע""מ",,קמח פוקצ'ה סוגת 1קג,,1000.00,,false,,7.90,0.0079,true,1,192609
7290100703632,false,קמח חיטה מלא ללא צורך בניפוי,"שטיבל בע""מ",IL,קמח חיטה מלא ללא צור,,1000.00,,false,,9.90,0.0099,true,1,226843
7290100703649,false,"קמח מלא 80% חיטה ללא ניפוי סוגת 1ק""ג","שטיבל בע""מ",IL,קמח חיטה 80% ללא צור,,1000.00,,false,,9.90,0.0099,true,1,226844
7290100703854,false,קוביות סוכר לבן דמררה 500 ג' סוגת,טרופיקל,,קוביות סוכר דמררה סו,,500.00,,false,,9.90,0.0198,true,1,226848
7290100703861,false,"קמח תערובת קסם לחלה 1 ק""ג ""סוגת""","שטיבל בע""מ",IL,קמח תערובת קסם לחלה,,1000.00,,false,,9.90,0.0099,true,1,226849
7290100703908,false,סוכר דמררה סוגת בשקי,סוגת תעשיות בעמ,IL,סוכר דמררה סוגת בשקי,,1000.00,,false,,8.90,0.0089,true,1,235034
7290100703915,false,פופקורן להכנה במיקרוגל בטעם חמאה - מארז 6 שקיות,סוגת,IL,פופקורן למיקרו מארז,,90.00,,false,,10.90,0.1211,true,1,226852
7290100703922,false,פופקורן להכנה במיקרוגל בטעם טבעי - מארז 6 שקיות,סוגת,IL,פופקורן למיקרו מארז,,90.00,,false,,10.90,0.1211,true,1,226853
7290100704066,false,עדשים סוגת צהובות 500 גרם,האי נאם סי או אל.טי.,IL,עדשים צהובות סוגת 50,,500.00,,false,,9.90,0.0198,true,1,226855
7290100704141,false,סודה לשתייה 100 ג' סוגת,א.ל. ייצור ושיווק תב,IL,סודה לשתיה סוגת 100ג,,100.00,,false,,2.90,0.0290,true,1,226859
7290100850909,false,דוריטוס נאצ'ו מקסיקני 70 גרם,שטראוס פריטו ליי (מל,IL,דוריטוס נאצו מקסיקני,,70.00,,false,,3.90,0.0557,true,1,184154
7290100850916,false,דוריטוס חמוץ חריף מעודן 70 גרם כשר לפסח,"שטראוס פריטו ליי בע""",IL,דוריטוס חמוץ חריף 70,,70.00,,false,,3.90,0.0557,true,1,184155
7290100850923,false,דוריטוס בטעם גריל 70 גרם,שטראוס פריטו ליי (מל,IL,דוריטוס גריל 70גר,,70.00,,false,,3.90,0.0557,true,1,184156
7290100850930,false,דוריטוס בטעם טבעי 70 גרם,שטראוס פריטו ליי (מל,IL,דוריטוס דיפ טבעי 70ג,,70.00,,false,,3.90,0.0557,true,1,184157
7290100858592,false,אבקת קקאו עלית שקית 150 ג',הנסיך- מפעל לייצור ט,IL,קקאו עלית 150גר,,150.00,,false,,10.90,0.0727,true,1,208997
7290100924457,false,כדוריות סבון נתלה לאסלה לימון רענן - 3 יח',הנקל סוד,HU,כדוריות סוד סבון לאס,,0.00,,false,,16.90,0.0000,true,1,210955
7290100924464,false,כדוריות סבון נתלה לאסלה עם אקונומיקה - 3 יח',הנקל סוד,HU,כדוריות סוד סבון לאס,,0.00,,false,,16.90,0.0000,true,1,210956
7290100925676,false,קולור קאצר 20 דפים לוכדי צבע למכונת כביס,הנקל סוד,IE,לוכד צבעים קולור קאצ,יחידה,0.00,יחידה,false,,19.90,0.0000,true,1,211005
7290100925751,false,"סוד נוזל כלים תפוח 650 מ""ל",סוד,IL,סוד נוזל לכלים תפוח,,650.00,,false,,6.90,0.0106,true,1,211006
7290100926147,false,אבקת כביסה פרסיל קולור שקית 2.5 קג,"הנקל סוד בע""מ",IL,פרסיל אבקת כביסה 2.5,קילוגרמים,2.50,"ק""ג",false,,24.90,9.9600,true,1,211029
7290100928516,false,סוד - ג'ל לכביסה ביד 1 ליטר,"הנקל סוד בע""מ",IL,סוד ג'ל לכביסה ביד 1,,1000.00,,false,,15.90,0.0159,true,1,211057
7290101110460,false,גלידה בליסימו וניל צרפתי 1.3 ל' פלדמן,"פלקו בע""מ",IL,בליסימו גלידה בטעם ו,,1300.00,,false,,19.90,0.0153,true,1,244542
7290101112228,false,"שמיניית גלידל פרי אננס ""פלדמן""",הגלידות של פלדמן,IL,גלידל פרי מאגדת בטעם,,8.00,,false,,23.90,2.9875,true,1,227352
7290101112600,false,גלידה בלסימו מילקשייק וניל מוקה 1.3 ל' פלדמן,"פלקו בע""מ",IL,בליסימו גלידה בטעם מ,,1300.00,,false,,19.90,0.0153,true,1,244548
7290101450900,false,נרות ג'מבו כוכבים ממ,Unknown,,נרות ג'מבו כוכבים ממ,יחידה,0.00,יחידה,false,,7.90,0.0000,true,1,186670
7290101451105,false,נרות מטה כוכבים ממות,,,נרות מטה כוכבים ממות,יחידה,0.00,יחידה,false,,5.90,0.0000,true,1,186673
7290101488286,false,"ליידי ספיד סטיק - דאודורנט ספריי לאישה 24/7 פרש פיוזן ורוד 150 מ""ל",ליידי ספיד סטיק Lady Speed Stick,RU,ליידי ספיד סטיק 24/7,,150.00,,false,,15.90,0.1060,true,1,186057
7290101488316,false,ליידי ספיד סטיק - דאודורנט סטיק לאישה ללא סימן ורוד סטיק 65 גרם,ליידי ספיד סטיק Lady Speed Stick,US,ליידי ספיד סטיק ללא,,65.00,,false,,21.90,0.3369,true,1,186060
7290101488323,false,ליידי ספיד סטיק - דאודורנט סטיק לאישה ללא סימן ירוק סטיק 65 גרם,ליידי ספיד סטיק Lady Speed Stick,US,ליידי ספיד סטיק ללא,,65.00,,false,,21.90,0.3369,true,1,186061
7290101551027,false,קפסולות קפה אספרסו חזק במיוחד 14 עלית 10 יח',הנסיך- מפעל לייצור ט,IL,קפסולות מס'14,,50.00,,false,,18.90,0.3780,true,1,228805
7290101551263,false,סילאן טבעי ללא תוספת סוכר,מכוורת יד מרדכי,IL,*מבצע* סילאן טבעי יד,,700.00,,false,,20.90,0.0299,true,1,228807
7290101551300,false,סילאן טבעי ללא תוספת סוכר בקבוק לחיץ,מכוורת יד מרדכי,IL,*מבצע* סילאן טבעי לח,,380.00,,false,,15.90,0.0418,true,1,228808
7290101551584,false,תפוצ'יפס קידס מארז 10 יח' * 20 ג',"שטראוס פריטו ליי בע""",IL,תפוציפס קידס מארז 10,,200.00,,false,,12.90,0.0645,true,1,226590
7290101551614,false,חטיף צ'יטוס קראנץ בטעם גבינה - מארז 8 יח',שטראוס פריטו ליי (מל,IL,ציטוס קראנץ גבינה מא,,240.00,,false,,12.90,0.0538,true,1,226592
7290101551638,false,חטיף צ'יטוס כאפה בטעם קטשופ - מארז 10 יח',"שטראוס פריטו ליי בע""",IL,ציטוס כאפה אפוי מארז,,200.00,,false,,12.90,0.0645,true,1,226594
7290101582373,false,ייו רוזה גרנאש המושבה,יקבי בינימינה,IL,יין גרנאש רוזה המושב,,750.00,,false,,29.90,0.0399,true,1,235488
7290101821151,false,דבק מגע,,,דבק מגע,יחידה,0.00,יחידה,false,,4.90,0.0000,true,1,221008
7290101863410,false,"סיליט באנג ספריי ניקוי עוצמתי מכיל אקונומיקה 750 מ""ל",סיליט באנג Cillit Bang,PL,סיליט באנג ספריי אקו,,750.00,,false,,13.90,0.0185,true,1,200230
7290101864127,false,"ספריי להסרת כתמים 750 מ""ל וניש קליה",קליה וניש Kalia Vanish,IL,קליה אוקסי ספריי 750,,750.00,,false,,24.90,0.0332,true,1,200243
7290101865261,false,"פיניש נוזל הברקה למדיח 800 מ""ל",רקיט בנקיזר,PL,פיניש נוזל הברקה למד,,800.00,,false,,21.90,0.0274,true,1,200269
7290101866633,false,וניש קליה גל להסרת כתמים 3 ליטר אוקסיפרש,קליה וניש Kalia Vanish,IL,קליה גל ורוד 3ליטר,,3000.00,,false,,29.90,0.0100,true,1,200297
7290101866787,false,וניש קליה נוזל מסיר כתמים לכביסה לבנה 3 ליטר,קליה וניש Kalia Vanish,IL,קליה גל לבן 3ליטר,,3000.00,,false,,29.90,0.0100,true,1,200304
7290101868958,false,פיניש נוזל הברקה למדיח בניחוח לימון,רקיט בנקיזר,PL,פיניש נוזל הברקה למד,,800.00,,false,,21.90,0.0274,true,1,200352
7290101869726,false,פיניש ג'ל למדיח כלים 1 ליטר ALL IN 1,רקיט בנקיזר,PL,פיניש ג'ל למדיח 1ליט,,1000.00,,false,,45.90,0.0459,true,1,200361
7290101869733,false,פיניש ג'ל למדיח כלים בניחוח לימון 1 ליטר ALL IN 1,רקיט בנקיזר,PL,פיניש ג'ל למדיח לימו,,1000.00,,false,,45.90,0.0459,true,1,200362
7290101869788,false,"אירוויק ספריי אוטומטי מילוי בניחוח אואזיס 250 מ""ל*",איירוויק Air Wick,HU,איירוויק מילוי מבשם,,250.00,,false,,19.90,0.0796,true,1,200367
7290102030330,false,תפוצ'יפס קראנצ' בטעם מקסיקני 200 גרם,"שטראוס פריטו ליי בע""",IL,תפוציפס קראנץ מקסיקנ,,200.00,,false,,11.70,0.0585,true,1,184181
7290102031276,false,מארז 8 יחידות אקטימל משקה יוגורט בטעם תות בננה,מיוצר עי קונדיטוריית,IL,אקטימל תות בננה 8*10,,800.00,,false,,21.90,0.0274,true,1,196441
7290102032334,false,אבקה להכנת משקה קפה בטעם וניל,STRAUSS-ISRAEL,IL,קפה נמס עלית בטעם ונ,,200.00,,false,,29.90,0.1495,true,1,209046
7290102390427,false,יוגורט ביו עם קציפת תות 3% שומן 150 ג' מולר,מולר Muller,IL,מולר פרופ תות 3% 150,,150.00,,false,,5.50,0.0367,true,1,184788
7290102390465,false,יוגורט ביו עם קציפת אפרסק ופסיפלורה 3% שומן 150 ג' מולר,מולר Muller,IL,מולר פרופ אפרסק פסיפ,,150.00,,false,,5.50,0.0367,true,1,184791
7290102390489,false,יוגורט ביו עם קציפת לימון 3% שומן 150 ג' מולר,מולר Muller,IL,מולר פרופ לימון 3% 1,,150.00,,false,,5.50,0.0367,true,1,184793
7290102391844,false,יוגורט ביו עם קציפת פירות יער3% שומן 150 ג' מולר,מולר Muller,IL,מולר פרופ לבן+קציפת,,150.00,,false,,5.50,0.0367,true,1,184855
7290102392049,false,גבינה לאפיה תבור ללא תוספת מלח 5% משק צוריאל 500 גרם,מחלבת משק צוריאל,IL,גבינה תבור לאפייה 5%,,500.00,,false,,28.90,0.0578,true,1,184864
7290102392094,false,חלב עיזים מלא 3.7% משק צוריאל 1 ליטר,מילקו תעשיות בעמ,IL,חלב עיזים צוריאל 1ל,,1000.00,,false,,18.50,0.0185,true,1,184868
7290102393039,false,"יוגורט ביו קרמי מיקס פצפוצי שוקולד 7.6% מולר 170 מ""ל",קריות זול,IL,מולר מיקס בתוספת פצפ,,150.00,,false,,6.50,0.0433,true,1,184929
7290102393060,false,"יוגורט ביו קרמי מיקס גלילי ופל ואגוזים 5.9% מולר 170 מ""ל",קריות זול,IL,מולר מיקס גליליות 15,,150.00,,false,,6.50,0.0433,true,1,184930
7290102393169,false,"יוגורט סימפלי פרוט בטעם תות 3% מולר 150 מ""ל",מולר Muller,IL,מולר סימפלי פרוט תות,,150.00,,false,,5.50,0.0367,true,1,184939
7290102393176,false,סימפלי פרוט יוגורט אפרסק 3% שומן 150 ג' מולר,מילקו תעשיות בעמ,IL,מולר סימפלי פרוט אפר,,150.00,,false,,5.50,0.0367,true,1,184940
7290102393190,false,"יוגורט סימפלי פרוט בטעם פירות יער 3% מולר 150 מ""ל",מילקו תעשיות בעמ,IL,מולר סימפלי פרוט פיר,,150.00,,false,,5.50,0.0367,true,1,184942
7290102393268,false,"גבינה לבנה 5% שומן, רכיבים טבעיים 750 גרם",טרה,IL,גבינה לבנה 5% 750גר,,750.00,,false,,14.94,0.0199,true,1,184946
7290102393299,false,יוגורט עיזים לשתייה 3% שומן 500 ג' צוריאל,מיוצר עי קוד יצרן HG,IL,יוגורט עיזים לשתייה,,500.00,,false,,14.90,0.0298,true,1,184947
7290102393947,false,סימפלי פרוט יוגורט בטעם קיווי 3% שומן 150 ג' מולר,מילקו תעשיות בעמ,IL,מולר סימפלי פרוט קיו,,150.00,,false,,5.50,0.0367,true,1,184973
7290102394081,false,"יוגורט ביו קרמי מיקס קורנפלקס מצופה שוקולד מולר 170 מ""ל",מילקו תעשייה בעמ,IL,מולר מיקס קורנפקלס מ,יחידה,0.00,יחידה,false,,6.50,0.0000,true,1,184985
7290102394463,false,נעם גבינה צהובה פרוסה ואקום 28% טרה 500 גרם,Unknown,IL,גבינה צהובה נעם ואקו,,500.00,,false,,30.90,0.0618,true,1,185007
7290102394821,false,נעם גבינה צהובה פרוסה 28% טרה 200 גרם,מילקו תעשיות בעמ,IL,גבינה צהובה נעם 28%,,200.00,,false,,17.90,0.0895,true,1,185016
7290102394845,false,נעם גבינה צהובה לייט פרוסה דק דק 9% טרה 200 גרם,מילקו תעשיות בעמ,IL,גבינה צהובה נעם דק ד,,200.00,,false,,18.90,0.0945,true,1,185017
7290102395101,false,ממרח גבינה ושוקולד שוקי 200 גר,מילקו תעשיות בעמ,IL,ממרח על בסיס גבינה ש,,200.00,,false,,12.90,0.0645,true,1,185031
7290102395217,false,מאגדת שמיניה מולר במתיקות מעודנת 1.2% 8*150 ג',מולר Muller,IL,מולר ביאנקו במתיקות,יחידה,0.00,יחידה,false,,21.90,0.0000,true,1,185039
7290102395224,false,מארז 8 גביעים יוגורט ביו בטעם טבעי 1.7%,מולר Muller,IL,מולר נטורל 1.7% מארז,,1200.00,,false,,19.70,0.0164,true,1,185040
7290102395231,false,מולר נטורל 2.8% ביאנקו מאגדת 8 יח' * 150 ג',מולר Muller,IL,מולר נטורל 2.8% מארז,,1200.00,,false,,19.70,0.0164,true,1,185041
7290102395262,false,מארז 8 גביעים יוגורט בטעם תות שדה ואפרסק 3% Simply Fruit,מולר Muller,IL,מולר סימפלי פרוט מאג,יחידה,0.00,יחידה,false,,31.90,0.0000,true,1,185044
7290102395439,false,מארז 8 גביעים יוגורט בטעם פירות יער וקיווי 3% Simply Fruit,מילקו תעשיות בעמ,IL,מולר סימפלי פרוט מאג,,1200.00,,false,,31.90,0.0266,true,1,185050
7290102395446,false,מעדן חלב בטעם וניל עם קצפת 123 ג' טרה,Unknown,IL,מוו וניל קצפת 123גר,,123.00,,false,,3.30,0.0268,true,1,185051
7290102395477,false,מעדן חלב בטעם שוקולד עם קצפת 123 ג' טרה,Unknown,IL,מוו שוקולד קצפת 123ג,,123.00,,false,,3.30,0.0268,true,1,185054
7290102395521,false,"שמנת לבישול 15% שומן 500 מ""ל טרה",מילקו תעשיות בעמ,IL,שמנת לבישול 15% 500מ,,500.00,,false,,18.70,0.0374,true,1,185058
7290102396399,false,מארז 8 יחידות מעדן חלב בטעם שוקולד 1.5%,Unknown,IL,מוו מעדן שוקולד מארז,,800.00,,false,,14.90,0.0186,true,1,185108
7290102396405,false,מארז 8 יחידות מעדן חלב בטעם וניל 1.5%,Unknown,IL,מוו מעדן וניל מארז 8,,800.00,,false,,14.90,0.0186,true,1,185109
7290102396597,false,מעדן חלב מוו עם מוס שוקולד וניל,טרה,IL,מוו וניל ומוס שוקולד,,118.00,,false,,3.30,0.0280,true,1,185122
7290102396665,false,נעם גבינה צהובה דק דק 15% טרה 200 גרם,מילקו תעשיות בעמ,IL,גבינה צהובה נעם 15%,,200.00,,false,,17.90,0.0895,true,1,185127
7290102396672,false,נעם גבינה צהובה דק דק 9% טרה 360 גרם,טרה,IL,גבינה צהובה גבינת נע,,360.00,,false,,29.90,0.0831,true,1,185128
7290102396719,false,יוגורט ביו עם תות שדה 0% Simply Fruit,מולר Muller,IL,מולר סימפלי פרוט תות,,150.00,,false,,5.50,0.0367,true,1,185131
7290102397075,false,יוגורט בקרטון 4% שומן 1.5ל' טרה,טרה,IL,יוגורט טבעי טרה 4% ב,,1500.00,,false,,15.90,0.0106,true,1,185152
7290102397204,false,נעם גבינה צהובה דק דק 22% טרה 200 גרם,מילקו תעשיות בעמ,IL,גבינה צהובה נעם 22%ד,,200.00,,false,,17.90,0.0895,true,1,185163
7290102397334,false,גבינה בולגרית 5% צוריאל גליל 250ג',מחלבת משק צוריאל,IL,בולגרית 5% 250 גר צו,,250.00,,false,,24.90,0.0996,true,1,185171
7290102397464,false,יוגורט ביו בתוספת גרעינים אגוזים וחמוציות 170 ג' מולר,מולר Muller,IL,מולר מיקס גרעינים פק,יחידה,0.00,יחידה,false,,6.50,0.0000,true,1,220594
7290102397600,false,מיקס יוגורט בתוספת שקדים ובוטנים מקורמלים 170 ג' מולר,מילקו תעשייה בעמ,IL,מולר מיקס+ שקדים ובו,,170.00,,false,,6.50,0.0382,true,1,185187
7290102397617,false,יוגורט ביו קרמי עם כדורים מצופים שוקולד חום לבן,מולר Muller,IL,מולר מיקס קליק 150גר,,150.00,,false,,6.50,0.0433,true,1,185188
7290102397679,false,קוטג' וחצי טרה 5% מרכיבים טבעיים,מילקו,IL,קוטג 5% 375גר טרה,,375.00,,false,,8.70,0.0232,true,1,185190
7290102397730,false,פרוסות גבינה אמנטל חצי קשה 30% שומן 200 ג' נעם,Unknown,IL,גבינה אמנטל נעם 200ג,,200.00,,false,,18.90,0.0945,true,1,221724
7290102397747,false,פרוסות גבינת מוצרלה נעם מחלב בקר 22%,טרה,IL,גבינת מוצרלה פרוס 20,,200.00,,false,,20.90,0.1045,true,1,226603
7290102397891,false,גבינת מותכת 18% צוריאל 100ג',משק צוריאל,IL,גבינה מותכת צוריאל 1,,100.00,,false,,8.50,0.0850,true,1,220598
7290102398065,false,חלב טרה בקרטון 2 ליטר מהדרין 3% - מוצר בפיקוח,Unknown,IL,חלב בקרטון טרה 3% 2,,2000.00,,false,,12.46,0.0062,true,1,226605
7290102398331,false,חלב דל לקטוז 2% מועשר בויטמין D,טרה,IL,חלב מועשר דל לקטוז 1,,1000.00,,false,,8.50,0.0085,true,1,226611
7290102398560,false,שוקו מעושר בבקבוק 1ל' טרה,מילקו תעשיות בעמ,IL,שוקו טרה מועשר 1 ליט,,1000.00,,false,,13.20,0.0132,true,1,226616
7290102398577,false,משקה חלב בטעם שוקו 2% בבקבוק אישי,מילקו תעשיות בעמ,IL,שוקו טרה מועשר 250 מ,,250.00,,false,,5.80,0.0232,true,1,226617
7290102398614,false,משקה חלב בטעם בננה 1 ליטר טרה,מילקו תעשיות בעמ,IL,משקה חלב בטעם בננה 1,,1000.00,,false,,13.20,0.0132,true,1,226618
7290102398669,false,משקה חלב עם קפה אייס קפוצ'ינו 1.5%,מילקו תעשיות בעמ,IL,אייס קפוצ'ינו 1 ליטר,,1000.00,,false,,13.20,0.0132,true,1,226621
7290102398782,false,משקה סויה קלאסי משק צוריאל 1 ליטר,מחלבת משק צוריאל,IT,משקה סויה קלאסי 1 לי,,1000.00,,false,,11.90,0.0119,true,1,226622
7290102398805,false,משקה סויה בטעם וניל משק צוריאל 1 ליטר,מחלבת משק צוריאל,IT,משקה סויה בטעם וניל,,1000.00,,false,,11.90,0.0119,true,1,226624
7290102398836,false,משקה שקדים קלאסי משק צוריאל 1 ליטר,מחלבת משק צוריאל,IT,משקה שקדים קלאסי 1 ל,,1000.00,,false,,12.90,0.0129,true,1,226626
7290102399635,false,"מולר פרופ יוגורט ביו עם קציפת קוקוס ואננס 150 מ""ל",מולר Muller,IL,מולר פרופ טרופיקל 4.,,150.00,,false,,5.50,0.0367,true,1,226632
7290102399802,false,יוגורט עם תות מולר אקטיב מועשר בחלבון 200 גר',מולר Muller,IL,מולר אקטיב יוגורט 20,,200.00,,false,,6.80,0.0340,true,1,226637
7290102399819,false,יוגורט עם פירות יער מולר אקטיב מועשר בחלבון 200 גר',מולר Muller,IL,מולר אקטיב יוגורט 20,,200.00,,false,,6.80,0.0340,true,1,226638
7290102586479,false,מפצל 3 מטר,,,מפצל 3 T,יחידה,0.00,יחידה,false,,9.90,0.0000,true,1,239158
7290102601547,false,כפיות פרמיום שקוף/קרם/לבן/זהב א'ר 50 דנטס,,TR,כפיות פרמיום שקוף/קר,יחידה,0.00,יחידה,false,,9.90,0.0000,true,1,197834
7290102611904,false,"כפות אמריקאי איכותי ח""פ 100 יח'",,IL,כפות אמריקאי שמאי 10,יחידה,0.00,יחידה,false,,9.90,0.0000,true,1,229045
7290103120658,false,דאודורנט סטיק ג'ל לגבר Cool Night 24/7,הנסיך- מפעל לייצור ט,US,ספיד סטיק ג'ל שחור 8,,85.00,,false,,21.90,0.2576,true,1,186096
7290103400194,false,"כרוב לבן 400 גר בד""צ ירקות שטראוס","טרופיקל דגיל בע""מ אז",IL,כרוב לבן שטראוס 400ג,,400.00,,false,,9.50,0.0238,true,1,196564
7290103400231,false,"גזר 400 גר בד""צ ירקות שטראוס",תות תעשיות מזון (201,IL,גזר גוליאן בדצ שטראו,,400.00,,false,,9.50,0.0238,true,1,196566
7290103400255,false,"סלט קולסלאו 400 גרם בד""צ ירקות שטראוס","טרופיקל דגיל בע""מ אז",IL,סלט קולסלאו שטראוס 4,,400.00,,false,,8.90,0.0223,true,1,196568
7290103401429,false,קפה קצב ברזילאי אוריגינס 200 גר,הנסיך- מפעל לייצור ט,IL,קפה מגורען קצב ברזיל,,200.00,,false,,29.90,0.1495,true,1,209134
7290103404758,false,סלט כרוב אדום אחלה 120 גרם,מיוצר עי קונדיטוריית,IL,סלט כרוב אדום אחלה 1,,200.00,,false,,5.60,0.0280,true,1,196623
7290103408206,false,עלי חסה ערבית שטופים שטראוס 250 גרם,שטראוס בריאות ירקות,IL,עלי חסה ערבית שטופים,,250.00,,false,,11.90,0.0476,true,1,196659
7290103681197,false,"יין הר שיראז מיתוג תנשמת 750 מ""ל",מיוצר על ידי יקב תבו,IL,יין תבור שיראז 750מל,,750.00,,false,,39.90,0.0532,true,1,226645
7290103681227,false,"יין הר גוורצטרמינר מיתוג תנשמת 750 מ""ל",מיוצר על ידי יקב תבו,IL,יין תבור גוורצטרמינר,,750.00,,false,,39.90,0.0532,true,1,226647
7290103700072,false,טאצ מטליות זיג זג לריצפה שלישייה,,,טאצ' מטליות זיג זג ל,יחידה,0.00,יחידה,false,,8.90,0.0000,true,1,202533
7290103700225,false,רדיד אלומניום רוחב 45 עובי 14 מיקרון,שניב תעשיות,,שאפו רדיד אלומיניום,יחידה,0.00,יחידה,false,,13.90,0.0000,true,1,202537
7290103700324,false,שאפו זוג שקיות אוכל מתכלות בקרטון 300יח',,,טאצ זוג שקיות אוכל ב,יחידה,0.00,יחידה,false,,10.90,0.0000,true,1,202539
7290103700331,false,טאצ שקיות אוכל רב תכליתיות 250 יחידות,,,שאפו שקית אוכל רב תכ,יחידה,0.00,יחידה,false,,11.90,0.0000,true,1,202540
7290103700386,false,טאצ כריות יפניות מארז שישיה,"שניב תעשיות נייר בע""",IL,טאצ' כריות קרצוף 6יח,יחידה,0.00,יחידה,false,,9.90,0.0000,true,1,202543
7290103700652,false,טאצ' ספוג הפלא מארז שישייה,"שניב תעשיות נייר בע""",,טאצ' ספוג הפלא 6יח,יחידה,0.00,יחידה,false,,9.90,0.0000,true,1,202546
7290103701017,false,נייר אפיה נשלף טאצ 50 יחידות כשלפ,"שניב תעשיות נייר בע""",IL,טאצ' נייר אפייה 50 י,יחידה,0.00,יחידה,false,,9.90,0.0000,true,1,202551
7290103701055,false,כוס קרטון טאץ' ב8 או,"שניב תעשיות נייר בע""",,כוס קרטון טאץ' ב8 או,יחידה,0.00,יחידה,false,,9.90,0.0000,true,1,238438
7290103701093,false,"זוג מטליות מיקרו פייבר לריצפה ""פאצ'""","שניב תעשיות נייר בע""",,טאצ מטליות מיקרופייב,,7.00,,false,,10.90,1.5571,true,1,202552
7290103701130,false,"מארז מטליות מייקרופייבר לניקוי כללי ""טאצ'""",,,טאצ מטליות מיקרופייב,,7.00,,false,,10.90,1.5571,true,1,202553
7290103702229,false,טאצ מפות שולחן שמינייה עבות במיוחד,"שניב תעשיות נייר בע""",,טאצ מפות עבות במיוחד,,8.00,,false,,7.90,0.9875,true,1,202558
7290103702236,false,טאצ מפות שולחן שישייה עבות במיוחד,"שניב תעשיות נייר בע""",,טאצ מפות עבות במיוחד,,6.00,,false,,7.90,1.3167,true,1,202559
7290103702298,false,טאצ' אשפתון עבה בגליל 77*90 50 יח',"שניב תעשיות נייר בע""",,טאצ אשפתון עבה 50יח',,50.00,,false,,15.90,0.3180,true,1,202560
7290103702304,false,טאצ אשפתון עבה במיוחד 35 יחידות,"שניב תעשיות נייר בע""",,טאצ אשפתון בגליל 35,,35.00,,false,,15.90,0.4543,true,1,202561
7290103702328,false,טאצ אשפתון עבה וחזק במיוחד 25 יחידות,"שניב תעשיות נייר בע""",,טאצ אשפתון בגליל 25,,25.00,,false,,15.90,0.6360,true,1,202563
7290103702649,false,מארז חמישייה מגבוני טישו דו שכבתי,שניב,IL,ממחטות חמישיה עדן,יחידה,0.00,יחידה,false,,11.90,0.0000,true,1,238440
7290103702724,false,"טאצ' שקיות אשפה 52*65 ס""מ עם שרוך 60 יח'",,,טאצ שקיות אשפה 52*65,,60.00,,false,,17.90,0.2983,true,1,202568
7290103703080,false,טאצ' מארז זוג שקיות אשפה שרוך 78/90,,,טאצ זוג שקיות אשפה ע,יחידה,0.00,יחידה,false,,17.90,0.0000,true,1,202572
7290103703370,false,טאצ מגבוני טואלט לחים מארז שלישייה,,,טאצ מגבוני טואלט לחי,יחידה,0.00,יחידה,false,,15.90,0.0000,true,1,228701
7290103703684,false,נייר טאולט לובלי 30,Unknown,,לאבלי נייר טואלט 30,יחידה,0.00,יחידה,false,,29.90,0.0000,true,1,235784
7290103703905,false,ממחטות נייר טישו טוט,Unknown,,ממחטות נייר טישו טוט,יחידה,0.00,יחידה,false,,11.90,0.0000,true,1,238443
7290103704155,false,נייר מגבת טאצ' 6 גלילים מהדורת 2021,"שניב תעשיות נייר בע""",IL,מגבות טאצ 6 מהדורת 2,יחידה,0.00,יחידה,false,,11.90,0.0000,true,1,250801
7290104061417,false,סלט חומוס עם טחינה אחלה 400 גרם,"שטראוס גרופ בע""מ",IL,חומוס טחינה אחלה קלא,,400.00,,false,,11.50,0.0288,true,1,196690
7290104061424,false,סלט חומוס עם זעתר אחלה 400 גרם,מיוצר עי קונדיטוריית,IL,חומוס זעתר אחלה קלאס,,400.00,,false,,11.50,0.0288,true,1,196691
7290104061431,false,סלט חומוס עם צנובר אחלה 400 גרם,"שטראוס גרופ בע""מ",IL,חומוס צנובר אחלה קלא,,400.00,,false,,11.50,0.0288,true,1,196692
7290104061448,false,סלט חומוס עם חריף אחלה 400 גרם,מיוצר עי קונדיטוריית,IL,חומוס חריף אחלה קלאס,,400.00,,false,,11.50,0.0288,true,1,196693
7290104062599,false,מארז 8 יחידות מעדן גמדים בטעמי תות ובננה,שטראוס דנונה,IL,גמדים תות בננה 8*100,,800.00,,false,,19.50,0.0244,true,1,196702
7290104065187,false,אבקה להכנת משקה קפה בטעם מוקה,STRAUSS-ISRAEL,IL,קפה נמס בטעם מוקה על,,200.00,,false,,21.90,0.1095,true,1,209270
7290104065934,false,עלי רוקט שטראוס 150 גרם,שטראוס בריאות ירקות,IL,שטראוס עלי רוקט 150ג,,150.00,,false,,11.90,0.0793,true,1,196730
7290104066566,false,טחינה משומשום מלא 500 ג' אחלה,מיוצר עי קונדיטוריית,IL,טחינה משומשום מלא אח,,400.00,,false,,15.90,0.0398,true,1,196738
7290104068539,false,מאסט פליפטופ מלון ואבטיח ללא גרעינים,"שטראוס גרופ בע""מ",IL,מסטיק מאסט מלון ואבט,,28.00,,false,,4.90,0.1750,true,1,209319
7290104068546,false,גומי מאסט בטעם לימון קולה ללא סוכר 28 ג' עלית,"שטראוס גרופ בע""מ",IL,מסטיק מאסט קולה 28גר,,28.00,,false,,4.90,0.1750,true,1,209320
7290104501661,false,אינסטנט פודינג בטעם וניל צרפתי אסם 80 גרם,מיוצר עי קונדיטוריית,IL,פודינג וניל צרפתי אס,,80.00,,false,,5.90,0.0738,true,1,177752
7290104570162,false,תמרים ללא חרצנים תמר כבוש 500 גרם,תמר העמקים בית שאן,IL,תמר כבוש 500 גר,,500.00,,false,,14.90,0.0298,true,1,198727
7290104720499,false,מארז 8 יחידות מעדן דני בטעם וניל 1.5%,מיוצר עי קונדיטוריית,IL,דני וניל מארז 8*125ג,,1000.00,,false,,16.90,0.0169,true,1,196766
7290104721533,false,רצועות פלפלים קלויים אחלה 400 ג',מיוצר עי קונדיטוריית,IL,פלפלים קלויים אחלה ט,,400.00,,false,,15.90,0.0398,true,1,196779
7290104721762,false,מארז קפה טורקי עלית 3*85 גר,שטראוס גרופ,IL,קפה טורקי עלית מארז,,255.00,,false,,18.90,0.0741,true,1,209349
7290104721953,false,לקט מסולסלים ירקות שטראוס 350 גרם,תות תעשיות מזון (201,IL,לקט מסולסלים ירקות ש,,350.00,,false,,13.90,0.0397,true,1,196785
7290104722530,false,תפוצ'יפס בטעם שמנת בצל עלית 200 גרם,"שטראוס פריטו ליי בע""",IL,תפוציפס שמנת בצל 200,,200.00,,false,,11.70,0.0585,true,1,184262
7290104726262,false,מארז 4 יחידות דני לשתייה בטעם שוקולד + קשים,מיוצר עי קונדיטוריית,IL,דני תות לשתיה מארז ר,יחידה,500.00,יחידה,false,,11.70,0.0234,true,1,196836
7290104726712,false,מארז 8 יחידות מעדן מילקי בטעם שוקולד עם קצפת,"שטראוס גרופ בע""מ",IL,מילקי שמינייה מארז 8,,1064.00,,false,,21.50,0.0202,true,1,196845
7290104728310,false,"שמנת מתוקה עמידה 38% שומן ""יטבתה"" -מוצר בפיקוח",שטראוס גרופ,IL,שמנת להקצפה 38% יטבת,,250.00,,false,,6.47,0.0259,true,1,196859
7290104729010,false,"לבן בטעם תות יטבתה 100 מ""ל מהדרין",שטראוס גרופ,IL,לבן בטעם תות 3% 100מ,,100.00,,false,,1.60,0.0160,true,1,196875
7290104960239,false,"תחליב רחצה נקה 7 ארומה לבן 750 מ""ל","אמיליה קוסמטיקס בע""מ",IL,נקה 7 תחליב רחצה ארו,,750.00,,false,,12.90,0.0172,true,1,181212
7290104960253,false,"תחליב רחצה נקה 7 לבנדר סגול 750מ""ל","אמיליה קוסמטיקס בע""מ",IL,נקה 7 תחליב רחצה ארו,,750.00,,false,,12.90,0.0172,true,1,181214
7290104960338,false,"נקה 7 תחליב רחצה ארומה אלוורה ותה ירוק 750מ""ל","אמיליה קוסמטיקס בע""מ",IL,נקה 7 תחליב רחצה ארו,,750.00,,false,,12.90,0.0172,true,1,181215
7290104960352,false,"נקה 7 תחליב רחצה ארומה שקד וניל 750מ""ל","אמיליה קוסמטיקס בע""מ",IL,נקה 7 תחליב רחצה ארו,,750.00,,false,,12.90,0.0172,true,1,181217
7290104961526,false,דאודורנט ספריי גוף טיטניום קלאסיק Titanium Classic,"אמיליה קוסמטיקס בע""מ",IL,טיטניום דאודורנט ספר,,150.00,,false,,12.90,0.0860,true,1,181226
7290104962073,false,דאודורנט ספריי גוף טיטניום גולד Titanium Gold,"אמיליה קוסמטיקס בע""מ",IL,טיטניום ספריי גולד 1,,180.00,,false,,18.90,0.1050,true,1,181237
7290104963667,false,אלסבון ושמפו אל דמע 2 ב1 סופטקר 1 ליטר,קוסמופארם בע''מ,IL,סופטקר אל סבון ושמפו,,1000.00,,false,,15.90,0.0159,true,1,181255
7290105360250,false,קפסולות 09 עשיר וארומטי למכונת נספרסו עלית 10יח',הנסיך- מפעל לייצור ט,IL,קפסולות מס9 עשיר ואר,יחידה,0.00,יחידה,false,,18.90,0.0000,true,1,209433
7290105360328,false,קפסולות אספרסו חזק למכונות נספרסו 10 יח',הנסיך- מפעל לייצור ט,IL,קפסולות מס'10 חזק וע,יחידה,0.00,יחידה,false,,18.90,0.0000,true,1,209434
7290105360762,false,"שמן זית 1 עדין 750 מ""ל יד מרדכי",מכוורת יד מרדכי שטרא,IL,שמן זית כתית מעולה 1,,750.00,,false,,36.90,0.0492,true,1,209444
7290105362339,false,"שמנת לבישול 15% 250 מ""ל יטבתה מהדרין",שטראוס גרופ,IL,שמנת לבישול 15% יטבת,,250.00,,false,,8.70,0.0348,true,1,196910
7290105363602,false,מקלות כיף כף קלאסי עלית 40 גרם,"איי, בי, אינבוו",TR,כיף כף מקלות קלאסי 4,,40.00,,false,,5.90,0.1475,true,1,209469
7290105364289,false,מקלות כיף כף פצפוצים עלית 40 גרם,"איי, בי, אינבוו",TR,כיף כף מקלות פצפוצים,,40.00,,false,,5.90,0.1475,true,1,209472
7290105364302,false,"עלית חטיף שוקולד כיף כף מקלות אגוזים, 40 גרם","איי, בי, אינבוו",TR,כיף כף מקלות אגוזים,,40.00,,false,,5.90,0.1475,true,1,209473
7290105366023,false,סלט חצילים בטעם כבד אחלה 400 גרם,מיוצר עי קונדיטוריית,IL,חציל טעם כבד אחלה טע,,400.00,,false,,15.90,0.0398,true,1,196952
7290105366047,false,טחינה אחלה לבנה 400 גר',מיוצר עי קונדיטוריית,IL,טחינה לבנה אחלה טעמי,,400.00,,false,,15.90,0.0398,true,1,196954
7290105366993,false,סימפוניה גבינת שמנת פלפל שיפקה 5% שטראוס 200 גרם,"שטראוס בריאות בע""מ",IL,גבינת סימפוניה פלפל,,200.00,,false,,11.80,0.0590,true,1,196963
7290105368225,false,חומוס עם פלפל שיפקה אחלה 400 ג',מיוצר עי קונדיטוריית,IL,חומוס עם פלפל שיפקה,,400.00,,false,,11.50,0.0288,true,1,196995
7290105368331,false,מעדן מילקי בטעם תות עם קצפת,מחלבת אחיהוד,IL,"מילקי תות 170מ""ל",,170.00,,false,,2.90,0.0171,true,1,196997
7290105368904,false,"שמנת מתוקה להקצפה 32% שומן 250 מ""ל יוטבתה",שטראוס גרופ,IL,שמנת מתוקה להקצפה 32,,500.00,,false,,7.90,0.0158,true,1,197014
7290105369130,false,סימפוניה גבינת שמנת בצל ירוק 5% שטראוס 200 גרם,"שטראוס בריאות בע""מ",IL,גבינת סימפוניה בצל י,,200.00,,false,,11.80,0.0590,true,1,197026
7290105430458,false,"פלמוליב - תחליב רחצה נטורלס שקדים 750 מ""ל",הנסיך- מפעל לייצור ט,TR,פלמוליב תחליב רחצה ש,,750.00,,false,,21.90,0.0292,true,1,226653
7290105430489,false,ליידי ספיד סטיק 24/7 רול און סטיין גארד,הנסיך- מפעל לייצור ט,IT,ליידי ספיד סטיק רולא,,50.00,,false,,15.90,0.3180,true,1,186158
7290105431868,false,"פלמוליב ספא קוקוס גרגרים נוזלי 500 מ""ל",הנסיך- מפעל לייצור ט,TR,פלמוליב תחליב רחצה ס,,500.00,,false,,17.50,0.0350,true,1,186167
7290105439499,false,מאסטר שף מאסטר שף מיונז 480 גר כשלפ,רמיה סי.וי. הולנד,NL,מיונז מאסטר שף 480 ג,,480.00,,false,,11.90,0.0248,true,1,186190
7290105500151,false,וודקה פינלנדיה בקבוק,"אלטיה קורפ, הלסינקי,",FI,וודקה פינלנדיה 700 מ,,700.00,,false,,69.90,0.0999,true,1,171378
7290105500236,false,וויסקי ג'ק דניאלס מס' 7 Brand No,ג'ק דניאלס Jack Daniel's,US,וויסקי ג'ק דניאלס 70,,700.00,,false,,119.90,0.1713,true,1,171379
7290105691712,false,אסם עוגיות הפסקת קפה דגנים מלאים 230 גרם,היינץ צפון אמריקה מק,IL,עוגיות הפסקת קפה דגנ,,230.00,,false,,12.90,0.0561,true,1,177873
7290105691897,false,קוסקוס פלוס עם קמח חיטה מלא,"מיוצר ע""י קוד יצרן K",IL,קוסקוס חיטה מלאה אסם,,350.00,,false,,9.90,0.0283,true,1,177879
7290105691934,false,קמח שמרים אסם 1 קילו,תאי פרזידנט פוד פאבל,IL,קמח שמרים אסם 1קג,,1000.00,,false,,11.90,0.0119,true,1,177881
7290105693341,false,מארז עשיריית במבה אסם 25*10 גרם,"אסם תעשיות בע""מ",IL,*מבצע* במבה מארז אסם,,250.00,,false,,16.00,0.0640,true,1,177904
7290105693457,false,עוגת הבית דמקה שוקו וניל אסם 320 גרם,מיוצר עי קונדיטוריית,IL,עוגת הבית דמקה שוקו,,320.00,,false,,14.90,0.0466,true,1,177906
7290105693952,false,פירורית זהב אסם זהב שומשום 200 ג',מיוצר עי קונדיטוריית,IL,פירורית זהב שומשום א,,200.00,,false,,6.70,0.0335,true,1,177916
7290105962331,false,סחוג אדום תימני חריף מאוד זהבי 220 גרם,אף.סי תבליני בגליל ב,IL,סחוג חריף אדום מאוד,,220.00,,false,,14.90,0.0677,true,1,197044
7290105965738,false,יוגורט לשתיה בטעם תות בננה267 ג' דנונה,מיוצר עי קונדיטוריית,IL,דנונה לשתיה תות בננה,,250.00,,false,,5.30,0.0212,true,1,197073
7290105966469,false,"חומץ בלסמי יד מרדכי 250 מ""ל",אצטייה ג'וזפה קרמוני,IT,חומץ בלסמי יד מרדכי,,2500.00,,false,,17.90,0.0072,true,1,209585
7290105968098,false,"סלט קולסלאו 500 גרם ""אחלה""",שטראוס גרופ סלטים,IL,קולסלאו אחלה 500גר,,500.00,,false,,15.90,0.0318,true,1,197098
7290105968654,false,רביולי בטטה פרווה פסטה נונה 400 ג',מיוצר עי קונדיטוריית,IL,רביולי בטטה שטראוס 4,,400.00,,false,,21.90,0.0547,true,1,197099
7290105968777,false,פריכיות 5 דגנים עם תחתית שוקולד מריר 70 גרם,"טחנת האבן תעשיות בע""",IL,פריכיות תחתית שוקולד,,80.00,,false,,8.90,0.1113,true,1,209603
7290106520066,false,רבע לשבע במילוי קרם אגוזים ובציפוי שוקולד חלב,הגביע מוצרי וופלים ב,IL,רבע לשבע גלילי וופל,,160.00,,false,,12.90,0.0806,true,1,209606
7290106520288,false,יוגורט פרו חלבון עם תות 2.4% שומן 150 ג' דנונה,"שטראוס בריאות בע""מ",IL,דנונה WOW תות 150 ג,,150.00,,false,,4.90,0.0327,true,1,197101
7290106520905,false,סלט טורקי טעמי השוק,שטראוס גרופ,IL,סלט טורקי אחלה טעמי,,400.00,,false,,15.90,0.0398,true,1,197117
7290106520912,false,"שמנת לבישול 9% 250 מ""ל יטבתה",שטראוס גרופ,IL,שמנת לבישול 9% יטבתה,,250.00,,false,,8.70,0.0348,true,1,197118
7290106524439,false,"תפוצ'יפס פופס 60 גרם ""עלית""","שטראוס פריטו ליי בע""",IL,תפוציפס פופס 60גר,,60.00,,false,,4.20,0.0700,true,1,226597
7290106525320,false,אבקת שוקולית לאפייה קופסא 500ג' עלית,הנסיך- מפעל לייצור ט,IL,שוקולית לאפיה 500גר,,500.00,,false,,16.90,0.0338,true,1,214417
7290106525399,false,קפסולות 06 ברזיל למכונות נספרסו עלית 10יח',הנסיך- מפעל לייצור ט,IL,קפסולות ברזיל 06 למכ,,50.00,,false,,18.90,0.3780,true,1,209643
7290106526822,false,פריכיות אורז חום מלא תחתית שוקולד חלב 80 גרם,"טחנת האבן תעשיות בע""",IL,פריכיות עם תחתית שוק,,80.00,,false,,8.90,0.1113,true,1,209661
7290106528567,false,"דוריטוס גריל 185 גרם ""עלית""",שטראוס פריטו ליי (מל,IL,דוריטוס גריל 185גר,,185.00,,false,,8.30,0.0449,true,1,184346
7290106528628,false,"דוריטוס טבעי 185 גרם ""עלית""","שטראוס פריטו ליי בע""",IL,דוריטוס טבעי 185גר,,185.00,,false,,8.30,0.0449,true,1,184347
7290106528949,false,לקט ערוגות 450 גרם שטראוס,שטראוס בריאות ירקות,IL,לקט ערוגות שטראוס 45,,450.00,,false,,12.90,0.0287,true,1,197179
7290106572027,false,אוסם - לחמית חמישה דגנים 190 גרם,"אסם תעשיות בע""מ",IL,לחמית חמישה דגנים אס,,190.00,,false,,9.90,0.0521,true,1,177979
7290106572959,false,אפרופו מארז 5 יח' *25 ג' אסם,"אסם תעשיות בע""מ",IL,אפרופו קלאסי מארז אס,,125.00,,false,,13.90,0.1112,true,1,177990
7290106572997,false,"קמח שמרים לפיצה ופוקצ'ה אסם 1ק""ג","קוד יצרן TKMB, משווק",IL,קמח שמרים לפיצה ופוק,,1000.00,,false,,11.90,0.0119,true,1,177992
7290106573277,false,חטיף קרקר קריספי עם זיתים כבושים,מיוצר עי קונדיטוריית,IL,קריספי טאפאס זיתים א,,150.00,,false,,12.90,0.0860,true,1,177998
7290106573314,false,חטיף קריספי בטעם כפרי 150 ג' אסם,מיוצר עי קונדיטוריית,IL,קריספי טאפאס כפרי אס,,150.00,,false,,12.90,0.0860,true,1,178000
7290106574953,false,בייגלה שטוחים כעכים שטוחים עם שומשום,מיוצר עי קונדיטוריית,IL,בייגלה שטוחים שומשום,,300.00,,false,,11.90,0.0397,true,1,178028
7290106574977,false,בייגלה שטוחים כעכים שטוחים עם מלח,מיוצר עי קונדיטוריית,IL,בייגלה שטוחים עם מלח,,300.00,,false,,11.90,0.0397,true,1,178029
7290106575011,false,פתיתים אפויים קוסקוס מחיטה מלאה אסם 400 גרם,מיוצר עי קונדיטוריית,IL,פתיתים אפויים קוסקוס,,400.00,,false,,7.90,0.0198,true,1,178030
7290106575257,false,עוגת הבית סופלה בטעם שוקולד 340 ג' אסם,מיוצר עי קונדיטוריית,IL,עוגת הבית סופלה בטעם,,340.00,,false,,14.90,0.0438,true,1,178035
7290106575431,false,עוגת הבית סופלה בטעם שוקוניל 340 ג' אסם,מיוצר עי קונדיטוריית,IL,עוגת הבית סופלה בטעם,,340.00,,false,,14.90,0.0438,true,1,178041
7290106576223,false,"אפרופו שוקולד 40 גרם ""אסם""",מיוצר עי קונדיטוריית,IL,אפרופו שוקולד אסם 40,,40.00,,false,,5.50,0.1375,true,1,178052
7290106576513,false,סלט חומוס צבר 400 גר,סלטי צבר,IL,חומוס צבר 400גר,,400.00,,false,,10.90,0.0273,true,1,178059
7290106576537,false,חומוס מסעדות צבר 700 גרם,סלטי צבר,IL,חומוס מסעדות צבר 700,,700.00,,false,,12.90,0.0184,true,1,178060
7290106576834,false,גלידה לה קרמריה פונטש בננה1.4 ל' נסטלה,תות תעשיות מזון (201,IL,לה קרמריה פונטש בננה,,1400.00,,false,,22.90,0.0164,true,1,184023
7290106576858,false,גלידה לה קרמריה תותים בשמנת 1.4 ל' נסטלה,לה קרמריה- נסטלה,IL,לה קרמריה תותים בשמנ,,1400.00,,false,,22.90,0.0164,true,1,184024
7290106576919,false,גלידה קרמריה סורבה תות לימון 1.4 ליטר,לה קרמריה- נסטלה,IL,לה קרמריה סורבה תות,,1400.00,,false,,22.90,0.0164,true,1,184026
7290106577039,false,גלידה לה קרמריה שוקו וניל פליק 1.4 ל' נסטלה,תות תעשיות מזון (201,IL,לה קרמריה וניל שוקו,,1400.00,,false,,22.90,0.0164,true,1,184031
7290106577282,false,טחינה אמיתית מרובע 400 ג' צבר,סלטי צבר,IL,טחינה צבר 400גרם,,400.00,,false,,12.90,0.0323,true,1,178065
7290106577527,false,סלט קולסלאו כרוב לבן וגזר 400 ג' צבר,סלטי צבר,IL,סלט קולסלאו צבר 400,,400.00,,false,,12.90,0.0323,true,1,178073
7290106577541,false,צבר כרוב אדום מרובע 400גרם,סלטי צבר,IL,כרוב אדום צבר 400גרם,,400.00,,false,,12.90,0.0323,true,1,178074
7290106578692,false,אוסם - במבה ביסלי מיקס 80 גרם,פרו מן יו פתרונות אר,IL,במבה ביסלי מיקס אסם,,80.00,,false,,4.90,0.0613,true,1,178087
7290106653689,false,לקט לסלט אסיאתי 350 גר שטראוס,"שטראוס מזון טרי בע""מ",IL,לקט לסלט אסייתי שטרא,,350.00,,false,,12.90,0.0369,true,1,220330
7290106654099,false,מילקי CAKE עוגות אישיות במילוי קרם חלב,אירו קייקס אס פי איי,IT,מילקי קייק שמינייה 8,,272.00,,false,,19.90,0.0732,true,1,197213
7290106656734,false,עוגיות חיוכים בטעם וניל 600 ג' עלית,אפיפית נצרת תעשיות ב,IL,עוגיות חיוכים וניל ב,,600.00,,false,,18.90,0.0315,true,1,209721
7290106663558,false,"רוטב טריאקי ורימון יד מרדכי 280מ""ל",אף.סי תבליני בגליל ב,IL,רוטב טריאקי רימון יד,,320.00,,false,,14.90,0.0466,true,1,209793
7290106664562,false,רוטב שמנת עם פטריות 9% שומן 258 ג' יוטבתה,שטראוס גרופ,IL,רוטב שמנת עם פטריות,,250.00,,false,,10.90,0.0436,true,1,197280
7290106667266,false,"דוריטוס חמוץ חריף 185 גרם ""עלית""",שטראוס פריטו ליי (מל,IL,דוריטוס חמוץ חריף 18,,185.00,,false,,8.30,0.0449,true,1,184424
7290106668577,false,"מיץ לימון טבעי 250 מ""ל ""יד מרדכי""",האי נאם סי או אל.טי.,IT,מיץ לימון טבעי 250 מ,,250.00,,false,,8.90,0.0356,true,1,214606
7290106668713,false,יוגורט עם פירות יער 3% שומן 150 ג' דנונה,מיוצר עי קונדיטוריית,IL,דנונה פירות יער 3% 1,,150.00,,false,,3.90,0.0260,true,1,197302
7290106669857,false,קפסולות 06 אספרסו בטעם וניל עלית 10יח',הנסיך- מפעל לייצור ט,IL,קפסולות אספרסו בטעם,,50.00,,false,,18.90,0.3780,true,1,220436
7290106720626,false,צ'יטוס קראנצ' בטעם גבינה - חלבי,"שטראוס פריטו ליי בע""",IL,ציטוס קראנצ בטעם גבי,,80.00,,false,,4.90,0.0613,true,1,220889
7290106721920,false,צנצנת מסטיק מאסט בטעם ספירמינט עדין 66 ג' עלית,"שטראוס גרופ בע""מ.",IL,מסטיק מאסט ספירימינט,,66.00,,false,,10.90,0.1652,true,1,209869
7290106723689,false,עלי תרד בייבי שטראוס 200 גרם,שטראוס בריאות ירקות,IL,עלי תרד בייבי שטראוס,,200.00,,false,,11.90,0.0595,true,1,197319
7290106726178,false,יוגורט PRO עם פירות יער 2.4% 10 גרם חלבון בגביע,מיוצר עי קונדיטוריית,IL,דנונה WOW פירות יער,,150.00,,false,,4.90,0.0327,true,1,197330
7290106727984,false,"כיף כף פצפצים בגביע 135 גרם ""עלית""",שולן צ'יקולטה גידה ס,TR,כיף כף גביע פצפצים 1,,135.00,,false,,11.90,0.0881,true,1,209927
7290106729650,false,יוגורט עם תות מאגדת 8 יח' * 150ג' דנונה,דנונה - שטראוס,IL,דנונה תות מארז 8יח 3,,1200.00,,false,,25.50,0.0213,true,1,197354
7290107280013,false,"חמישיית מגבונים ל.מבושם ""ליטופים""",טרופיקל דגיל קוסמטיק,IL,מגבוני ליטופים חמישי,,5.00,,false,,21.90,4.3800,true,1,181262
7290107280020,false,מטליות לחות סנו סושי לניקוי כללי שלישיה *50 יח',טרופיקל דגיל- תעשיות,IL,מגבוני ניקוי כללי סנ,יחידה,0.00,יחידה,false,,21.90,0.0000,true,1,181263
7290107280099,false,שלישיית מגבוני טואלט לחים נשטפים סנו סופט,טרופיקל דגיל- תעשיות,IL,מגבוני טואלט סופט של,יחידה,0.00,יחידה,false,,19.90,0.0000,true,1,214425
7290107280341,false,ריצפז מטליות לחות לניקוי הרצפה בניחוח מלון מפנק,"סנו מפעלי ברונוס סע""",IL,ריצפז מטליות לחות לנ,יחידה,0.00,יחידה,false,,13.90,0.0000,true,1,226387
7290107280563,false,אוקסיג'ן ג'ל לכביסה בייבי 3ל',"איי, בי, אינבוו",IL,סנו אוקסיגן בייבי 3ל,,3000.00,,false,,33.90,0.0113,true,1,181285
7290107280570,false,סנו - מקסימה ג'ל כביסה מרוכז לכביסה צבעונית 3 ליטר,מיוצר עי קונדיטוריית,IL,סנו מקסימה גל לכביסה,ליטרים,3.00,ליטר,false,,33.90,11.3000,true,1,181286
7290107280709,false,"סנו ספארק נוזל הברקה למדיח 700 מ""ל","סנו מפעלי ברונוס בע""",IL,סנו ספארק נוזל הברקה,,900.00,,false,,15.90,0.0177,true,1,181294
7290107280723,false,נוזל לניקוי כלים סנו ספארק Spark בניחוח לימון רענן,סנו כימיקלים,IL,ספארק נוזל לניקוי כל,,700.00,,false,,10.90,0.0156,true,1,181296
7290107280761,false,נוזל לניקוי כלים בניחוח לימון רענן סנו ספארק Spark,מיוצר עי קונדיטוריית,IL,סנו ספארק משאבה לימו,,1000.00,,false,,13.90,0.0139,true,1,181300
7290107341356,false,כבל אייפון imx,,,כבל אייפון IMX,יחידה,0.00,יחידה,false,,19.90,0.0000,true,1,240463
7290107647731,false,קוקומן חום לבן בטעם שוקולד ווניל,אתר שפע - Food,IL,קוקומן חום לבן בדצ 3,,375.00,,false,,21.90,0.0584,true,1,226510
7290107647823,false,"ברנפלקס פתיתי חיטה מלאה וסובין 500 גרם ""תלמה""",יוניליוור ישראל מזון,IL,ברנפלקס בדצ 500גר,,500.00,,false,,23.90,0.0478,true,1,226516
7290107649605,false,קליק טבלת שוקולד קורנפלקס ופתיתי תירס*,מיוצר עי קונדיטוריית,IL,קליק שוקולד קורנפלקס,,85.00,,false,,6.90,0.0812,true,1,226523
7290107871990,false,"פסטה צינורות 500 גרם ""אסם""",פסטה זארה,IT,פסטה צינורות אסם 500,,500.00,,false,,6.90,0.0138,true,1,178131
7290107874427,false,אוסם - מיני פריכונים זעתר 25 גרם,פרח תעשיות מזון,IL,פריכונים מיני זעתר א,,25.00,,false,,4.50,0.1800,true,1,178169
7290107874502,false,ביסלי גריל קדמ. מארז אחיד 10 4*55 גרם,מיוצר עי קונדיטוריית,IL,ביסלי גריל מארז אסם,,220.00,,false,,13.90,0.0632,true,1,178171
7290107875820,false,קרוטונים אפויים בתיבול ביתי אוסם 180 ג',עינת תעשיות מזון,IL,קרוטונים אפויים בתיב,,180.00,,false,,12.90,0.0717,true,1,214609
7290107876889,false,אוסם - במבה במילוי קרם נוגט 45 גרם,"אסם השקעות בע""מ",IL,במבה במילוי קרם נוגט,,45.00,,false,,4.50,0.1000,true,1,228459
7290107877619,false,מארז במבה במילוי קרם נוגט 5*30ג' אסם,"אסם תעשיות בע""מ",IL,במבה במילוי קרם נוגט,,150.00,,false,,14.90,0.0993,true,1,178218
7290107879569,false,קרחון לה פרוטה שרבט מנגו מאגדת 5יח',המאפיה של הרמן,IL,מאגדת לה פרוטה מנגו,יחידה,0.00,יחידה,false,,26.90,0.0000,true,1,184066
7290107930321,false,קונפיטורת יד מרדכי דובדובן 340 גרם,"בית אל מזון בע""מ",IL,קונפיטורת דובדבן יד,,340.00,,false,,13.90,0.0409,true,1,209942
7290107931397,false,כיף כף פצפוצים במילוי שוקולד 40 גרם,שולן צ'יקולטה גידה ס,TR,כיף כף פצפצים 40גר,,40.00,,false,,5.90,0.1475,true,1,209956
7290107932080,false,חלב מועשר יוטבתה בבקבוק 3% 1 ליטר,מחלבת יטבתה,IL,חלב מועשר בבקבוק 3%,,1000.00,,false,,7.90,0.0079,true,1,197368
7290107932134,false,חלב מועשר יוטבתה בבקבוק 1% 1 ליטר,מחלבת יטבתה,IL,חלב מועשר בבקבוק 1%,,1000.00,,false,,7.90,0.0079,true,1,197370
7290107933155,false,הירק של מוטקה סלנובה,שטראוס בריאות ירקות,IL,לקט סלנובה 200גר,,200.00,,false,,14.90,0.0745,true,1,197372
7290107934473,false,מארז 8 יח' אקטיביה יוגורט קרמי 1.5% שומן,דנונה - שטראוס,IL,אקטיביה מארז שמינייה,,1200.00,,false,,21.90,0.0182,true,1,197386
7290107936309,false,דנונה יוגורט 7% יווני לבן 130 ג',"שטראוס בריאות בע""מ",IL,דנונה יווני לבן 130ג,,130.00,,false,,3.70,0.0285,true,1,197397
7290107936958,false,עד חצות ביסקוויט אצבעות שוקולד 125 גרם,הדקלאים אגודת שיתופי,FR,עד חצות ביסקוויט אצב,,125.00,,false,,11.70,0.0936,true,1,228813
7290107936965,false,עיגולים עד חצות עם שוקולד חלב 225 גר,ביסקווטרי עוגיות סנט,FR,עד חצות ביסקוויט עיג,,225.00,,false,,14.90,0.0662,true,1,228814
7290107937542,false,משקה יוגורט אקטיביה עם תות 1.2% שומן,מיוצר עי קונדיטוריית,IL,אקטיביה משקה תות 1.2,,265.00,,false,,5.40,0.0204,true,1,197404
7290107937627,false,מסטיק מאסט Must קוביות ללא סוכר בטעם מנטה עדינה,אסקום קונפקשיין,IL,מסטיק מאסט קוביות ספ,,58.00,,false,,10.90,0.1879,true,1,209996
7290107938396,false,"אקטימל משקה פרוביוטי תות 100X8 מ""ל",מיוצר עי קונדיטוריית,IL,אקטימל תות שמינייה ב,,864.00,,false,,21.90,0.0253,true,1,197410
7290107939027,false,גזר דק דק 250 גרם שטראוס,שטראוס בריאות ירקות,IL,גזר דק דק ירקות שטרא,,250.00,,false,,6.90,0.0276,true,1,197416
7290107940030,false,"חומוס אחלה מופחת שומן 650 גרם ""אחלה""",שטראוס גרופ,IL,*מבצע* חומוס אחלה 65,,650.00,,false,,8.90,0.0137,true,1,226911
7290107940467,false,אקטיביה יוגורט 1.5% שומן 200 ג' דנונה,מיוצר עי קונדיטוריית,IL,אקטיביה 1.5% 200גר,,200.00,,false,,3.90,0.0195,true,1,197438
7290107941259,false,"עדשים ירוקות מבושלות 475 גרם ""טעם הטבע",הורקסה לס לגונס דה ס,ES,עדשים ירוקות מבושלות,,475.00,,false,,10.90,0.0229,true,1,197448
7290107941266,false,שעועית אדומה מבושלת 475 גר שטראוס,הורקסה לס לגונס דה ס,ES,שעועית אדומה מבושלת,,475.00,,false,,14.90,0.0314,true,1,197449
7290107941273,false,"חומוס מבושל 475 גרם ""טעם הטבע",הורקסה לס לגונס דה ס,ES,חומוס מבושל שטראוס 4,,475.00,,false,,10.90,0.0229,true,1,197450
7290107942454,false,ממרח אגוזי לוז עם קק,"שטראוס גרופ בע""מ",IL,ממרח פסק זמן מגדים 7,,700.00,,false,,22.90,0.0327,true,1,221123
7290107943192,false,"שמנת חמוצה מהערבה 27% שומן 200 מ""ל יטבתה",מחלבת יטבתה,IL,שמנת חמוצה מהערבה 27,,200.00,,false,,4.40,0.0220,true,1,226912
7290107944472,false,סימפוניה גבינה במרקם שמנת 5% שום שמיר,"שטראוס בריאות בע""מ",IL,גבינת סימפוניה שום ש,,200.00,,false,,11.80,0.0590,true,1,197472
7290107950190,false,מעדן חלב דל קלוריות בטעם שוקולד מריר 0.5% שומן,מיוצר עי קונדיטוריית,IL,מעדן שטראוס דיאט שוק,,130.00,,false,,3.40,0.0262,true,1,197481
7290107950206,false,מעדן שטראוס דיאט 0% שוקולד 130ג',מיוצר עי קונדיטוריית,IL,מעדן שטראוס דיאט שוק,,130.00,,false,,3.40,0.0262,true,1,197482
7290107953559,false,קפה טורקי עלית לדרך שקיות 24X7ג',הנסיך- מפעל לייצור ט,IL,מארז קפה טורקי לדרך,,168.00,,false,,19.90,0.1185,true,1,228835
7290107954709,false,"קונפיטורת פירות יער ""יד מרדכי"" 340 גר'",יד מרדכי,,קונפיטורת פירות יער,,340.00,,false,,13.90,0.0409,true,1,221686
7290107954976,false,משקה חלב PRO עם קפה 1.5% 25 גרם חלבון בבקבוק,מחלבת יטבתה,DE,משקה חלב יטבתה פרו 3,,350.00,,false,,6.90,0.0197,true,1,226917
7290107956642,false,"תרסיס שמן זית 150 מ""ל ""יד מרדכי""",פארייפאבה אגרואינדוס,ES,"תרסיס שמן זית 150 מ""",,150.00,,false,,17.90,0.1193,true,1,228844
7290107956925,false,קפסולות 13 אוגנדה למכונת נספרסו עלית 10יח',שטראוס קפה בי.וי,IL,קפסולות אוגנדה מס 13,יחידה,0.00,יחידה,false,,18.90,0.0000,true,1,228849
7290107957991,false,מילקי CAKE מיניס קרם חלב בציפוי שוקולד חלב שקית 16X9ג',בובארד איטליה אס.פי.,IT,מילקי מינייס מארז 6י,,144.00,,false,,14.90,0.1035,true,1,226921
7290107958035,false,יוגורט במתיקות מעודנת 2% ללא תוספת סוכר- מארז 8 יח,דנונה - שטראוס,IL,דנונה מארז שמינייה מ,,1200.00,,false,,19.90,0.0166,true,1,226922
7290107973861,false,מאסטר שף עגבניות קצוצות דק שלישיה 400ג*3 כשלפ,קונסרזיו קאסאלאסקו ד,IT,עגבניות קצוצות דק מא,,1200.00,,false,,16.90,0.0141,true,1,186232
7290107974301,false,ליידי ספיד סטיק - דאודורנט ג'ל לאישה אלוורה 45 גרם,ליידי ספיד סטיק Lady Speed Stick,US,ליידי ספיד סטיק אלוו,,65.00,,false,,21.90,0.3369,true,1,226658
7290107974820,false,מנה מאסטר שף ממרח מתובל ספייסי 248 גר,מאסטר שף,NL,ממרח מתובל ספייסי מא,,250.00,,false,,8.90,0.0356,true,1,186243
7290107974837,false,מנה מאסטר שף ממרח מתובל שום 246 גר,מאסטר שף,NL,ממרח מתובל שום מאסטר,,250.00,,false,,8.90,0.0356,true,1,186244
7290107978453,false,חטיף בטעם גריל קראנצ,קראנצ'וס,IL,קראנצוס גריל 55 גרם,,55.00,,false,,4.30,0.0782,true,1,226676
7290107978460,false,חטיף חיטה בטעם פלאפל,קראנצ'וס,IL,קראנצוס פלאפל 55 גר,,55.00,,false,,4.30,0.0782,true,1,226677
7290108201864,false,קולון קפסולות גל לכביסה 28 יחידות,רקיט בנקיזר,PL,קולון קפסולות לכביסה,יחידה,0.00,יחידה,false,,27.90,0.0000,true,1,232033
7290108350128,false,סנו סושי שקיות אשפה חזקות במיוחד 40 יח',מיוצר עי קונדיטוריית,IL,שקיות אשפה סנו סושי,,40.00,,false,,29.90,0.7475,true,1,181305
7290108350142,false,סנו סושי שקיות רב שימושיות 270 יחידות 25*35 ס''מ,אשפלסט תעשיות,IL,שקיות סנו סושי רב שי,,270.00,,false,,14.90,0.0552,true,1,181307
7290108350203,false,כריות קרצוף אקסטרה חזקות עם ספוג מקציף - 6 יח',סנו סושי,IT,סנו סושי כריות קרצוף,,6.00,,false,,10.90,1.8167,true,1,181311
7290108350531,false,סנו ספארק נוזל כלים בניחוח קלאסי עם משאבה 1 ל',מיוצר עי קונדיטוריית,IL,סנו ספארק משאבה קלאס,,1000.00,,false,,13.90,0.0139,true,1,214435
7290108350616,false,סנו - מקסימה מרכך כביסה מרוכז פריחה כחולה 1 ליטר,"סנו מפעלי ברונוס בע""",IL,סנו מקסימה בלו בלוסו,,1000.00,,false,,18.90,0.0189,true,1,181316
7290108350623,false,מרכך כביסה סופר מרוכז סופט סילק מקסימה 1 ל' סנו,"סנו מפעלי ברונוס בע""",IL,סנו מקסימה סופט סילק,,1000.00,,false,,18.90,0.0189,true,1,181317
7290108351149,false,סנו - ג'ט לניקוי כללי ורצפות בתוספת אבקת סודה 1.5 ליטר,"סנו מפעלי ברונוס בע""",IL,סנו ג'ט פלוס לניקוי,ליטרים,1.50,ליטר,false,,14.90,9.9333,true,1,220462
7290108351156,false,סנו - ג'ט לניקוי כללי ורצפות בתוספת חומץ 1.5 ליטר,"סנו מפעלי ברונוס בע""",IL,סנו ג'ט פלוס לניקוי,ליטרים,1.50,ליטר,false,,14.90,9.9333,true,1,220463
7290108351507,false,מרכך כביסה מקסימה סופט סילק 4 ל' סנו,סנו מקסימה,IL,סנו מקסימה מרכך כביס,ליטרים,4.00,ליטר,false,,23.90,5.9750,true,1,229497
7290108351514,false,מרכך כביסה בבישום עוצמתי פריחה כחולה,סנו מקסימה,IL,סנו מקסימה מרכך כביס,ליטרים,4.00,ליטר,false,,23.90,5.9750,true,1,181327
7290108351552,false,"סנו - ג'ט לניקוי כללי בתוספת חומץ בניחוח לבנדר 750 מ""ל","סנו מפעלי ברונוס בע""",IL,סנו ג'ט פלוס עם חומץ,,750.00,,false,,13.90,0.0185,true,1,229498
7290108351569,false,מבשם ומרכך למייבש כביסה Baby לתינוקות ולעור רגיש,"סנו מפעלי ברונוס בע""",IL,סנו מקסימה למייבש בי,,750.00,,false,,19.90,0.0265,true,1,237264
7290108351699,false,סנו - ג'ט מטליות לחות לניקוי כללי בתוספת חומץ לבנדר שלישיה,סנו מפעלי ברונוס על,IL,מגבוני ניקוי ג'ט +חו,יחידה,0.00,יחידה,false,,21.90,0.0000,true,1,229506
7290108351804,false,סנו - מקסימה מרכך כביסה מרוכז ג'נטל בריז 1 ליטר,מיוצר עי קונדיטוריית,IL,סנו מקסימה סופר מרוכ,,1000.00,,false,,18.90,0.0189,true,1,229513
7290108351811,false,מקסימה מרכך כביסה סופר מרוכז פלור טאצ' 1 ליטר,מיוצר עי קונדיטוריית,IL,סנו מקסימה סופר מרוכ,,1000.00,,false,,18.90,0.0189,true,1,229514
7290108352153,false,גל ניקוי אסלות סנובון לוטוס וסחלב 750 מל,מיוצר עי קונדיטוריית,IL,סנובון נוזלי בניחוח,,750.00,,false,,10.90,0.0145,true,1,229530
7290108352207,false,מקסימה קפסולות לכביסה פלורל 40 יחידות,טרופיקל דגיל תעשיות,IL,סנו מקסימה 40 קפסולו,,40.00,,false,,34.90,0.8725,true,1,229531
7290108352344,false,"פרש מבשם אויר אוטומטי בניחוח לבנדר סנו 250 מ""ל",מיוצר עי קונדיטוריית,IL,סנו פרש הום אוטומטיק,,250.00,,false,,16.90,0.0676,true,1,229541
7290108352443,false,סנובון מוצק לניקוי אסלה כחול סנו 3 יחידות,סנו מפעלי ברונוס בעמ,IL,סנובון לאסלה כחול של,,165.00,,false,,17.90,0.1085,true,1,229548
7290108352450,false,ריצפז פרש הום בניחוח מרכך כביסה בלו בלוסום,סנו מפעלי ברונוס בעמ,IL,ריצפז פרש הום בלוסום,ליטרים,2.00,ליטר,false,,24.90,12.4500,true,1,226393
7290108352566,false,מרכך כביסה בבישום עוצמתי 4 ל' סנו מקסינה,"סנו מפעלי ברונוס בע""",IL,סנו מקסימה מרכך כביס,,4000.00,,false,,23.90,0.0060,true,1,247949
7290108352672,false,מטלית הפלא לריצפה סנו סושי זוג,סנו מפעלי ברונוס.,CN,מטלית הפלא לריצפה סנ,יחידה,0.00,יחידה,false,,21.90,0.0000,true,1,229549
7290108352825,false,ספוג הפלא נירוסטה סנו סושי 3יח',s.k.a.t ltdסנו מפעלי,IL,ספוג הפלא נירוסטה סנ,יחידה,0.00,יחידה,false,,10.90,0.0000,true,1,229553
7290108353341,false,"מרכך למניעת קשקשים עם שמן עץ התה ואסאי 700 מ""ל כיף",קוסמופארם בעמ,IL,כיף מרכך למניעת קשקש,,700.00,,false,,13.90,0.0199,true,1,226395
7290108353686,false,מטלית חלומית לריצפה מיקרופייבר,נינגבו סנבנג,CN,מטלית חלומית לרצפה ס,יחידה,0.00,יחידה,false,,10.90,0.0000,true,1,229564
7290108353747,false,"תחליב רחצה אירוודה, בניחוח טונקה 600 מ""ל קרימה",החברה הדרומית,IL,קרמה תחליב רחצה ספא,,600.00,,false,,19.90,0.0332,true,1,249812
7290108353815,false,קרמה ספא תחליב רחצה מדיטציה בניחוח פצולי,החברה הדרומית,IL,קרמה תחליב רחצה ספא,,600.00,,false,,19.90,0.0332,true,1,249813
7290108353969,false,"קרמה - דאודורנט ספריי לאישה קרמה מאסק 150 מ""ל","אמיליה קוסמטיקס בע""מ",IL,קרמה דאודורנט ספריי,,150.00,,false,,15.90,0.1060,true,1,246860
7290108353990,false,"קרמה - קרם גוף קרמה מאסק 500 מ""ל",טרופיקל דגיל תעשיות,IL,קרמה קרם גוף מאסק 50,,500.00,,false,,26.90,0.0538,true,1,229570
7290108354164,false,"כיף שלישיית אל סבון מועשר בשמנים 500X3 מ""ל",טרופיקל דגיל תעשיות,IL,כיף אל סבון שלישיה ק,,1500.00,,false,,21.90,0.0146,true,1,229572
7290108354270,false,מרכך כביסה מרוכז בבישום עוצמתי 1 ל' סנו מקסימה,מיוצר עי קונדיטוריית,IL,מקסימה מרכך כביסה מר,,1000.00,,false,,18.90,0.0189,true,1,247184
7290108355000,false,"שמפו מיניונים לילדים נקה 7 750 מ""ל",נקה 7,IL,נקה 7 קידס שמפו מיני,,750.00,,false,,11.90,0.0159,true,1,181333
7290108355017,false,"נקה 7 מרכך לילדים מיניונים 750 מ""ל",נקה 7,IL,נקה 7 קידס מרכך מיני,,750.00,,false,,11.90,0.0159,true,1,181334
7290108355062,false,לחו.לשיער מקצועי קרטין נטורל פורמולה 400,החברה הדרומית,IL,נטורל פורמולה קרם לח,,400.00,,false,,29.90,0.0747,true,1,229580
7290108355079,false,לחו.לשיער מקצועי קוקוס נטורל פורמולה 400,החברה הדרומית,IL,נטורל פורמולה קרם לח,,400.00,,false,,29.90,0.0747,true,1,229581
7290108355147,false,"תחליב רחצה שמני הזנה נקה 7 750 מ""ל","אמיליה קוסמטיקס בע""מ",IL,נקה 7 תחליב רחצה שמנ,,750.00,,false,,12.90,0.0172,true,1,229586
7290108355154,false,"שמפו שמני הזנה נקה 7 750 מ""ל","אמיליה קוסמטיקס בע""מ",IL,נקה 7 שמפו שמני הזנה,,750.00,,false,,12.90,0.0172,true,1,229587
7290108355543,false,"קרמה - דאודורנט ספריי לאישה נרולי מגנוליה 150 מ""ל",החברה הדרומית,IL,קרמה דאודורנט ספריי,,150.00,,false,,15.90,0.1060,true,1,246862
7290108355949,false,"תחליב רחצה קרמה נרולי ומנגוליה 700 מ""ל",קוסמופארם בעמ,IL,קרמה תחליב רחצה נרול,,700.00,,false,,18.90,0.0270,true,1,226400
7290108356113,false,"כיף תחליב רחצה דבש 700 מ""ל-מרכז",קוסמופארם בעמ,IL,כיף תחליב רחצה דבש 7,,700.00,,false,,13.90,0.0199,true,1,226402
7290108356120,false,"תחליב רחצה כיף קוקוס וניל 700 מ""ל",קוסמופארם,IL,כיף תחליב רחצה קוקוס,,700.00,,false,,13.90,0.0199,true,1,226403
7290108356137,false,"כיף - תחליב רחצה לבנדר 700 מ""ל",קוסמופארם,IL,כיף תחליב רחצה לבנדר,,700.00,,false,,13.90,0.0199,true,1,226404
7290108356151,false,"תחליב רחצה כיף מאסק יסמין 700 מ""ל",גוד פוד פרודקטס S.p,IL,כיף תחליב רחצה מאסק,,700.00,,false,,13.90,0.0199,true,1,226405
7290108356199,false,אל סבון כיף בניחוח אפרסק ופלפל שחור 1 ל,טרופיקל דגיל תעשיות,IL,כיף אל סבון אפרסק ופ,,1000.00,,false,,13.90,0.0139,true,1,229621
7290108357196,false,"ג'ט פלוס לניקוי כללי בתוספת תמצית עץ התה 750 מ""ל סנו",מיוצר עי קונדיטוריית,IL,סנו ג'ט +לניקוי וחיט,,750.00,,false,,13.90,0.0185,true,1,246195
7290108357288,false,אקונומיקה ז'אוול בניחוח פריחה לבנה 4 ל' סנו,סנו ז'אוול Javel,IL,אקונומיקה סנו ז'אוול,ליטרים,4.00,ליטר,false,,17.90,4.4750,true,1,248480
7290108357424,false,"קרם גוף קרמה נרולי ומגנוליה 500 מ""ל",החברה הדרומית,IL,קרמה קרם גוף נרולי ו,,500.00,,false,,26.90,0.0538,true,1,229628
7290108357707,false,"כיף שמפו לשיער רגיל- תפוח זרעי צ'יה 700 מ""ל",גוד פוד פרודקטס S.p,IL,כיף שמפו לשיער רגיל,,700.00,,false,,13.90,0.0199,true,1,226408
7290108357714,false,"כיף שמפו לשיער יבש -רימונים ושמן ארגן 700 מ""ל",גוד פוד פרודקטס S.p,IL,כיף שמפו לשיער יבש ר,,700.00,,false,,13.90,0.0199,true,1,226409
7290108357745,false,"כיף שמפו ומרכך 700 מ""ל 2ב-1 תאנה ומנטה",גוד פוד פרודקטס S.p,IL,כיף שמפו ומרכך 2+1 ת,,700.00,,false,,13.90,0.0199,true,1,226411
7290108357769,false,"מרכך לשיער רגיל תפוח וזרעי צ'יה 700 מ""ל כיף",גוד פוד פרודקטס S.p,IL,כיף מרכך לשיער רגיל,,700.00,,false,,13.90,0.0199,true,1,226413
7290108357776,false,"כיף מרכך לשיער יבש -רימונים ושמן ארגן 700 מ""ל",גוד פוד פרודקטס S.p,IL,כיף מרכך לשיער יבש ר,,700.00,,false,,13.90,0.0199,true,1,226414
7290108357882,false,"כיף - מרכך לחות מוגברת עם אפרסק וחמאת מורומורו 700 מ""ל",החברה הדרומית,IL,כיף מרכך לחות מוגברת,,700.00,,false,,13.90,0.0199,true,1,248478
7290108358124,false,דפי בישום לחים למייבש הכביסה בניחוח מרכך כביסה 20 יח' מקסימה,סנו,IL,*מבצע* מקסימה דפי בי,,20.00,,false,,11.90,0.5950,true,1,250494
7290108359183,false,שקית אשפה חזקות 70*50 60 יח' סנו סושי,סנו סושי,IL,שקיות אשפה עם ידית 6,יחידה,0.00,יחידה,false,,25.90,0.0000,true,1,249816
7290108359824,false,"כיף - בייבי כיף קרם 500 מ""ל",קוסמופארם בעמ,IL,בייבי כיף קרם גוף 50,,500.00,,false,,24.90,0.0498,true,1,229629
7290108359879,false,"אלסבון בייבי כיף+משאבה 750 מ""ל",קוסמופארם בעמ,IL,בייבי כיף אל סבון 7,,750.00,,false,,16.90,0.0225,true,1,229632
7290108501346,false,"גבינת גאודה מגורדת 500 גרם ""וילי פוד""",Euro יורו מחלבות אירופה,DE,גבינת גאודה מגורדת 2,,500.00,,false,,25.90,0.0518,true,1,229374
7290108501353,false,פילה אנשובי אמיתי ארוך בשמן וילי פוד 45,קונסרבאס פרדו,ES,פילה אנשובי אמיתי בש,,45.00,,false,,8.70,0.1933,true,1,229375
7290108501827,false,קדאיף שערות בצק 450 גרם,הנסיך- מפעל לייצור ט,TW,שערות קדאיף בצק 450ג,,450.00,,false,,19.90,0.0442,true,1,229392
7290108502541,false,גבינת שמנת בטעם טבעי 22% שומן,Euro יורו מחלבות אירופה,TR,גבינת שמנת טבעי יורו,,200.00,,false,,13.90,0.0695,true,1,237193
7290108502589,false,גבינת שמנת שום 200גרם - EURO CHEESE,אטלסר&אלפרי קאסורק,DE,גבינת שמנת שום יורוצ,,200.00,,false,,13.90,0.0695,true,1,237196
7290108502763,false,גבינת קממבר יורו 200,פטוראז',FR,גבינת קממבר 200 גרם,,200.00,,false,,19.90,0.0995,true,1,229415
7290108502862,false,מלפפונים כבושים במלח 18-25 קטנים מאוד 600 גר,זיתור סאן גירה סני ו,TR,מלפפון כבוש במלח 600,,600.00,,false,,9.90,0.0165,true,1,229418
7290108503043,false,תפוחונים חטיף פלחים מיובשים מארז 22X4ג',ינטאי זונגקאן פוד קו,CN,מארז תפוחונים 4*22 ג,,88.00,,false,,15.90,0.1807,true,1,229425
7290108503067,false,פרמזנו משולש ויליפוד,וילי פוד,IT,פרמזנו משולש 150 גרם,,150.00,,false,,15.90,0.1060,true,1,229426
7290108503159,false,גבינה כחולה עם עובש 100 גרם 31% שומן,קסוס אל פסטור,ES,גבינה כחולה עם עובש,,100.00,,false,,15.90,0.1590,true,1,229429
7290108503975,false,קנלוני פסטה איטליאנה,ויליפוד,IT,קנלוני ויליפוד 250 ג,,250.00,,false,,10.90,0.0436,true,1,229446
7290108504002,false,פרוסות גבינה לייט 9% שומן לכריכים וטוסטים 150 גרם,Euro יורו מחלבות אירופה,ES,פרוסות גבינה לייט150,,150.00,,false,,9.90,0.0660,true,1,230428
7290108504286,false,גבינה איבריקו צ'אנק 150 גר',ג.וילי פוד אינטרנשיו,ES,איבריקו צ'אנק יורו צ,,150.00,,false,,15.90,0.1060,true,1,229452
7290108505207,false,יוגורט ען אוכמניות 0% שומן 150 גרם,Euro יורו מחלבות אירופה,GR,יוגורט עם אוכמניות 0,,150.00,,false,,5.90,0.0393,true,1,229464
7290108505719,false,גבינת מוצרלה מגורדת 25% שומן 200 גרם,יורו צ'יז Euro Cheese,TR,גבינת מוצרלה מגורדת,,200.00,,false,,14.90,0.0745,true,1,229472
7290108505726,false,אצבעות-גבינה חצי קשה 25% שומן 200 גרם,סאסו פטוראגס קומטויס,TR,אצבעות גבינה חצי קשה,,200.00,,false,,14.90,0.0745,true,1,229473
7290108506495,false,"כנאפה מאפה בצק ""שערות"" קדאיף וגבינה",ארמה גרופ,TR,פינוקים כנאפה קפוא 1,,192.50,,false,,13.90,0.0722,true,1,229481
7290108507010,false,מאפה בורקס מים תורכי תרד וגבינה 300 גרם,וילי פוד,TR,מאפה בורקס מים תורכי,,300.00,,false,,10.90,0.0363,true,1,229491
7290108507645,false,ביסקויט פריך בשוקולד מריר 100 גרם -קהילות,מודרן צ'יקולטה,TR,ביסקוויט פריך בשוקול,,100.00,,false,,6.90,0.0690,true,1,248449
7290108507652,false,ביסקויט פריך בשוקולד לבן 100 גרם -קהילות,מודרן צ'יקולטה,TR,ביסקויט פריך בשוקולד,,100.00,,false,,6.90,0.0690,true,1,248452
7290108508499,false,"איירן משקה יוגורט בסגנון טורקי יורו 293 מ""ל",Euro יורו מחלבות אירופה,TR,איירן משקה יוגורט בס,,293.00,,false,,5.90,0.0201,true,1,245772
7290108508888,false,ביסקוויטים פתי בר ויליפוד 500 ג',ארגון ציקולאטה,TR,ביסקוויט פתי בר וילי,,500.00,,false,,7.90,0.0158,true,1,246937
7290108508963,false,גבינת קשקבל מגורדת חצי קשה 200 גר,Euro יורו מחלבות אירופה,TR,גבינת קשקבל מגורדת ח,,200.00,,false,,14.90,0.0745,true,1,245777
7290108509267,false,ארוחת פסטה עם רוטב גבינה 206 גרם,הנסיך- מפעל לייצור ט,UA,ארוחת פסטה עם רוטב ע,,206.00,,false,,9.90,0.0481,true,1,250420
7290108509700,false,"אורז פרסי 1 DAAWATק""ג (20)",אל.טי.פודס לימיטד,IN,"אורז פרסי דאווט 1 ק""",,1000.00,,false,,9.90,0.0099,true,1,248057
7290109351025,false,מלך החומוס חומוסטחינה 40% טחינה גולמית,לחמנו,IL,חומוסטחינה צבר 400גר,,400.00,,false,,14.90,0.0373,true,1,178260
7290109351971,false,פריכיות דגנים פיטנס מצופות שוקולד חלב,פרח תעשיות,IL,פריכיות שוקולד חלב פ,,84.00,,false,,14.90,0.1774,true,1,178267
7290109352916,false,פריכיות דגנים פיטנס מצופות שוקולד לבן,פרח תעשיות,IL,פריכיות שוקולד לבן פ,,84.00,,false,,14.90,0.1774,true,1,178272
7290109358130,false,מאגדת שלגון לה פרוטה יוגורט אננס פסיפל' 50X6ג',גלידות נסטלה (נגה גל,IL,מאגדת לה פרוטה יוגור,,300.00,,false,,26.90,0.0897,true,1,226584
7290109580043,false,"שניצל תירס קלאסי זוגלובק 1.75 ק""ג",זוגלובק,IL,"שניצל תירס 1.75ק""ג ז",,1750.00,,false,,49.90,0.0285,true,1,232426
7290109580098,false,קבנוס בטעם סרירצ'ה 135 ג' זוגלובק,זוגלובק,IL,קבנוס בטעם סרירצ'ה ז,,135.00,,false,,12.90,0.0956,true,1,248292
7290109580104,false,זוגלובק פרימיום רוסטביף 150 גרם,זוגלובק,IL,רוסטביף 150 גרם פרימ,,150.00,,false,,25.90,0.1727,true,1,244894
7290109580135,false,קורנדביף פרימיום 180 גרם זוגלובק,זוגלובק,IL,קורנדביף 180 גרם פרי,,180.00,,false,,25.90,0.1439,true,1,244896
7290109580166,false,סרוולד קלאסי פרימיום 150 גרם זוגלובק,זוגלובק,IL,סרוולדקלאסי 150ג פרי,,150.00,,false,,25.90,0.1727,true,1,244893
7290109580241,false,נאגטס מן הצומח זוגלובק 500 גרם,זוגלובק טבע,IL,נאגטס מן הצומח 500גר,,500.00,,false,,25.90,0.0518,true,1,249386
7290109580432,false,פסטרמה חזה הודו מעושן 120 גר' זוגלובק,זוגלובק,IL,פסטרמה בדחזה הודו מע,,120.00,,false,,14.90,0.1242,true,1,249384
7290109920146,false,"דורגול מסיר אבנית מקומקומים 750 מ""ל",יעקובי דורגול,,דורגול מסיר אבנית 75,,750.00,,false,,20.90,0.0279,true,1,183757
7290109920627,false,"אסטוניש קרם ואקונומיקה לניקוי אמבטיות 500 מ""ל",יעקובי אסטוניש,GB,אסטוניש קרם אמבט אקו,,500.00,,false,,19.90,0.0398,true,1,226563
7290109920665,false,"אסטוניש - מרסס מסיר אוכל שרוף במטבח 750 מ""ל",יעקבי- אסטוניש Astonish,GB,אסטוניש מסיר אוכל שר,,750.00,,false,,15.90,0.0212,true,1,226565
7290109920740,false,מרכך כביסה מרוכז לבנדר הפי 1 ליטר,יעקובי הפי,,הפי מרכך כביסה מרוכז,,1000.00,,false,,10.90,0.0109,true,1,229774
7290109920757,false,מרכך כביסה מרוכז ורדים הפי 1 ליטר,יעקובי הפי,,הפי מרכך כביסה מרוכז,,1000.00,,false,,10.90,0.0109,true,1,229775
7290109920849,false,"אסטוניש - מרסס לניקוי כללי בניחוח תפוז 750 מ""ל",יעקבי- אסטוניש Astonish,GB,אסטוניש תפוז לניקוי,,750.00,,false,,15.90,0.0212,true,1,226566
7290109921372,false,אסטוניש משחה לניקוי תנורים וגריל+ספוג 250 גר',יעקובי אסטוניש,GB,אסטוניש משחה לתנור+ס,יחידה,0.00,יחידה,false,,15.90,0.0000,true,1,229782
7290109921587,false,רצפות גרניט פורצלן ייבוש מהיר ללא סימנים,וונדפוט,BE,הפי לרצפית גרנית פור,,1250.00,,false,,15.90,0.0127,true,1,226569
7290109921853,false,אסטוניש המשחה המקורית לניקוי עם עוצמה,יעקבי- אסטוניש Astonish,GB,אסטוניש המשחה המקורי,,150.00,,false,,15.90,0.1060,true,1,248500
7290109923079,false,דזיטול נוזל מרוכז לחיטוי כללי ולרצפות 2 ליטר,מרקה,ES,דזיטול נוזל מרוכז לח,,2000.00,,false,,15.90,0.0080,true,1,249160
7290109923109,false,סבון אסלה 5 צדפות +אקונומיקה 2 יח',יעקובי,IL,הפי סבון אסלה 5 צדפו,יחידה,0.00,יחידה,false,,12.90,0.0000,true,1,249157
7290109923147,false,אסטוניש מהדורה פרימיום פלא של אקונומיקה,יעקבי- אסטוניש Astonish,GB,אסטוניש מרסס פלא של,,750.00,,false,,15.90,0.0212,true,1,249156
7290110110024,false,"פאנטה תות פחית סליק 330מ""ל",קוקה קולה ישראל,IL,פאנטה תות סליק 330מל,,330.00,,false,,6.70,0.0203,true,1,232368
7290110110369,false,שישיית בירה קרלסברג LUMA בקבוק 330 מל,מבשלות בירה בינלאומי,IL,*מבצע* בירה קרלסברג,,1980.00,,false,,35.90,0.0181,true,1,228869
7290110110659,false,"ספרייט לימון ליים פחית 330מ""ל",החברה המרכזית לייצור,IL,"ספרייט סליק 330 מ""ל",,330.00,,false,,6.70,0.0203,true,1,232382
7290110113261,false,נקטר אושן ספריי 19 קלוריות חמוציות 1 ליטר,קריות זול,IL,אושן ספריי 19 קלוריו,,1000.00,,false,,13.90,0.0139,true,1,247538
7290110114787,false,נביעות+ מים מינרליים בטעם תפוח 1.5 ליטר,נביעות טבע הגליל בעמ,IL,נביעות+ תפוח 1.5ליטר,,1500.00,,false,,9.90,0.0066,true,1,247765
7290110114794,false,נביעות+ מים מינרליים בטעם אפרסק 1.5 ליטר,"נביעות טבע הגליל בע""",IL,נביעות+ אפרסק 1.5ליט,,1500.00,,false,,9.90,0.0066,true,1,247766
7290110114800,false,נביעות+ מים מינרליים בטעם ענבים 1.5 ליטר,פארייפאבה אגרואינדוס,IL,נביעות+ ענבים 1.5ליט,,1500.00,,false,,9.90,0.0066,true,1,247767
7290110114855,false,"נביעות מים מינרליים, שישיה 6 * 1.5 ליטר פקדון",נביעות טבע הגליל בעמ,IL,נביעות שישייה 6*1.5ל,,9000.00,,false,,14.70,0.0016,true,1,247636
7290110114893,false,פריגת סחוט טרי תפוז 2 ליטר,היינץ צפון אמריקה מק,IL,סחוט תפוז 2ליטר,,2000.00,,false,,29.90,0.0150,true,1,247630
7290110114954,false,מיץ תפוזים מתקתקים 100% 2 ל' פריגת,פריגת מצוננים,IL,סחוט 2ליטר מתקתק 100,,2000.00,,false,,24.90,0.0125,true,1,247633
7290110114961,false,משקה קל תפוזים פריגת 1.5 ליטר,מבשלות בירה בינלאומי,IL,משקה קל בטעם תפוזים,,1500.00,,false,,9.90,0.0066,true,1,247772
7290110114985,false,משקה קל אשכולית פריגת 1.5 ליטר,מבשלות בירה בינלאומי,IL,משקה קל בטעם אשכוליו,,1500.00,,false,,9.90,0.0066,true,1,247774
7290110115005,false,משקה קל ענבים פריגת 1.5 ליטר,מבשלות בירה בינלאומי,IL,משקה קל בטעם ענבים פ,,1500.00,,false,,9.90,0.0066,true,1,247776
7290110115036,false,פריגת מנגו 1.5 ליטר פיקדון,מבשלות בירה בינלאומי,IL,פריגת משקה קל מנגו,,1500.00,,false,,9.90,0.0066,true,1,247779
7290110115043,false,פריגת לימונענע 1.5 ליטר פיקדון,מבשלות בירה בינלאומי,IL,משקה קל בטעם לימונענ,,1500.00,,false,,9.90,0.0066,true,1,247780
7290110115050,false,פריגת מיקס תות בננה 1.5 ליטר פיקדון,מבשלות בירה בינלאומי,IL,פריגת משקה קל תות-בנ,,1500.00,,false,,9.90,0.0066,true,1,247781
7290110115111,false,פריגת צלול אננס 1.5 ליטר פיקדון,מבשלות בירה לישראל ב,IL,פריגת צלול אננס 1.5,,1500.00,,false,,9.90,0.0066,true,1,247788
7290110115128,false,פריגת צלול בטעם לימונענע 1.5 ליטר פיקדון,מבשלות בירה לישראל ב,IL,פריגת צלול בטעם לימו,,1500.00,,false,,9.90,0.0066,true,1,247789
7290110115180,false,מים מינרליים נביעות,"נביעות טבע הגליל בע""",IL,נביעות 1.5 ליטר,,1500.00,,false,,2.90,0.0019,true,1,247869
7290110115203,false,קוקה קולה 1.5 ליטר פיקדון,קוקה קולה Coca Cola,IL,קוקה קולה 1.5 ליטר,,1500.00,,false,,8.90,0.0059,true,1,247642
7290110115227,false,קוקה-קולה זירו בקבוק 1.5 ליטר,קוקה קולה Coca Cola,IL,קוקה קולה זירו בקבוק,,1500.00,,false,,8.90,0.0059,true,1,247644
7290110115234,false,קוקה-קולה זירו נטול בקבוק 1.5 ליטר,החברה המרכזית לייצור,IL,קוקה קולה זירו נטול,,1500.00,,false,,8.90,0.0059,true,1,247645
7290110115241,false,קוקה-קולה זירו לימון בקבוק 1.5 ליטר,החברה המרכזית לייצור,IL,קוקה קולה זירו לימון,,1500.00,,false,,8.90,0.0059,true,1,247646
7290110115265,false,ספרייט לימון ליים 1.5 ליטר-,החברה המרכזית לייצור,IL,ספרייט ליים 1.5ליטר,,1500.00,,false,,8.90,0.0059,true,1,247740
7290110115272,false,ZERO ספרייט 1.5 ליטר פיקדון,החברה המרכזית לייצור,IL,ספרייט זירו 1.5ליטר,,1500.00,,false,,8.90,0.0059,true,1,247743
7290110115289,false,ספרייט 19 קל' לימון-נענע 1.5 ליטר פיקדון,החברה המרכזית לייצור,IL,ספרייט 19 קלוריות לי,,1500.00,,false,,8.90,0.0059,true,1,247744
7290110115296,false,משקה מוגז אורנג' פאנטה 1.5 ליטר,החברה המרכזית לייצור,IL,פאנטה אורנג 1.5ליטר,,1500.00,,false,,8.90,0.0059,true,1,247792
7290110115302,false,משקה מוגז אורנג' זירו פאנטה 1.5 ליטר,החברה המרכזית לייצור,IL,פאנטה זירו אורנג 1.5,,1500.00,,false,,8.90,0.0059,true,1,247793
7290110115333,false,פאנטה תות 1.5 ליטר פיקדון,החברה המרכזית לייצור,IL,פאנטה תות 1.5ליטר,,1500.00,,false,,8.90,0.0059,true,1,247796
7290110115357,false,קינלי סודה 1.5 ליטר פיקדון,קריות זול,IL,קינלי סודה 1.5ליטר,,1500.00,,false,,4.60,0.0031,true,1,247746
7290110115364,false,שישייה קוקה קולה 1.5 ליטר פיקדון,החברה המרכזית לייצור,IL,קוקה קולה שישייה 6*1,,9000.00,,false,,52.90,0.0059,true,1,247648
7290110115401,false,קינלי סודה שישייה 1.5 ליטר פיקדון,החברה המרכזית לייצור,IL,קינלי סודה מארז שישי,,9000.00,,false,,21.70,0.0024,true,1,247800
7290110115418,false,מארז שישייה קוקה קולה זירו 1.5 ל',החברה המרכזית לייצור,IL,קוקה קולה זירו שישיי,,9000.00,,false,,52.90,0.0059,true,1,247739
7290110115449,false,אייס תה בטעם מנגו אננס 1.5ל' FUZE TEA,מבשלות בירה בינלאומי,IL,פיוז טי מנגו אננס 1.,,1500.00,,false,,10.90,0.0073,true,1,247749
7290110115463,false,פיוז טי אפרסק 1.5 ליטר פיקדון,מבשלות בירה בינלאומי,IL,פיוז טי אפרסק 1.5ליט,,1500.00,,false,,10.90,0.0073,true,1,247751
7290110115616,false,FUZE tea zero גרין אננס 1.5 ליטר פיקדון,מבשלות בירה בינלאומי,IL,פיוז טי זירו גרין אנ,,1500.00,,false,,10.90,0.0073,true,1,247756
7290110115623,false,משקה פיוז טי זירו ZERO בטעם אפרסק,מבשלות בירה בינלאומי,IL,פיוז טי זירו אפרסק 1,,1500.00,,false,,10.90,0.0073,true,1,247757
7290110115777,false,מים מינרליים נביעות 1.5 ל,נביעות,,נביעות 1.5 ליטר,,1500.00,,false,,2.90,0.0019,true,1,247870
7290110115821,false,"ספרייט לימון, 1.5 ליטר פקדון",כלורוקס אוקלנד,IL,ספרייט ליים 1.5ליטר,,1500.00,,false,,8.90,0.0059,true,1,247893
7290110115838,false,ספרייט לימון- ליים 1.5 ליטר,"אינסטנטה בע""מ",IL,ספרייט זירו 1.5ליטר,,1500.00,,false,,8.90,0.0059,true,1,247894
7290110115845,false,קוקה קולה 1.5 ליטר פיקדון,"אינסטנטה בע""מ",IL,קוקה קולה 1.5 ליטר,,1500.00,,false,,8.90,0.0059,true,1,247866
7290110115869,false,קוקה קולה זירו 1.5 ליטר פיקדון,תות תעשיות מזון (201,IL,קוקה קולה זירו בקבוק,,1500.00,,false,,8.90,0.0059,true,1,247867
7290110115876,false,קינלי סודה 1.5ליטר-,"אינסטנטה בע""מ",IL,קינלי סודה 1.5ליטר,,1500.00,,false,,4.60,0.0031,true,1,247896
7290110115968,false,קוקה קולה 1 ליטר חדש,קוקה קולה,,קוקה קולה 1ליטר,,1000.00,,false,,7.50,0.0075,true,1,248481
7290110115975,false,קוקה קולה זירו בקבוק,החברה המרכזית לייצור,IL,קוקה קולה זירו 1ליטר,,1000.00,,false,,7.50,0.0075,true,1,248487
7290110116064,false,פאנטה ZERO פירות ירוק 1.5 ליטר פיקדון,החברה המרכזית לייצור,IL,פאנטה זירו פירות ירו,,1500.00,,false,,8.90,0.0059,true,1,249382
7290110116156,false,נביעות+רכיבי פרי מנגו-פסיפלורה 1.5 ליטר-,נביעות,IL,נביעות+רכיבי פרי מנג,,1500.00,,false,,10.90,0.0073,true,1,250019
7290110116170,false,נביעות+רכיבי פרי אננס-קוקוס 1.5 ליטר-,נביעות,IL,נביעות+רכיבי פרי קוק,,1500.00,,false,,10.90,0.0073,true,1,250020
7290110116194,false,נביעות+ סדרת 0 קלוריות לימון-ליים 1.5 לי,"נביעות טבע הגליל בע""",IL,נביעות+לימון ליים 0,,1500.00,,false,,10.90,0.0073,true,1,250021
7290110116217,false,נביעות+ סדרת 0 קלוריות אשכוליות 1.5 ליטר,"נביעות טבע הגליל בע""",IL,נביעות+אשכולית 0 קלו,,1500.00,,false,,10.90,0.0073,true,1,250022
7290110116491,false,פריגת סחוט מיקס אפרסק משמש 1ליטר,פריגת מצוננים,IL,פריגת סחוט מיקס אפרס,,1000.00,,false,,19.90,0.0199,true,1,250838
7290110116569,false,"ספרייט זירו ZERO בק LEMON HIT, 1.5 ליטר",החברה המרכזית לייצור,IL,ספרייט למון היט זירו,,1500.00,,false,,8.90,0.0059,true,1,250708
7290110320591,false,פיראוס בולגרית מעודנת 16% 250 גר,תנובה חלב,IL,בולגרית 16% במרקם מע,,250.00,,false,,24.90,0.0996,true,1,220976
7290110320850,false,פתיתים גבינה חצי קשה מגורדת 28% שומן,תנובה מרכז שיתופי לש,IL,פתיתי עמק 200גר,,200.00,,false,,16.90,0.0845,true,1,229927
7290110320867,false,פתיתים גבינה חצי קשה מגורדת 28% שומן,תנובה מרכז שיתופי לש,IL,פתיתי עמק גבינה צהוב,,500.00,,false,,37.90,0.0758,true,1,229928
7290110320935,false,גבינת מוצרלה תנובה 150ג' פרוסות,תנובה מרכז שיתופי לש,IL,פרוסות מוצרלה 150גר,,200.00,,false,,16.90,0.0845,true,1,229929
7290110321031,false,מעדן חלב GO יוגורט מועשר בחלבון טבעי 200 ג' יופלה,"תנובה, מחלבת אלון תב",IL,יופלה GO יוגורט מועש,,200.00,,false,,5.90,0.0295,true,1,229931
7290110321277,false,"קוטג' בקטנה 100 גרם, 5% שומן מהדרין",פארייפאבה אגרואינדוס,IL,קוטג בקטנה 5% מהדרין,,100.00,,false,,2.90,0.0290,true,1,229941
7290110321284,false,"קוטג' בקטנה 100 גרם, 9% שומן מהדרין",פארייפאבה אגרואינדוס,IL,קוטג בקטנה 9% מהדרין,,100.00,,false,,2.90,0.0290,true,1,229942
7290110321680,false,יוגורט GO בטעם תות 20 גרם חלבון בגביע,מיוצר עי קונדיטוריית,IL,יופלה GO תות 200 גרם,,200.00,,false,,6.30,0.0315,true,1,229948
7290110321697,false,יוגורט GO בטעם אפרסק 20 גרם חלבון בגביע,מיוצר עי קונדיטוריית,IL,יופלה GO אפרסק 200 ג,,200.00,,false,,6.30,0.0315,true,1,229949
7290110321703,false,יוגורט עם פירות יער בתוספת חלבוני חלב 2% שומן,מיוצר עי קונדיטוריית,IL,יופלה גו פירות יער 2,,200.00,,false,,6.30,0.0315,true,1,229950
7290110322014,false,טופו בטעם טבעי תנובה ALTERNATIVE,שוורצקוף& הנקל דיסלד,IL,טופו טבעי 300 גרם,,300.00,,false,,13.70,0.0457,true,1,229957
7290110322038,false,טופו פיקנטי תנובה ALTERNATIVE,שוורצקוף& הנקל דיסלד,IL,טופו פיקנטי 300 גרם,,300.00,,false,,13.70,0.0457,true,1,229959
7290110322946,false,יופלה טיוב יוגורט במרקם חלק בטעם תות בננה כשרות רבנות 348 ג',תנובה חלב,IL,יופלה טיוב יוגורט במ,,348.00,,false,,12.90,0.0371,true,1,229963
7290110323301,false,טל העמק בסגנון אמנטל 32% שומן 200 גרם,פ.פ.ח. שאביט,IL,גבינת טל העמק 32% שו,,200.00,,false,,19.90,0.0995,true,1,229976
7290110323585,false,יופלה יוגורט עם דובדבן מופחת קלוריות 200 ג' GO,יופלה Yoplait,IL,יופלה GO יוגורט עם ד,,200.00,,false,,6.30,0.0315,true,1,229979
7290110323592,false,יופלה יוגורט עם אפרסק מופחת קלוריות 200 ג' GO,יופלה Yoplait,IL,יופלה GO יוגורט עם א,,200.00,,false,,6.30,0.0315,true,1,229980
7290110323714,false,משקה קוקוס שקדים תנובה E אלטרנטיב,מיוצר עי קונדיטוריית,IL,משקה קוקוס שקדים 1 ל,,1000.00,,false,,13.30,0.0133,true,1,229984
7290110324353,false,יוגורט GO לייט בטעם אננס 20 גרם חלבון בגביע,מיוצר עי קונדיטוריית,IL,יופלה GO לייט בטעם א,,200.00,,false,,6.30,0.0315,true,1,229994
7290110324551,false,יופלה טיוב יוגורט במרקם חלק תות כשרות מהדרין,תנובה חלב,IL,יופלה טיוב יוגורט במ,,348.00,,false,,12.90,0.0371,true,1,230001
7290110324711,false,"ממרח סויה בסגנון גבינה טעם טבעי בד""צ",מיוצר עי קונדיטוריית,IL,ממרח סויה 9% בטעם טב,,250.00,,false,,9.50,0.0380,true,1,230010
7290110324841,false,מעדן שקדים עם שוקולד מריר אלטרנטיב,מיוצר עי קונדיטוריית,IL,מעדן שקדים עם שוקולד,,125.00,,false,,4.60,0.0368,true,1,230018
7290110324872,false,גבינה צהובה גלבוע 5% שומן 200 גרם,גלבוע - תנובה,IL,גבינה גלבוע 200גר 5%,,200.00,,false,,18.70,0.0935,true,1,230020
7290110324926,false,משקה סויה ללא תוספת סוכר E אלטרנטיב,תנובה מרכז שיתופי לש,IL,משקה סויה ללא תוספת,,1000.00,,false,,11.90,0.0119,true,1,230024
7290110325084,false,מאגדת שמינייה מיני קרלו שוניל 8*100גרם,תנובה חלב,IL,מאגדת שמינייה מיני ק,,800.00,,false,,14.90,0.0186,true,1,230025
7290110325121,false,משקה יוגורט יופלה גו לייט מנגו אננס,"תנובה בע""מ",IL,משקה יוגורט גו לייט,,250.00,,false,,6.90,0.0276,true,1,230029
7290110325169,false,פרוסות גבינת גאודה ח,תנובה חלב,IL,פרוסות גאודה 170 גרם,,170.00,,false,,19.90,0.1171,true,1,230030
7290110325312,false,מעדן סויה GO מועשר בחלבון בטעם תות,"תנובה בע""מ",IL,מעדן סויה גו בטעם תו,,200.00,,false,,6.30,0.0315,true,1,230033
7290110325619,false,משקה שיבולת שועל תנובה E אלטרנטיב,מיוצר עי קונדיטוריית,IL,משקה שיבולת שועל 1 ל,,1000.00,,false,,13.30,0.0133,true,1,230041
7290110325701,false,פיראוס צזיקי יווני 9% שומן על בסיס יוגורט,גוד פוד פרודקטס S.p,IL,פיראוס צזיקי יווני 9,,250.00,,false,,13.90,0.0556,true,1,230044
7290110325893,false,משקה חלב GO מועשר בחלבון בטעם אייס קפה,מיוצר עי קונדיטוריית,IL,משקה חלב גו אייס קפה,,340.00,,false,,8.70,0.0256,true,1,230053
7290110326210,false,יופלה עם פצפוצי שוקולד 167 גרם,מיוצר עי קונדיטוריית,IL,יופלה און טופ פצפוצי,,157.00,,false,,5.20,0.0331,true,1,230061
7290110326227,false,יוגורט און טופ קורנפלקס 157 ג' יופלה,מיוצר עי קונדיטוריית,IL,יופלה און טופ קורנפל,,157.00,,false,,5.20,0.0331,true,1,230062
7290110326234,false,יוגורט און טופ כוכבים 157 ג' יופלה,מיוצר עי קונדיטוריית,IL,יופלה און טופ כוכבים,,157.00,,false,,5.20,0.0331,true,1,230063
7290110326333,false,פרוסות גבינה בסגנון סקנדינבי 31%,פ.פ.ח. שאביט,IL,פרוסות גבינה סקנדינב,,170.00,,false,,19.90,0.1171,true,1,237661
7290110326906,false,חלב טרי נטול לקטוז 3% 1 ליטר,מיוצר עי קונדיטוריית,IL,חלב נטול לקטוז 3% 1ל,,1000.00,,false,,7.70,0.0077,true,1,230081
7290110327514,false,משקה שיבולת שועל בטעם אגוזי לוז 1 ליטר אלטרנטיב,תנובה מרכז שיתופי לש,IL,משקה שיבולת שועל בטע,,1000.00,,false,,13.30,0.0133,true,1,246460
7290110327545,false,יופלה און טופ בטעם תות בתוספת פצפוצים מצופים שוקולד 157 גרם,מיוצר עי קונדיטוריית,IL,יופלה און טופ תות בת,,157.00,,false,,4.90,0.0312,true,1,230108
7290110327798,false,חטיף חלבון GO - שוקולד 60 ג' חלב נוכרי - רבנות,"בלמונט קונפקציות בע""",US,חטיף חלבון גו בטעם ש,יחידה,0.00,יחידה,false,,12.90,0.0000,true,1,246187
7290110327804,false,חטיף חלבון GO - עוגיות 60 ג' חלב נוכרי - רבנות,"בלמונט קונפקציות בע""",US,חטיף חלבון גו בטעם ע,יחידה,0.00,יחידה,false,,12.90,0.0000,true,1,246188
7290110327811,false,חטיף חלבון GO - קוקוס 60 ג' חלב נוכרי - רבנות,"בלמונט קונפקציות בע""",US,חטיף חלבון גו בטעם ק,יחידה,0.00,יחידה,false,,12.90,0.0000,true,1,246189
7290110327828,false,חטיף חלבון GO - חמאת בוטנים 60 ג' חלב נוכרי - רבנות,"בלמונט קונפקציות בע""",US,חטיף חלבון גו בטעם ח,יחידה,0.00,יחידה,false,,12.90,0.0000,true,1,246190
7290110328092,false,פיראוס פטה יוונית קוביות 21% שומן 150 ג',דודוני תעשיית החלב ה,GR,פיראוס פטה יוונית קו,,150.00,,false,,20.90,0.1393,true,1,246127
7290110328627,false,יוגורט יופלה GO במרקם סמיך בטעם בננה קרמל 0%,מיוצר עי קונדיטוריית,IL,יוגורט גו סמיך 0% בנ,,200.00,,false,,6.30,0.0315,true,1,246115
7290110328641,false,טופו טבעי אלתרנתיב 500 גרם,תנובה חלב,IL,טופו טבעי מארז 2*250,,500.00,,false,,21.90,0.0438,true,1,246561
7290110328764,false,יוגורט יופלה GO במרקם סמיך עם תות 0%,מיוצר עי קונדיטוריית,IL,יוגורט גו סמיך 0% תו,,200.00,,false,,6.30,0.0315,true,1,246119
7290110328771,false,יוגורט יופלה GO במרקם סמיך עם פירות יער 0%,מיוצר עי קונדיטוריית,IL,יוגורט גו סמיך 0% פי,,200.00,,false,,6.30,0.0315,true,1,246116
7290110328788,false,יוגורט יופלה GO במרקם סמיך בטעם אפרסק 0%,תנובה מרכז שיתופי לש,IL,יוגורט גו סמיך 0% אפ,,200.00,,false,,6.30,0.0315,true,1,246117
7290110329266,false,יוגורט תנובה מחלב עיזים מלא תנובה 140 ג',קריות זול,IL,יוגורט תנובה מחלב עי,,140.00,,false,,6.60,0.0471,true,1,246458
7290110329273,false,יוגורט תנובה מחלב עיזים מלא 750 גרם,תנובה,IL,יוגורט תנובה מחלב עי,,750.00,,false,,22.90,0.0305,true,1,246459
7290110329303,false,פרוסות בטעם צהובה קלאסית אלטרנטיב 200 גר,תנובה Alternative,IL,פרוסות בטעם גבינה צה,,200.00,,false,,22.90,0.1145,true,1,246461
7290110329426,false,טופו טבעי 250 ג'+רוטב קרם קוקוס קארי פיקנטי 60 ג' אלטרנטיב,תנובה חלב,IL,טופו טבעי עם רוטב קר,,250.00,,false,,14.90,0.0596,true,1,249147
7290110329433,false,טופו טבעי עם רוטב סצ'ואן אלטרנטיב 250 גרם,תנובה חלב,IL,טופו טבעי עם רוטב סצ,,250.00,,false,,14.90,0.0596,true,1,249148
7290110329686,false,"משקה חלב גו בטעם עוגיות 340 מ""ל",מיוצר עי קונדיטוריית,IL,משקה חלב גו בטעם עוג,,340.00,,false,,8.70,0.0256,true,1,247421
7290110329723,false,משקה קפה קר בטעם לאטה 230 ג' תנובה,תנובה מרכז שיתופי לש,IL,משקה קפה קר בטעם לאט,,230.00,,false,,7.90,0.0343,true,1,249042
7290110329730,false,"משקה חלב עם שוקולד וקפה בסגנון לאטה 2.7%  230 מ""ל תנובה",תנובה מרכז שיתופי לש,IL,משקה חלב עם שוקולד ו,,230.00,,false,,7.90,0.0343,true,1,249043
7290110329792,false,יוגורט סויה BIO Alternative אפרסק 150 ג' תנובה,מיוצר עי קונדיטוריית,IL,סויה ביו אפרסק 150 ג,,150.00,,false,,5.10,0.0340,true,1,247942
7290110329808,false,יוגורט סויה BIO Alternative תות 150 ג' תנובה,מיוצר עי קונדיטוריית,IL,סויה ביו תות 150 ג א,,150.00,,false,,5.10,0.0340,true,1,247938
7290110329822,false,יוגורט סויה BIO Alternative פירות יער 150 ג' תנובה,מיוצר עי קונדיטוריית,IL,סויה ביו פירות יער ג,,150.00,,false,,5.10,0.0340,true,1,247940
7290110329839,false,פרוסות צהובה בטעם זיתים 200 ג' אלטרנטיב אלטרנטיב,מיוצר עי קונדיטוריית,IL,פרוסות צהובה בטעם זי,,200.00,,false,,22.90,0.1145,true,1,247933
7290110329914,false,מאגדת משקה שיבולת שועל ושקדים 100 גרם*6 יח' ביו אלטרנטיב,תנובה מרכז שיתופי לש,IL,מאגדת משקה שיבולת שו,,600.00,,false,,21.70,0.0362,true,1,249145
7290110550219,false,מטבעות שוקולד לבן לאפיה 400 גרם עלית,"פוליבה בע""מ",IL,מטבעות שוקולד לבן לא,,400.00,,false,,29.90,0.0747,true,1,248898
7290110550226,false,מטבעות שוקולד מריר לאפיה 400 גרם עלית,"פוליבה בע""מ",IL,מטבעות שוקולד מריר ל,,400.00,,false,,29.90,0.0747,true,1,248900
7290110550370,false,פריכיות משולשות קינואה ופלפל שחור 65 גרם,שטראוס גרופ,IL,משולשות קינואה ופלפל,,65.00,,false,,10.90,0.1677,true,1,250054
7290110552121,false,יוגורט 5% בתוספת סידן וויטמין D היוגורט הראשון שלי,תנובה מרכז שיתופי לש,IL,היוגורט הראשון שלי 1,,100.00,,false,,2.70,0.0270,true,1,249081
7290110552220,false,יוגורט PRO בטעם תות 0% סוכר לבן 20 גרם חלבון בגביע,"שטראוס בריאות בע""מ",IL,דנונה פרו 20 גרם חלב,,200.00,,false,,6.40,0.0320,true,1,247905
7290110552237,false,יוגורט פרו בטעם אפרסק מנגו ללא סוכר 200 ג' דנונה,"שטראוס בריאות בע""מ",IL,דנונה פרו 20 גרם חלב,,200.00,,false,,6.40,0.0320,true,1,247906
7290110553104,false,נסקפה קפוצ'ינו סטיק קלאסי 130 ג' עלית,שטראוס,IL,אבקה להכנת משקה קפוצ,,130.00,,false,,18.90,0.1454,true,1,250369
7290110553135,false,נסקפה קפוצ'ינו סטיק וניל 130 ג' עלית,שטראוס,IL,אבקה להכנת משקה קפוצ,,130.00,,false,,18.90,0.1454,true,1,250370
7290110553173,false,אנרגי פריכיות אורז בטעם קרמל 50 גרם,סאנורייס בלגיום,IL,פריכיות אנרגי בטעם כ,,40.00,,false,,6.90,0.1725,true,1,250055
7290110553180,false,אנרגי פריכיות אורז בטעם תפוח קינמון 50 ג,סאנורייס בלגיום,IL,פריכיות אנרגי בטעם ת,,40.00,,false,,6.90,0.1725,true,1,250056
7290110553623,false,צ'יטוס קראנצ'י בטעם צ'דר חלפיניו - חלבי,"שטראוס פריטו ליי בע""",IL,ציטוס קראנץ צ'דר חלפ,,80.00,,false,,4.90,0.0613,true,1,249484
7290110554262,false,חלבית מלבין קפה חלבי 350 ג' עלית,,,מלבין קפה חלבית 350,,350.00,,false,,23.90,0.0683,true,1,248337
7290110554422,false,פומודורו רוטב עגבניות ופלפלים לשקשוקה 350 גרם,אמיליאנה קונסרב ס.פ.,IT,רוטב עגבניות ופלפלים,,350.00,,false,,12.90,0.0369,true,1,248111
7290110554583,false,מארז חטיפי צ'יטוס פאפס בטעם גבינה - 10 יחידות,שטראוס פריטו ליי (מל,IL,ציטוס פאפס בטעם גבינ,,200.00,,false,,12.90,0.0645,true,1,247847
7290110554705,false,קפסולות נספרסו לקפה יוניקו סדרת בתי הקלייה 10יח,שטראוס קפה בי.וי.,IL,קפסולות נספרסו לקפה,,50.00,,false,,22.90,0.4580,true,1,250337
7290110554712,false,"קפסולות קפה אספרסו קלייה איטית ובהירה, 10 * 50 ג'",שטראוס קפה בי.וי,IL,קפסולות נספרסו לקפה,,50.00,,false,,22.90,0.4580,true,1,250338
7290110555009,false,פאסטה זוג מחית עגבניות 700 גרם יד מרדכי,אמיליאנה קונסרב ס.פ.,IT,פסאטה מחית עגבניות ז,,1400.00,,false,,12.90,0.0092,true,1,248896
7290110555078,false,לאבנה עם שמן זית ועשבי תיבול 250 גרם,"מחלבות בר בכפר בע""מ",IL,לאבנה עם שמן זית ועש,,250.00,,false,,12.90,0.0516,true,1,249166
7290110555603,false,ספלנדיד אבקה להכנת משקה בטעם שוקולטה,"ג'אלוסיס י. בע""מ",GR,אבקה להכנת משקה שוקו,,360.00,,false,,24.90,0.0692,true,1,250374
7290110555665,false,קקאו דל שומן עלית בקופסא 220 גרם,גיאלוסיס,GR,קקאו דל שומן עלית בק,,220.00,,false,,19.90,0.0905,true,1,250373
7290110556242,false,"שוקולד מריר פרווה 100 גר' בד""ץ תוצרת חוץ","שטראוס גרופ בע""מ.",IL,שוקולד מריר פרווה בד,,100.00,,false,,5.90,0.0590,true,1,250057
7290110557027,false,חומוס עשיר 50% טחינה גולמית 400 ג' אחלה,מיוצר עי קונדיטוריית,IL,חומוס 50% טחינה 400,,400.00,,false,,13.90,0.0348,true,1,247477
7290110557102,false,מעדן חלב עם שוקולד מועשר בחלבון 150 ג' שטראוס,מיוצר עי קונדיטוריית,IL,מעדן חלב עם שוקולד 1,,150.00,,false,,5.50,0.0367,true,1,246847
7290110557133,false,מעדן הגולן וניל 125 ג' שטראוס,מיוצר עי קונדיטוריית,IL,מעדן הגולן וניל 125,,125.00,,false,,3.10,0.0248,true,1,247370
7290110557317,false,יוגורט בתוספת סידן וויטמין ד עם שיבולת שועל 100 ג' דנונה,תנובה מרכז שיתופי לש,IL,היוגורט הראשון שלי ש,,100.00,,false,,2.70,0.0270,true,1,249082
7290110557478,false,חומוס גלילי במרקם מעודן 600 גרם,שטראוס גרופ,IL,אחלה חומוס גלילי 600,,600.00,,false,,12.90,0.0215,true,1,248922
7290110558130,false,יוגורט אקטיביה שיבולת שועל ודבש 150 גרם,שטראוס,IL,אקטיביה עם שיבולת שו,,150.00,,false,,4.90,0.0327,true,1,249391
7290110558154,false,דנונה לייט אנד פרי עוגת תפוחים 150ג דנונה,"שטראוס בריאות בע""מ",IL,דנונה לייט אנד פרי ע,,150.00,,false,,4.90,0.0327,true,1,249694
7290110558222,false,"וואו יוגורט עם שכבה בטעם בנופי פאי 5.4%, 150ג דנונה","שטראוס בריאות בע""מ",IL,דנונה WOW בנופי 150,,150.00,,false,,4.90,0.0327,true,1,249691
7290110558239,false,"וואו יוגורט עם שכבה בטעם קראק פאי 5.4%, 150 ג דנונה","שטראוס בריאות בע""מ",IL,דנונה WOW קראק פאי 1,,150.00,,false,,4.90,0.0327,true,1,249692
7290110558253,false,דנונה שייק נונה ריפרש בננה אננס וצ'יה,"שטראוס בריאות בע""מ",IL,דנונה ריפרש עם אננס,,250.00,,false,,5.90,0.0236,true,1,249392
7290110558284,false,יוגורט ביו מולטי 200 ג' דנונה,"שטראוס בריאות בע""מ",IL,דנונה ביו מולטי 200,,200.00,,false,,4.50,0.0225,true,1,249612
7290110558307,false,יוגורט דנונה PRO עם שיבולת שועל במתיקות מעודנת,"שטראוס בריאות בע""מ",IL,דנונה פרו שיבולת שוע,,200.00,,false,,6.60,0.0330,true,1,248837
7290110558314,false,דנונה פרו 20 גרם חלבון ללא סוכר פיסטוק 200 גרם,"שטראוס בריאות בע""מ",IL,דנונה פרו 20 גרם חלב,,200.00,,false,,6.40,0.0320,true,1,249695
7290110558666,false,מעדן גבינה בטעם תפוח 88 ג' דניאלה,"שטראוס בריאות בע""מ",IL,מעדן דניאלה תפוח 150,,150.00,,false,,4.30,0.0287,true,1,250506
7290110559014,false,שעועית שחורה מבושלת טעם הטבע 380 גרם,קונסרב איטליה,IT,שעועית שחורה 380 גרם,,380.00,,false,,6.90,0.0182,true,1,249745
7290110559755,false,"מאגדת אנרג'י ריל בוטנים,פיסטוק וחמוציות 115 גרם",קונסרב איטליה,GR,ריל מאגדת בוטנים פיס,,105.00,,false,,17.90,0.1705,true,1,249670
7290110559762,false,"מאגדת אנרג'י ריל אגוזים,תמרים,קוקוס 115 גרם",קונסרב איטליה,GR,ריל מאגדת אגוזים תמר,,105.00,,false,,17.90,0.1705,true,1,249671
7290110560324,false,"הפריכיות הטעימות תפו""א, אורז, אפונה ומלח ים","פרח תעשיו מזון בע""מ",IL,פריכיות משולשות-אפונ,,30.00,,false,,5.90,0.1967,true,1,232174
7290110561352,false,דנונה יוגורט ביו פרוביוטי 3% דל לקטוז 150ג',"שטראוס בריאות בע""מ",IL,דנונה ביו דל לקטוז 2,,200.00,,false,,3.80,0.0190,true,1,230185
7290110561604,false,מארז 8 יחידות מעדן גמדים בטעם תות בננה,שטראוס גרופ,IL,גמדים תות בננה מעורב,,800.00,,false,,19.50,0.0244,true,1,230187
7290110563431,false,"משקה קפה קר בסגנון קלאסי 230 מ""ל 1.6% יוטבתה",האי נאם סי או אל.טי.,AT,משקה קפה קר בסיגנון,,230.00,,false,,7.90,0.0343,true,1,230188
7290110563448,false,"משקה קפה קר בסגנון מעודן 230 מ""ל 1.6% יוטבתה",האי נאם סי או אל.טי.,AT,משקה קפה קר בסיגנון,,230.00,,false,,7.90,0.0343,true,1,230189
7290110563462,false,חלב בבקבוק נטול לקטוז 2% יטבתה 1 ל',מחלבת יטבתה,IL,חלב 2% בבקבוק נטול ל,,1000.00,,false,,8.90,0.0089,true,1,230190
7290110564339,false,חומוס אחלה הסידרה המובחר 30% טחינה 400 גר',מיוצר עי קונדיטוריית,IL,חומוס אבי עשיר ב30%,,400.00,,false,,13.90,0.0348,true,1,230192
7290110564360,false,חומוס אחלה הסידרה המובחר 40% טחינה 400 גר',מיוצר עי קונדיטוריית,IL,חומוס אבי עשיר ב40%,,400.00,,false,,13.90,0.0348,true,1,230193
7290110564742,false,"משקה קפה קר בסגנון חזק 230 מ""ל 1.2% יוטבתה",האי נאם סי או אל.טי.,AT,משקה קפה קר בסיגנון,,230.00,,false,,7.90,0.0343,true,1,230198
7290110565435,false,"לימבו ג'לי פטל 125 גרם חלבי ""שטראוס""",שטראוס גרופ,IL,לימבו פטל חלבי 125גר,,125.00,,false,,2.30,0.0184,true,1,230200
7290110565527,false,יוגורט PRO פרו 1.5% 20 גרם חלבון בגביע,"שטראוס בריאות בע""מ",IL,דנונה פרו 20 גרם חלב,,200.00,,false,,6.40,0.0320,true,1,230202
7290110566975,false,דנונה פרו יוגורט 0% תות עשיר בחלבון 200ג',"שטראוס בריאות בע""מ",IL,דנונה פרו 20 גרם חלב,,200.00,,false,,6.40,0.0320,true,1,230204
7290110567057,false,צנצנת מסטיק מאסט קוביות מנטה חזקה 66 ג' עלית,שטראוס גרופ,DE,מסטיק מאסט קוביות מנ,,64.00,,false,,10.90,0.1703,true,1,238878
7290110568238,false,"קצפת צמחית 21% שומן 250 מ""ל יוטבתה",מחלבת יטבתה,IL,קצפת צמחית 21% שומן,,250.00,,false,,8.50,0.0340,true,1,230206
7290110568276,false,משקה וניל פרו Pro מועשר בחלבון 1.5%,שטראוס גרופ,IL,משקה יוטבתה פרו וניל,,350.00,,false,,6.90,0.0197,true,1,230207
7290110568559,false,דוריטוס עלית מארז חמוץ חריף 10 יח' *25 ג',שטראוס פריטו ליי (מל,IL,דוריטוס בטעם טבעי מא,,250.00,,false,,14.90,0.0596,true,1,229800
7290110570880,false,פולי אספרסו עשירים וארומטיים עוצמה 14 250 ג' עלית,,IL,פולי קפה אספרסו עשיר,,250.00,,false,,22.90,0.0916,true,1,248901
7290110571184,false,עדשים חומות 380 גר שטראוס טעם הטבע,קונסרב איטליה,IT,עדשים חומות 380 ג טע,,380.00,,false,,6.90,0.0182,true,1,249743
7290110571382,false,מעדן חלב בטעם וניל מעושר בחלבון 150 ג' שטראוס,"שטראוס בריאות בע""מ",IL,מעדן חלב בטעם וניל 1,,150.00,,false,,5.50,0.0367,true,1,248740
7290110571405,false,עלית - מיני פינוקיות בגביע פסק זמן 180 גרם,הגביע,IL,מיני פינוקיות בגביע,,180.00,,false,,10.90,0.0606,true,1,250346
7290110571412,false,מיני פינוקיות - פאדג' שוקולד בגביע 180 גרם,הגביע,IL,מיני פינוקיות בגביע,,180.00,,false,,10.90,0.0606,true,1,250347
7290110571474,false,רבע לשבע טבעוני פופקורן 125 ג' עלית,הגביע מוצרי וופלים ב,IL,רבע לשבע טבעוני פופק,,125.00,,false,,12.90,0.1032,true,1,249413
7290110572129,false,כיף כף מקלות שוקולד לבן 40 ג' עלית,סולן בעבור שטראוס,TR,כיף כיף מקלות שוקולד,,40.00,,false,,5.90,0.1475,true,1,250341
7290110572884,false,"קפסולות קפה מספר 20 למכונת אספרס אספרסו, 50 גרם",שטראוס קפה בי.וי.,IL,קפסולות קפה נספרסו 2,יחידה,0.00,יחידה,false,,18.90,0.0000,true,1,250375
7290110572969,false,כיף כף פצפצים עקרם לבן 40ג' עלית,שולן צ'יקולטה גידה ס,TR,כיף כף פצפצים קרם לב,,40.00,,false,,5.90,0.1475,true,1,249736
7290110572976,false,כיף כף פצפצים בגביע במילוי קרם בטעם שוקולד לבן,שולן צ'יקולטה גידה ס,TR,כיף כך פיצפוצים קרם,,135.00,,false,,11.90,0.0881,true,1,249737
7290110576356,false,"שוקולד ספלנדיד מריר 64% - חלבי , מפולי קקאו מפרו",קימ'ס גריפלנן,BE,ספלנדיד שוקולד מריר,,100.00,,false,,11.90,0.1190,true,1,249440
7290110576363,false,"שוקולד ספלנדיד מריר 80% חלבי ,פולי קקאו מאוגנדה",קימ'ס גריפלנן,BE,ספלנדיד שוקולד מריר,,100.00,,false,,11.90,0.1190,true,1,249439
7290110576370,false,מארז שלישייה שוקולד מריר חלבי עם אגוזי לוז,שטראוס,IL,מארז שלישייה שוקולד,,300.00,,false,,25.90,0.0863,true,1,250061
7290110576752,false,טבלאות שוקולד ספלנדיד מריר 70% 100 ג' עלית,קימ'ס גריפלנן,BE,שוקולד ספלנדיד 70% מ,,100.00,,false,,11.90,0.1190,true,1,250344
7290110576776,false,טבלאות שוקולד ספלנדיד מריר 85% 100 ג' עלית,קימ'ס גריפלנן,BE,שוקולד ספלנדיד 85% מ,,100.00,,false,,11.90,0.1190,true,1,250345
7290110576790,false,סקי בטעם מוקה 125 ג' שטראוס,מגנום- שטראוס,IL,סקי גבינת מוקה 125גר,,125.00,,false,,3.90,0.0312,true,1,250507
7290110577230,false,משקה חלב פיסטוק 1ליטר יטבתה בקבוק,שטראוס גרופ,IL,משקה חלב בטעם פיסטוק,,1000.00,,false,,12.30,0.0123,true,1,250500
7290110577247,false,"יטבתה משקה חלב-פיסטוק בבקבוק 350 מ""ל",שטראוס גרופ,IL,משקה חלב בטעם פיסטוק,,350.00,,false,,6.90,0.0197,true,1,250501
7290111010194,false,מגבוני תינוקות בייבי,,,מגבוני תינוקות בייבי,יחידה,0.00,יחידה,false,,11.90,0.0000,true,1,240485
7290111010200,false,תיק רב סל,,,תיק רב סל,יחידה,0.00,יחידה,false,,2.90,0.0000,true,1,236392
7290111010248,false,"שמן זית בורגתא 750מ""",Unknown,,"שמן זית בורגתא 750מ""",,750.00,,false,,29.90,0.0399,true,1,236460
7290111010279,false,מגבונים לניקוי כללי,,,מגבונים לניקוי כללי,יחידה,0.00,יחידה,false,,10.00,0.0000,true,1,234511
7290111010293,false,נייר טואלט טוטו 48 ג,,,נייר טואלט טוטו 48 ג,,48.00,,false,,33.90,0.7062,true,1,235786
7290111010323,false,פפריקה מתוקה בשמן סו,,,פפריקה מתוקה בשמן סו,,400.00,,false,,18.90,0.0472,true,1,238041
7290111010330,false,מגבונים להסרת איפור,,,מגבונים להסרת איפור,יחידה,0.00,יחידה,false,,7.90,0.0000,true,1,236851
7290111010439,false,*מבצע* יין פרינס רוי,,,*מבצע* יין פרינס רוי,,750.00,,false,,19.90,0.0265,true,1,240796
7290111010491,false,אקונומיקה 4 ליטר סן,,,אקונומיקה 4 ליטר סן,,4000.00,,false,,14.90,0.0037,true,1,249505
7290111010507,false,נוזל כלים 18% תפוח 1,,,נוזל כלים 18% תפוח 1,,1600.00,,false,,11.90,0.0074,true,1,249526
7290111010514,false,נוזל כלים 18% לימון,,,נוזל כלים 18% לימון,,1600.00,,false,,11.90,0.0074,true,1,249527
7290111010583,false,נייר טואלט טוטו דו ש,,,נייר טואלט טוטו דו ש,יחידה,0.00,יחידה,false,,33.90,0.0000,true,1,247500
7290111010590,false,תמרים מלך המגהול 1קג,,,תמרים מלך המגהול 1קג,,1000.00,,false,,19.90,0.0199,true,1,247176
7290111010613,false,"שמן זית בשן 750מ""ל",,,"שמן זית בשן 750מ""ל",,750.00,,false,,29.90,0.0399,true,1,247539
7290111010637,false,ערק כביר אסלי עם פסי,Unknown,,ערק כביר אסלי עם פסי,,700.00,,false,,39.90,0.0570,true,1,247860
7290111010668,false,יין לוטן בלנד אדום75,,,יין לוטן בלנד אדום75,,750.00,,false,,29.90,0.0399,true,1,248302
7290111010682,false,יין לוטן שיראז קברנה,,,יין לוטן שיראז קברנה,,750.00,,false,,29.90,0.0399,true,1,248304
7290111010699,false,יין יערה קברנה סובינ,,,יין יערה קברנה סובינ,,750.00,,false,,29.90,0.0399,true,1,248305
7290111010705,false,יין יערה אמרלד ריזלי,,,יין יערה אמרלד ריזלי,,750.00,,false,,29.90,0.0399,true,1,248306
7290111010712,false,יין יערה שיראז קברנה,,,יין יערה שיראז קברנה,,750.00,,false,,29.90,0.0399,true,1,248307
7290111010736,false,יין קברנה סוביניון ש,,,יין קברנה סוביניון ש,,750.00,,false,,29.90,0.0399,true,1,248531
7290111010743,false,יין מרלו שאטו רפאלו,,,יין מרלו שאטו רפאלו,,750.00,,false,,29.90,0.0399,true,1,248532
7290111010767,false,אקונומיקה סן רמו מבו,,,אקונומיקה סן רמו מבו,,4000.00,,false,,14.90,0.0037,true,1,249506
7290111010774,false,מרכך כביסה בייבי פרש,,,מרכך כביסה בייבי פרש,,4000.00,,false,,16.90,0.0042,true,1,249507
7290111010781,false,מרכך כביסה פרש מונקו,,,מרכך כביסה פרש מונקו,,4000.00,,false,,16.90,0.0042,true,1,249508
7290111010798,false,מרכך כביסה פרש אורנג,,,מרכך כביסה פרש אורנג,,4000.00,,false,,16.90,0.0042,true,1,249509
7290111010811,false,מרכך כביסה פרש בליסי,,,מרכך כביסה פרש בליסי,,4000.00,,false,,16.90,0.0042,true,1,249511
7290111010828,false,מרכך כביסה פרש לאונר,,,מרכך כביסה פרש לאונר,,4000.00,,false,,16.90,0.0042,true,1,249512
7290111010835,false,מרכך כביסה פרש ונילה,,,מרכך כביסה פרש ונילה,,4000.00,,false,,16.90,0.0042,true,1,249513
7290111010842,false,מרכך כביסה בייבי פרש,,,מרכך כביסה בייבי פרש,,1000.00,,false,,12.90,0.0129,true,1,249514
7290111010866,false,מרכך כביסה פרש אורנג,,,מרכך כביסה פרש אורנג,,1000.00,,false,,12.90,0.0129,true,1,249516
7290111010873,false,מרכך כביסה פרש לבנדר,,,מרכך כביסה פרש לבנדר,,1000.00,,false,,12.90,0.0129,true,1,249517
7290111010880,false,מרכך כביסה פרש בליסי,,,מרכך כביסה פרש בליסי,,1000.00,,false,,12.90,0.0129,true,1,249518
7290111010897,false,מרכך כביסה פרש לאונר,,,מרכך כביסה פרש לאונר,,1000.00,,false,,12.90,0.0129,true,1,249519
7290111010903,false,מרכך כביסה פרש ונילה,,,מרכך כביסה פרש ונילה,,1000.00,,false,,12.90,0.0129,true,1,249520
7290111010910,false,נוזל רצפות מרוכז מאס,,,נוזל רצפות מרוכז מאס,,2000.00,,false,,16.90,0.0084,true,1,249521
7290111010927,false,נוזל רצפות מרוכז ספר,,,נוזל רצפות מרוכז ספר,,2000.00,,false,,16.90,0.0084,true,1,249522
7290111010934,false,נוזל רצפות מרוכז ספא,,,נוזל רצפות מרוכז ספא,,2000.00,,false,,16.90,0.0084,true,1,249523
7290111010941,false,נוזל רצפות מרוכז לבנ,,,נוזל רצפות מרוכז לבנ,,2000.00,,false,,16.90,0.0084,true,1,249524
7290111010958,false,נוזל רצפות מרוכז בית,,,נוזל רצפות מרוכז בית,,2000.00,,false,,16.90,0.0084,true,1,249525
7290111010965,false,נוזל רצפות לבנדר 4 ל,,,נוזל רצפות לבנדר 4 ל,,4000.00,,false,,12.90,0.0032,true,1,249528
7290111010972,false,נוזל רצפות מאסק 4 לי,,,נוזל רצפות מאסק 4 לי,,4000.00,,false,,12.90,0.0032,true,1,249529
7290111010989,false,נוזל רצפות מרענן 4 ל,,,נוזל רצפות מרענן 4 ל,,4000.00,,false,,12.90,0.0032,true,1,249530
7290111010996,false,תמר מלך המגהול גולד,,,תמר מלך המגהול גולד,,500.00,,false,,19.90,0.0398,true,1,249010
7290111011023,false,שמן זית כתית מעולה צ,,,שמן זית כתית מעולה צ,,750.00,,false,,29.90,0.0399,true,1,249458
7290111011047,false,נוזל חלונות 1 ליטר ס,,,נוזל חלונות 1 ליטר ס,,750.00,,false,,8.90,0.0119,true,1,250132
7290111011085,false,מטליות לחות לרצפה לב,,,מטליות לחות לרצפה לב,יחידה,0.00,יחידה,false,,10.90,0.0000,true,1,250206
7290111011092,false,מטליות לחות לרצפה מר,,,מטליות לחות לרצפה מר,יחידה,0.00,יחידה,false,,10.90,0.0000,true,1,250207
7290111093005,false,"I-CARE מג'להסרת איפור, 25 יח בפלופק",די.פי.אל תעשיות מוצר,IL,מגבונים להסרת איפור,יחידה,0.00,יחידה,false,,7.90,0.0000,true,1,229116
7290111093470,false,"קוויק מסיר הפלא ספוגית להסרת כתמים, 3 יחידות",,CN,*מבצע* קוויק ספוגית,יחידה,0.00,יחידה,false,,8.90,0.0000,true,1,249811
7290111093760,false,מגבונים לניקוי רצפות בניחוח מרכך כביסה 10 יח' קוויק,די.פי.אל,,קוויק מגבונים לניקוי,יחידה,0.00,יחידה,false,,10.90,0.0000,true,1,248437
7290111094248,false,"קוויק שקית אשפה חזקה וגדולה במיוחד (90*78), 20 יח'",,TR,קוויק שקיות אשפה XL,יחידה,0.00,יחידה,false,,19.90,0.0000,true,1,226287
7290111283338,false,קופסת אוכל מחולקת מט,,,קופסת אוכל מחולקת מט,יחידה,0.00,יחידה,false,,19.90,0.0000,true,1,229878
7290111340178,false,מטליות לחות ניקול לניקוי כללי בניחוח מרכך כביסה 50 יח',על בד,IL,מטליות לחות לניקוי כ,,50.00,,false,,10.90,0.2180,true,1,229635
7290111340185,false,מטליות לחות ניקול לניקוי רצפות בניחוח מרכך 10 יח',על בד,IL,מטליות לחות לרצפה בנ,,10.00,,false,,11.90,1.1900,true,1,229636
7290111341366,false,מפיות אירוח 1 שכבתי 30*30 150 יח' לבן,חוגלה קימברלי,IL,מפיות אירוח ניקול 15,יחידה,0.00,יחידה,false,,10.90,0.0000,true,1,229640
7290111341373,false,נייר טואלט לילי פסטל 30 גלילים,חוגלה קימברלי,IL,לילי פסטל נייר טואלט,,30.00,,false,,39.90,1.3300,true,1,226428
7290111341984,false,לילי - מגבוני נייר טואלט לח פיור רביעייה,קימברלי,IL,לילי נייר טואלט לח מ,יחידה,0.00,יחידה,false,,22.90,0.0000,true,1,229643
7290111342738,false,לילי - מגבוני נייר טואלט לח קידס רביעייה,חוגלה,IL,לילי נייר טואלט לח ק,יחידה,0.00,יחידה,false,,22.90,0.0000,true,1,229652
7290111343117,false,"קלינקס לושן סופט פק זוגות 140 דף ""חדש""",קימברלי קלארק,IL,קלינקס לושן סופט פק,יחידה,0.00,יחידה,false,,13.90,0.0000,true,1,223573
7290111343841,false,ניקול ספוגית הקסם נירוסטה 3 יחידות,חוגלה,IL,ספוגית הקסם נירוסטה,יחידה,0.00,יחידה,false,,10.90,0.0000,true,1,237274
7290111344503,false,חיתולי האגיס אקסטרה קייר מידה +4 36 יח',חוגלה קימברלי,IL,האגיס אקסטרא קייר מי,יחידה,0.00,יחידה,false,,49.90,0.0000,true,1,244960
7290111344527,false,ניקול שקיות אשפה XXL לפחים ענקיים 20 יחי,אשפלסט,IL,זוג שקיות אשפה ענקיי,יחידה,0.00,יחידה,false,,25.90,0.0000,true,1,245096
7290111344879,false,קוטקס מגיני תחתון 2IN1 מחזור+שתן 44 יחיד,חוגלה,CN,קוטקס מגן תחתון 2 ב,יחידה,0.00,יחידה,false,,19.90,0.0000,true,1,248184
7290111344930,false,מטליות לחות לרצפה בניחוח מרכך כביסה 10 יח' ניקול,עלבד,IL,מטליות לחות לרצפה בנ,,10.00,,false,,11.90,1.1900,true,1,247142
7290111345814,false,נייר טואלט לילי נטורל קר 30 גלילים מהדורה,קימברלי קלארק,IL,נייר טואלט לילי נטור,יחידה,0.00,יחידה,false,,39.90,0.0000,true,1,248298
7290111346125,false,מארז שלישייה מגבוני דיילי קר ללא בישום *56 יח' האגיס,קימברלי,IL,מגבוני האגיס דיילי ק,יחידה,0.00,יחידה,false,,18.90,0.0000,true,1,249648
7290111346132,false,מארז שלישייה מגבוני סנסטיב קר ללא בישום *56 יח' האגיס,עלבד,IL,מגבוני האגיס סנסטיב,יחידה,0.00,יחידה,false,,18.90,0.0000,true,1,249649
7290111346293,false,מגבות ניקול שישייה מהדורה חגיגית,קימברלי קלארק,IL,מגבות מטבח שישייה ני,יחידה,0.00,יחידה,false,,12.90,0.0000,true,1,248750
7290111352959,false,גומי יוגטה מקלותי חמוצים טעם פירות 80 גר,יוגטה yogueta,TR,יוגטה מקלות חמוצים 8,,80.00,,false,,4.90,0.0613,true,1,237751
7290111352966,false,יוגטה סוכריות ממולאות בטעם פירות 250 גרם ללא ג'לטין,ליימן שליסל,TR,סוכריות גומי ממולאות,,250.00,,false,,8.50,0.0340,true,1,230171
7290111353123,false,"גומי נחש מסוכר 200 גר' וסטהיים (כש""לפ בית יוסף)",טופגם תעשיות ממתקים,IL,סוכריות גומי נחשים מ,,200.00,,false,,9.90,0.0495,true,1,230175
7290111534010,false,פס גבינה שמנת ופירורים 400 ג',קפולסקי שיווק וקמעונ,IL,פס גבינה שמנת ופירור,,450.00,,false,,42.90,0.0953,true,1,220813
7290111563492,false,סלטי צבר מטבוחה חריפה מרובע 6*400גרם,סלטי צבר,IL,מטבוחה חריפה צבר מרו,,400.00,,false,,12.90,0.0323,true,1,229137
7290111564277,false,פריכיות דקות ונימוחות 3 דגנים פיטנס Fitness,פרח תעשיות,IL,פריכיות 3 דגנים דקות,,120.00,,false,,11.90,0.0992,true,1,229141
7290111564291,false,פריכיות דקות ונימוחות 3 דגנים וקינואה פיטנס Fitness,פרח תעשיות,IL,פריכיות דקות עם קינו,,120.00,,false,,11.90,0.0992,true,1,229142
7290111566127,false,מאגדת אוראו מיני סנדוויץ' 6 יח' נסטלה,ג'נרל מילס סאן אדריא,IT,מאגדת אוראו מיני סנד,,198.00,,false,,26.90,0.1359,true,1,229788
7290111566226,false,טבעול שניצל ברוקולי 664 גרם,עיצובים 2020 (4.8),IL,שניצל ברוקולי טבעול,,667.00,,false,,34.90,0.0523,true,1,229156
7290111566240,false,שניצל דק מן הצומח בטעם צ'ילי חריף 700 גרם,עיצובים 2020 (4.8),IL,שניצל דק בטעם צ'ילי,,564.00,,false,,34.90,0.0619,true,1,229157
7290111566318,false,שניצל דק מן הצומח בטעם ביתי 700 גרם,עיצובים 2020 (4.8),IL,שניצל דק מן הצומח טב,,564.00,,false,,34.90,0.0619,true,1,229160
7290111566332,false,"נקניקיות וינר מן הצומח 680 גרם ""טבעול""",עיצובים 2020 (4.8),IL,נקניקיות וינר צמחוני,,680.00,,false,,34.90,0.0513,true,1,229161
7290111566417,false,טבעול טחון מן הצומח משופר 400 גרם,עיצובים 2020 (4.8),IL,טחון צמחוני טבעול 50,,500.00,,false,,34.90,0.0698,true,1,229162
7290111566547,false,טבעול חזה בגריל צמחוני 99 קלוריות 560ג',עיצובים 2020 (4.8),IL,חזה בגריל צמחוני 99,,560.00,,false,,34.90,0.0623,true,1,229164
7290111566691,false,"שניצל תרד 99 קלוריות 560 גרם ""טבעול""",עיצובים 2020 (4.8),IL,שניצל טבעול תרד 99 ק,,560.00,,false,,34.90,0.0623,true,1,229168
7290111566776,false,"נקניקיות קוקטייל מן הצומח 680 גרם ""טבעול""",עיצובים 2020 (4.8),IL,נקניקיות קוקטייל צמח,,680.00,,false,,34.90,0.0513,true,1,229171
7290111568206,false,ביסלי פארטי מיקס 150 ג' אסם,פרו מן יו פתרונות אר,IL,ביסלי פארטי מיקס אסם,,150.00,,false,,9.50,0.0633,true,1,229176
7290111568251,false,אטריות נודלס להקפצה אסם אסייתי 350 גר',תאי פרזידנטפוד,TH,נודלס איטריות להקפצה,,350.00,,false,,10.90,0.0311,true,1,229177
7290111930805,false,קראנצ'וס טעם ברביקיו 55 גר',חברת מנה בעמ,IL,קראנצוס ברביקיו 55,,55.00,,false,,4.30,0.0782,true,1,229820
7290111930850,false,קראנצ'וס טעם פיצה 55גר',קראנצ'וס,IL,קראנצוס פיצה 55 גרם,,55.00,,false,,4.30,0.0782,true,1,229821
7290111930898,false,חטיף פוף כוכבים גריל אמריקאי 40 גרם,פוף POOF,IL,חטיף פוף כוכבים גריל,,40.00,,false,,4.20,0.1050,true,1,229824
7290111930904,false,חטיף פוף כוכבים בצל 40 גרם,פוף POOF,IL,חטיף פוף כוכבים בצל,,40.00,,false,,4.20,0.1050,true,1,229825
7290111930928,false,חטיף פוף לבבות גריל 40 גרם,פוף POOF,IL,חטיף פוף לבבות גריל,,40.00,,false,,4.20,0.1050,true,1,229827
7290111930935,false,חטיף פוף טבעות קלאסי 40 גרם,פוף POOF,IL,חטיף פוף טבעות קלאסי,,40.00,,false,,4.20,0.1050,true,1,229828
7290111932380,false,"מרידול משחת שיניים מארז 75X2מ""ל כשל""פ",GABA LOER GER,DE,מרידול מארז זוג משחו,,150.00,,false,,29.90,0.1993,true,1,244514
7290111933554,false,עגבניות איטלקיות קוביות - מארז שלישיה,קונסוריזיו קאסאלסקו,IT,עגבניות קוביות מאסטר,,1200.00,,false,,16.90,0.0141,true,1,229837
7290111936296,false,"פלמוליב סבון נוזלי בניחוח סנסיישן מסאז' ,750 מ""ל",קולגייט פלמוליב,TR,פלמוליב תחליב רחצה ס,,750.00,,false,,21.90,0.0292,true,1,229845
7290111937248,false,פרי מארז חטיפים 5 יחידות תמרים קשיו ונגיעות לוז כשלפ,הדקלאים אגודת שיתופי,IL,פרי חטיפי תמרים קשיו,,125.00,,false,,18.90,0.1512,true,1,229851
7290111937255,false,פרי מארז חטיפים 5 יחידות תמרים בוטנים ואגוזי לוז כשלפ,טבעית מוצרים מן הטבע,IL,פרי חטיפי תמרים בוטנ,,125.00,,false,,18.90,0.1512,true,1,229852
7290111937262,false,"פרי מארז חטיפי 5יח תמרים ,אגוזים ושברי קקאו 125גר",טבעית מוצרים מן הטבע,IL,פרי חטיפי תמרים אגוז,,125.00,,false,,18.90,0.1512,true,1,229853
7290112000293,false,"גל לניקוי אסלות סיליט באנג מרענן 750 מ""ל",סיליט באנג Cillit Bang,PL,סיליט באנג גל לניקוי,,750.00,,false,,9.90,0.0132,true,1,232051
7290112000385,false,מנקה ומחטא עוצמתי למטבח ללא אקונומיקה,רקיט בנקיזר,PL,מנקה ומחטא למטבח 750,,750.00,,false,,15.90,0.0212,true,1,232052
7290112000408,false,מנקה ומחטא עוצמתי לניקוי כללי בניחוח לימון,רקיט בנקיזר,US,מנקה ומחטא לניקוי כל,,750.00,,false,,15.90,0.0212,true,1,232054
7290112000828,false,דטול - מגבונים חיטוי וניקוי אנטי בקטריאלי 60 יח',רקיט בנקיזר,PL,מטליות לחות מנקה ומח,יחידה,0.00,יחידה,false,,15.90,0.0000,true,1,232058
7290112000842,false,דטול מגבונים לניקוי כללי בניחות לימון 60 יח',רקיט בנקיזר,US,מטליות לחות מנקה ומח,יחידה,0.00,יחידה,false,,15.90,0.0000,true,1,232059
7290112001436,false,"פיניש מנקה מדיח כלים בניחוח לימון 250 מ""ל",רקיט בנקיזר,PL,פיניש מנקה ומחדש ניח,,250.00,,false,,21.90,0.0876,true,1,232070
7290112002099,false,קולון גל כביסה מרוכז 2.5 ליטר קלאסי,רקיט בנקיזר,IL,קולון גל מרוכז רגיל,ליטרים,2.50,ליטר,false,,25.90,10.3600,true,1,232082
7290112002129,false,ג'ל כביסה מרוכז קולון 101 בניחוח פריחה מרענן,רקיט בנקיזר,IL,קולון ג'ל מרוכז פריח,ליטרים,2.50,ליטר,false,,25.90,10.3600,true,1,232085
7290112004208,false,טבליות למדיח בניחוח לימון 50 יח' פיניש,RECKITT BENCKISER PR,PL,פיניש טבליות למדיח,יחידה,0.00,יחידה,false,,35.90,0.0000,true,1,249099
7290112004611,false,"וניש קליה ג'ל מרוכז לטיפול נקודתי בכתמים 200 מ""ל",רקיט בנקיזר,PT,וניש קליה פאואר ג'ל,,200.00,,false,,13.90,0.0695,true,1,248828
7290112004710,false,וניש תוסף כביסה גל מרוכז-כביסה לבנה,רקיט בנקיזר,IT,ג'ל וניש שקוף לכביסה,,750.00,,false,,19.90,0.0265,true,1,250633
7290112005045,false,וניש מסיר כתמים אבקה לכביסה לבנה 480 גרם,רקיט בנקיזר,IT,וניש אבקה לכביסה לבנ,,480.00,,false,,19.90,0.0415,true,1,249401
7290112005052,false,וניש תוסף כביסה רב תכליתי לבגדים לבנים,קליה וניש Kalia Vanish,IT,וניש אבקה לכביסה לבנ,,1500.00,,false,,39.90,0.0266,true,1,249399
7290112005076,false,וניש תוסף כביסה רב תכליתי צבעוני 480 גרם,רקיט בנקיזר,IT,וניש אבקה לכביסה צבע,,480.00,,false,,19.90,0.0415,true,1,249402
7290112005083,false,וניש תוסף כביסה רב תכליתי לכביסה צבעונית,קליה וניש Kalia Vanish,IT,וניש אבקה לכביסה צבע,,1500.00,,false,,39.90,0.0266,true,1,249400
7290112330352,false,"יוגורט PRO בטעם וניל 0% , 20 גרם חלבון בגביע","שטראוס בריאות בע""מ",IL,דנונה פרו וניל 0% שו,,200.00,,false,,6.40,0.0320,true,1,230209
7290112330390,false,יוגורט PRO בטעם פירות יער 0% 20 גרם חלבון בגביע,"שטראוס בריאות בע""מ",IL,דנונה פרו 20 גרם פיר,,200.00,,false,,6.40,0.0320,true,1,230210
7290112330420,false,דנונה פרו לבן 2.9% שומן 150 ג',מיוצר עי קונדיטוריית,IL,דנונה פרו לבן 150 ג,,150.00,,false,,4.90,0.0327,true,1,230211
7290112332585,false,"פריכיות תפו""א, אורז בתיבול סלק ומלח חי 30 גר'","פרח תעשיו מזון בע""מ",IL,"פריכיות תפו""א/אורז/ב",,30.00,,false,,5.90,0.1967,true,1,232212
7290112332691,false,פינוקיות עוגיות קרם פסק זמן אגוזים 200 גרם,הגביע מוצרי ופלים בע,IL,עוגיות קרם פסק זמן א,,200.00,,false,,10.90,0.0545,true,1,232216
7290112332899,false,עלית - צנצנת בזוקה פופים קלאסי 58 גרם,רוג'ר אנד רוג'ר,IL,בזוקה פופים קלאסי 58,,58.00,,false,,10.90,0.1879,true,1,232220
7290112335487,false,פריכיות הטעימות קצח ודגנים אנרגי 135 גר,אנרג'י Energy - שטראוס,IL,פריכיות הטעימות קצח,,135.00,,false,,13.90,0.1030,true,1,232226
7290112335494,false,הפריכיות הטעימות תפוחי אדמה בטעם פוטטוס,"פרח תעשיות מזון בע""מ",IL,פריכיות הטעימות פוטט,,135.00,,false,,13.90,0.1030,true,1,232227
7290112336644,false,סוכריות מאסט ללא סוכר לימון 80 ג' עלית,שטראוס גרופ,PL,מאסט סוכריות לימון ל,,80.00,,false,,9.30,0.1163,true,1,232243
7290112336712,false,יוגורט PRO לבן 0% 21 גרם חלבון בגביע,"שטראוס בריאות בע""מ",IL,דנונה פרו 21 עשיר בח,,200.00,,false,,6.40,0.0320,true,1,230221
7290112337474,false,סוכריות מאסט ללא סוכר פטל לימון 80 ג' עלית,שטראוס גרופ,PL,מאסט סוכריות פטל לימ,,80.00,,false,,9.30,0.1163,true,1,232246
7290112338877,false,מעדן גבינה בטעם תות 3% 125ג' סקי,"שטראוס בריאות בע""מ",IL,סקי תות 3% 125 גרם,,125.00,,false,,3.90,0.0312,true,1,230222
7290112339171,false,מילקי מוס עם שוקולד וקצפת,מיוצר עי קונדיטוריית,IL,מילקי מוס 81גר,,81.00,,false,,3.60,0.0444,true,1,230226
7290112339362,false,דנונה לייט אנד פריי בטעם קפוצ'ינו 150 גרם,דנונה - שטראוס,IL,דנונה לייט אנד פרייי,,150.00,,false,,4.80,0.0320,true,1,230229
7290112339867,false,גמדים לדרך גבינה לבנה עם מחית תות,שטראוס,IL,גמדים סקוויז תות 100,,100.00,,false,,5.90,0.0590,true,1,230232
7290112339874,false,גמדים לדרך גבינה לבנה עם מחיות תות ובננה,שטראוס,IL,גמדים סקוויז תות בננ,,100.00,,false,,5.90,0.0590,true,1,230233
7290112340122,false,פריכיות טעימות 3 דגנים אנרגי 135 גר,אנרג'י Energy - שטראוס,IL,פריכיות הטעימות 3 דג,,135.00,,false,,13.90,0.1030,true,1,232252
7290112340245,false,צנצנת מסטיק מאסט בטעם דובדבן 66 ג' עלית,"שטראוס גרופ בע""מ",IL,מסטיק מאסט דובדבן מג,,66.00,,false,,10.90,0.1652,true,1,232254
7290112340252,false,צנצנת מסטיק מאסט בטעם אבטיח מלון 66 ג' עלית,"שטראוס גרופ בע""מ",IL,מסטיק מאסט אבטיח מלו,,66.00,,false,,10.90,0.1652,true,1,232255
7290112340276,false,פינוקיות עוגיות קרם קפה 200 גרם,הגביע מוצרי ופלים בע,IL,עוגיות קרם קפה נמס 2,,200.00,,false,,10.90,0.0545,true,1,232257
7290112341556,false,אקטיביה עם צ'יה ותות 150 ג' דנונה,דנונה - שטראוס,IL,אקטיביה צ'יה ותות 15,,150.00,,false,,4.90,0.0327,true,1,230237
7290112341679,false,דנונה אקטיביה 3% שומן 200 גרם,מיוצר עי קונדיטוריית,IL,אקטיביה 3% 200 גרם,,150.00,,false,,3.90,0.0260,true,1,230238
7290112341686,false,מארז אקטיביה שמיניה 3% 150 גר*8,מיוצר עי קונדיטוריית,IL,אקטיביה 3% מארז שמינ,,1200.00,,false,,21.90,0.0182,true,1,230239
7290112342102,false,סימפוניה גבינה במרקם שמנת בצל מקורמל 5%,"שטראוס בריאות בע""מ",IL,גבינת סימפוניה בצל מ,,200.00,,false,,11.80,0.0590,true,1,230242
7290112342508,false,דוריטוס ציזי טוויסט 70 גר,שטראוס פריטו ליי (מל,IL,דוריטוס קול ראנצ' 70,,70.00,,false,,3.90,0.0557,true,1,229811
7290112343260,false,"יטבתה רוטב שמנת קלאסי 9% שומן 260 מ""ל",שטראוס גרופ,IL,רוטב שמנת קלאסי 9% י,,250.00,,false,,10.90,0.0436,true,1,230247
7290112343420,false,"משקה חלב עם דגנים מלאים ובננה פרו יטבתה 350מ""ל",מחלבת יטבתה,IL,שייק פרו ארוחת בוקר,,350.00,,false,,7.70,0.0220,true,1,230248
7290112343499,false,חטיף צ'יטוס פאפס אפוי בטעם גבינה,"שטראוס פריטו ליי בע""",IL,ציטוס פופס 55גרם,,55.00,,false,,3.90,0.0709,true,1,247064
7290112344755,false,מילקי שוקולד 26% פחות סוכר 135 גרם,מיוצר עי קונדיטוריית,IL,מילקי בטעם שוקולד עם,,135.00,,false,,2.90,0.0215,true,1,230252
7290112346360,false,בפלות אחת אחת ופל בטעם שוקולד מצופה שוקולד,הגביע מוצרי וופלים ב,GR,בפלות בציפוי שוקולד,,180.00,,false,,14.90,0.0828,true,1,232296
7290112346537,false,עוגיות פינוקיות בטעם טורטית 200 ג' עלית,הגביע מוצרי ופלים בע,IL,עוגיות פינוקיות בטעם,,200.00,,false,,10.90,0.0545,true,1,232297
7290112346629,false,דנונה בר יוגורט+קורנפלקס מצופה שוקולד חלב ולבן 172 גרם,דנונה - שטראוס,IL,דנונה עם קורנפלקס מצ,,172.00,,false,,4.80,0.0279,true,1,230259
7290112346773,false,יוגורט בטעם וניל 0% לייט אנד פרי 10 גרם חלבון בגביע,מיוצר עי קונדיטוריית,IL,דנונה לייט אנד פריי,,150.00,,false,,4.90,0.0327,true,1,244602
7290112346797,false,יוגורט אקטיביה שיבולת שועל ושזיף 150 גרם,מיוצר עי קונדיטוריית,IL,אקטיביה שיבולת שועל,,150.00,,false,,4.90,0.0327,true,1,230264
7290112346827,false,אקטימל ויטמין c פטל שמינייה 864 גרם,שטראוס גרופ,IL,אקטימל ויטמין C פטל,,864.00,,false,,21.90,0.0253,true,1,230265
7290112347008,false,גמדים לדרך גבינה לבנה עם מחית תות ושיבולת שועל,מיוצר עי קונדיטוריית,IL,גמדים סקוויז ארוחת ב,,100.00,,false,,5.90,0.0590,true,1,230266
7290112348142,false,שעועית לבנה 380 גר' בקופסה טעם הטבע,שטראוס טעם הטבע,IT,שעועית לבנה ט.הטבע ק,,380.00,,false,,6.90,0.0182,true,1,232306
7290112348999,false,פריכיות טעימות תירס דקות 135 גרם,פרח תעשיות,IL,אנרג'י פריכיות הטעימ,,135.00,,false,,13.90,0.1030,true,1,244416
7290112349606,false,מעדן גבינה ויוגורט תות בננה 88 ג' דניאלה,"שטראוס בריאות בע""מ",IL,דניאלה בטעם תות בננה,,88.00,,false,,4.30,0.0489,true,1,247907
7290112349705,false,פומודורו רוטב עגבניות קלאסי לפסטה 350 גר' יד מרדכי,אמיליאנה קונסרב סוסי,IT,רוטב עגבניות קלאסי ל,,350.00,,false,,12.90,0.0369,true,1,232322
7290112349743,false,ארביאטה רוטב עגבניות פיקנטי לפסטה 350 ג' יד מרדכי,אמיליאנה קונסרב ס.פ.,IT,רוטב עגבניות פיקנטי,,350.00,,false,,12.90,0.0369,true,1,232324
7290112349750,false,פיצה רוטב עגבניות לפיצה 350 גר' יד מרדכי,אמיליאנה קונסרב ס.פ.,IT,רוטב עגבניות לפיצה 3,,350.00,,false,,12.90,0.0369,true,1,232325
7290112349897,false,מסטיק מאסט Must קוביות בטעם מנטה ללא סוכר,רוג'ר אנד רוג'ר,DE,מאסט קוביות מנטה 86ג,,86.00,,false,,14.90,0.1733,true,1,232326
7290112349903,false,רוטב שמנת עם גרגירי וניל 9% שומן 260 ג' יטבתה,מחלבת יטבתה,IL,רוטב שמנת עם גרגירי,,250.00,,false,,10.90,0.0436,true,1,248846
7290112350312,false,קפסולות 15 קפה יותר למכונות נספרסו עלית 10יח',הנסיך- מפעל לייצור ט,IL,קפסולות מס' 15למכונו,,50.00,,false,,18.90,0.3780,true,1,232331
7290112351258,false,עוגיית קקאו פינוקיות שחור לבן 200 גר,הגביע מוצרי ופלים,IL,פינוקיות שחור לבן 20,,200.00,,false,,10.90,0.0545,true,1,232337
7290112354211,false,"פיצה מרגריטה""דלישס"" שטראוס",סקרלינפיצה אס.אר.אל,IT,פיצה מרגריטה 400גרם,,400.00,,false,,27.90,0.0697,true,1,250552
7290112355027,false,דנונה פרו 20 גרם חלבון קרמל מלוח 200 גרם,"שטראוס בריאות בע""מ",IL,דנונה פרו 20 בטעם קר,,200.00,,false,,6.40,0.0320,true,1,230307
7290112355102,false,גמדים סקוויז 100 גרם פאוץ סלט פירות 100 גרם,"שטראוס בריאות בע""מ",IL,גמדים סקוויז סלט פיר,,100.00,,false,,5.90,0.0590,true,1,244872
7290112355393,false,"יטבתה רוטב שמנת+בטטה 9% שומן 250 מ""ל",שטראוס גרופ,IL,רוטב שמנת עם בטטה 2,,257.00,,false,,10.90,0.0424,true,1,250499
7290112355812,false,מילקי טופ קורנפלקס 141 ג' שטראוס,"שטראוס גרופ בע""מ",IL,מילקי טופ קורנפלקס 1,,141.00,,false,,4.90,0.0348,true,1,249397
7290112356536,false,אבקת קקאו 150 גר 10% תוספת עלית,הנסיך- מפעל לייצור ט,IL,קקאו עלית 150 גרם+10,,150.00,,false,,10.90,0.0727,true,1,232354
7290112357069,false,מחית עגבניות איטלקיות בקופסה 500 גר' טעם הטבע,שטראוס טעם הטבע,IT,מחית עגבניות איטלקיו,,500.00,,false,,7.90,0.0158,true,1,232356
7290112357083,false,טעם הטבע אפונה ירוקה 380 גרם קופסה,הדקלאים אגודת שיתופי,IT,אפונת גינה ט.הטבע קו,,380.00,,false,,6.90,0.0182,true,1,238904
7290112357113,false,גרגרי חומוס בקופסה 380 גר' טעם הטבע,שטראוס טעם הטבע,IT,גרגרי חומוס ט.הטבע ק,,380.00,,false,,6.90,0.0182,true,1,232358
7290112358127,false,דנונה פרו חלבון+מגנזיום- וניל ועוגיות 200 גרם,מיוצר עי קונדיטוריית,IL,דנונה פרו 20גר חלבון,,200.00,,false,,6.60,0.0330,true,1,230312
7290112358233,false,יד מרדכי רוטב צילי חריף 300גרם,"בית אל מזון בע""מ",IL,רוטב צילי חריף 300 ג,,300.00,,false,,14.90,0.0497,true,1,238908
7290112358240,false,רוטב גריל יד מרדכי 300 גרם,"בית אל מזון בע""מ",IL,רוטב לעוף גריל 300גר,,300.00,,false,,14.90,0.0497,true,1,238909
7290112358257,false,רוטב לעוף עם שזיפים יד מרדכי 300 גרם,יד מרדכי,IL,רוטב לעוף עם שזיפים,,300.00,,false,,14.90,0.0497,true,1,232364
7290112358431,false,עד חצות דאבל ביסקוויט עם שוקולד חלב -8 אריזות אישיות,הדקלאים אגודת שיתופי,IL,עד חצות ביסקוויט דאב,,200.00,,false,,14.90,0.0745,true,1,245758
7290112359353,false,קפה טורקי קלוי וטחון אלדין,STRAUSS-ISRAEL,IL,אלדין קפה טורקי 200ג,,200.00,,false,,19.90,0.0995,true,1,248498
7290112490032,false,"נמס בכוס תירס קנור בד""ץ, זוגי 22.5X2 גרם,",יוניליוור,IL,נמס בכוס קנור תירס,יחידה,0.00,יחידה,false,,7.50,0.0000,true,1,229662
7290112490117,false,טבלת קליק XL אגוז וופל 85 ג' ורד הגליל!,יוניליוור ישראל מזון,IL,קליק שוקולד וופל ואג,,85.00,,false,,6.90,0.0812,true,1,229666
7290112490599,false,חרדל צרפתי עם גרגירים 350 גר'-הלמנס,הלמנס hellmann's,FR,חרדל צרפתי עם גרגירי,,350.00,,false,,13.50,0.0386,true,1,237315
7290112490650,false,קונפיטורה תות שדה 340 גרם-צנצנת,קונפיטורות לה-ארדניי,IL,קונפיטורה 778 תות שד,,340.00,,false,,14.90,0.0438,true,1,226525
7290112490667,false,קונפיטורה משמש778 50% פרי 340 גר',אתר חיפה 778 - Food,IL,קונפיטורה 778 משמש 3,,340.00,,false,,14.90,0.0438,true,1,229671
7290112490728,false,מרק עשיר ירקות עם בורגול רכיבים טבעיים 95 ג' קנור,יוניליוור ישראל מזון,IL,מרק עשיר ירקות בורגו,,95.00,,false,,12.90,0.1358,true,1,237316
7290112490742,false,מרק עשיר פטריות עם גריסים רכיבים טבעיים 104 ג' קנור,יוניליוור,IL,מרק עשיר פטריות גריס,,104.00,,false,,12.90,0.1240,true,1,237318
7290112490759,false,מרק עשיר עוף עם אטריות רכיבים טבעיים 74 ג' קנור,יוניליוור,IL,מרק עשיר עוף איטריות,,74.00,,false,,12.90,0.1743,true,1,237319
7290112491787,false,בייגלה דקים דקים שומשום קלאסי 300 גרם,בייגל בייגל BB,IL,בייגלה דקים דקים שומ,,300.00,,false,,10.90,0.0363,true,1,229682
7290112492470,false,פינוק 2ב-1 שמפו ומרכך לשיער יבש ופגום,אתר ליוור - HPC,IL,פינוק 2ב1 לשיער יבש,,700.00,,false,,13.90,0.0199,true,1,244518
7290112492531,false,פינוק מרכך שיער רגיל 700 מל-חדש,אתר ליוור - HPC,IL,פינוק מרכך לשיער רגי,,700.00,,false,,13.90,0.0199,true,1,226534
7290112492548,false,"מרכך פינוק עם שמן חוחובה 700 מ""ל",אתר ליוור - HPC,IL,פינוק מרכך לשיער יבש,,700.00,,false,,13.90,0.0199,true,1,226535
7290112492579,false,פינוק מרכך בתוספת שמן קוקוס 700 מל-חדש,אתר ליוור - HPC,IL,פינוק מרכך לשיער שמן,,700.00,,false,,13.90,0.0199,true,1,226536
7290112492593,false,תחליב רחצה פינוק בניחוח פינוק קלאסי 700,אתר ליוור - HPC,IL,פינוק תחליב רחצה קלא,,700.00,,false,,12.90,0.0184,true,1,226537
7290112492609,false,"תחליב רחצה פינוק 700 מ""ל לבנדר ווניל",אתר ליוור - HPC,IL,פינוק תחליב רחצה לבנ,,700.00,,false,,12.90,0.0184,true,1,226538
7290112492722,false,"2ב-1 שמפו ומרכך פינוק אל דמע לסירוק קל לילדים 700 מ""ל",אתר ליוור - HPC,IL,פינוק שמפו ומרכך ליל,,700.00,,false,,13.90,0.0199,true,1,237326
7290112492999,false,קנור מרק עוף אמיתי 400 גרם פרווה,יוניליוור ישראל מזון,IL,"מרק טעם עוף קנור בד""",,400.00,,false,,16.50,0.0413,true,1,226545
7290112493095,false,נמס בכוס מרק עגבניות חריף רכיבים טבעיים קנור 48 ג',אתר חיפה אבקות - Foo,IL,נמס בכוס קנורעגבניות,,48.00,,false,,7.50,0.1563,true,1,229696
7290112493316,false,מרק אפונה רכיבים טבעיים 117 ג' קנור,יוניליוור,IL,מרק היום אפונה 100%,,117.00,,false,,12.90,0.1103,true,1,229704
7290112493934,false,גלידה וניל צרפתי 1.33ל' קרמיסימו,"גלידת שטראוס בע""מ, ר",IL,קרמיסימו וניל 1.33 ל,,1330.00,,false,,21.90,0.0165,true,1,229896
7290112493965,false,קרמיסימו חלבית בטעם מסטיק וניל 665 גר,"גלידת שטראוס בע""מ, ר",IL,קרמיסימו מסטיגם 1.33,,1300.00,,false,,21.90,0.0168,true,1,229897
7290112494153,false,תיבולית ניחוח צלי קנור 72 גרם,יוניליוור ישראל מזון,IL,קנור תיבולית בניחוח,יחידה,0.00,יחידה,false,,10.90,0.0000,true,1,237329
7290112495433,false,דגני דליפקאן תוספת אגוזי פקאן ושקדים 400 גר,יוניליור שפע ישראל ב,IL,"דליפקאן בד""ץ תלמה 40",,400.00,,false,,23.90,0.0597,true,1,229749
7290112495754,false,"רטבי הלמנס לסלט 300 מ""ל אלף האיים",יוניליוור ישראל מזון,IL,הלמנס לסלט אלף האיים,,305.00,,false,,14.90,0.0489,true,1,229757
7290112495761,false,"הלמנס רוטב לחיץ אלף האיים לייט 290 מ""ל",יוניליוור ישראל מזון,IL,הלמנס לסלט אלף האיים,,305.00,,false,,14.90,0.0489,true,1,234763
7290112495976,false,פריכיות אורז בציפוי שוקולד חלב 35גר-חדש,גוד פוד פרודקטס Sp.z,PL,פתית פריכיות שוקולד,,35.00,,false,,4.90,0.1400,true,1,229767
7290112496027,false,סירופ שוקולד 580 גרם-בקבוק,יוניליוור ישראל מזון,IL,אפיכל סירופ שוקולד 5,,580.00,,false,,15.90,0.0274,true,1,229769
7290112496270,false,"פתית צ'יפס תפו""א בתוספת עגבניות ועשבי תיבול 22 ג'",JLM גלובל פודס37 דרך,GB,"פתית צ'יפס תפו""א עם",,0.00,,false,,4.90,0.0000,true,1,237343
7290112497000,false,פנטסטיק תרכיז ניקוי רב תכליתי בניחוח לימון,"זוהר דליה, קיבוץ דלי",IL,סיף תרכיז ניקוי רב ת,,1000.00,,false,,12.90,0.0129,true,1,229772
7290112497031,false,רוטב עגבניות לקציצות קנור 415 גרם,יוניליוור,IT,רוטב עגבניות לקציצות,,415.00,,false,,11.90,0.0287,true,1,245149
7290112497710,false,פינוק בייבי שמפו אל דמע לתינוקות 700 מל,יוניליוור,IL,פינוק שמפו אל דמע תי,,700.00,,false,,16.90,0.0241,true,1,250035
7290112498090,false,מרכך בתוספת שמן חוחבה 700 מ''ל פינוק,אתר ליוור - HPC,IL,פינוק מרכך בתוספת שמ,,700.00,,false,,13.90,0.0199,true,1,226547
7290112498267,false,פינוק אל סבון לידיים בניחוח פינוק קלאסי,קוסטר אירוסול ולף סנ,TR,פינוק סבון ידיים קלא,,950.00,,false,,12.90,0.0136,true,1,246757
7290112498298,false,"אל סבון ליידים בתוספת שמן מרוקאי פינוק 950 מ""ל",קוסטר אירוסול ולף סנ,TR,פינוק סבון ידיים מרו,,950.00,,false,,12.90,0.0136,true,1,246760
7290112498441,false,"קנור רוטב אסיאתי למוקפץ 300 מ""ל בד""ץ",אתר חיפה 778 - Food,IL,רוטב אסייתי למוקפץ ק,,370.00,,false,,14.90,0.0403,true,1,245706
7290112498526,false,"פתית צ'יפס עם בטטה סגולה בטעם שמנת ובצל, 22 גרם",JLM גלובל פודס37 דרך,GB,פתית צ'יפס בטטה סגול,יחידה,0.00,יחידה,false,,4.90,0.0000,true,1,247952
7290112498915,false,מאגדת מיני מגנום שקדים מובחרים 250 ג',"מיוצר ע""י גלידת שטרא",IL,מיני מגנום שקדים מוב,,250.00,,false,,29.90,0.1196,true,1,245589
7290112499066,false,קרמיסימו ש לבן פיסטוק כשלפ,"גלידת שטראוס בע""מ, ר",IL,קרמיסימו גלידה בטעם,,1330.00,,false,,21.90,0.0165,true,1,247432
7290112499493,false,"רקסונה - דאודורנט ספריי לאישה אלוורה 150 מ""ל",יונילוור ארגנטינה -,RU,רקסונה דאו אלוורה 15,,150.00,,false,,14.90,0.0993,true,1,248318
7290112499509,false,"רקסונה - דאודורנט ספריי לאישה בניחוח אפרסק ולמון גראס 150 מ""ל",קוסטר - תורכיה,RU,רקסונה ספריי נשים אפ,,150.00,,false,,14.90,0.0993,true,1,249652
7290112700407,false,נר גדול מנצנץ זהב ענ,,,נר גדול מנצנץ זהב ענ,יחידה,0.00,יחידה,false,,8.90,0.0000,true,1,240538
7290112705471,false,קערה במבוק נסיכות,שמחה זה אנחנו,CN,קערה במבוק נסיכות,יחידה,0.00,יחידה,false,,9.90,0.0000,true,1,234890
7290112961372,false,פיטנס חטיפי פריכיות דקות קינמון 60 גרם,"פרח תעשיות מזון בע""מ",IL,פיטנס חטיפי פריכיות,,60.00,,false,,8.90,0.1483,true,1,229199
7290112963918,false,פיטנס חטיפי קרקר דק רוזמרין 140 גרם,נסטלה Nestle,IL,פיטנס קרקר דק רוזמרי,,140.00,,false,,12.90,0.0921,true,1,229223
7290112964410,false,אסם רוטב אלף האיים חדש לסלט 290 גרם,"אסם תעשיות בע""מ",IL,רוטב אלף האיים לסלט,,290.00,,false,,12.90,0.0445,true,1,229232
7290112964434,false,אסם רוטב קיסר חדש לסלט 295 גרם,"אסם תעשיות בע""מ",IL,רוטב קיסר לסלט אסם 2,,295.00,,false,,12.90,0.0437,true,1,229233
7290112964472,false,אסם רוטב שום חדש לסלט 290 גרם,"אסם תעשיות בע""מ",IL,רוטב שום לסלט אסם 29,,290.00,,false,,12.90,0.0445,true,1,229235
7290112964564,false,"רוטב אלף האיים לייט לסלט 290 מ""ל אסם","אסם תעשיות בע""מ",IL,רוטב אלף האיים לייט,,295.00,,false,,12.90,0.0437,true,1,229237
7290112964601,false,רוטב בנוסח סצ'ואן הסדרה האסייתית,"אסם תעשיות בע""מ",IL,אסם רוטב בנוסח סצואן,,290.00,,false,,15.90,0.0548,true,1,229239
7290112964625,false,אסם רוטב שום לייט חדש לסלט 310 גרם,"אסם תעשיות בע""מ",IL,רוטב שום לייט לסלט א,,310.00,,false,,12.90,0.0416,true,1,229240
7290112965165,false,מרק נמס בטעם פטריות זוג * 24 ג' אסם,"אסם תעשיות בע""מ",IL,זוג מרק נמס פטריות ב,,34.00,,false,,6.90,0.2029,true,1,229247
7290112965240,false,אוסם - מרק נמס עגבניות זוג 30 גרם * 2,"אסם תעשיות בע""מ",IL,זוג מרק נמס עגבניות,,44.00,,false,,6.90,0.1568,true,1,229250
7290112965288,false,אסם זוג מרק נמס ירקות בדצ10*30גרם,"אסם תעשיות בע""מ",IL,זוג מרק נמס ירקות בד,,56.00,,false,,6.90,0.1232,true,1,229252
7290112965660,false,פיטנס - חטיף מולטיגריין מלח פלפל 25 גרם,מיוצר עי קונדיטוריית,IL,פיטנס חטיף מולטיגריי,,25.00,,false,,5.90,0.2360,true,1,229263
7290112965684,false,פיטנס - חטיף מולטיגריין עשבי תיבול 25 גרם,מיוצר עי קונדיטוריית,IL,פיטנס חטיף מולטיגריי,,25.00,,false,,5.90,0.2360,true,1,229264
7290112965707,false,פיטנס - חטיף מולטיגריין צילי מעודן 25 גרם,"אסם השקעות בע""מ",IL,פיטנס חטיף מולטיגריי,,25.00,,false,,5.90,0.2360,true,1,229265
7290112965783,false,אוסם - ביסלי פריסטייל על האש 60 גרם,"אסם תעשיות בע""מ",IL,ביסלי פריסטייל על הא,,60.00,,false,,5.50,0.0917,true,1,245884
7290112965981,false,טבעול גורמה ארוחת דגנים 450 גרם,טבעול (מקבוצת אסם הש,IL,טבעול גורמה ארוחת דג,,450.00,,false,,38.90,0.0864,true,1,249023
7290112966247,false,לחמית כוסמין 200 ג' אסם,"אסם תעשיות בע""מ",IL,לחמית כוסמין אסם 200,,200.00,,false,,11.90,0.0595,true,1,237110
7290112966445,false,במבה מתוקה אריזה גדולה 100 ג' אסם,"אסם תעשיות בע""מ",IL,במבה מתוקה אסם 100 ג,,100.00,,false,,8.90,0.0890,true,1,229281
7290112966803,false,אסם פודינג אינסטנט שוקולד 95 גרם,"אסם תעשיות בע""מ",IL,פודינג שוקולד אסם 88,,88.00,,false,,5.90,0.0670,true,1,229292
7290112967138,false,בייגלה שמיניות ללא גלוטן 250 גרם אסם,מיוצר עי קונדיטוריית,IL,בייגלה שמיניות ללא ג,,250.00,,false,,14.50,0.0580,true,1,229296
7290112967381,false,פיטנס חטיפי פריכיות קטניות ומלח ים 60 גר',"פרח תעשיות מזון בע""מ",IL,פיטנס חטיפי פריכיות,,60.00,,false,,8.90,0.1483,true,1,229297
7290112967572,false,"אסם רוטב ברביקיו 290 מ""ל אסם",Unknown,IL,רוטב ברבקיו אוסם 290,,290.00,,false,,12.90,0.0445,true,1,229302
7290112967596,false,רוטב טריאקי כשלפ 290,"אסם תעשיות בע""מ",,"רוטב טריאקי כשל""פ 29",,290.00,,false,,13.50,0.0466,true,1,248459
7290112968524,false,צבר סלט חומוס גרגירים רכים 6*250גרם,שוורצקוף& הנקל דיסלד,IL,סלט חומוס סמיר צבר 2,,250.00,,false,,10.90,0.0436,true,1,229323
7290112968807,false,פיטנס - קרקר דק סלק 140 גרם,מפעל אסם יקנעם,IL,פיטנס קרקר דק סלק 14,,140.00,,false,,12.90,0.0921,true,1,240501
7290112968821,false,פיטנס - קרקר דק בטטה 140 גרם,מפעל אסם יקנעם,IL,פיטנס קרקר דק בטטה 1,,140.00,,false,,12.90,0.0921,true,1,237115
7290113190450,false,ממרח תמרים שאן 450 גרם,"תמר העמקים בע""מ",IL,ממרח תמרים 450 גרם ש,,450.00,,false,,5.90,0.0131,true,1,235439
7290113192201,false,תערובת להכנת סחלב 500 גרם,"י. כהן בע""מ",IL,תערובת להכנת סחלב 50,,500.00,,false,,14.90,0.0298,true,1,238264
7290113192300,false,זיתים מושחרים חרוזית 275 גרם בית השיטה,בית השיטה,IL,חרוזית מושחר 275גרם,,275.00,,false,,10.90,0.0396,true,1,229332
7290113192324,false,זיתים ירוקים ושלמים בינוניים 340 גרם,בית השיטה,IL,זית ירוק 340גרם בית,,340.00,,false,,10.90,0.0321,true,1,229334
7290113192331,false,בית השיטה זיתים ירוקים גדולים 340 גרם*,בית השיטה,IL,זיתים ירוקים שלמים ג,,560.00,,false,,10.90,0.0195,true,1,229335
7290113192355,false,חרוזית זיתים ירוקים ללא גלעין 275 ג' בית השיטה,בית השיטה,IL,חרוזית ירוק 275גרם ב,,275.00,,false,,10.90,0.0396,true,1,229337
7290113192362,false,זיתים ירוקים טבעות A2 בית השיטה 280 גרם,בית השיטה,IL,טבעות זיתים ירוקים 2,,280.00,,false,,10.90,0.0389,true,1,229338
7290113192386,false,בית השיטה זיתים ירוקים סורי מבוקע 340גרם,בית השיטה,IL,זית סורי מבוקע 340גר,,340.00,,false,,11.90,0.0350,true,1,229340
7290113192393,false,בית השיטה קוקטייל זיתים א2 336 גרם,בית השיטה,IL,קוקטייל זיתים 336גרם,,336.00,,false,,12.50,0.0372,true,1,229341
7290113192478,false,בית השיטה מלפפונים במלח בינוני 10-12 320 גרם,בית השיטה,IL,מלפפון במלח בינוניים,,320.00,,false,,8.90,0.0278,true,1,229349
7290113192485,false,בית השיטה מלפפונים בחומץ בינוני 10-12 290 גרם,בית השיטה,IL,מלפפון בחומץ 10-12 2,,290.00,,false,,8.90,0.0307,true,1,229350
7290113192492,false,בית השיטה מלפפונים בחומץ קטנים 1317 290 גרם,בית השיטה,IL,מלפפון בחומץ קטנים 1,,290.00,,false,,10.90,0.0376,true,1,229351
7290113192508,false,בית השיטה מלפפונים במלח קטן 1317 320 גרם,בית השיטה,IL,מלפפון במלח קטנים 13,,320.00,,false,,10.90,0.0341,true,1,229352
7290113192515,false,בית השיטה מלפפונים במלח קטן מאוד 1825 320 גרם,בית השיטה,IL,מלפפון במלח 18-25 קט,,320.00,,false,,12.90,0.0403,true,1,229353
7290113192522,false,בית השיטה מלפפונים בחומץ קטן מאוד 1825 290 גרם,בית השיטה,IL,מלפפון בחומץ 18-25 ק,,290.00,,false,,12.90,0.0445,true,1,229354
7290113192539,false,בית השיטה מלפפונים במלח גדול 79 320 גרם,בית השיטה,IL,מלפפון במלח גדולים 7,,320.00,,false,,7.90,0.0247,true,1,229355
7290113192546,false,"מלפפונים בחומץ רכיבים טבעיים 7-9 ""בית השיטה""",בית השיטה,IL,מלפפון בחומץ גדולים,,290.00,,false,,7.90,0.0272,true,1,229356
7290113192577,false,בית השיטה כרוב כבוש חתוך 430 גרם,בית השיטה,IL,כרוב כבוש א2 430 גרם,,430.00,,false,,8.40,0.0195,true,1,229359
7290113192881,false,"טורטיה חיטה מופחת קלוריות, קוטר 20 ס""מ - 6 יח'",דין שיווק,TR,טורטיה חיטה מופחתת ק,,270.00,,false,,9.90,0.0367,true,1,238270
7290113192997,false,בית השיטה זית מרוקאי 340 גרם*,בית השיטה,IL,זית שחור יבש 340 גרם,,340.00,,false,,14.50,0.0426,true,1,229360
7290113193000,false,בית השיטה פלפל שיפקונית 230 גרם*,שוורצקוף& הנקל דיסלד,IL,פלפל שיפקונית 230 גר,,230.00,,false,,11.90,0.0517,true,1,229361
7290113193017,false,בית השיטה חרוזית קוקטייל זיתים 275 גרם,"אסם תעשיות בע""מ",IL,קוקטייל זיתים חרוזית,,275.00,,false,,14.50,0.0527,true,1,229362
7290113193031,false,חרוזית קלמטה - זיתים שחורים ללא גלעין קלמטה,שוורצקוף& הנקל דיסלד,IL,חרוזית קלמטה 275 גרם,,275.00,,false,,14.50,0.0527,true,1,229363
7290113194090,false,בית השיטה טבעות זיתים קלמטה 280 גרם,בית השיטה,IL,זית קלמטה טבעות 280,,280.00,,false,,14.50,0.0518,true,1,237124
7290113195271,false,ממרח פלפלים פיקנטיים 360 גרם,דין שיווק,MK,ממרח פלפלים פיקנטיים,,360.00,,false,,12.90,0.0358,true,1,244798
7290113195363,false,שמן חמניות מזוכך זית השיטה 1 ליטר,בית השיטה,IL,שמן חמניות מזוכך בית,,1000.00,,false,,11.90,0.0119,true,1,246769
7290113195967,false,שיבולת שועל פחית 500 גרם,דין שיווק,IL,שיבולת שועל 500גרם פ,,500.00,,false,,9.90,0.0198,true,1,244800
7290113196001,false,פסטה ספגטי 500 גרם שקדיה,,,פסטה ספגטי שקדיה 500,,500.00,,false,,5.90,0.0118,true,1,249632
7290113196018,false,פסטה ביסלי 500 גרם שקדיה,,,פסטה ביסלי שקדיה 500,,500.00,,false,,5.90,0.0118,true,1,249635
7290113196025,false,פסטה צינורות 500 גרם שקדיה,,,פסטה צינורות שקדיה 5,,500.00,,false,,5.90,0.0118,true,1,249636
7290113196032,false,פסטה צדפים 500 גרם שקדיה,,,פסטה צדפים 500 גרם,,500.00,,false,,5.90,0.0118,true,1,249634
7290113196049,false,פסטה קרניים שקדיה 50,,,פסטה קרניים שקדיה 50,,500.00,,false,,5.90,0.0118,true,1,249637
7290113196414,false,"אורז בסמטי 1 ק""ג כחול מטאלי שקדיה",דאבה סינג שאם סינג,IN,"אורז בסמטי 1 ק""ג שקד",,1000.00,,false,,12.90,0.0129,true,1,247312
7290113196896,false,תרסיס שמן זית 170 ג' שקדיה,שקדיה,IL,"תרסיס שמן זית 170 מ""",,170.00,,false,,14.90,0.0876,true,1,247311
7290113196902,false,מנה חמה אטריות אורז בטעם בקר 70 ג' סו שף,טיאן האנג פוד ג'וינט,VN,מנה חמה אטריות אורז,,60.00,,false,,7.90,0.1317,true,1,249640
7290113196919,false,מנה חמה אטריות אורז בטעם עוף70 ג' סו שף,טיאן האנג פוד ג'וינט,VN,מנה חמה אטריות אורז,,60.00,,false,,7.90,0.1317,true,1,249641
7290113196926,false,מנה חמה אטריות אורז בטעם ירקות 70 ג' סו שף,טיאן האנג פוד ג'וינט,VN,מנה חמה אטריות אורז,יחידה,0.00,יחידה,false,,7.90,0.0000,true,1,249639
7290113196933,false,מנה חמה אטריות אורז בטעם טום יאס70 ג' סו שף,טיאן האנג פוד ג'וינט,VN,מנה חמה אטריות אורז,,60.00,,false,,7.90,0.1317,true,1,249642
7290113197169,false,חמאת בוטנים טבעית 510 גר,סופר נוטרי פודס,IN,חמאת בוטנים טבעית 51,,510.00,,false,,17.90,0.0351,true,1,249643
7290113197176,false,חמאת בוטנים עם שבבים 510 גר,סופר נוטרי פודס,IN,חמאת בוטנים טבעית עם,,510.00,,false,,17.90,0.0351,true,1,249644
7290113199323,false,מיני טורטיה מקמח תירס,א. אקסולר גידה,TR,טורטיה מיני 150 גרם,,150.00,,false,,4.90,0.0327,true,1,249638
7290113199699,false,מוזלי שיבולת שועל עם בוטנים אגוזי לוז ושקדים 500ג' שקדיה,,,מוזלי שיבולת שועל ע,,500.00,,false,,10.90,0.0218,true,1,249196
7290113199774,false,ממרח בוטנים 300 גרם השקדיה,פפאיינס,TW,ממרח 100 % בוטנים 30,,300.00,,false,,14.90,0.0497,true,1,249201
7290113199781,false,ממרח אגוזים ובוטנים 100% 200 גרם,פפאיינס,TW,ממרח 100 % אגוזים ו,,300.00,,false,,14.90,0.0497,true,1,249202
7290113594593,false,שלישיית ביצי שוקולד(חלב נוכרי)-קונג פו פנדה,,,שלישיית ביצי שוקולד,,60.00,,false,,9.90,0.1650,true,1,234911
7290113790049,false,מארז 3 נורה 10 וואט,,,מארז 3 נורה 10 וואט,יחידה,0.00,יחידה,false,,19.90,0.0000,true,1,248025
7290113791947,false,מארז 3 נורה 15 וואט,,,מארז 3 נורה 15 וואט,יחידה,0.00,יחידה,false,,29.90,0.0000,true,1,248026
7290114310215,false,"שמנת מתוקה 38% רמת הגולן 250 מ""ל ווסטהיים - מוצר בפיקוח",מילקו תעשיות בעמ,IL,שמנת מתוקה 38% בקבוק,,250.00,,false,,6.47,0.0259,true,1,229816
7290114310222,false,חלב 1.5 ליטר 3% מועשר בסידן וויטמין D.,מילקו תעשיות בעמ,IL,חלב טרה 1.5ל 3ֵ% מעו,,1500.00,,false,,12.90,0.0086,true,1,223754
7290114310239,false,חלב טרה נטול לקטוז מועשר בוויטמין D 2% 1.5 ל',מילקו תעשיות בעמ,IL,חלב נטול לקטוז 1.5 ל,,1500.00,,false,,12.90,0.0086,true,1,223755
7290114310338,false,"צפתית מעודנת 5% ""משק צוריאל"" 2250 גרם",מחלבת משק צוריאל,IL,צפתית מעודנת 225גר,,225.00,,false,,19.90,0.0884,true,1,244559
7290114310536,false,יוגורט לייט מעושר בחלבון בטעם וניל מולר 200 ג',מולר Muller,IL,מולר אקטיב לייט יוגו,,200.00,,false,,6.80,0.0340,true,1,245819
7290114310611,false,"משקה חלב בננה בבקבוק פקק ספורט טרה 250 מ""ל",Unknown,IL,"משקה חלב בננה 250 מ""",,250.00,,false,,5.80,0.0232,true,1,245821
7290114310628,false,משקה חלב וניל ועוגיות בקבוק 1 ליטר,מילקו תעשיות בעמ,IL,משקה חלב וניל ועוגיו,,1000.00,,false,,13.20,0.0132,true,1,246741
7290114311014,false,"משקה חלב אייס קפוצינו יטבתה 250 מ""ל פקק",Unknown,IL,משקה אייס קפוצינו טר,,250.00,,false,,5.80,0.0232,true,1,248918
7290114311021,false,"משקה חלב וניל עוגיות טרה 250 מ""ל פקק ספו",Unknown,IL,משקה וניל עוגיות טרה,,250.00,,false,,5.80,0.0232,true,1,248919
7290114311038,false,שמנת מתוקה עמידה 32% 250מל בקבוק,מילקו,IL,שמנת להקצפה טרה 32%,,250.00,,false,,7.70,0.0308,true,1,248961
7290114311069,false,יוגורט לבן מועשר בחלבון 0% שומן 200 גרם muller active,מולר Muller,IL,מולר אקטיב 25ג חלבון,,200.00,,false,,5.60,0.0280,true,1,248309
7290114311076,false,"חמאת מולר צהובה עם שום, 200 גרם",מולר Muller,IL,מולר חמאה צהובה עם ש,,200.00,,false,,12.90,0.0645,true,1,248963
7290114311298,false,יוגורט מולר פרופ בטעם תות בננה מלון 150,מולר Muller,IL,מולר פרופ קציפת תות,,150.00,,false,,5.10,0.0340,true,1,249388
7290114311304,false,יוגורט קציפת מנגו פסיפלורה בננה 150 ג' מולר,מולר Muller,IL,מולר פרופ קציפת מנגו,,150.00,,false,,5.10,0.0340,true,1,249389
7290114311328,false,חלב נטול לקטוז מועשר בוויטמין די 1 ליטר 2%,ג'י.אר.אמ.גרופו אלימ,IL,חלב נטול לקטוז מועשר,,1000.00,,false,,8.50,0.0085,true,1,249751
7290114311359,false,יוגורט עם קציפת מנגו 3% שומן פרופ 150 ג' מולר,מולר Muller,IL,מולר פרופ קציפת מנגו,,150.00,,false,,5.10,0.0340,true,1,249494
7290114311434,false,מולר אקטיב יוגורט בטעם קרמל מלוח 200 גרם,מילקו,IL,מולר אקטיב בטעם קרמל,,200.00,,false,,6.50,0.0325,true,1,250249
7290114311441,false,"מולר אקטיב בטעם עוגיות חמאה 0% שומן, 200 גרם",מילקו,IL,מולר אקטיב בטעם עוגי,,200.00,,false,,6.50,0.0325,true,1,250250
7290114311458,false,קרטון חלב 3% מועשר ויטמין די 1ליטר,Unknown,IL,חלב 3% מועשר ויטמין-,,1000.00,,false,,8.00,0.0080,true,1,249983
7290114311502,false,"משקה חלב בקבוק בטעם סחלב, 1 ליטר",מילקו תעשיות בעמ,IL,משקה חלב בטעם סחלב 1,,1000.00,,false,,12.50,0.0125,true,1,250248
7290114606554,false,מיונז מופחת קלוריות בקבוק לחיץ,מאסטר שף,NL,מיונז לייט לחיץ מאסט,,470.00,,false,,15.90,0.0338,true,1,250953
7290114653176,false,בקבוק שתיה 700 מל עם חבק סיליקון-צהוב,,,בקבוק שתיה עם חבק סי,,700.00,,false,,19.90,0.0284,true,1,249280
7290115071689,false,בקבוק טריטן עם צמידי,,,בקבוק טריטן עם צמידי,,700.00,,false,,19.90,0.0284,true,1,249902
7290115079357,false,מארז שלישיית ביצי שוקולד המלך גוליאן,שמחה זה אנחנו,IT,שלישיית ביצי שוקולד,,60.00,,false,,9.90,0.1650,true,1,247363
7290115190007,false,מרלבורו אדום בוקס פא,פיליפ מוריס,,מרלבורו אדום בוקס פא,יחידה,0.00,יחידה,false,,355.00,0.0000,false,1,232095
7290115190014,false,סיגריות מרלבורו רד קצר בוקס,פיליפ מוריס,,מרלבורו אדום קצר,יחידה,0.00,יחידה,false,,35.50,0.0000,false,1,232096
7290115190090,false,סיגריות מרלבורו גולד קצר בוקס,פיליפ מוריס,,מרלבורו גולד קצר,יחידה,0.00,יחידה,false,,35.50,0.0000,false,1,232103
7290115190151,false,מלבורו גולד טאצ 7.1 חפיסה,פיליפ מוריס,,מרלבורו כחול טאצ,יחידה,0.00,יחידה,false,,35.50,0.0000,false,1,232109
7290115190335,false,ל.מ.בלו לייבל ארוך בוקס חפיסה,פיליפ מוריס,,אל אם בלו 100,יחידה,0.00,יחידה,false,,32.00,0.0000,false,1,245817
7290115190359,false,L&M בלו לייבל קצר-חפיסה,פיליפ מוריס,,אל אם כחול קצר,יחידה,0.00,יחידה,false,,32.00,0.0000,false,1,232120
7290115190373,false,סיגריות ל.מ. קפסולהP,פיליפ מוריס,,אל אם פורברד קפסולה,יחידה,0.00,יחידה,false,,32.00,0.0000,false,1,232122
7290115190519,false,סיגריות נקסט פיין חפ,פיליפ מוריס,,נקסט פיין,יחידה,0.00,יחידה,false,,30.00,0.0000,false,1,232130
7290115190595,false,סיגריות נקסט אוריגינ,פיליפ מוריס,,נקסט אוריג'ינל,יחידה,0.00,יחידה,false,,30.00,0.0000,false,1,232137
7290115200003,false,אסם פתי בר פינוקים ניל 220 גרם,תאי פרזידנט פוד פאבל,PL,פתי בר פינוקי וניל 2,,220.00,,false,,12.70,0.0577,true,1,229365
7290115200027,false,אסם פתי בר פינוקים שוקו 220 גרם,קריות זול,PL,פתי בר פינוקי שוקו 2,,220.00,,false,,12.70,0.0577,true,1,229366
7290115200188,false,אוסם - מרק נמס עגבניות פיקנטי 25 גרם * 2,"אסם תעשיות בע""מ",IL,זוג מרק נמס עוף עגבנ,,50.00,,false,,6.90,0.1380,true,1,229368
7290115200676,false,עוגיות קרמוגית במילוי קרם בטעם קרמל מלוח,היינץ צפון אמריקה מק,IL,קרמוגית קרמל מלוח אס,,200.00,,false,,12.70,0.0635,true,1,237131
7290115201031,false,אסם פתי בר דובי שוקולד 175 גרם,טרופיקל דגיל תעשיות,PL,פתי בר דובי שוקולד 1,,175.00,,false,,12.70,0.0726,true,1,245555
7290115201680,false,ביסלי בטעם ברביקיו אסם 70 גרם,"אסם תעשיות בע""מ",IL,ביסלי ברביקיו אסם 70,,70.00,,false,,4.90,0.0700,true,1,237140
7290115201703,false,ביסלי בטעם ברביקיו 200 ג' אסם,מיוצר עי קונדיטוריית,IL,ביסלי ברביקיו אסם 20,,200.00,,false,,9.50,0.0475,true,1,237141
7290115201727,false,ביסלי חטיף בטעם בצל אסם 200 גרם,מיוצר עי קונדיטוריית,IL,ביסלי בטעם בצל אסם 2,,200.00,,false,,9.50,0.0475,true,1,237142
7290115201741,false,ביסלי בטעם בצל אסם 70 גרם,"אסם תעשיות בע""מ",IL,ביסלי בטעם בצל אסם 7,,70.00,,false,,4.90,0.0700,true,1,229372
7290115202236,false,טבעול טופו קראנצים 470 גרם,עיצובים 2020 (4.8),IL,טבעול טופו קראנצ'ים,,470.00,,false,,35.90,0.0764,true,1,246480
7290115202762,false,פרפקטו מיני ניוקי טריקולור 500 גרם - רבנות,Grandi Pastai Italia,IT,פרפקטו ניוקי טריקול,,500.00,,false,,11.90,0.0238,true,1,245541
7290115203172,false,במבה PRO מכיל 18 גרם חלבון בשקית,"אסם תעשיות בע""מ",IL,במבה פרו 80 גרם,,80.00,,false,,4.90,0.0613,true,1,249715
7290115203486,false,אסם פירורית בטעם ביסלי גריל 200 גרם,עינת תעשיות מזון אגו,IL,פירורית אסם בטעם ביס,,200.00,,false,,6.50,0.0325,true,1,248862
7290115204018,false,מנה חמה איטלקי פסטה בסגנון אלפרדו 60 ג' אסם,"אסם תעשיות בע""מ",IL,מנה חמה איטלקי פסטה,,60.00,,false,,6.90,0.1150,true,1,250384
7290115204056,false,אסם קטשופ מופחת סוכר כלפ 690 גרם,"אסם תעשיות בע""מ",IL,קטשופ 56% פחות סוכר,,690.00,,false,,10.90,0.0158,true,1,246552
7290115204131,false,צבר סחוג ירוק 6*190גרם חדש,צבר,IL,סחוג ירוק צבר 190גר,,190.00,,false,,13.90,0.0732,true,1,249031
7290115204155,false,צבר סחוג אדום 6*190גרם חדש,צבר,IL,סחוג אדום צבר 190גר,,190.00,,false,,13.90,0.0732,true,1,249032
7290115204186,false,פסטו המעדינה של צבר,צבר,IL,צבר ממרח פסטו 190 גר,,190.00,,false,,16.90,0.0889,true,1,248048
7290115204247,false,ממרח עגבניות מיובשות 190 ג' צבר,צבר,IL,צבר ממרח עגבניות מיו,,190.00,,false,,16.90,0.0889,true,1,248049
7290115204261,false,אריסה חריפה המעדנייה,צבר,IL,אריסה צבר 190גר,,190.00,,false,,13.90,0.0732,true,1,249033
7290115205176,false,פיטנס - קרקר דק כפרי פיטנס 140 גרם,נסטלה Nestle,IL,פיטנס קרקר דק כפרי 1,,140.00,,false,,12.90,0.0921,true,1,247116
7290115205251,false,פיטנס בר פריכיות קרמל מלוח 84 גרם,פרח תעשיות,IL,פיטנס בר פריכיות קרמ,,84.00,,false,,14.90,0.1774,true,1,250063
7290115205312,false,קרקר פיטנס דק עם זיתי קלמטה ועשבי תיבול,"אסם השקעות בע""מ",IL,פיטנס קרקר דק זיתים,,140.00,,false,,12.90,0.0921,true,1,248867
7290115205527,false,פיטנס חטיף מולטגריין עם עדשים 24*25גרם,פיטנס,IL,פיטנס חטיף מולטיגריי,,25.00,,false,,5.90,0.2360,true,1,249212
7290115205541,false,חטיף פיטנס מולטיגריין עם חומוס 25 גרם,"אסם השקעות בע""מ",IL,פיטנס חטיף מולטיגריי,,25.00,,false,,5.90,0.2360,true,1,249213
7290115207484,false,צבר סלט חציל על האש היתר 360 גרם,ג'נרל מילס סאן אדריא,IL,צבר חציל על האש היתר,,360.00,,false,,16.90,0.0469,true,1,249029
7290115207620,false,"רוטב בסגנון סויה קלאסי 290 מ""ל אסם","אסם תעשיות בע""מ",IL,רוטב בסגנון סויה קלא,,290.00,,false,,15.90,0.0548,true,1,248872
7290115207682,false,"אסם רוטב בסגנון סויה סיני 290 מ""ל","אסם תעשיות בע""מ",IL,רוטב בסגנון סויה סינ,,290.00,,false,,12.90,0.0445,true,1,248870
7290115207965,false,ויטמינצ'יק תרכיז מנגו אפרסק 1 ליטר,בית-השיטה עסיס תעשיו,IL,ויטמינציק מנגו אפרסק,,1000.00,,false,,21.90,0.0219,true,1,248093
7290115207989,false,ויטמינצ'יק תרכיז לימון 1 ליטר,בית-השיטה עסיס תעשיו,IL,ויטמינצ'יק לימון 1 ל,,1000.00,,false,,21.90,0.0219,true,1,248094
7290115208009,false,ויטמינצ'יק תרכיז ענבים 1 ליטר,בית-השיטה עסיס תעשיו,IL,ויטמינציק ענבים 1 ל,,1000.00,,false,,21.90,0.0219,true,1,248091
7290115208047,false,ויטמינצ'יק תרכיז פטל 1 ליטר,בית-השיטה עסיס תעשיו,IL,ויטמינציק פטל 1 ליטר,,1000.00,,false,,21.90,0.0219,true,1,248092
7290115208061,false,ויטמינצ'יק תרכיז תפוח 1 ליטר,בית השיטה עסיס תעשיו,IL,ויטמינציק תפוח 1 ליט,,1000.00,,false,,21.90,0.0219,true,1,248095
7290115208320,false,אפרופו חטיף בטעם ביסלי בצל 50 גרם,"אסם תעשיות בע""מ",IL,אפרופו בטעם ביסלי בצ,,50.00,,false,,5.50,0.1100,true,1,250390
7290115208801,false,לחמית דבש ואגוזים אסם 190 גרם,Unknown,IL,לחמית דבש ואגוזים 19,,190.00,,false,,11.90,0.0626,true,1,249718
7290115208849,false,"מנה חמה פסטה מוקרמת ט.עוף בד""צ 55גר","אסם תעשיות בע""מ",IL,מנה חמה אסם פירה עם,,51.00,,false,,6.90,0.1353,true,1,250385
7290115209198,false,במבה אוורירית אסם 80 גרם,"אסם תעשיות בע""מ",IL,במבה אורירית אסם 80,,80.00,,false,,4.90,0.0613,true,1,249211
7290115209235,false,ביסקוויט פתי בר קפה אסם 500 גרם,"אסם תעשיות בע""מ",IL,פתי בר קפה 500 גרם א,,500.00,,false,,14.90,0.0298,true,1,250065
7290115209358,false,במבה במילוי בראוניז אסם 60 גרם,"אסם תעשיות בע""מ",IL,במבה במילוי בראוניז,,60.00,,false,,4.90,0.0817,true,1,250387
7290115209372,false,במבה במילוי בראוניז 150ג' אסם,"אסם תעשיות בע""מ",IL,במבה במילוי בראוניז,,150.00,,false,,10.90,0.0727,true,1,250388
7290115405705,false,"פס גבינה תות כשל""פ 4",קפולסקי שיווק וקמעונ,IL,"פס גבינה תות כשל""פ 4",,400.00,,false,,39.90,0.0997,true,1,248755
7290115405712,false,פס גבינה אוכמניות כש,קפולסקי שיווק וקמעונ,,פס גבינה אוכמניות כש,,400.00,,false,,39.90,0.0997,true,1,248758
7290115405774,false,פחזניות ממולאות בטעם וניל קפולסקי 180 גר,תופינים מקבוצת קפולס,IL,פחזניות ממולאות בטעם,,180.00,,false,,14.90,0.0828,true,1,249590
7290115405804,false,פחזניות ממולאות בטעם תות קפולסקי 180 גרם,קפולסקי אדל בעמ,IL,פחזניות ממולאות טעם,,180.00,,false,,14.90,0.0828,true,1,249593
7290115480009,false,"מרכך כביסה מרוכז פרש קונטרול ירוק 900 מ""ל סוד",הנקל סוד,IL,סוד מרכך מרוכז פרש ק,,900.00,,false,,14.90,0.0166,true,1,247461
7290115480016,false,סוד פאוור קאפס לכביסה צבעונית 26 יחי,סוד,,סוד קפסולות ג'ל 3+1,יחידה,0.00,יחידה,false,,29.90,0.0000,true,1,249559
7290115670707,false,גרנולה שיבולת שועל עם שוקולד ואגוזי לוז,אנרג'י Energy - שטראוס,CZ,אנרג'י גרנולה עם שוק,,400.00,,false,,14.90,0.0373,true,1,245752
7290115671223,false,מסטיק מאסט פאן בצנצנת אבטיח מנגו,אסקום קונפקשיין,DE,מסטיק מאסט פאן אבטיח,,58.00,,false,,10.90,0.1879,true,1,247877
7290115671339,false,מיני פינוקיות בראוניז בייגל בוטן עלית 180 ג' עלית,הגביע מוצרי ופלים בע,IL,מיני פינוקיות בראוני,,180.00,,false,,10.90,0.0606,true,1,246525
7290115671346,false,מיני פינוקיות טופי קרמל מלוח 180 ג' עלית,הגביע מוצרי ופלים בע,IL,מיני פינוקיות טופי,,180.00,,false,,10.90,0.0606,true,1,246526
7290115671353,false,מיני פינוקיות עוגיות קקאו במילוי קרם בטעם וניל,הגביע,IL,מיני פינוקיות שחור ל,,180.00,,false,,10.90,0.0606,true,1,247884
7290115671421,false,פולי אספרסו עשירים וארומטיים עוצמה 10 250 ג' עלית,שטראוס קפה בי.וי,IL,פולי קפה אספרסו עשיר,,250.00,,false,,22.90,0.0916,true,1,248902
7290115675702,false,דגני בוקר קראנצ'ים שיבולת שועל עם פירות מיובשים,גלידות שטראוס,IL,דגני בוקר קוואקר קרו,,375.00,,false,,22.90,0.0611,true,1,246842
7290115675719,false,דגני בוקר קראנצ'ים שיבולת שועל וחתיכות שוקולד מריר,BEVERAGES FOODS & SE,US,דגני בוקר קוואקר קרו,,375.00,,false,,22.90,0.0611,true,1,246843
7290115675986,false,יוגורט עם אגוזי לוז ושקדים בקרמל מלוח 4.5%,"שטראוס בריאות בע""מ",IL,דנונה בר עם אגוזים מ,,173.00,,false,,4.80,0.0277,true,1,244607
7290115676037,false,דנונה ריפרש יוגורט עם תות ודומדמניות 1.6% שומן,מיוצר עי קונדיטוריית,IL,דנונה ריפרש יוגורט ב,,250.00,,false,,5.90,0.0236,true,1,245932
7290115676082,false,משקה דנונה פרו 20 יוגורט תות 255 ג' רבנות,"שטראוס בריאות בע""מ.",IL,דנונה פרו משקה בטעם,,255.00,,false,,7.50,0.0294,true,1,245934
7290115676099,false,משקה דנונה פרו 20 יוגורט וניל 255 ג' רבנות,"שטראוס בריאות בע""מ.",IL,דנונה פרו משקה בטעם,,255.00,,false,,7.50,0.0294,true,1,245935
7290115676273,false,אבקת קקאו 500 גרם +10% עלית,שטראוס גרופ,IL,קקאו עלית 500 גרם+10,,550.00,,false,,28.90,0.0525,true,1,245761
7290115677966,false,ממרח אבוקדו 200 ג' שטראוס,ג'י. אר. סימפלוט,MX,ממרח אבוקדו טעם הטבע,,200.00,,false,,15.90,0.0795,true,1,247486
7290115678222,false,מארז 8 גביעים יוגורט Greek בסגנון יווני 6.5% שומן,דנונה - שטראוס,IL,יוגורט יווני 6.5% שו,,1040.00,,false,,25.90,0.0249,true,1,245940
7290115678376,false,מעדן הגולן שוקולד 125 גרם,מיוצר עי קונדיטוריית,IL,מעדן הגולן שוקולד 12,,125.00,,false,,3.10,0.0248,true,1,246518
7290115678383,false,מעדן הגולן שוקולד מריר 125 גרם,מיוצר עי קונדיטוריית,IL,מעדן הגולן שוקולד מר,,125.00,,false,,3.10,0.0248,true,1,246519
7290115678598,false,חסה אייסברג שטראוס טעם הטבע,שטראוס גרופ,IL,חסה אייסברג חיתוך גס,,300.00,,false,,10.90,0.0363,true,1,247376
7290116530185,false,"קורנפלקס דלישקד קרמל מלוח 400 גרם בד""ץ",יוניליוור שפע ישראל,IL,דלישקד בטעם קרמל מלו,,400.00,,false,,23.90,0.0597,true,1,247102
7290116531090,false,דג-דג חטיף אפוי במליחות מעודנת 250 גרם,בייגל את בייגל מזון,IL,דג דג חטיף אפוי במלי,,250.00,,false,,10.90,0.0436,true,1,247962
7290116531243,false,"שמפו ומרכך 2ב-1 למניעת קשקשים 700 מ""ל פינוק",אתר ליוור - HPC,IL,פינוק שמפו ומרכך 2,,700.00,,false,,13.90,0.0199,true,1,247359
7290116531496,false,קינמונים דגנים פריכים מצופים 375 גרם,נאוג'אזיס נווזיס UAB,LT,קינמונים דגנים פריכי,,375.00,,false,,22.90,0.0611,true,1,248417
7290116532240,false,קליק טבלה שוקולד חלב פצפוצי דגנים ועוגי 85 גרם רבנות,אתר צפת טבלאות ותעשי,IL,קליק טבלה שוקולד חלב,,85.00,,false,,6.90,0.0812,true,1,248751
7290116532738,false,רוטב לסלט הלמנס איטלקי בז' ואורגנו 305 ג,אתר חיפה ממרחים - Fo,IL,רוטב איטלקי 295 גר,,295.00,,false,,14.90,0.0505,true,1,250044
7290116532882,false,נישנושים איירביס בצל 155 גרם,אתר בייגל - Food,IL,נשנושים איירביס טעם,,260.00,,false,,14.50,0.0558,true,1,250038
7290116533063,false,דגני בוקר שוגי קרטיב ענבים 400 גרם,אתר שפע - Food,IL,שוגי קרטיב ענבים 400,,400.00,,false,,19.90,0.0497,true,1,249137
7290116851365,false,יעה + מקל,,,יעה+מקל,יחידה,0.00,יחידה,false,,13.90,0.0000,true,1,248286
7290116851372,false,כף אשפה קטן,,,כף אשפה קטן,יחידה,0.00,יחידה,false,,5.90,0.0000,true,1,248287
7290116930015,false,חטיף חלבון GO קרמל ח.בוטנים קריספי 20 גרם חלבון,בלמונט קונפקציות,US,חטיף חלבון גו בטעם ק,,60.00,,false,,12.90,0.2150,true,1,248861
7290116930282,false,ארוחה בקטנה לאבנה עם קרקרים 150ג' תנובה,תנובה חלב,IL,ארוחה בקטנה לאבנה עם,,150.00,,false,,8.50,0.0567,true,1,250017
7290116930435,false,יופלה גו במרקם סמיך עם דובדבן 0% 200מל,תנובה מרכז שיתופי לש,IL,יוגורט גו סמיך 0% דו,,200.00,,false,,6.30,0.0315,true,1,249040
7290116930459,false,"יופלה שייק מנגו בננה אננס וקוקוס 230 מ""ל",קבוצת המזון אקטשלאר,IL,יופלה שייק בננה אננ,,230.00,,false,,8.70,0.0378,true,1,249142
7290116930466,false,"משקה SHAKE בננה מנגן פסיפלורה והל 230 מ""ל יופלה",קבוצת המזון אקטשלאר,IL,יופלה שייק מנגו בננ,,230.00,,false,,8.70,0.0378,true,1,249143
7290116930480,false,"משקה SHAKE בננה קיווי תפוח 230 מ""ל יופלה",קבוצת המזון אקטשלאר,IL,יופלה שייק בננה קיו,,230.00,,false,,8.70,0.0378,true,1,249144
7290116930718,false,מעדן תנובה דיאט בטעם שוקולד וקרמל מלוח 0% 150ג' תנובה,"תנובה בע""מ",IL,מעדן תנובה דיאט שוקו,,150.00,,false,,4.30,0.0287,true,1,249533
7290116930725,false,סויה BIO קוקוס גביע 150 גרם אלטרנטיב,תנובה חלב,IL,סויה ביו קוקוס 150ג,,150.00,,false,,4.80,0.0320,true,1,249734
7290116931074,false,פרוסות טל העמק 32% שומן 300 גרם,"תנובה בע""מ",IL,פרוסות טל העמק 32% 3,,300.00,,false,,29.90,0.0997,true,1,250014
7290116931081,false,מעדן סויה - טופי קרמל 125 גרם אלטרנטיב,תנובה מרכז שיתופי לש,IL,מעדן סויה בטעם טופי,,125.00,,false,,4.00,0.0320,true,1,249732
7290116931104,false,יופלה גו במרקם סמיך עם אננס 0% שומן 200ג',תנובה חלב,IL,יוגורט גו סמיך עם אנ,,200.00,,false,,5.90,0.0295,true,1,249735
7290117260005,false,קונפיטורה תות שדה 380 ג' ויליפוד,גסאס גנל גידה,TR,קונפיטורה תות שדה 38,,380.00,,false,,9.90,0.0261,true,1,249179
7290117260074,false,שעועית ירוקה חתוכה 800 גרם ויליפוד,,BE,שעועית ירוקה חתוכה מ,,800.00,,false,,9.90,0.0124,true,1,250099
7290117260562,false,חמאה כפרית מסורתית בגביע,וילי פוד,TR,חמאה בגביע 225 גרם,,225.00,,false,,18.90,0.0840,true,1,250610
7290117260579,false,חטיף קראנצ'י על בסיס קמח עדשים בטעם שמנת חמוצה ובצל 80 ג',וילי פוד,LT,חטיף קראנצ'י על בסיס,,80.00,,false,,8.90,0.1113,true,1,249936
7290117260586,false,חטיף קראנצ'י על בסיס קמח עדשים בטעם פלפל חלפיניו וליים 80 ג',וילי פוד,LT,חטיף קראנצ'י על בסיס,,80.00,,false,,8.90,0.1113,true,1,249937
7290117260593,false,חטיף קראנצ'י על בסיס קמח עדשים בטעם צ'דר 80 ג',וילי פוד,LT,חטיף קראנצ'י על בסיס,,80.00,,false,,8.90,0.1113,true,1,249938
7290117260890,false,פופקורן בציפוי בטעם קוקוס 90 גרם,אלאלסי,UA,פופקורן בציפוי בטעם,,90.00,,false,,6.90,0.0767,true,1,248450
7290117261057,false,זוג קינוחים בטעם קרם עוגיות 140 גרם,מונטרו,ES,זוג קינוחים בטעם קרם,,140.00,,false,,12.90,0.0921,true,1,249597
7290117261101,false,זוג קינוחים בטעם שוקולד ואגוזי לוז 140ג',מונטרו,ES,זוג קינוחים בטעם שוק,,140.00,,false,,12.90,0.0921,true,1,249598
7290117261118,false,זוג קינוחים בטעם שוקולד בציפוי שוקולד חלב 140ג',Euro יורו מחלבות אירופה,ES,זוג קינוחים בטעם שוק,,140.00,,false,,12.90,0.0921,true,1,249595
7290117261514,false,סלמון אטלנטי בשמן קנולה ולימון 120 גרם,קריות זול,LV,סלמון אטלנטי בשמן קנ,,120.00,,false,,12.90,0.1075,true,1,249989
7290117261521,false,סלמון אטלנטי בשמן קנולה וילי פוד 120 גר,קריות זול,LV,סלמון אטלנטי בשמן קנ,,120.00,,false,,12.90,0.1075,true,1,249987
7290117261583,false,סרדינים בריסלינג מעושנים בשמן קנולה 129 גרם (צנצנת),קריות זול,LV,סרדינים בריסלינג מעו,,185.00,,false,,14.90,0.0805,true,1,250408
7290117261590,false,סרדינים בריסלינג מעושנים בשמן זית (צנצנת,קריות זול,LV,סרדינים בריסלינג מעו,,185.00,,false,,14.90,0.0805,true,1,250411
7290117262221,false,"משקה יוגורט פרוביוטי עם אננס 200מ""ל 2.3%שומן יורו",Euro יורו מחלבות אירופה,TR,משקה יוגורט פרוביוטי,,200.00,,false,,5.90,0.0295,true,1,249923
7290117382325,false,סלים דליס - פרו 33 חטיף חלבון מצופה שוקולד חלב 60 גרם,"י. מרבה ישראל בע""מ",IT,סלים דליס פרו 33 חטי,,60.00,,false,,13.90,0.2317,true,1,250216
7290117383179,false,מארז משחות שיניים 3 טריפל אקשן 3 מברשות שיניים אקסטרה קלין,,,קולגייט מארז 3 טריפל,,150.00,,false,,19.90,0.1327,true,1,250848
7290117860038,false,"הוואי - תחליב רחצה יוגורט בניחוח אוכמניות 700 מ""ל","טרופיקל גליל בע""מ",IL,הוואי תחליב רחצה יוג,,700.00,,false,,14.90,0.0213,true,1,250681
7290117860045,false,שמפו תמציות אלוורה ותה ירוק לשיער רגיל,"טרופיקל גליל בע""מ",IL,הוואי שמפו מטפח לשיע,,700.00,,false,,14.90,0.0213,true,1,250658
7290117860083,false,"קרם רחצה בניחוח אירוס זהוב ודבש 700 מ""ל הוואי","טרופיקל גליל בע""מ",IL,הוואי קרם בניחוח איר,,700.00,,false,,14.90,0.0213,true,1,250683
7290117860090,false,מרכך תמציות אלוורה ותה ירוק לשיער רגיל,"טרופיקל גליל בע""מ",IL,הוואי מרכך מטפח לשיע,,700.00,,false,,14.90,0.0213,true,1,250667
7290117860144,false,הוואי שמפו פירות אקזוטיים וקלנדולה 700,"טרופיקל גליל בע""מ",IL,הוואי שמפו למניעת קש,,700.00,,false,,14.90,0.0213,true,1,250660
7290117860236,false,"הוואי - קרם רחצה בניחוח ויולה ורודה 700 מ""ל","טרופיקל גליל בע""מ",IL,הוואי קרם רחצה בניחו,,700.00,,false,,14.90,0.0213,true,1,250679
7290117860281,false,"הוואי - ג'ל רחצה לגבר בניחוח עוצמתי 700 מ""ל","טרופיקל גליל בע""מ",IL,הוואי ג'ל רחצה לגבר,,700.00,,false,,14.90,0.0213,true,1,250674
7290117860298,false,שמפו קומפלקס קרטין לשיער עדין או חלש,"טרופיקל גליל בע""מ",IL,הוואי שמפו קרטין מחז,,700.00,,false,,14.90,0.0213,true,1,250661
7290117860595,false,הוואי מרכך לילדים רוזמרין מנגו ומשמש 700,"טרופיקל גליל בע""מ",IL,הוואי מרכך ילדים מתי,,700.00,,false,,14.90,0.0213,true,1,250670
7290117860649,false,הוואי שמפו קרטין קיק ללא סולפטים 700 מל,"טרופיקל גליל בע""מ",IL,הוואי שמפו ללא סולפט,,700.00,,false,,14.90,0.0213,true,1,250663
7290117860694,false,הוואי מרכך קרטין קיק ללא סולפטים 700 מל,"טרופיקל גליל בע""מ",IL,הוואי מרכך ללא סולפט,,700.00,,false,,14.90,0.0213,true,1,250671
7290117860748,false,הוואי שמפו תמצית יסמין מעניק נפח 700 מל,"טרופיקל גליל בע""מ",IL,הוואי שמפו מעניק נפח,,700.00,,false,,14.90,0.0213,true,1,250666
7290117860847,false,"הוואי רעננות מושלמת לגבר לשיער, גוף, פנים וזקן","טרופיקל גליל בע""מ",IL,הוואי שמפו 4 ב-1 לגב,,700.00,,false,,14.90,0.0213,true,1,250664
7290117860991,false,"תחליב רחצה יוגורט בניחוח שקדים 700 מ""ל הוואי","טרופיקל גליל בע""מ",IL,הוואי תחליב רחצה יוג,,700.00,,false,,14.90,0.0213,true,1,250680
7290117901243,false,ממרח פלפלים אדומים קלויים בתוספת ארטישוק 290 ג' גורמה,,,ממרח פלפלים אדומים ק,,290.00,,false,,15.90,0.0548,true,1,250197
7290117901267,false,ממרח פלפלים אדומים וחצילים קלויים 290 ג' גורמה,,,ממרח פלפלים אדומים ו,,290.00,,false,,15.90,0.0548,true,1,250198
7290118420071,false,במבה ביסלי ברביקיו מיקס 80ג' אסם,"אסם תעשיות בע""מ",IL,במבה ביסלי ברביקיו,,80.00,,false,,4.90,0.0613,true,1,250389
7290118420378,false,פתיבר פינוקים בטעם תותים בשמנת - חלבי,קריות זול,IL,פתי בר פינוקים תותים,,220.00,,false,,12.70,0.0577,true,1,250392
7290118420477,false,בייגלה שטוחים טעם ביסלי בצל אסם 300 גרם,"אסם תעשיות בע""מ",IL,בייגלה שטוחים בטעם ב,,300.00,,false,,11.90,0.0397,true,1,250391
7290118420514,false,אינסטנט פודינג בטעם נוגט אסם 75 גרם,"אסם תעשיות בע""מ",IL,אסם אינסטנט פודינג נ,,75.00,,false,,5.90,0.0787,true,1,250386
7296082000066,false,ביצה פלוס L תריסר,,,ביצים פלוס 12יח L,,12.00,,false,,17.90,1.4917,true,1,174117
7296082000080,false,ביצי חופש תריסר,המכון למיון ושיווק ב,IL,ביצים חופש 12יח,,12.00,,false,,21.90,1.8250,true,1,190213
7296082000103,false,ביצים סופר טריות מדי,,,ביצים סופר טריות מדי,,30.00,,false,,27.87,0.9290,true,1,190214
7296082000110,false,ביצים סופר טריות 30י,,,ביצים סופר טריות 30י,,30.00,,false,,30.12,1.0040,true,1,190215
7296082000127,false,ביצים רגילות אקסטרא,,,ביצים רגילות אקסטרא,,12.00,,false,,13.10,1.0917,true,1,190216
7296082000134,false,ביצים רגילות לארג' 1,המכון למיון ושיווק ב,IL,ביצים רגילות לארג' 1,,12.00,,false,,12.05,1.0042,true,1,190217
7296082000141,false,ביצים רגילות מדיום 1,המכון למיון ושיווק ב,IL,ביצים רגילות מדיום 1,יחידה,0.00,יחידה,false,,11.15,0.0000,true,1,190218
7296082000165,false,ביצים אורגניות תריסר,המכון למיון ושיווק ב,IL,ביצים אורגניות 12יח,,12.00,,false,,25.90,2.1583,true,1,190219
7296082000202,false,ביצים סופר טריה לארג,,,ביצים סופר טריה לארג,,18.00,,false,,18.07,1.0039,true,1,190220
7296102108260,false,מתקן כביסה מתכת,,,מתקן כביסה מתכת,יחידה,0.00,יחידה,false,,69.90,0.0000,true,1,239467
7296102111093,false,מטאטא +מקל 1.5מ לבן,,,מטאטא +מקל 1.5מ לבן,יחידה,0.00,יחידה,false,,24.90,0.0000,true,1,249152
7296102191354,false,קוצץ ירקות ידני 3 לה,,,קוצץ ירקות ידני 3 לה,יחידה,0.00,יחידה,false,,24.90,0.0000,true,1,249242
7296102401125,false,קופסת אחסון אינגליש קייק (1745),,,תבנית לאינגליש קייק,יחידה,0.00,יחידה,false,,10.00,0.0000,true,1,239488
7296102730522,false,"מחבת יציקה שיש 24ס""מ",,,"מחבת יציקה שיש 24ס""מ",יחידה,0.00,יחידה,false,,59.90,0.0000,true,1,247036
7296107000002,false,מלפפון 9-7 במלח 600 ג' פרי חן,,IL,מלפפון במלח 7-9 20%,,670.00,,false,,7.50,0.0112,true,1,202463
7296107000187,false,פרי חן- זיתים מנזלינו 12-15 בינוני 560 גרם,,,זיתים מנזלינו 12-15,,560.00,,false,,8.90,0.0159,true,1,240202
7296107000439,false,זיתים חרוזית ירוק 56,,IL,זיתים חרוזית ירוק 56,,560.00,,false,,9.90,0.0177,true,1,202468
7296107000958,false,קוקטייל זיתים פרי חן,פרי חן,IL,קוקטייל זיתים פרי חן,,560.00,,false,,9.90,0.0177,true,1,214623
7296155150698,false,דלי פיה סופר,,,דלי פיה סופר,יחידה,0.00,יחידה,false,,9.90,0.0000,true,1,213736
7297529239216,false,שלישיית גרבי נשים פו,,,שלישיית גרבי נשים פו,יחידה,0.00,יחידה,false,,14.90,0.0000,true,1,239493
7297529239506,false,גרב ספורט ילד לבן (2,,,גרב ספורט ילד לבן (2,יחידה,0.00,יחידה,false,,14.90,0.0000,true,1,221837
7297529239513,false,גרב ספורט ילד שחור (,,,גרב ספורט ילד שחור (,יחידה,0.00,יחידה,false,,14.90,0.0000,true,1,221838
7297529242582,false,חמישיית גרבי גברים פ,,,חמישיית גרבי גברים פ,יחידה,0.00,יחידה,false,,19.90,0.0000,true,1,239496
7312040017683,false,"אבסולוט וודקה, 700 מ''ל","איי, בי, אינבוו",SE,*מבצע* וודקה אבסולוט,,700.00,,false,,60.00,0.0857,true,1,173269
7394376615832,false,אוטלי משקה שיבולת שועל בטעם שוקולד 1 ליטר,טרנסומס פוד,SE,משקה שיבולת שועל בטע,,1000.00,,false,,16.90,0.0169,true,1,232810
7394376616778,false,אוטלי משקה שיבולת שועל להקצפה בריסטה 1 ליטר,טרנסומס פוד,SE,משקה שיבולת שועל להק,,1000.00,,false,,16.90,0.0169,true,1,232811
7501013122039,false,ג'ומקס מיץ מנגו קרטונית ליטר תריסר,חומקס קומר קומרסאליז,MX,נקטר ג'ומקס מנגו קרט,,1000.00,,false,,9.90,0.0099,true,1,232567
7501013122053,false,ג'ומקס מיץ אפרסק קרטונית ליטר תריסר,חומקס קומר קומרסאליז,MX,נקטר ג'ומקס אפרסק קר,,1000.00,,false,,9.90,0.0099,true,1,232568
7501013122190,false,ג'ומקס מיץ תפוחים קרטונית ליטר תריסר,חומקס קומר קומרסאליז,MX,נקטר ג'ומקס תפוחים ק,,1000.00,,false,,9.90,0.0099,true,1,232570
7501064191398,false,שישיית בירה קורונה אקסטרא *355 מל,קריניציה ויטמינה אס,MX,בירה קורונה בקבוק שי,,2130.00,,false,,36.90,0.0173,true,1,232576
7509546663135,false,קולגייט משחת שיניים זירו פפרמינט 98 מל,CP-Poland swidnica,PL,קולגייט זירו משחת שי,,98.00,,false,,14.90,0.1520,true,1,244515
7509546663265,false,קולגייט זירו משחת שיניים מנטה עדינה 98 מ,CP-Poland swidnica,PL,קולגייט זירו משחת שי,,98.00,,false,,14.90,0.1520,true,1,244516
7610400010481,false,לינדט אקסלנס שוקולד חלב 100 גרם,לינדט ושפרונגלי קילש,CH,שוקולד לינדט אקסלנס,,100.00,,false,,15.90,0.1590,true,1,191196
7610400068505,false,לינדט לינדור בונבוניירה שוקולד חלב 200 גרם,לינדט ושפרונגלי קילש,CH,לינדור בונבוניירה חל,,200.00,,false,,25.90,0.1295,true,1,191207
7610400068529,false,לינדט לינדור בונבוניירה כדורי שוקולד מטעמים 200 גרם,לינדט ושפרונגלי קילש,CH,לינדור בונבוניירה אס,,200.00,,false,,25.90,0.1295,true,1,191208
7610400074155,false,לינדט לינדור קוביות במילוי קרם שוקולד 60% מוצקי קקאו 100 גרם,לינדט ושפרונגלי קילש,CH,שוקולד לינדור 60% 10,,100.00,,false,,16.90,0.1690,true,1,191220
7610400091060,false,שוקולד מריר לינדט אקסלנס בתוספת תפוז ושקדים,לינדט ושפרונגלי קילש,CH,שוקולד לינדט אקסלנס,,100.00,,false,,15.90,0.1590,true,1,232881
7613032045753,false,פיטנס - דגני בוקר שוקולד 375 גרם,נסטלה צרפת איטנקורט,FR,פיטנס שוקולד 375 גרם,,375.00,,false,,23.90,0.0637,true,1,178324
7613035622623,false,פיטנס - גרנולה שקדים ודבש 300 גרם,שוורצקוף& הנקל דיסלד,LT,פיטנס גרנולה שקדים ו,,300.00,,false,,16.90,0.0563,true,1,178388
7613035807778,false,פרפקטו רוטב עגבניות לבולונז 400 ג' אסם,אסם פרפקטו Perfecto,ES,רוטב עגבניות לבולונז,,400.00,,false,,10.90,0.0273,true,1,178391
7613035809857,false,פרפקטו רוטב עגבניות לפסטה ולבישול 400 ג' אסם,אסם פרפקטו Perfecto,ES,רוטב עגבניות לפסטה ו,,40.00,,false,,10.90,0.2725,true,1,178394
7613036105651,false,"דוגלי בקר לכלבים בוגרים 12 ק""ג",נסטלה פורינה באק הונ,HU,דוגלי בוגר בקר 12קג,קילוגרמים,12.00,"ק""ג",false,,139.90,11.6583,true,1,232604
7613036314114,false,נסקפה גולד Gold קפה נמס מיובש בתוספת קפה קלוי,נסקפה Nescafe,IL,נסקפה גולד 200גר,,200.00,,false,,47.90,0.2395,true,1,232605
7613036520492,false,פרפקטו רוטב עגבניות לפסטה 400 גרם,אסם פרפקטו Perfecto,ES,רוטב עגבניות לפיצה פ,,400.00,,false,,10.90,0.0273,true,1,232607
7613036725286,false,דנטלייף חטיף דנטלי לחתול בטעם סלמון,פורינה Purina,US,דנטלייף חתול סלמון 4,,40.00,,false,,9.90,0.2475,true,1,249708
7613036737623,false,דגני בוקר קראנץ מקס,"אסם תעשיות בע""מ",IL,דגני בוקר קראנץ מקס,,410.00,,false,,27.90,0.0680,true,1,232609
7613036880534,false,גרבר מחית ירקות מעורבים מטרנה 190 גר',נסטלה פולסקה אס.איי,PL,גרבר מחית מרק ירקות,,190.00,,false,,6.50,0.0342,true,1,232612
7613036976657,false,מזון לחתולים פריסקיז פאוצ' הודו,נסטלה פורינה,HU,פריזקיס פאוצ' הודו 8,,85.00,,false,,4.70,0.0553,true,1,237148
7613036976695,false,פריסקיז - פאוץ בקר ברוטב 85 גרם,נסטלה פורינה הונגריה,HU,פריסקיז פאוצ' בקר 85,,85.00,,false,,4.80,0.0565,true,1,232625
7613036976718,false,פריסקיז פאוצ' ברווז ברוטב 26*85גרם,נסטלה פורינה USA מק,FR,פריסקיז פאוצ' ברווז,,85.00,,false,,4.80,0.0565,true,1,232626
7613036976732,false,פריסקיז - פאוץ סולומון 85 גרם,נסטלה פורינה,HU,פריזקיס פאוצ' סולומו,,85.00,,false,,4.70,0.0553,true,1,237149
7613037012200,false,גרבר מחית תפוח גזר ומנגו 90 גרם פאוץ,נסטלה פולסקה אס.איי,PL,גרבר מחית תפוח מנגו,,90.00,,false,,6.20,0.0689,true,1,232628
7613037686906,false,פיטנס - דגני בוקר שקדים ודבש 355 גרם,נסטלה צרפת איטנקורט,FR,פיטנס שקדים ודבש 355,,355.00,,false,,23.90,0.0673,true,1,232635
7613039879382,false,גרבר - מחית תפוחי עץ 190 גרם,נסטלה פולסקה אס.איי,PL,גרבר מחית תפוחי עץ 1,,190.00,,false,,6.50,0.0342,true,1,246364
7613039881521,false,גרבר - מחית מנגו 190 גרם,נסטלה פולסקה אס.איי,PL,גרבר מחית מנגו 190,,190.00,,false,,6.50,0.0342,true,1,244583
7613039881965,false,גרבר מחית גזר תפוח ומנגו 190 גרם,נסטלה פולסקה אס.איי,PL,גרבר מחית גזר תפוח מ,,190.00,,false,,6.50,0.0342,true,1,244585
7613287121783,false,סמארטיס מיני 16*187 גרם,נסטלה Nestle,DE,סמארטיס מיני 187גרם,,187.00,,false,,10.90,0.0583,true,1,245899
7613287155863,false,מטרנה מחית אגס פאוץ' 90 גר',נסטלה פולסקה אס.איי,ES,גרבר מחית אגס פאוץ 9,,90.00,,false,,6.20,0.0689,true,1,248461
7613287181411,false,ויטמינציק מחית סלט פירות 110 גרם,"טרופיקל דגיל בע""מ אז",ES,ויטמינצ'יק פאוץ סלט,,110.00,,false,,6.50,0.0591,true,1,250095
7613287325808,false,אוסם - דיפ אנד ספרד מטבל איולי שום 295 גרם,נסטלה פולין,PL,רוטב איולי שום לחיץ,,295.00,,false,,16.90,0.0573,true,1,247087
7613287325822,false,אוסם - דיפ אנד ספרד מטבל מיקס 295 גרם,נסטלה,PL,רוטב מיקס לחיץ אסם 2,,295.00,,false,,16.90,0.0573,true,1,247088
7613287325853,false,אוסם - דיפ אנד ספרד מטבל איולי ספייסי 295 גרם,נסטלה פולין,PL,רוטב ספייסי איולי לח,,295.00,,false,,16.90,0.0573,true,1,247089
7613287325952,false,אוסם - דיפ אנד ספרד מטבל ברבקיו 345 גרם,דפטונה פולין,PL,רוטב ברביקיו לחיץ אס,,345.00,,false,,16.90,0.0490,true,1,247092
7613287476494,false,אוסם - דיפ אנד ספרד מיונז בסגנון צרפתי 280 גרם,נסטלה פולין,PL,מיונז לחיץ אסם 280 ג,,280.00,,false,,16.90,0.0604,true,1,247091
7614500010013,false,טובלרון - שוקולד חלב קלאסי 100 גרם,,,טובלרון בר חלב 100 ג,,100.00,,false,,8.90,0.0890,true,1,206407
7622010001858,false,עוגיות אוראו ממולאות קרם וניל 176 גרם.,פי אר ג'יי אס אי מנד,CZ,אוראו עוגיות ממולאות,,176.00,,false,,9.90,0.0563,true,1,179848
7622201050757,false,שוקולד מילקה טבלת חלב עם קרמל 100 ג',מילקה Milka,DE,שוקולד מילקה חלב עם,,100.00,,false,,7.90,0.0790,true,1,179852
7622201137052,false,אוראו מיני קוקיס - עוגיות שוקולד צ'יפס ותחתית מצופה שוקולד חלב,מונדלז אספנה גלטאס פ,ES,מילקה מיני קוקיז 110,,110.00,,false,,10.90,0.0991,true,1,245964
7622201401900,false,עוגיות מילקה סנסיישן אוראו 156 גרם,מונדלז פולסקה פרודקש,PL,מילקה עוגיות סנסיישן,,156.00,,false,,13.90,0.0891,true,1,237235
7622201801809,false,מילקה שוקולד חלב עם אגוזים 100 גרם חדש,מנדלז דויצ'לנד סנקס,DE,שוקולד חלב מילקה אגו,,100.00,,false,,7.90,0.0790,true,1,246445
7622201802363,false,מילקה טבלת שוקולד חלב וצימוקים ואגוזים 100ג',מנדלז דויצ'לנד סנקס,PL,שוקולד חלב מילקה צימ,,100.00,,false,,7.90,0.0790,true,1,246443
7622201802394,false,שוקולד מילקה חלב מסרונים 100 גרם,מנדלז דויצ'לנד סנקס,PL,שוקולד מילקה חלב 100,,100.00,,false,,7.90,0.0790,true,1,246444
7622201808631,false,אוראו מיני עוגיות ממולאות קרם וניל 67גרם,פי.טי. מונדלז אינדונ,ID,אוראו מיני כוסות בטע,,67.00,,false,,9.90,0.1478,true,1,246448
7622201813390,false,עוגיות מילקה וואפל במילוי קרם קקאו 150 ג,מונדליז סי.אר. ביסקו,CZ,מילקה וואפל במילוי ק,,150.00,,false,,14.90,0.0993,true,1,246453
7622210078131,false,מילקה שוקולד חלב במילוי קרם שמנת 100 ג',מנדלז דויצ'לנד סנקס,PL,שוקולד מילקה חלב עם,,100.00,,false,,7.90,0.0790,true,1,221098
7622210163899,false,שוקולד חלב במילוי סוכריות עדשים,מונדלז דויצ'לנד סנקס,DE,שוקולד מילקה חלב עם,,100.00,,false,,7.90,0.0790,true,1,232671
7622210392589,false,מארז טולברון טייני חלב 200 גרם,מונדליז,CH,טובלרון טייני חלב 20,,200.00,,false,,14.90,0.0745,true,1,250075
7622210453327,false,עוגיות שוקוצ'יפס במילוי שוקולד סנסיישן,מנדלז פולסקה פרודקשן,PL,מילקה עוגיות סנסיישן,,156.00,,false,,13.90,0.0891,true,1,232672
7622210826053,false,שוקולד מילקה אוראו סנדוויץ 92 גר',גיאורי קאקסז קייאףטי,PL,שוקולד מילקה אוראו ס,,92.00,,false,,7.90,0.0859,true,1,237243
7622300270506,false,מילקה גריינס - עוגיות שיבולת שועל מצופות שוקולד 168 ג',מונדלז פולסקה פרודקש,PL,מילקה גריינס עוגיות,,168.00,,false,,14.90,0.0887,true,1,179866
7622300489427,false,עוגיות אוראו בציפוי בטעם שוקולד לבן 246 גרם,מנדלז אספנה גאלטס פר,ES,אוראו עוגיות בציפוי,,246.00,,false,,15.90,0.0646,true,1,232687
7622300495046,false,מילקה שוקולד חלב עם אקסטרה קקאו 100 גרם,מנדלז דויצ'לנד סנקס,DE,שוקולד מילקה אקסטרה,,100.00,,false,,7.90,0.0790,true,1,179875
7622300617820,false,מילקה שוקולד חלב במילוי קרם חלב ווניל ושבבי עוגיות אוראו 100 גרם,מנדלז דויצ'לנד סנקס,DE,שוקולד מילקה אוראו 1,,100.00,,false,,7.90,0.0790,true,1,179878
7622300761363,false,עוגיות מיני אוראו במילוי קרם בטעם שוקולד בכוס,פי.טי. מונדלז אינדונ,ID,אוראו מיני כוסות בטע,,67.00,,false,,9.90,0.1478,true,1,206412
7622400005190,false,שוקולד חלב נגיעות שוקולד לבן מילקה 100 ג,מנדלז דויצ'לנד סנקס,DE,שוקולד מילקה 100גר,,100.00,,false,,7.90,0.0790,true,1,179884
7630477891592,false,סטארבקס קפסולות קפה האוס בלנד 10 יחידות,נסטלה שוויץ - קפה,CH,סטארבקס קפסולות האוס,יחידה,0.00,יחידה,false,,21.90,0.0000,true,1,232650
7630477891639,false,סטארבקס קפסולות קפה ורונה 10 יחידות,נסטלה שוויץ - קפה,CH,סטארבקס קפסולות האוס,יחידה,0.00,יחידה,false,,21.90,0.0000,true,1,232652
7702018980833,false,"ג'ילט ג'ל גילוח סירייס מועשר בלחות - 200 מ""ל",פרוקטר אנד גמבל,GB,גילט גל גילוח מועשר,,200.00,,false,,19.90,0.0995,true,1,204199
7702024074625,false,פיטנס - חטיפי קרקר חיטה מלאה 234 גרם,קומסטיבלס לה רוזה אס,CO,פיטנס חטיפי קרקר חיט,,234.00,,false,,12.90,0.0551,true,1,232658
7702024258322,false,"חטיפי קרקר עם חיטה מלאה, צ'יה וזרעי פשתן פיטנס",נסטלה Nestle,CO,פיטנס חטיפי קרקר צ'י,,234.00,,false,,12.90,0.0551,true,1,237151
7702174066631,false,לקקן יוגטה פין פופ במילוי מסטיק 170 גר,הדקלאים אגודת שיתופי,EC,לקקן פינפופ מהדרין י,,180.00,,false,,7.90,0.0439,true,1,192208
7702174068826,false,יוגטה מבחר סוכריות לקקן קשות ממולאות טופי בטעמי יוגורט ופירות 204 גרם,הדקלאים אגודת שיתופי,EC,לקקן עם סוכריות טופי,יחידה,0.00,יחידה,false,,11.90,0.0000,true,1,192211
7702174068833,false,יוגטה סוכריות קשות על מקל ממולאות טופי בטעמי גלידת פירות 12 יח' 204 גרם,הדקלאים אגודת שיתופי,EC,לקקן בטעם גלידה יוגט,יחידה,0.00,יחידה,false,,11.90,0.0000,true,1,192212
7702174073783,false,סוכריות על מקל בטעם קולה במילוי גומי לעיסה,הדקלאים אגודת שיתופי,CO,לקקן פינפופ קולה יוג,,180.00,,false,,7.90,0.0439,true,1,192216
7792860006218,false,סוכריות לקקנים בייבי דול Baby Doll לריטר,גוד פוד פרודקטס S.p,AR,סוכריות לקקנים בייבי,,24.00,,false,,2.50,0.1042,true,1,191228
7804414014058,false,קזה די לואיגי סובניו,הכרם,IL,קזה די לואיגי סובניו,,750.00,,false,,34.90,0.0465,true,1,245586
7891024030974,false,"קולגייט משחת שיניים טריפל אקשן 75 מ""ל",הנסיך- מפעל לייצור ט,BR,קולגייט טריפל אקשן מ,,75.00,,false,,7.90,0.1053,true,1,186255
8000300359978,false,טבלת שוקולד חלב פרוג,,,טבלת שוקולד חלב פרוג,,80.00,,false,,4.90,0.0613,true,1,250903
8000300359992,false,טבלת שוקולד מריר פרו,,,טבלת שוקולד מריר פרו,,80.00,,false,,4.90,0.0613,true,1,250901
8000300380378,false,"טבלת שוקולד חלב לל""ג",,,"טבלת שוקולד חלב לל""ג",,86.00,,false,,7.90,0.0919,true,1,247059
8000300389067,false,באצ'י שוקולד מריר ש,,,באצ'י שוקולד מריר ש,,125.00,,false,,10.90,0.0872,true,1,250902
8000350007393,false,עוגיות וישנזי במילוי,קריות זול,IT,עוגיות וישנזי במילוי,,150.00,,false,,10.90,0.0727,true,1,249456
8000380003761,false,וופל גרנד פטיסרי שוקולד וקוקוס לואקר 100 גרם,קריניציה ויטמינה אס,IT,גרנד פטיסרי קוקוס 10,,100.00,,false,,14.50,0.1450,true,1,192219
8000380004676,false,קוביות וופל סנדוויץ Sandwich עם וניל וחלב,"א. לואקר, קונפקט ג'י",AT,וופל לואקר קוביות סנ,,200.00,,false,,14.50,0.0725,true,1,192222
8000380004911,false,קוביות וופל קואדרטיני Quadratini קרם אגוזים,קריניציה ויטמינה אס,AT,וופל קואדרטיני אגוז,,250.00,,false,,14.90,0.0596,true,1,192225
8000380007219,false,וופל בטעם אגוזים לואקר 175 גרם,ליימן מותגים,AT,וופל לואקר אגוז 175ג,,175.00,,false,,12.90,0.0737,true,1,192232
8000380007257,false,וופל בטעם אגוזים לואקר 200 גרם,קריניציה ויטמינה אס,IT,וופל גרדנה אגוז 200ג,,200.00,,false,,14.90,0.0745,true,1,192234
8000380007264,false,וופל בטעם קקאו לואקר 175 גרם,קריניציה ויטמינה אס,AT,וופל לואקר קקאו 175ג,,175.00,,false,,12.90,0.0737,true,1,192235
8000380106028,false,טורטינה לואקר וופל שוקולד ואגוזים שישיה 125ג',קריניציה ויטמינה אס,IT,טורטינה שישיה חלב 12,,125.00,,false,,18.90,0.1512,true,1,192238
8000380144044,false,גרדנה וופל מצופה שוקולד חלב לואקר 200 גרם,"א. לואקר , AG/SpA, ו",IT,וופל גרדנה שוקולד 20,,200.00,,false,,14.90,0.0745,true,1,192242
8000380152704,false,וופל אצבעות גרדנה חטיפי אגוז שוקו' 125גר,"אינסטנטה בע""מ",IT,לואקר גרדנה אצבעות ו,,125.00,,false,,16.50,0.1320,true,1,192251
8000380152728,false,מארז חטיפי אצבעות גרנדה שוקולד 125 גרם,"אינסטנטה בע""מ",IT,לואקר גרדנה אצבעות ו,,125.00,,false,,16.50,0.1320,true,1,192252
8000380153534,false,מארז וופל שוקולד טורטינה Tortina שוקולד לבן,ליימן מותגים,IT,טורטינה לבן 125גר,,125.00,,false,,18.90,0.1512,true,1,192256
8000380157570,false,וופלים לואקר קלאסיק אגוז 262.5 גר,ליימן מותגים,AT,וופל קלאסי לואקר 262,,262.50,,false,,14.90,0.0568,true,1,232916
8000380157587,false,וופלים לואקר קלאסיק קקאו 262.5 גר,ליימן מותגים,AT,וופל שוקולד לואקר 26,,262.50,,false,,14.90,0.0568,true,1,232917
8000380180745,false,קוביות וופל קואדרטיני קקאו במילוי קר חלב,"א. לואקר, קונפקט ג'י",AT,וופל קואדרטיני שוקו,,250.00,,false,,14.90,0.0596,true,1,192270
8000380181032,false,"לואקר גרדנה חטיפי אצבעות אגוזים ושוקולד לבן, 125 גרם","אינסטנטה בע""מ",IT,וופל לואקר גרדנה אצב,,125.00,,false,,16.50,0.1320,true,1,192272
8000380192243,false,וופלים לואקר מקסי בטעם אגוז 200 גר',לואקר Loacker,IT,לואקר מקסי טעם אגוז,,200.00,,false,,13.90,0.0695,true,1,232921
8000380192588,false,קואדרטיני בטעם קקאו במילוי קרם קקאו,קריניציה ויטמינה אס,AT,וופל קואדרטיני דאבל,,250.00,,false,,14.90,0.0596,true,1,232923
8000380198221,false,וופלים לואקר מקסי דאבל שוקולד 200 גר',לואקר Loacker,AT,לואקר מקסי טעם דאבל,,200.00,,false,,13.90,0.0695,true,1,246171
8000380205400,false,קוביות וופל קואדרטיני בטעם חמאת בוטנים,ליימן מותגים,AT,וופל קואדרטיני חמאת,,250.00,,false,,14.90,0.0596,true,1,248819
8000380205523,false,וופל לואקר קלאסיק חמאת בוטנים 175 גר,ליימן מותגים,AT,וופל לואקר קלאסיק חמ,,175.00,,false,,12.90,0.0737,true,1,248822
8000380206896,false,וופל לואקר גרדנה חמאת בוטנים 200 גר,ליימן מותגים,IT,וופל גרדנה חמאת בוטנ,,200.00,,false,,14.90,0.0745,true,1,248820
8000500023624,false,חטיפי הפי היפו Happy Hippo במילוי קרם חלב וקקאו,קינדר Kinder,IT,קינדר הפי היפו חמישי,,102.00,,false,,14.90,0.1461,true,1,214020
8000500023976,false,בונבוניירת רפאלו פררו 150 גרם,קריות זול,PL,בונבוניירת רפאלו 150,,150.00,,false,,17.90,0.1193,true,1,214021
8000500026731,false,שוקולד ביצי הפתעה קינדר שלישייה,קריות זול,IT,קינדר ביצי שוקולד 3*,,60.00,,false,,15.90,0.2650,true,1,214022
8000500028124,false,קינדר גוי ביצת הפתעה מארז שלישיה,ליימן שליסל,ZA,קינדר ג'וי שלישייה 3,,60.00,,false,,15.90,0.2650,true,1,250100
8000500029350,false,מארז וופל מצופה 3יח' *43 גרם קינדר בואנו,קינדר Kinder,PL,*מבצע* קינדר בואנו ש,,129.00,,false,,10.90,0.0845,true,1,214024
8000500032237,false,בונבוניירה פררו רושר 375 גר,פררו רושר,IT,פררו רושר בונבוניירה,,372.00,,false,,48.90,0.1315,true,1,214025
8000500037874,false,בונבוניירת פררו רושה 200 גרם,קריות זול,IT,פררו רושר בונבוניירה,,200.00,,false,,28.90,0.1445,true,1,214027
8000500071083,false,אצבעות שוקולד קינדר Kinder שש עשרה יחידות,קינדר Kinder,IT,קינדר אצבעות שוקולד,,200.00,,false,,14.90,0.0745,true,1,214029
8000500121436,false,מארז קינדר בואנו Kinder Bueno לבן שלוש יחידות,קינדר Kinder,PL,*מבצע* קינדר בואנו ל,,117.00,,false,,10.90,0.0932,true,1,214033
8000500227848,false,נוטלה - בי רדי אצבעות ביסקוויט במילוי שוקולד 6 יח' * 22 גרם,פררו,IT,נוטלה בי רדי 132 גרם,,132.00,,false,,12.90,0.0977,true,1,234293
8000500249352,false,קינדר בואנו מיני מיקס שקית 205 ג',קדבורי,PL,קינדר בואנו מיני מיק,,205.00,,false,,21.90,0.1068,true,1,234296
8000500267103,false,קינדר דליס עוגת ספוג קקאו במילוי חלבי*10,קינדר Kinder,IT,קינדר דליס 390 גרם,,390.00,,false,,19.90,0.0510,true,1,234299
8000500269169,false,קינדר קארדס Kinder Cards - חמישייה,קריות זול,IT,קינדר קארדס חמישייה,,128.00,,false,,14.90,0.1164,true,1,249747
8000500353738,false,רביעיה סוכריות בטעם מנטה חזק 4 * 16 ג' טחק טק,פררו,ZA,טיק טק מנטה חזק רביע,,64.00,,false,,11.90,0.1859,true,1,239162
8000500366073,false,נוטלה עוגיות נוטלה בשקית 20 יח'- NUTELLA BISCUITTS,קריות זול,IT,נוטלה ביסקוויט שקית,,276.00,,false,,21.90,0.0793,true,1,250907
8000500386941,false,"ממרח קקאו עם אגוזי לוז, 900 גרם",קדבורי,IT,נוטלה ממרח קקאו עם א,,900.00,,false,,29.90,0.0332,true,1,249748
8001090222428,false,"הרבל אסנסס - שמפו חלב קוקוס 400 מ""ל",הרבל אסנס Herbal Essences,FR,הרבל אסנסס שמפו חלב,,400.00,,false,,19.90,0.0497,true,1,235845
8001090222541,false,"שמפו הרבל אסנסס תות שדה ומנטה 400 מ""ל",הרבל אסנס Herbal Essences,FR,הרבל אסנסס שמפו תות,,400.00,,false,,19.90,0.0497,true,1,235847
8001090222572,false,"מרכך הרבל אסנסס תות שדה ומנטה 400 מ""ל",הרבל אסנס Herbal Essences,FR,הרבל אסנסס מרכך תותו,,400.00,,false,,19.90,0.0497,true,1,232094
8001090222725,false,"הרבל אסנסס - שמפו שמן מורינגה 400 מ""ל",הרבל אסנס Herbal Essences,FR,הרבל אסנסס שמפו שמן,,400.00,,false,,19.90,0.0497,true,1,228722
8001090222756,false,"הרבל אסנס מרכך תות שמן מורינגה 400 מ""ל",הרבל אסנס Herbal Essences,FR,הרבל אסנסס מרכך שמן,,400.00,,false,,19.90,0.0497,true,1,228723
8001090336446,false,פמפרס בייבי דריי חיתולים מידה 4 34 יח,פרוקטר אנד גמבל,DE,פמפרס בייבי דריי מיד,יחידה,0.00,יחידה,false,,34.90,0.0000,true,1,234150
8001090336521,false,פמפרס בייבי דריי חיתולים מידה 5 30 יח,פרוקטר אנד גמבל,DE,פמפרס בייבי דריי מיד,יחידה,0.00,יחידה,false,,34.90,0.0000,true,1,234152
8001090336606,false,פמפרס בייבי דריי חיתולים מידה 6 26 יח,פרוקטר אנד גמבל,DE,פמפרס בייבי דריי מיד,יחידה,0.00,יחידה,false,,34.90,0.0000,true,1,234153
8001090493637,false,"הד אנד שולדרס שמפו אולטרא טוטאל קר 450 מ""ל",פרוקטר אנד גמבל,RO,הד&שולדרס שמפו אולטר,,450.00,,false,,23.90,0.0531,true,1,234160
8001090802385,false,קפסולות גל לכביסה טייד בניחוח לנור 26 יח,פרוקטר אנד גמבל,FR,טייד קפסולות לכביסה,,26.00,,false,,29.90,1.1500,true,1,234174
8001090810120,false,פנטן קונדישנר מרוקאי,פרוקטר אנד גמבל,RO,פנטן מרכך שמן מרוקאי,,500.00,,false,,18.90,0.0378,true,1,234177
8001090832450,false,"שמפו פנטן הנוסחה הקלאסית 660 מ""ל",פרוקטר אנד גמבל,RO,שמפו הנוסחה הקלאסית,יחידה,0.00,יחידה,false,,21.90,0.0000,true,1,223923
8001090886460,false,לנור כדוריות הריח בניחוח אביבי 140 גרם,פרוקטר אנד גמבל,US,לנור כדוריות בושם בנ,,140.00,,false,,19.90,0.1421,true,1,234185
8001090899194,false,תחבושות אולוויז פלטינום נורמל 24 יח',פרוקטר אנד גמבל,DE,תחבושות אולוויז פלטי,יחידה,0.00,יחידה,false,,19.90,0.0000,true,1,234188
8001090899224,false,תחבושות אולוויז פלטינום לונג 20 יח',פרוקטר אנד גמבל,DE,תחבושות אולוויז פלטי,יחידה,0.00,יחידה,false,,19.90,0.0000,true,1,234189
8001090899255,false,תחבושות אולוויז פלטינום לילה 16 יח',פרוקטר אנד גמבל,DE,תחבושות אולוויז פלטי,יחידה,0.00,יחידה,false,,19.90,0.0000,true,1,234190
8001090899286,false,תחבושות אולוויז פלטינום לילה בטוח 14 יח',פרוקטר אנד גמבל,DE,אולוויז תחבושות פלטי,יחידה,0.00,יחידה,false,,19.90,0.0000,true,1,234191
8001090988362,false,"שמפו לחות מוגברת פנטן 500 מ""ל","פרוקטר אנד גמבל, רומ",RO,פנטן שמפו לחות מוגבר,,500.00,,false,,18.90,0.0378,true,1,234192
8001090988843,false,"פנטן קונדישנר לחות מרכך מוגברת 500 מ""ל",פרוקטר אנד גמבל,RO,פנטן קונדישנר לחות מ,,500.00,,false,,18.90,0.0378,true,1,234196
8001100059242,false,בלוקו וופלים ממולאים קרם קקאו 250 גרם,,,וופל קוביות 250 ג בא,,250.00,,false,,13.90,0.0556,true,1,250283
8001100059259,false,קוביות וואפל בטעם אגוזי לוז באלוקו 250 ג',,,וופל קוביות 250ג באל,,250.00,,false,,13.90,0.0556,true,1,250282
8001250152015,false,פסטה דורום פפרדלה דה,דה צ'אקו DE CECCO,IT,פסטה דורום פפרדלה דה,,500.00,,false,,15.90,0.0318,true,1,250590
8001250152336,false,פסטה פיטוציני דה צקו,General,,פסטה דורום פטוציני ד,,500.00,,false,,15.90,0.0318,true,1,250591
8001620011935,false,"סן בנדטו- מים מינרלים מוגז - מארז שישיית 500 מ""ל",אקווה מינרלה סאן בנד,IT,סאן בנדטו מוגז שישיי,,3000.00,,false,,14.90,0.0050,true,1,173285
8001841096889,false,"נוזל לניקוי כלים לימון קלאסי 900 מ""ל",פרוקטר אנד גמבל,TR,פיירי לבן לימון 900,,900.00,,false,,9.90,0.0110,true,1,234202
8001841722146,false,אולוויז מגן תחתון וליופק נורמל 56 יחידות,דיפלומט,DE,מגן תחתון אולוויז נו,יחידה,0.00,יחידה,false,,19.90,0.0000,true,1,238547
8002450205006,false,משקה כהלי מוגז ורדי,איטליה בוסקה,IT,ורדי משקה כהלי מוגז,,750.00,,false,,25.90,0.0345,true,1,221621
8002450206508,false,קזה די לואיג'י קברנה סוביניון,קאסה די לואיג'י Casa di luigi,CL,קזה די לואיגי קברנה,,750.00,,false,,34.90,0.0465,true,1,192775
8003753158617,false,אילי קפסולות אספרסו לונגו קלאסיקו 10 יח' 57 גרם,ג'ייקובס דאו אגרבטס,FR,אילי קפסולות אספרסו,יחידה,0.00,יחידה,false,,24.90,0.0000,true,1,246219
8003753158648,false,אילי illy קפסולות אספרסו אינטנסו 10 יחיד,ג'ייקובס דאו אגרבטס,FR,אילי קפסולות אספרסו,יחידה,0.00,יחידה,false,,24.90,0.0000,true,1,246220
8004030344938,false,ריו מרה טונה בשמן זית 80 גרם*שלישייה,"בולטון אלימנטרי בע""מ",IT,טונה ריו מרה שמן זית,,240.00,,false,,29.90,0.1246,true,1,232815
8004690050507,false,פסטה פטוציני מוליסאנ,למוליזנה,IT,פסטה לאמוליזנה פטוצ',,500.00,,false,,8.90,0.0178,true,1,239166
8004690051573,false,פסטה לאמוליזנה ספגטי,למוליזנה,IT,פסטה לאמוליזנה ספגטי,,500.00,,false,,8.90,0.0178,true,1,191233
8004690052044,false,פסטה לאמוליזנה פנה ז,למוליזנה,IT,פסטה לאמוליזנה פנה ז,,500.00,,false,,8.90,0.0178,true,1,191234
8004690052600,false,פסטה לאמוליזנה קונכי,למוליזנה,IT,פסטה לאמוליזנה קונכי,,500.00,,false,,8.90,0.0178,true,1,240625
8004690052846,false,פסטה פוסילי למוליזנה,למוליזנה,IT,פסטה לאמוליזנה פוסיל,,500.00,,false,,8.90,0.0178,true,1,191235
8004690053195,false,פסטה ריגטוני מוליסאנ,למוליזנה,IT,פסטה לאמוליזנה ריגטו,,500.00,,false,,8.90,0.0178,true,1,191236
8004690055601,false,פסטה לאמוליזנה צ'ינס,למוליזנה,IT,פסטה לאמוליזנה צ'ינס,,500.00,,false,,8.90,0.0178,true,1,239169
8004690057308,false,פסטה רדיאטורי מוליסא,למוליזנה,IT,פסטה לאמוליזנה רדיאט,,500.00,,false,,8.90,0.0178,true,1,239170
8004690058008,false,פסטה לאמוליזנה גמלי,למוליזנה,IT,פסטה לאמוליזנה גמלי,,500.00,,false,,8.90,0.0178,true,1,220008
8004690106600,false,פסטה פראפלה מוליסאנא,למוליזנה,IT,פסטה לאמוליזנה פארפא,,500.00,,false,,8.90,0.0178,true,1,191237
8004800000064,false,לאגו פלאסיר- גלילי ופל קרם קקאו בציפוי ש.חלב - 100 ג',לאגו,IT,לאגו גלילי וופל במיל,,100.00,,false,,10.90,0.1090,true,1,250477
8004800004802,false,גלילי וופל לאגו פלאסיר קרם דומדמניות 100,לאגו,IT,לאגו גלילי וופל במיל,,100.00,,false,,10.90,0.1090,true,1,250476
8005110002243,false,רכז עגבניות Doppio Concentr בשפופרת 185 ג' MUTTI,"איי, בי, אינבוו",IT,רכז עגבניות מוטי בשפ,,185.00,,false,,9.90,0.0535,true,1,234312
8005110170300,false,עגבניות מרוסקות חתוכות מוטי MUTTI שלישיה *400,מוטי Mutti,IT,עגבניות מרוסקות מוטי,,1200.00,,false,,18.90,0.0157,true,1,214650
8005110550508,false,עגבניות שרי 400 גרם MUTTI,,,מוטי עגבניות שלמות ב,,400.00,,false,,9.90,0.0248,true,1,250583
8005200256587,false,נסטי - תה קר בטעם אפרסק 1.5 ליטר,מפעל סאנפלגרינו S.P.,IT,נסטי אפרסק 1.5ליטר,,1500.00,,false,,9.50,0.0063,true,1,247622
8005200286584,false,תה קר בטעם מנגו אננס נסטי 1.5 ליטר,מפעל סאנפלגרינו S.P.,IL,נסטי מנגו אננס 1.5לי,,1500.00,,false,,9.50,0.0063,true,1,247623
8005200316588,false,תה קר דיאט בטעם אפרסק נסטי 1.5 ליטר,מפעל סאנפלגרינו s.p.,IL,נסטי דיאט אפרסק 1.5ל,,1500.00,,false,,9.50,0.0063,true,1,247624
8005803010661,false,"מקלות אפויים עם שמן זית, מלח, ושומשום, 125 גרם, אמור די פאן","הוסטה איטליה, ס.ר.ל.",IT,גריסיני אמור די פאן,,125.00,,false,,7.90,0.0632,true,1,221542
8006540027042,false,"לנור מרכך כביסה בניחוח פרחי בר 897 מ""ל",פרוקטר אנד גמבל,FR,לנור מרכך כביסה בניח,,897.00,,false,,15.90,0.0177,true,1,245583
8006540112823,false,"לנור מרכך כביסה מרוכז בניחוח האוקיינוס 900 מ""ל",פרוקטר אנד גמבל,FR,לנור מרכך מרוכז בניח,,900.00,,false,,15.90,0.0177,true,1,245839
8006540112854,false,"מרכך כביסה מרוכז בניחוח סחלב לנור 900 מ""ל",פרוקטר אנד גמבל,FR,לנור מרכך מרוכז בניח,,900.00,,false,,15.90,0.0177,true,1,245841
8006540221068,false,מגן תחתון אלוויז וליופק לונג פלוס 40 יחי',פרוקטר,DE,אולוויז מגני תחתון ל,יחידה,0.00,יחידה,false,,19.90,0.0000,true,1,249297
8006540221341,false,אולוויז מגן תחתון וליופק לארג' 48 יחידות,,DE,אולוויז מגן תחתון אק,יחידה,0.00,יחידה,false,,19.90,0.0000,true,1,248315
8006540302538,false,הד&שולדרס שמפו קלאסי,,,הד&שולדרס שמפו קלאסי,,350.00,,false,,19.90,0.0569,true,1,250166
8006540428368,false,חיתולים בייבי דריי מידה 1 40 יח' פמפרס,פרוקטר אנד גמבל,TR,פמפרס בייבי דריי מיד,יחידה,0.00,יחידה,false,,34.90,0.0000,true,1,248743
8006540495186,false,לנור מרכך כביסה מרוכז רגיש בייבי 900 מל,פרוקטר אנד גמבל,FR,לנור מרכך כביסה בייב,,900.00,,false,,15.90,0.0177,true,1,249544
8007178223547,false,קרם מצומצם עם חומץ בלסמי ממודנה,פארייפאבה אגרואינדוס,IT,קרם בלסמי מצומצם ג'ק,,250.00,,false,,25.90,0.1036,true,1,179929
8008660210014,false,מעדן ריבה מנץ אנד גאססר משמש 300 גר,קריניציה ויטמינה אס,IT,מעדן משמש מנז אנד גא,,300.00,,false,,17.90,0.0597,true,1,190990
8008660210021,false,מעדן ריבה מנץ אנד גאססר דובדבן 300 גר,שוורצקוף& הנקל דיסלד,IT,מעדן דובדבן מנז אנד,,300.00,,false,,17.90,0.0597,true,1,190991
8008857200057,false,פסטה רג'ייה ספגטי שטוח,רגיה,IT,פסטה רג'ייה ספגטי שט,,500.00,,false,,6.90,0.0138,true,1,175484
8008857200194,false,פסטה רג'ייה ספגטי 500 גר',רגיה,IT,פסטה רג'ייה ספגטי 50,,500.00,,false,,6.90,0.0138,true,1,175485
8008857200200,false,פסטה רג'ייה ספגטי דק 500 גר',,IT,פסטה רג'ייה ספגטי דק,,500.00,,false,,6.90,0.0138,true,1,175486
8008857300344,false,פסטה רג'ייה צינור 500 גר',רגיה,IT,פסטה רג'ייה צינור 50,,500.00,,false,,6.90,0.0138,true,1,175488
8008857300481,false,פסטה רג'ייה בורג 500 גר',רגיה,IT,פסטה רג'ייה בורג 500,,500.00,,false,,6.90,0.0138,true,1,175489
8008857300603,false,פסטה רג'ייה קונכיה 500 גר',,IT,פסטה רג'ייה קונכיה 5,,500.00,,false,,6.90,0.0138,true,1,175492
8008857300627,false,פסטה רג'ייה צדף 500 גר',,,פסטה רג'ייה צדף 500,,500.00,,false,,6.90,0.0138,true,1,175493
8008857300634,false,פסטה רג'ייה תלתל 500 גר',רגיה,IT,פסטה רג'ייה תלתל 500,,500.00,,false,,6.90,0.0138,true,1,175494
8008857300771,false,פסטה רג'ייה אט' מרק 500 גר',,,פסטה רג'ייה אטריות מ,,500.00,,false,,6.90,0.0138,true,1,175497
8008857406152,false,פסטה רג'ייה אט' עגולות עבות 500 גר',רגיה,IT,פסטה רג'ייה אטריות ע,,500.00,,false,,7.90,0.0158,true,1,175500
8008857500003,false,רג'יה פסטה 609 אטריות עגולות דקות 500ג,פסטה רג'יה Pasta Reggia,IT,פסטה רג'ייה אטריות ע,,500.00,,false,,7.90,0.0158,true,1,175501
8008857601090,false,פסטה קנלוני רג'יה 250 גר',פסטה רג'יה Pasta Reggia,,קנלוני רג'יה 250 גרם,,250.00,,false,,9.90,0.0396,true,1,232591
8011033011279,false,קוסקוס אמיתי 1 קג מר,אמירה,,קוסקוס 1 קג,,1000.00,,false,,13.90,0.0139,true,1,201093
8032880800243,false,פיקניק הפתעה - אגוזי לוז ומקלות אפויים,"הוסטה איטליה, ס.ר.ל.",IT,פיקניק הפתעה 50גר,,50.00,,false,,7.90,0.1580,true,1,192297
8053259246967,false,רוטב בלסמי מצומצם קלאסי כשר 180 גרם,General,,רוטב בלסמי מצומצם קל,,180.00,,false,,14.90,0.0828,true,1,247310
8076800195033,false,ברילה - צ.א ספגטיני מס3 חדש 500 גרם,ברילה גי.אי.אר פרטלי,IT,פסטה ספגטי ברילה מס',,500.00,,false,,8.90,0.0178,true,1,186277
8076800195057,false,ברילה - צ.א ספגטי מס5 חדש 500 גרם,ברילה גי.אי.אר פרטלי,IT,פסטה ספגטיני מס 5 בר,,500.00,,false,,8.90,0.0178,true,1,186278
8076802085738,false,ברילה - צ.ק פנה רגטה חדש 500 גרם,ברילה גי.אי.אר פרטלי,IT,פסטה פנה רגטה ברילה,,500.00,,false,,8.90,0.0178,true,1,186283
8076802085981,false,ברילה - צ.ק פוזילי חדש 500 גרם,ברילה גי.אי.אר פרטלי,IT,פסטה פתיתי פוזליני ב,,500.00,,false,,8.90,0.0178,true,1,186288
8076808060654,false,פסטה פרפלה מספר 65 ברילה 500 גרם,ברילה גי.אי.אר פרטלי,IT,פסטה פתיתי פרפלה 65,,500.00,,false,,8.90,0.0178,true,1,186292
8076808150072,false,ברילה - צ.א ספגטוני מס7 חדש 500 גרם,ברילה גי.אי.אר פרטלי,IT,פסטה ספגטי מס 7 בריל,,500.00,,false,,8.90,0.0178,true,1,186294
8076809513654,false,בסיס רוטב עגבניות לבולונז ברילה 400 גרם,ברילה גי.אי.אר פרטלי,IT,רוטב עגבניות לבולונז,,400.00,,false,,15.90,0.0398,true,1,186299
8076809523561,false,ברילה - רוטב פסטה בטעם טוסקנה 400 גרם,ברילה גי.אי.אר פרטלי,IT,רוטב טוסקנה ברילה400,,400.00,,false,,15.90,0.0398,true,1,186310
8410076621047,false,עוגות אישיות בטעם שוקולד עם חתיכות בטעם שוקולד,"גלאטס סירו בע""מ",ES,פייבר וואן בראוניז ב,,120.00,,false,,17.90,0.1492,true,1,232936
8410104039134,false,"פיניש מנקה ומחדש מדיח 250 מ""ל",הדקלאים אגודת שיתופי,PL,פיניש מנקה ומחדש מדי,,250.00,,false,,21.90,0.0876,true,1,200407
8410104045111,false,"פיניש מלח למדיח כלים 2ק""ג",רקיט בנקיזר,IL,"פיניש מלח למדיח 2 ק""",,2000.00,,false,,15.90,0.0080,true,1,200409
8410376052633,false,גולון-עוגיות שוקוצ'יפס ללא תוספת סוכר 150 ג 1/12,VIRGINIAS INDUSTRIAS,ES,גולון עוגיות שוקוצ'י,,150.00,,false,,12.90,0.0860,true,1,249847
8410721443840,false,כורכום טחון מרקדו טייסט 70 ג',,,כורכום טחון בשקית מר,,70.00,,false,,5.90,0.0843,true,1,247533
8412497595327,false,בקבוק פלסטיק 450מל,,,בקבוק פלסטיק 450מל,יחידה,0.00,יחידה,false,,19.90,0.0000,true,1,187290
8413376022965,false,גבינת עיזים רכה 29% שומן 110 גרם,,ES,גבינת עיזים רכה 29%,,110.00,,false,,13.90,0.1264,true,1,226358
8413376024839,false,גבינת עיזים רכה עם עשבי תיבול 29% שומן 110 גרם,,ES,גבינת עיזים רכה עם ע,,110.00,,false,,13.90,0.1264,true,1,226359
8420822130600,false,"ספריי סופר מסיר שומנים 750מ""ל יעקבי",קה לורדה,ES,סופר מסיר שומנים KH-,,750.00,,false,,15.90,0.0212,true,1,248518
8420822130624,false,"ספריי סופר מסיר כתמים 750מ""ל יעקבי",קה לורדה,ES,סופר מסיר כתמים יעקב,,750.00,,false,,15.90,0.0212,true,1,248519
8423207206495,false,סלים דליס חטיף דגנים מצופה שוקולד מריר מרבה 6*20 גרם,אף.סי תבליני בגליל ב,ES,סלים דליס חטיף דגנים,,1200.00,,false,,15.90,0.0133,true,1,186336
8423207206501,false,סלים דליס חטיף דגנים עם שוקולד חלב מרבה 6*13 גרם,סלים דליס Slim Delis,ES,סלים דליס חטיף דגנים,,120.00,,false,,15.90,0.1325,true,1,186337
8423207208697,false,מרבה סלים דליס לילדים עם שוקולד לבן חדש,ביסנצ'ורי אס.אל.יו,ES,סלים דליס קידס חטיף,,120.00,,false,,15.90,0.1325,true,1,186348
8423207208888,false,פריכיות תירס בטעם עגבניות ועשבי תיבול סלים דליס 123 ג',סלים דליס Slim Delis,ES,פריכיות תירס בטעם עג,יחידה,0.00,יחידה,false,,12.90,0.0000,true,1,193303
8423207210287,false,מרבה סלים דליס שוקולד לבן בטעם יוגורט 120 ג',סלים דליס Slim Delis,ES,סלים דליס שוקולד לבן,,120.00,,false,,15.90,0.1325,true,1,232823
8423207210928,false,חטיף דגנים מצופה שוקולד חלב ואגוזי לוז - 5 במארז,נוטרישן אנד סנטה קוב,ES,סלים דליס טופינג אגו,,0.00,,false,,15.90,0.0000,true,1,232824
8423207210942,false,חטיף דגנים מצופה שוקולד לבן ופירות יער,נוטרישן אנד סנטה קוב,ES,סלים דליס טופינג פיר,,0.00,,false,,15.90,0.0000,true,1,232825
8423207210980,false,סלים דליס טופינג קליפת תפוז 90 גרם,נוטרישן אנד סנטה קוב,ES,סלים דליס טופינג קלי,,0.00,,false,,15.90,0.0000,true,1,232827
8425206000081,false,ריבת חלב מרדל 450 גרם,כלורוקס אוקלנד,ES,ריבת חלב מרדל 450גר,,450.00,,false,,19.90,0.0442,true,1,193306
8435495805168,false,"תינוקלין לכביסה לעור רגיש אולימפיק 1.25ק""ג",מולינו ניקולי s.p.a,PL,תינוקלין אבקת כביסה,קילוגרמים,1.25,"ק""ג",false,,21.90,17.5200,true,1,232940
8435495807636,false,ג'ל כביסה היפואלרגני 2 ל' תינוקלין,פרוקטר אנד גמבל,PL,תינוקלין ג'ל כביסה ב,ליטרים,2.00,ליטר,false,,29.90,14.9500,true,1,232945
8436575292205,false,ארטיק חמשושים מאגדת 15*12 גר',שוורצקוף& הנקל דיסלד,IL,חמשושים מאגדת 15יח,,180.00,,false,,23.90,0.1328,true,1,232807
8437000906209,false,"עלי טורטיה קמח חיטה 20ס""מ 8יח' אזטקה 325ג'",Azteca foods europe,ES,עלי טורטיה 320ר,,325.00,,false,,10.90,0.0335,true,1,175518
8445290427120,false,דגני פיטנס Fitness שוקולד מריר ובננה,נסטלה צרפת איטנקורט,FR,פיטנס שוקולד מריר בנ,,330.00,,false,,23.90,0.0724,true,1,249720
8606018615827,false,גלידת וניל עם שברי עוגיות אוראו 480 גרם,פרונרי סרביה,IL,פיינט אוראו,,480.00,,false,,19.90,0.0415,true,1,250399
8606018615865,false,פיינט מילקה קרמל ליבת שוקולד 480 גרם,פרונרי סרביה,IL,פיינט מילקה קרמל ליב,,480.00,,false,,19.90,0.0415,true,1,250401
8683130008355,false,מיונז עם שום הלמנס לחיץ 400 גרם,יוניליוור ישראל שיוו,TR,מיונז הלמנס שום לחיץ,,400.00,,false,,16.90,0.0422,true,1,247972
8683130025574,false,"מרכך כביסה אקסטרה לבנדר 960 מ""ל בדין",יונילוור - תורכיה,TR,בדין אקסטרא לבנדר 96,,960.00,,false,,18.90,0.0197,true,1,248752
8683130025581,false,"בדין - מרכך כביסה אקסטרא ענבר 960 מ""ל",יונילוור - תורכיה,TR,בדין אקסטרא ענבר 960,,960.00,,false,,18.90,0.0197,true,1,248753
8683323063024,false,יוגטה שטיחים בטעם תותי פרוטי 220 גרם,ליימן מותגים,TR,סוכריות יוגטה שטיחים,,220.00,,false,,8.50,0.0386,true,1,192322
8686868600037,false,המותג אביזרי שיער,,CN,המותג אביזרי שיער,יחידה,0.00,יחידה,false,,5.90,0.0000,true,1,203552
8686868600068,false,המותג אביזרי שיער,,CN,המותג אביזרי שיער,יחידה,0.00,יחידה,false,,8.90,0.0000,true,1,203555
8686868600075,false,המותג אביזרי שיער,,CN,המותג אביזרי שיער,יחידה,0.00,יחידה,false,,9.90,0.0000,true,1,203556
8686868600105,false,אביזרי שיער מברשות ה,,CN,אביזרי שיער מברשות ה,יחידה,0.00,יחידה,false,,12.90,0.0000,true,1,203559
8686868600112,false,המותג אביזרי שיער,,CN,המותג אביזרי שיער,יחידה,0.00,יחידה,false,,13.90,0.0000,true,1,203560
8686868600129,false,המותג אביזרי שיער,,CN,סרט לשיער,יחידה,0.00,יחידה,false,,12.90,0.0000,true,1,203561
8686868600150,false,המותג אביזרי שיער,,CN,המותג אביזרי שיער,יחידה,0.00,יחידה,false,,17.90,0.0000,true,1,203564
8686868600174,false,המותג אביזרי שיער,,CN,המותג אביזרי שיער,יחידה,0.00,יחידה,false,,19.90,0.0000,true,1,203565
8686868600204,false,המותג אביזרי שיער,", ,",CN,המותג אביזרי שיער,יחידה,0.00,יחידה,false,,9.90,0.0000,true,1,203568
8686868600211,false,"מטריה לילדים 47 ס""מ",,,"מטריה לילדים 47 ס""מ",יחידה,0.00,יחידה,false,,19.90,0.0000,true,1,220052
8686868600259,false,"מטריה גדולה 70 ס""מ צבעונית",,CN,מטריה גדולה /כפולה,יחידה,0.00,יחידה,false,,29.90,0.0000,true,1,220053
8690504153740,false,שוקולד מריר במילוי קרם בטעם שוקולד מריר,ביסקוט ביסקווי סילבר,TR,טבלת שוקולד מריר עם,,86.00,,false,,13.90,0.1616,true,1,232872
8690521017124,false,"מרכך דאב דמג תרפי לשיער רגיל 400 מ""ל",קריות זול,TR,דאב תארפי מרכך רגיל,,400.00,,false,,14.90,0.0373,true,1,183417
8690526019147,false,אי טי אי - וופל במילוי קרם אגוזי לוז 142 גרם,eti gida sanayi,TR,וופל במילוי קרם אגוז,,142.00,,false,,6.90,0.0486,true,1,234117
8690526019178,false,אי טי אי - וופל קקאו במילוי קרם קוקוס 142 גרם,מולינו ניקולי s.p.a,TR,וופל במילוי קרם קוקו,,142.00,,false,,6.90,0.0486,true,1,234118
8690526019185,false,אי טי אי - וופל במילוי קרם שוקולד חלב 142 גרם,מולינו ניקולי s.p.a,TR,וופל במילוי קרם שוקו,,142.00,,false,,6.90,0.0486,true,1,234119
8690572785928,false,סאיוס שמפו לשיער גלי,שוורצקופף והנקל,,סאיוס שמפו לשיער גלי,,600.00,,false,,12.90,0.0215,true,1,237687
8690572786222,false,מרכך גליס Gliss לשיער ארוך Supreme Length,שוורצקופף והנקל,DE,גליס מרכך לאורך מושל,,400.00,,false,,15.90,0.0398,true,1,237688
8690572789636,false,גליס שמפו לאורך מושל,,,גליס שמפו לאורך מושל,,525.00,,false,,10.00,0.0190,true,1,247553
8690572799499,false,"סאיוס - מרכך אולאו 500 מ""ל",הנקל סוד,TR,סאיוס מרכך שמני הזנה,,500.00,,false,,12.90,0.0258,true,1,248376
8690572799505,false,סאיוס מרכך לחיזוק שורשי סיב השערה 500 מל,הנקל סוד,TR,סאיוס מרכך לחיזוק שו,,500.00,,false,,12.90,0.0258,true,1,248377
8690572799529,false,"סאיוס - שמפו קרטין 500 מ""ל",הנקל סוד,TR,סאיוס שמפו קרטין לשי,,500.00,,false,,12.90,0.0258,true,1,248370
8690572799536,false,"סאיוס שמפו שמני הזנה 500 מ""ל",הנקל סוד,TR,סאיוס שמפו שמני הזנה,,500.00,,false,,12.90,0.0258,true,1,248375
8690572799543,false,סאיוס שמפו לחיזוק שורשי סיב השערה 500 מל,הנקל סוד,TR,סאיוס שמפו לחיזוק שו,,500.00,,false,,12.90,0.0258,true,1,248372
8690572799550,false,"סאיוס שמפו לשיער גלי ומתולתל 500 מ""ל",הנקל סוד,TR,סאיוס שמפו לשיער גלי,,500.00,,false,,12.90,0.0258,true,1,248373
8690637505614,false,"מרכך כביסה בדין אקסטרה פינוק קוקוס 960 מ""ל",יוניליוור סנאיי וי ט,TR,בדין אקסטרא פינוק קו,,960.00,,false,,18.90,0.0197,true,1,246107
8690637505959,false,דאב סבון ידיים הזנה לוטוס 500 מל,General,TR,דאב תרחיץ ידיים לוטו,,500.00,,false,,17.90,0.0358,true,1,250278
8690637858734,false,ג'ל לניקוי כללי בתוספת אקונומיקה בניחוח לימון,סיף פנטסטיק Cif Fantastic,IL,סיף ג'ל אקונומיקה לי,,750.00,,false,,13.90,0.0185,true,1,232757
8690637946301,false,"בדין - מרכך כביסה אקסטרא בייביי כחול 960 מ""ל",יוניליוור סנאיי וי ט,TR,בדין אקסטרא בייביי מ,,960.00,,false,,18.90,0.0197,true,1,232769
8690637946318,false,מרכך כביסה אקסטרה בייבי היפואלרגני בריח טלק,יוניליוור סנאיי וי ט,IL,בדין אקסטרא בייבי בנ,,960.00,,false,,18.90,0.0197,true,1,232770
8690637971310,false,"מרכך כביסה אקסטרה בניחוח יערת הדבש 960 מ""ל בדין",יוניליוור סנאיי וי ט,TR,בדין אקסטרא יערת הדב,,960.00,,false,,18.90,0.0197,true,1,232771
8690637976995,false,"בדין - מרכך כביסה אקסטרא ורוד סחלבים פראי 960 מ""ל",יוניליוור סנאיי וי ט,TR,בדין אקסטרא ורוד סחל,,960.00,,false,,18.90,0.0197,true,1,232772
8690637977794,false,תחליב רחצה לידיים בניחוח חמאת שיאה ווניל,קוסטר אירוסול ולף סנ,TR,דאב סבון ידיים חמאת,,500.00,,false,,14.90,0.0298,true,1,245535
8690766156367,false,שוקולד חלב גודייבה מעולה 90 גר,"אולקר מקבוצת פלאדיס,",TR,שוקולד חלב מעולה 90,,90.00,,false,,14.90,0.1656,true,1,232875
8690766156374,false,שוקולד גודייבה מריר 72% מוצרי קקאו 90 גר,"אולקר מקבוצת פלאדיס,",TR,שוקולד מריר מעולה 7,,90.00,,false,,14.90,0.1656,true,1,232876
8690766156381,false,גודייבה שוקולד מריר 90% מוצקי קקאו 90 גרם,"אולקר מקבוצת פלאדיס,",TR,שוקולד מריר מעולה 90,,90.00,,false,,14.90,0.1656,true,1,232877
8690766156398,false,"שוקולד חלב מעולה בתוספת שברי שקדים קלויים,דבש ומלח 90 גרם","אולקר מקבוצת פלאדיס,",TR,שוקולד חלב עם שקדים,,90.00,,false,,14.90,0.1656,true,1,232878
8690770322598,false,"שמרים יבשים 125 גר` בד""צ",בראבו Bravo,,"שמרים יבשים 125 ג""ר.",,125.00,,false,,4.90,0.0392,true,1,191684
8690777206051,false,חצילים קלויים על האש סארה 650 גר',קוראהן פזלרמה וי דיס,TR,חציל קלוי על האש ויל,,650.00,,false,,13.90,0.0214,true,1,179074
8690777221405,false,פלפל אדום קלויים על האש 650 גרם SERA,קוראהן פזלרמה וי דיס,TR,פלפל אדום קלוי על הא,,650.00,,false,,13.90,0.0214,true,1,179076
8691058141238,false,ערמונים שלמים קלויים וקלופים 100 ג' Avel,,,ערמונים שלמים 100 גר,,100.00,,false,,6.90,0.0690,true,1,234416
8692440001086,false,כוסות פלסטיק חד פעמי 100 יח',"שניב תעשיות נייר בע""",,כוסות לשתיה קרה טאץ',יחידה,0.00,יחידה,false,,7.90,0.0000,true,1,193577
8693323085100,false,גומי יוגטה שטיחים חמוצים טעם פירות 100 ג,יוגטה yogueta,TR,ממתק חמוץ שטיחים חמו,,100.00,,false,,4.90,0.0490,true,1,232949
8693323099107,false,מרשמלו לבבות בטעם תות ווניל,ליימן שליסל,TR,מרשמלו לבבות 150 גרם,,150.00,,false,,7.90,0.0527,true,1,232952
8693495052177,false,פלמוליב ס.נוזלי זיתים 750 מל משאבה,קולגייט פלמוליב,TR,פלמוליב זיתים 750מל,,750.00,,false,,21.90,0.0292,true,1,240535
8697420697914,false,זיתים שחורים יבשים במלח 700 ג',אונטד גידה,TR,זיתים שחורים בפח 700,,700.00,,false,,19.90,0.0284,true,1,238277
8697431460217,false,קונפיטורה 70% תפוזים 450 ג' FRUPPA,פרוטנגו Fruitango,,קונפיטורה 70% פרי תפ,,450.00,,false,,14.90,0.0331,true,1,175546
8697431460378,false,קונפיטורה70% שזיף 450 ג' FRUPPA,פרוטנגו Fruitango,,קונפיטורה 70% פרי -,,450.00,,false,,14.90,0.0331,true,1,175549
8697431921701,false,קונפיטורה תות שדה 70% פרי פרופה 454 גר',פרוטנגו Fruitango,,קונפיטורה תות שדה פר,,450.00,,false,,14.90,0.0331,true,1,175552
8697431925143,false,קונפיטורה 70% פירות יער 450 ג' FRUPPA,פרוטנגו Fruitango,,קונפיטורה פירות יער,,450.00,,false,,14.90,0.0331,true,1,175555
8697659224042,false,מטהר אוויר 400 מ'ל OCEAN,יעקובי,,מטהר אוויר אושן,יחידה,0.00,יחידה,false,,10.90,0.0000,true,1,183765
8697826469092,false,טורטיה קטנה 12 יחידות 540 גרם,דין שיווק,TR,טורטיה קטנה 540גר,,540.00,,false,,9.90,0.0183,true,1,201106
8710428005762,false,תרכובת מזון לתינוקות על בסיס חלבון סויה איזומיל טף שלב 2,"אבוט מעבדות רפואיות בע""מ",ES,סימילאק איזומיל טף 4,,400.00,,false,,45.90,0.1147,true,1,171984
8710447284117,false,"ג'ל רחצה אקס בלאק 400 מ""ל",יוניליוור גרמניה (בו,DE,אקס גל רחצה בלאק 400,,400.00,,false,,15.90,0.0398,true,1,232775
8710800961310,false,סוכריות בטעם תות מנטוס 4*375 גרם,פרפטי ואן מלה ברדה,NL,סוכריות מנטוס רביעיי,,37.50,,false,,12.90,0.3440,true,1,192368
8711000362570,false,לור קפסולות קפה אספרסו 9 פורזה 52ג',גיקובס דאו אגברטס צר,FR,קפסולות קפה לור פורז,,10.00,,false,,19.90,1.9900,true,1,232721
8711000362631,false,לור קפסולות קפה אספרסו 12 אוניקס 52ג',יוניליוור גרמניה Gm,FR,קפסולות קפה לור אספר,,10.00,,false,,19.90,1.9900,true,1,232723
8711000362747,false,לור קפסולות קפה אספרסו ריסטרטו 11,גיקובס דאו אגברטס צר,FR,קפסולות קפה לור ריסט,,10.00,,false,,19.90,1.9900,true,1,232726
8711000371176,false,קפסולות קפה אספרסו קלאסיקו 10*52 ג' ג'ייקובס,קריניציה ויטמינה אס,FR,גקובס קפסולות קפה אס,,52.00,,false,,16.90,0.3250,true,1,232727
8711000371206,false,קפסולות קפה אספרסו ריסטרטו 10*52 ג' ג'ייקובס,קריניציה ויטמינה אס,FR,גקובס קפסולות קפה אס,,52.00,,false,,16.90,0.3250,true,1,232729
8711000371244,false,"ג'ייקובס קפסולות אספרסו (8) 10 יח', 52ג' לונגו",ג'ייקובס Jacobs,FR,גקובס קפסולות קפה אס,,52.00,,false,,16.90,0.3250,true,1,232730
8711000471296,false,לור קפסולות קפה אספרסו אולטימו 13,דיפלומט,FR,קפסולות אספרסו לור א,יחידה,0.00,יחידה,false,,19.90,0.0000,true,1,237258
8711000472040,false,קפסולות קפה אספרסו סלקשיין גייקובס 52 גר,ג'ייקובס Jacobs,FR,ג'ייקובס קפסולות קפה,,52.00,,false,,16.90,0.3250,true,1,246192
8711327475717,false,מגנום פיינט וניל שקדים 260 גרם,"מפעל גלידות בווספרם,",HU,מגנום פיינט וניל שקד,,260.00,,false,,21.90,0.0842,true,1,244704
8711327475762,false,מגנום פיינט שוקולד לבן עוגיות 260 גרם,"מפעל גלידות בווספרם,",HU,מגנום פיינט שוקולד ל,,260.00,,false,,21.90,0.0842,true,1,244705
8712000051099,false,"בירה היינקן 0.0 , ללא אלכוהול מארז שישייה",פארייפאבה אגרואינדוס,NL,בירה היינקן שישייה 0,,1980.00,,false,,34.90,0.0176,true,1,232573
8712400802499,false,תרכובת מזון המשך לפעוטות על בסיס חלב שלב 1,נוטרישיה קאלק ב. ו.,NL,נוטרילון -טבע שלב 1,,800.00,,false,,64.90,0.0811,true,1,179954
8712400802512,false,תרכובת מזון המשך לפעוטות על בסיס חלב שלב 2,נוטרישיה קאלק ב. ו.,NL,נוטרילון -טבע שלב 2,,800.00,,false,,64.90,0.0811,true,1,179956
8712561594240,false,"דאב תחליב רחצה להזנה עמוקה500 מ""ל-מרכז","יוניליוור גרמניה, Gm",DE,דאב תחליב רחצה 500 מ,,500.00,,false,,14.90,0.0298,true,1,183547
8712561609647,false,"דאב - תחליב רחצה חמאת שיאה 500 מ""ל",יוניליוור,DE,דאב תחליב רחצה חמאת,,500.00,,false,,14.90,0.0298,true,1,250045
8714599104330,false,ג'ייקובס קפה שחור 85 גרם קלוי וטחון טורקי,ג'ייקובס Jacobs,,גקובס קפה שחור טורקי,,85.00,,false,,7.90,0.0929,true,1,232733
8714599513781,false,גייקובס גולד קפה נמס מיובש בהקפאה 200גרם,אל.אל. סי ג''יקובס ד,RU,גקובס קפה גולד 200 ג,,200.00,,false,,25.90,0.1295,true,1,214485
8714599513835,false,גי'קובס קרונונג נייט אנד דיי - נטול קופיאין,ג'ייקובס Jacobs,DE,גקובס נטול קפאין מיו,,200.00,,false,,35.90,0.1795,true,1,179959
8714599513866,false,קפה נמס מיובש בהקפאה ג'ייקובס קרונונג 200 גרם,אל.אל.סי גייקובס דאו,DE,גקובס קפה קרונונג 20,,200.00,,false,,25.90,0.1295,true,1,179960
8714789582764,false,אג'קס ספריי לניקוי חלונות ומשטחים,הנסיך- מפעל לייצור ט,GR,אגקס לניקוי חלונות 7,,750.00,,false,,16.90,0.0225,true,1,186435
8714789930848,false,"משחת שיניים אופטיק וייט הלבנה מיידית קולגייט 75 מ""ל",הנסיך- מפעל לייצור ט,PL,קולגייט אופטיק וויט,,75.00,,false,,22.90,0.3053,true,1,186457
8715700110141,false,מיונז קרמי היינץ צנצנת 460ג',ה.י.היינץ הולדינג בי,NL,*מבצע* מיונז היינץ צ,,460.00,,false,,10.90,0.0237,true,1,232737
8715700110158,false,היינץ ממרח במרקם קרמי צנצנת 490 גרם,ה.י.היינץ הולדינג בי,NL,*מבצע* מיונז היינץ ל,,490.00,,false,,10.90,0.0222,true,1,232738
8715700117805,false,"קטשופ היינץ מתבל עגבניות ללא תוספת סוכר ומלח 425 מ""ל",ה.י היינץ הולדינג בי,NL,היינץ מתבל עגבניות ל,,400.00,,false,,12.90,0.0323,true,1,248103
8715700419732,false,מתבל עגבניות היינץ 700 גרם,ה.י. היינץ,NL,קטשופ היינץ 700גר,,700.00,,false,,12.90,0.0184,true,1,179964
8715700422473,false,היינץ ממרח לחיץ ללא חומרים משמרים 395 גרם,ה.י. היינץ,NL,ממרח היינץ לחיץ 395,,395.00,,false,,15.90,0.0403,true,1,250088
8715700423906,false,היינץ מתבל עגבניות מופחת סוכר ומלח 50/50 550 גרם,היינץ צפון אמריקה מק,NL,היינץ מתבל עגבניות 5,,555.00,,false,,11.90,0.0214,true,1,232741
8717163647226,false,"דאו אקס ספריי גוף לגבר בלאק 150 מ""ל",ארנסט. רחוב קומבינצק,GB,אקס ספריי גוף בלאק 1,,150.00,,false,,15.90,0.1060,true,1,232793
8717163647240,false,"אקס דאודורנט ספריי גוף לגבר שוקולד 150 מ""ל",יוניליוור גרמניה (בו,GB,אקס ספריי גוף שוקולד,,150.00,,false,,15.90,0.1060,true,1,232795
8717163647264,false,"דאו אקס ספרי גוף לגבר אייס ציל 150 מ""ל",יוניליוור HPC,GB,אקס ספריי גוף אייס צ,,150.00,,false,,15.90,0.1060,true,1,234779
8717163655825,false,"רקסונה דאו' ספריי לנשים בניחוח כותנה, 150 מ""ל",קוסטר - תורכיה,GB,רקסונה ספריי כותנה 1,,150.00,,false,,14.90,0.0993,true,1,226552
8717163663493,false,"רקסונה - דאודורנט ספריי לגבר קובלט דריי 150 מ""ל",יוניליוור HPC,GB,רקסונה מן ספריי קובל,,150.00,,false,,14.90,0.0993,true,1,226553
8717163714850,false,"דאו דאב ספריי קוקוס ויסמין 150 מ""ל",יונילוור ארגנטינה -,GB,דאב ספריי קוקוס ויסמ,,150.00,,false,,15.90,0.1060,true,1,240522
8717163842676,false,תח.רחצה דאב חימר ורוד ג500 RENEWING GLOW,יוניליוור גרמניה Gmb,DE,דאב תחליב רחצה חימר,,500.00,,false,,14.90,0.0298,true,1,237389
8717163947692,false,"אקס ג'ל רחצה לגבר פרש ברגמוט ופינק פפר 400 מ""ל","יוניליוור גרמניה, רח",GB,אקס גל רחצה לגבר ברג,,400.00,,false,,15.90,0.0398,true,1,237390
8718951001589,false,"ספריי מסיר שומנים במטבח 600 מ""ל ""א'גקס""",הנסיך- מפעל לייצור ט,GR,אגקס ספריי מסיר שומנ,,600.00,,false,,16.90,0.0282,true,1,186462
8718951175600,false,"משחת שיניים קולגייט אוטאל קליין מינט 75 מ""ל",CP-Poland swidnica,PL,קולגייט משחת טוטל קל,,75.00,,false,,14.90,0.1987,true,1,232843
8718951240742,false,"קולגייט טוטאל משחת שיניים פסים מרעננים 100 מ""ל",קולגייט Colgate,PL,קולגייט טוטל משחת שי,,100.00,,false,,14.90,0.1490,true,1,226697
8718951264618,false,"קולגייט אופטיק וייט פחם צ'רקול משחת שיניים, 75 מ""ל",קולגייט-פלמוליב,PL,קולגייט אופטיק וייט,,75.00,,false,,19.90,0.2653,true,1,226698
8718951278851,false,"קולגייט הלבנה פחם 100 מ""ל",,,קולגייט הלבנה פחם 10,,100.00,,false,,14.90,0.1490,true,1,249807
8718951312722,false,"קולגייט מקס פרש וויט קריסטל משחת שיניים 100 מ""ל",קולגייט פלמוליב,PL,קולגייט מקס פרש וויי,,100.00,,false,,10.00,0.1000,true,1,248066
8718951313576,false,קולגייט משחת שיניים מקס פרש קול קריסטל 100 מל,קולגייט פלמוליב,PL,קולגייט משחת שיניים,,100.00,,false,,10.00,0.1000,true,1,247540
8718951334120,false,"סופלין מרכך כביסה מרוכז לבנדר 650 מ""ל",סופלין Soupline,GR,סופלין מרכך כביסה לב,,650.00,,false,,7.90,0.0122,true,1,226701
8718951345119,false,נוזל לניקוי רצפות וכללי היביסקוס 2 ליטר,הנסיך- מפעל לייצור ט,GR,אגקס לניקוי כללי עוצ,,2000.00,,false,,24.90,0.0124,true,1,244620
8718951382640,false,"פלמוליב ג'ל רחצה חימר דיטוקס 750 מ""ל",קולגייט פלמוליב,TR,פלמוליב סבון גוף חימ,,750.00,,false,,18.90,0.0252,true,1,224050
8718951385290,false,נוזל לניקוי כללי ורצפות אג'קס 2 ליטר,קולגייט פלמוליב,GR,אגקס לניקוי כללי ניח,,2000.00,,false,,24.90,0.0124,true,1,244625
8718951391314,false,"מרסס אגקס טריגר אנטי בקטריאלי 500 מ""ל",קולגייט פלמוליב,GR,אגקס טריגר אנטי בקטר,,500.00,,false,,15.90,0.0318,true,1,245783
8719200998001,false,מרגרינה לאפיה ובישול בלי מלח 200 ג' בלו בנד,מיוצר עי קונדיטוריית,IL,בלו בנד בלי מלח 200ג,,200.00,,false,,4.90,0.0245,true,1,232743
8719200998018,false,מחמאה מרגרינה בטעם חמאה 200 ג' בלו בנד,פארייפאבה אגרואינדוס,IL,בלו בנד טעם חמאה 200,,200.00,,false,,4.90,0.0245,true,1,232744
8719200998094,false,"מרגרינה מזולה לאפיה ללא תוספת מלח 200גר - 40 יח' -כשל""פ","מיוצר ע""י יוניליוור",IL,מזולה אפייה ללא מלח,,200.00,,false,,6.90,0.0345,true,1,232751
8720181046605,false,דאב - דאודורנט ספריי לאישה אורגינל כחול 150מל,יונילוור ארגנטינה -,GB,דאב ספריי אוריגינל ל,,150.00,,false,,15.90,0.1060,true,1,232803
8720181046612,false,"דאב - דאודורנט רול און לאישה אורגינל 50 מ""ל",יוניליוור HPC,GB,דאב רולאון אוריגינל,,50.00,,false,,15.90,0.3180,true,1,245112
8720181201332,false,דאב אל סבון מוצק גרגרים 90 גרם רביעייה,יוניליוור,DE,דאב סבון מוצק דאב גר,,360.00,,false,,18.90,0.0525,true,1,250032
8720182253156,false,דאב אל סבון מוצק מלפפונים 90 גרם רביעייה,יוניליוור,DE,דאב סבון מוצק דאב יר,,360.00,,false,,18.90,0.0525,true,1,250030
8720182256850,false,דאב אל סבון מוצק קלאסי 90 גרם רביעייה,יוניליוור,DE,דאב סבון מוצק דאב לב,,360.00,,false,,18.90,0.0525,true,1,250031
8801055707966,false,קפה טייסטר צו'יס נס קפה בריסטה 180ג',נסטלה קוריאה - קפה,KR,טסטרס צויס בריסטה 18,,180.00,,false,,34.90,0.1939,true,1,178427
8801055709427,false,נס קפה טייסטרס צ'ויס אלטה ריקה 100גרם,נסטלה קוריאה - קפה,KR,טסטרס צ'ויס קפה נמס,,100.00,,false,,19.90,0.1990,true,1,247121
8801055709434,false,קפה נמס טייסטר צ'ויס קולומביה 100 גר',נסטלה קוריאה - קפה,KR,טסטרס צ'ויס קפה נמס,,100.00,,false,,19.90,0.1990,true,1,247122
8801055709458,false,אבקה להכנת משקה קפה בטעם קפוצ'ינו קרמל,נסטלה קוריאה - קפה,IL,נסקפה קפוצינו קרמל 1,,170.00,,false,,21.90,0.1288,true,1,249019
8801055709465,false,אבקה להכנת משקה קפה בטעם קפוצ'ינו וניל,נסטלה קוריאה - קפה,DE,נסקפה קפוצינו וניל 1,,185.00,,false,,21.90,0.1184,true,1,249020
8801055709472,false,נסטלה - נסקפה קפוצ'ינו קלאסי 12.50 גרם * 10,נסטלה קוריאה - קפה,DE,נסקפה קפוצ'ינו קלאסי,,125.00,,false,,21.90,0.1752,true,1,249021
8801055709489,false,אבקה להכנת משקה קפה בטעם קפוצ'ינו אגוזים,נסטלה קוריאה - קפה,IL,נסקפה קפוצינו אגוזים,,180.00,,false,,21.90,0.1217,true,1,249022
8801055709526,false,אבקה להכנת משקה קפה בטעם קפוצ'ינו שוקולד לבן,נסטלה קוריאה - קפה,IL,נסקפה קפוצ'ינו שוקול,,185.00,,false,,21.90,0.1184,true,1,249018
8809168840471,false,חטיף אצות מיובשות 9יח,ג'י וואן גלובול נאט,KR,חטיף אצות מיובשות 4.,,40.00,,false,,24.90,0.6225,true,1,244988
8850180040028,false,קמח טמפורה להכנת בלי,קרנחם אוטאי פחרה,TH,טמפורה 500גר,,500.00,,false,,10.90,0.0218,true,1,205438
8850206250592,false,רוטב צ`ילי סיראצ`ה 540 גרם,יאן וואל יון קו.לטד,TH,רוטב צ'ילי סריראצ'ה,,540.00,,false,,19.90,0.0369,true,1,240594
8850389103128,false,"משקה קל סאפה בטעם תפוח 300 מ""ל",פארייפאבה אגרואינדוס,TH,סאפה משקה אלוורה תפו,,300.00,,false,,10.90,0.0363,true,1,215303
8850389105825,false,סאפה משקה אלוורה בטעם ענבים,סאפה פובליק קומפני ל,TH,סאפה משקה אלוורה ענב,,1000.00,,false,,15.90,0.0159,true,1,173302
8850389105832,false,סאפה משקה אלוורה בטעם תפוח עם קוביות אלוורה 1 ליטר,פארייפאבה אגרואינדוס,TH,סאפה משקה אלוורה תפו,,1000.00,,false,,15.90,0.0159,true,1,173303
8850389105849,false,סאפה משקה אלוורה מופחת קלוריות בטעם אפרסק 1 ליטר,סאפה פובליק קומפני ל,TH,סאפה משקה אלוורה אפר,,1000.00,,false,,15.90,0.0159,true,1,173304
8850632604259,false,"יוגטה, חיספוסים, ממתק חמוץ בצורת מקלות בטעם תות שדה,50 גרם",ג'נרל קנדי בעמ,TH,חמצוצים מקלות בטעם ת,,50.00,,false,,4.90,0.0980,true,1,192381
8850632604266,false,"יוגטה, ממתק חמוץ בצורת מקלות בטעם קולה, 50 גרם",ג'נרל קנדי בעמ,TH,חמצוצים מקלות בטעם ק,,50.00,,false,,4.90,0.0980,true,1,192382
8850632604372,false,"יוגטה, חיספוסים בצורת שטיח בטעם תות שדה 50 גרם",ג'נרל קנדי בעמ,TH,חמצוצים שטיח בטעם תו,,50.00,,false,,4.90,0.0980,true,1,192383
8850632604402,false,יוגטה חיספוסים בטעם מעורב תות שדה אבטיח ענבים בננה 50 גרם,"ג'נרל קנדי בע""מ",TH,חמצוצים שטיח בטעם מע,,50.00,,false,,4.90,0.0980,true,1,192384
8852633020403,false,פניני טפיוקה 500 גרם (כשר),super j internationa,TH,פניני טפיוקה 500גר,,500.00,,false,,11.90,0.0238,true,1,235879
8858271003020,false,רוטב סויה פורמולה 1 - 700 מ'ל מקסצ'אפ,יאן ונזל יון,TH,רוטב סויה פורמולה מק,,700.00,,false,,16.50,0.0236,true,1,205453
8858271004034,false,רוטב צ'ילי חריף 700 מ'ל מקסצ'אפ,דאנינג יוה פודס קו,TH,רוטב צילי חריף מקסצ,,700.00,,false,,16.50,0.0236,true,1,205462
8858271004126,false,רוטב חמוץ מתוק 700 מ'ל - מקסצ'אפ,יאן ונזל יון,TH,רוטב חמוץ מתוק מקסצא,,700.00,,false,,16.50,0.0236,true,1,205464
8858271004799,false,"רוטב צילי מתוק אל פורפסיס 700 מ""ל",יאן ונזל יון,TH,רוטב צילי מתוק 700 מ,,700.00,,false,,12.90,0.0184,true,1,205467
8901314517463,false,קולגייט מברשת שיניים,,,קולגייט מברשות 360 ר,,4.00,,false,,19.90,4.9750,true,1,247541
8901314525055,false,רביעיית מברשת שיניים,,,מברשת שיניים קולגייט,יחידה,0.00,יחידה,false,,10.90,0.0000,true,1,250561
8901537024014,false,"אורז בסמטי מובחר 1 ק""ג - דוואט) יורה דיעה",הנסיך- מפעל לייצור ט,IN,אורז בסמטי דאווט 1קג,,1000.00,,false,,13.90,0.0139,true,1,179101
8934878081811,false,"דפי אורז 22 ס""מ 400 גר'(Trav) ללא גלוטן",דאנינג יוה פודס קו,CN,"דפי אורז 22 ס""מ 400ג",,400.00,,false,,14.90,0.0373,true,1,205478
9000101537550,false,פרסיל קאפסולות לכביסה לבנה וצבעונית 52 יח',הנקל סוד,HU,פרסיל פאוור קאפס יונ,יחידה,0.00,יחידה,false,,54.90,0.0000,true,1,248773
9000101537581,false,פרסיל קאפסולות לכביסה צבעונית 52 יחידו,הנקל סוד,IL,פרסיל פאוור קאפס לכב,יחידה,0.00,יחידה,false,,54.90,0.0000,true,1,248774
9001395807015,false,שוקולד בננית 300ג' אמריקן גארדנז,האווזווירט,AT,בננית 300 ג,,300.00,,false,,10.90,0.0363,true,1,173765
9002859054099,false,מוצרט-שוקולד ממולא 300ג',GUNZ WARENHANDELS,,בונבונירה מוצרט משוש,,300.00,,false,,29.90,0.0997,true,1,206655
9002859058172,false,בונבוניירה בננה ציפוי שוקולד מריר 300 גר,GUNZ WARENHANDELS,AT,בננה ציפוי שוקולד מר,,300.00,,false,,14.90,0.0497,true,1,206656
9002859100536,false,בונבוניירה אצבעות שוקולד מוצרט 200 גרם,GUNZ WARENHANDELS,,בונבוניירה אצבעות שו,,200.00,,false,,14.90,0.0745,true,1,238718
9005835312732,false,"קלרו נוזל הברקה למדיח כלים 500 מ""ל CLARO",יעקובי,AT,נוזל הברקה למדיח כלי,,500.00,,false,,14.90,0.0298,true,1,226574
9005835313661,false,טבליות ניקוי וחיטוי למדיח99.9% קלרו 30 יח',רלוי,AT,טבליות למדיח כלים קל,יחידה,0.00,יחידה,false,,29.90,0.0000,true,1,246830
9044400851672,false,סוכריות פז סוגים שונים + 3 מילויים,פז פרודקשיין יורו,HU,סוכריות פז+3 מילויים,,25.50,,false,,12.90,0.5059,true,1,248875
9310072028743,false,טים טם ביסקוויט במילוי שוקולד 200 גרם,"ארנוטס ביסקוויטס בע""",AU,ביסקויט טים טם במילו,,200.00,,false,,20.90,0.1045,true,1,191275
9310072028750,false,טים טם Tim Tam וופל שוקולד ציפוי כפול,"ארנוטס ביסקוויטס בע""",AU,עוגיות טים טם דאבל 2,,200.00,,false,,20.90,0.1045,true,1,191276
9322969000022,false,"ריל פוד פריכיות תירס עם סויה וזרעי פשתן, ללא גלוטן 150 גרם",אף.סי תבליני בגליל ב,AU,פריכיות תירס עם סויה,,150.00,,false,,14.90,0.0993,true,1,207864
9720006678751,false,כבד דגים איסלנד 115 גרם,איטל איסלנד,IS,כבד דגים איסלנד 115ג,,115.00,,false,,8.90,0.0774,true,1,206438
9720188050109,false,ממרח על בסיס סויה בסגנון גבינה טופוטי 225 גרם,טופוטי ברנדס אינק.ג',IL,טופוטי ממרח טופו בטע,,227.00,,false,,21.90,0.0965,true,1,185200
9771565039118,false,עיתון לאישה,,,עיתון לאישה,יחידה,0.00,יחידה,false,,21.90,0.0000,true,1,172820
9771565039125,false,עיתון לאישה יום ב,ידיעות אחרונות,,עיתון לאישה,יחידה,0.00,יחידה,false,,21.90,0.0000,true,1,172821
9771565051066,false,עיתון ידיעות אחרונות,ידיעות אחרונות,,ידיעות שבת,יחידה,0.00,יחידה,false,,11.90,0.0000,true,1,172833
