code,internal_code,name,manufacturer_name,manufacture_country,manufacturer_item_description,unit_qty,quantity,unit_of_measure,weighted,qty_in_package,price,unit_of_measure_price,allow_discount,status,item_id
18389423,false,סינטה עגל,,,סינטה עגל,קילוגרמים,1.00,"ק""ג",true,,139.90,139.9000,true,1,162643
18389430,false,סינטה עגל,,,סינטה עגל,קילוגרמים,1.00,"ק""ג",true,,139.90,139.9000,true,1,162644
18389621,false,סינטה עגל,,,סינטה עגל,קילוגרמים,1.00,"ק""ג",true,,139.90,139.9000,true,1,162645
18389638,false,סינטה עגל,,,סינטה עגל,קילוגרמים,1.00,"ק""ג",true,,139.90,139.9000,true,1,162646
40052403,false,קיט קט אצבעות 40 גרם,נסטלה Nestle,,קיט קאט אצבעות 36 גר,,36.00,,false,,4.90,0.1361,true,1,96563
40084107,false,ביצת שוקולד הפתעה קינדר,קריות זול,IT,ביצת הפתעה קינדר 20ג,,20.00,,false,,6.90,0.3450,true,1,102059
42188889,false,מסטיק פייב אבטיח 12 סטיקס,ריגלי צרפת,FR,פייב אבטיח סטיקס 29ג,,29.00,100 גרם,false,,7.90,0.2724,true,1,101991
72917367,false,טעמי חטיף במילוי קרם נוגט וקרמל,"שטראוס גרופ בע""מ",IL,טעמי 40 גרם,,40.00,,false,,5.00,0.1250,true,1,99467
72940754,false,מעדן מילקי בטעם וניל עם קצפת,"שטראוס גרופ בע""מ",IL,מילקי וניל,,170.00,,false,,3.20,0.0188,true,1,95120
72940761,false,מעדן מילקי בטעם שוקולד עם קצפת,מיוצר עי קונדיטוריית,IL,מילקי שוקו,,170.00,,false,,3.20,0.0188,true,1,95121
72940952,false,מעדן מילקי בטעם שוקולד עם אקסטרה קצפת,"שטראוס גרופ בע""מ",IL,מילקי פי 2 קצפת,,110.00,100 גרם,false,,3.90,0.0355,true,1,95122
72940976,false,כרוב אדום אחלה 250גר,מיוצר עי קונדיטוריית,IL,כרוב אדום אחלה 250גר,,250.00,100 גרם,false,,9.50,0.0380,true,1,95123
72941041,false,מעדן מילקי מיני בטעם שוקולד עם קצפת,"שטראוס גרופ בע""מ",IL,מיני מילקי שוקולד 70,,70.00,,false,,2.60,0.0371,true,1,95125
72945308,false,קוביות שמרים לאפיה שמרית 2*25 ג',"פאקא תעשיות בע""מ",IL,שמרית קוביות שמרים ל,,50.00,,false,,4.40,0.0880,true,1,95126
72961544,false,באדי יוגורט בטעם תות שדה 3%,מחלבת אלון תבור,IL,יוגורט בטעם תות שדה,,125.00,,false,,3.20,0.0256,true,1,92675
72963753,false,שמנת אורגינל של פעם 27% שומן 200 ג' תנובה,תנובה מרכז שיתופי לש,IL,שמנת של פעם 27% תנוב,,200.00,,false,,4.60,0.0230,true,1,92680
72964132,false,פרילי טבע עם גרנולה 1.5% 200מל,מיוצר עי קונדיטוריית,IL,פרילי טבעי עם גרנולה,,150.00,100 גרם,false,,5.60,0.0373,true,1,92682
72964422,false,תנובה יוגורט פרחים 4.5% 200מל,מחלבת תנובה,IL,יוגורט פרחים תנובה 4,,200.00,,false,,3.00,0.0150,true,1,92683
72986370,false,"גלידת בן & ג'ריס פיינטים וניל 500מ""ל",מוצרי איכות אמריקאים,IL,בן&גריס גלידה פיינטי,,420.00,,false,,24.90,0.0593,true,1,86961
72986424,false,"גלידת בן & ג'ריס פיינטים קרם עוגיות 500מ""ל",מוצרי איכות אמריקאיי,IL,בן&גריס גלידה פיינטי,יחידה,420.00,יחידה,false,,24.90,0.0593,true,1,86962
72986448,false,"גלידת בן & ג'ריס פיינטים טופי קראנץ 500מ""ל",מוצרי איכות אמריקאיי,IL,בן&גריס גלידה טופי ק,יחידה,420.00,יחידה,false,,24.90,0.0593,true,1,86963
72986455,false,"ניו יורק סופר גלידת שוקולד, חתיכות פאדג' ואגוזים",מוצרי איכות אמריקאיי,IL,בן&גריס גלידה פיינטי,,420.00,100 גרם,false,,24.90,0.0593,true,1,86964
72986479,false,"צ'אנקי מנקי גלידת וניל, בננות, חתיכות פאדג' ואגוזים",מוצרי איכות אמריקאיי,IL,בן&גריס גלידה צאנקי,,420.00,100 גרם,false,,24.90,0.0593,true,1,86965
72989425,false,"גלידת בן & ג'ריס פיינטים שוקולד בראוניז 500מ""ל",מוצרי איכות אמריקאיי,IL,בן&גריס גלידה פיינטי,יחידה,500.00,יחידה,false,,24.90,0.0498,true,1,86966
72993637,false,מעדן חלב בטעם שוקולד 125 ג' דני,מחלבת אחיהוד,IL,דני מהדרין שוקו בודד,,125.00,100 גרם,false,,3.20,0.0256,true,1,95131
72993927,false,נקסט לייט ארוך חפיסה,פיליפ מוריס,,נקסט ארוך,יחידה,0.00,יחידה,false,,30.00,0.0000,false,1,97524
72994061,false,חטיף פסק זמן Z Good ופל מגולגל,שולן צ'יקולטה גידה ס,TR,פסק זמן טו גוד 36גר,,36.00,100 גרם,false,,5.90,0.1639,true,1,122144
80042563,false,רסק עגבניות 700 ג' (צהוב) MUTTI,"איי, בי, אינבוו",IT,רסק עגבניות 700גר (צ,,700.00,100 גרם,false,,14.90,0.0213,true,1,124898
80052760,false,קינדר בואנו Kinder Bueno עם חלב ואגוזי לוז,קריות זול,PL,קינדר בואנו 43גר,,43.00,100 גרם,false,,5.50,0.1279,true,1,102067
80136194,false,חטיפי הפי היפו Happy Hippo במילוי קרם חלבי ואגוזי לוז,קינדר Kinder,DE,הפי היפו אגוזי לוז 5,יחידה,0.00,יחידה,false,,15.50,0.0000,true,1,137036
80176800,false,"ממרח שוקולד נוטלה, 750 גר",פררו תעשיות איטליה ס,IT,ממרח אגוזי לוז נוטלה,,750.00,100 גרם,false,,28.90,0.0385,true,1,112266
80177173,false,ממרח אגוזי לוז עם קקאו,נוטלה Nutella,IT,ממרח אגוזי לוז נוטלה,,350.00,,false,,15.50,0.0443,true,1,102069
80177609,false,אצבעות שוקולד קינדר Kinder ארבע יחידות,קריות זול,IT,קינדר אצבעות שוקולד,,50.00,,false,,5.00,0.1000,true,1,102071
80310891,false,ביצת הפתעה קינדר ג'וי כתום,קריות זול,ZA,קינדר ג'וי 20 גרם,,20.00,100 גרם,false,,6.90,0.3450,true,1,167570
80773429,false,מסטיק מנטוס פיור פרש בבקבוק בינוני בטעם תות 60 ג',פרפטי ואן מלה הולנד,TR,מסטיק מנטוס פיור פרש,,60.00,100 גרם,false,,9.90,0.1650,true,1,137612
80773443,false,מסטיק מנטוס בבקבוק מעוגל בטעם מנטה מעודנת 60 ג',פרפטי ואן מלה הולנד,TR,מסטיק מנטוס בקבוק מע,,60.00,,false,,9.90,0.1650,true,1,135495
80790990,false,מסטיק מנטוס בבקבוק מעוגל בטעם פירות -מנטה 60 ג',פרפטי ואן מלה הולנד,TR,מסטיק מנטוס בקבוק מע,,60.00,100 גרם,false,,9.90,0.1650,true,1,135496
80804697,false,מסטיק וויט White בטעם מנטה מתוקה ללא סוכר,"אינסטנטה בע""מ",TR,מנטוס וויט ביג מנטה,,70.00,100 גרם,false,,19.50,0.2786,true,1,144466
80843184,false,מנטוס מסטיק פיור פרש בטעם ענבים 60גר,פרפטי ואן מלה הולנד,TR,מסטיק מנטוס פיור פרש,,60.00,100 גרם,false,,9.90,0.1650,true,1,163781
80896081,false,מסטיק מנטוס פיור פרש בבקבוק בינוני בטעם אבטיח 60 ג',פרפטי ואן מלה הולנד,TR,מנטוס מסטיק פיור פרש,,60.00,100 גרם,false,,9.90,0.1650,true,1,137613
80913467,false,מסטיק מנטו בבקבוק מעוגל בטעם מנטה 60 ג',פרפטי ואן מלה הולנד,TR,מסטיק מנטוס בבקבוק מ,,60.00,100 גרם,false,,9.90,0.1650,true,1,135497
80945468,false,סוכריות פיור וויט טעם מנטה מתוקה 60 ג' מנטוס,פרפטי ואן מלה הולנד,TR,מנטוס פיור וויט מנטה,,60.00,100 גרם,false,,9.90,0.1650,true,1,164256
80979128,false,מסטיק מנטוס פיור בטעם דובדבן 60 ג',פרפטי ואן מלה הולנד,TR,מסטיק מנטוס פיור פרש,,60.00,100 גרם,false,,9.90,0.1650,true,1,163780
80995128,false,מנטוס - מסטיק בטעם הדרים בתוספת ויטמינים 60 גרם,פרפטי ואן מלה הולנד,TR,מנטוס מסטיק בטעם הדר,,60.00,100 גרם,false,,9.90,0.1650,true,1,167739
87108538,false,סוכריות מנטוס Mentos תות שדה,הדקלאים אגודת שיתופי,NL,מנטוס תות בגליל בודד,,37.50,100 גרם,false,,4.00,0.1067,true,1,93767
87108651,false,מארז סוכריות מנטוס Mentos מנטה,הדקלאים אגודת שיתופי,NL,סוכריות מנטוס מנטה ר,,37.50,100 גרם,false,,12.90,0.3440,true,1,144479
87108712,false,מארז סוכריות מנטוס Mentos פירות,פרפטי ואן מלה ברדה,NL,סוכריות מנטוס רביעיי,,37.50,100 גרם,false,,12.90,0.3440,true,1,93769
16000185517,false,דגני בוקר פייבר וואן עתירי סובין FIBRE1,בטר אנד דיפרנט,US,*מבצע* דגני פייבר וו,,555.00,100 גרם,false,,19.90,0.0359,true,1,165750
16000281684,false,חטיף שיבולת שועל פקאן חמישיה*42 ג' קראנצ'י,ג'נרל מילס,US,ניטשר וואלי חטיף קרא,,210.00,,false,,22.90,0.1090,true,1,93777
16000548404,false,ניטשר ואלי חטיף קראנצי גרנולה שיבולת שועל 210 ג',ג'נרל מילס סאן אדריא,ES,ניטשר וואלי חטיף קרא,,210.00,,false,,22.90,0.1090,true,1,93782
16000548503,false,ניטשר ואלי קראנצי חטיף גרנולהומייפל 10 יח' 210 ג',ג'נרל מילס סאן אדריא,ES,ניטשר וואלי חטיף קרא,,210.00,100 גרם,false,,22.90,0.1090,true,1,93783
16000548602,false,נייטשר וואלי חטיף קראנצ'י קינמון 210ג',ג'נרל מילס סאן אדריא,ES,ניטשר וואלי חטיף קרא,,210.00,100 גרם,false,,22.90,0.1090,true,1,93784
16000548909,false,קראנצי חטיף גרנולה מעורבת 10 יח 210 ג',ג'נרל מילס סאן אדריא,ES,ניטשר וואלי חטיף קרא,,210.00,100 גרם,false,,22.90,0.1090,true,1,93785
18000701223,false,תערובת להכנת עוגה בטעם שוקולד,הדקלאים אגודת שיתופי,IL,תערובת עוגת שוקולד פ,,550.00,100 גרם,false,,19.90,0.0362,true,1,93786
18000703494,false,תערובת עוגת וניל פיסברי 500 גר',הדקלאים אגודת שיתופי,IL,תערובת עוגת וניל 500,,500.00,,false,,19.90,0.0398,true,1,93787
18000703517,false,תערובת עוגת שיש פילסברי 500 גר',הדקלאים אגודת שיתופי,IL,תערובת עוגת שיש 550ג,,550.00,100 גרם,false,,19.90,0.0362,true,1,93788
18000766413,false,תערובת בראוניס פילסברי 500 גר',הדקלאים אגודת שיתופי,IL,תערובת עוגת בראוניס,,550.00,100 גרם,false,,19.90,0.0362,true,1,93789
25675301153,false,סאוור סטיקס Sour Sticks בטעם אוכמניות,פשקז Paskesz,NL,מקלות חמוצים פטל 50,,50.00,100 גרם,false,,5.90,0.1180,true,1,150940
25675301184,false,פשקס - חמצוצים מקלות קולה 50 גרם,פשקז Paskesz,NL,מקלות חמוצים קולה 50,,50.00,100 גרם,false,,5.90,0.1180,true,1,96375
29424000687,false,גלילי ופל מנעמים אגוז 100גר,,,גלילי וופל אגוז מנעמ,,100.00,100 גרם,false,,5.90,0.0590,true,1,140668
33617340610,false,ואזה מקמח שיפון 275 גר',כלורוקס אוקלנד,SE,פת פריכה מקמח שיפון,,250.00,100 גרם,false,,14.90,0.0596,true,1,94278
37600207188,false,חמאת בוטנים סקיפי קלאסי 462 גר',חברת המזון אלגוד,US,חמאת בוטנים קלאסי סק,,462.00,100 גרם,false,,25.90,0.0561,true,1,88790
37600207256,false,חמאת בוטנים סקיפי עם שברי בוטנים 462 גר',חברת המזון אלגוד,US,חמאת בוטנים עם שברי,,462.00,,false,,25.90,0.0561,true,1,88791
38000138638,false,חטיף צ'יפס בטעם פיצה,פרינגלס מנופקצורינג,US,פרינגלס פיצה 158גר,,158.00,100 גרם,false,,12.70,0.0804,true,1,134257
38000202278,false,חטיף צ'יפס גלי בטעם אורגינל מלוח,פרינגלס מניופקצ'ורינ,US,פרינגלס גלי בטעם אור,,130.00,100 גרם,false,,12.70,0.0977,true,1,161368
38000232152,false,פרינגלס ברביקיו 158 גרם – חדש,פרינגלס מניופקצ'ורינ,US,פרינגלס ביג ברביקיו,,158.00,100 גרם,false,,12.70,0.0804,true,1,158121
38000232176,false,חטיף צ'יפס שמנת חמוצה ובצל,פרינגלס מניופקצ'ורינ,US,פרינגלס ביג שמנת ובצ,,149.00,,false,,12.70,0.0852,true,1,158120
38000232183,false,פרינגלס אורגינל 149 גרם,פרינגלס מניופקצ'ורינ,US,פרינגלס ביג אורגינל,,149.00,,false,,12.70,0.0852,true,1,158119
40000514480,false,M&M אריזה קטנה's שוקולד אריזה קטנה 48 גרם,M&M אם אנד אם,,אמ&אמס עדשי שוקולד 4,,48.00,100 גרם,false,,5.50,0.1146,true,1,132079
41390010309,false,רוטב קיקומן טריאקי 4,ראקוטו קאסיי,,רוטב טריאקי קיקומן 4,,444.00,,false,,29.90,0.0673,true,1,88812
41500000299,false,חרדל דבש דיג'ון 340 גרם,,,חרדל דבש דיז'ון פרנצ,,340.00,100 גרם,false,,19.90,0.0585,true,1,166536
41500007007,false,חרדל צהוב קלאסי פרנצס לחיץ 226 גר',,,חרדל צהוב פרנצס 226,,226.00,100 גרם,false,,14.90,0.0659,true,1,166534
41500013183,false,רוטב וורצ'סטר פרנצס,,,רוטב וורצ'סטר פרנצס,,443.00,,false,,26.90,0.0607,true,1,166532
42400108153,false,דגני בוקר צבעוניים בטעם פירות טוטי פרוטיס,פוסט Post,US,דגני פוסט טוטי פרוטי,,354.00,100 גרם,false,,25.90,0.0732,true,1,162305
46214731552,false,עוגיות שוקולד ציפס מובחרות 225 ג',קריניציה ויטמינה אס,NL,עוגיות שוקולד ציפס ע,,225.00,100 גרם,false,,12.90,0.0573,true,1,91427
55369903295,false,אפלסנקס צנצנת רסק תפוחי עץ ללא תוספת סוכר 652 גרם עברית אישור א.י.ל לחולי סוכרת,לייהי אורצרדס,CA,"רסק תפו""ע בצנצנת ללא",,652.00,100 גרם,false,,16.50,0.0253,true,1,87241
76840002542,false,"גלידת בן & ג'ריס פיינט נטפליקס וצ'ילד 500מ""ל",מוצרי איכות אמריקאים,IL,בן&גריס גלידה פיינט,יחידה,0.00,יחידה,false,,24.90,0.0000,true,1,159407
76840100156,false,"גלידה צרי גרסיה בן וג'ירי 500 מ""ל",מוצרי איכות אמריקאיי,IL,בן&גריס גלידה שמנת ע,,473.00,,false,,24.90,0.0526,true,1,162746
76840100583,false,"גלידת וניל עם בצק עוגיות בן וג'ירי 473 מ""ל",מוצרי איכות אמריקאיי,IL,בן&גריס גלידה וניל+ב,,473.00,,false,,24.90,0.0526,true,1,86975
76840400218,false,"גלידה בן&ג'ריס תות שדה ועוגת גבינה 500מ""ל",מוצרי איכות אמריקאיי,IL,בן&גריס גלידה עוגת ג,יחידה,473.00,יחידה,false,,24.90,0.0526,true,1,86985
77245110610,false,סוכריות מאסט ללא סוכר בטעם מנטה 80 ג'עלית,MIESZKO S.A - MS. JO,IL,מאסט סוכריות ללא סוכ,,80.00,100 גרם,false,,9.40,0.1175,true,1,99482
77975094624,false,"סניידרס סנדוויץ בייגלה במילוי חמאת בוטנים , 226 ג'",סניידרס Snyder's,US,שברי בייגל במילוי חמ,,283.50,100 גרם,false,,17.90,0.0631,true,1,160892
77975094631,false,סנדביץ בייגלה במילוי קרם בטעם צ'דר 226 גרם סניידרס,סניידרס Snyder's,,בייגלה סניידרס גבינה,,266.00,100 גרם,false,,17.90,0.0673,true,1,160891
77975094761,false,שברי בייגלה בטעם צ'דר 340 גרם סניידרס,סניידרס Snyder's,US,שברי בייגל בטעם גבינ,,340.00,100 גרם,false,,17.90,0.0526,true,1,162687
77975094778,false,סניידרס שברי בייגל בטעם דבש וחרדל 340 גר,סניידרס Snyder's,US,סניידרס בטעם דבש חרד,,340.00,,false,,17.90,0.0526,true,1,163181
80432402931,false,"שיבאס וויסקי ריגאל 12 שנה 700 מ""ל",מזקקת האחים שיבאס,GB,וויסקי שיבאס 700מל,,700.00,,false,,119.90,0.1713,true,1,86544
634065859329,false,אוזניות שחור imx,,,אוזניות שחור IMX,יחידה,0.00,יחידה,false,,29.90,0.0000,true,1,160086
658204820261,false,מרשמלו 150 גרם מהדרי,,,מרשמלו 150 גרם מהדרי,,150.00,100 גרם,false,,6.90,0.0460,true,1,158488
768404001640,false,"גלידה בן&ג'ריס קפה משפחתית 500מ""ל",מוצרי איכות אמריקאיי,IL,בן&גריס גלידה פיינטס,,473.00,100 גרם,false,,24.90,0.0526,true,1,86987
835811004707,false,פירורי לחם מוזהבים 440 ג' הנמל,ברמן שוקולד ועוגיות,IL,פירורי לחם מוזהבים 4,יחידה,0.00,יחידה,false,,6.99,0.0000,true,1,160234
835811009061,false,מזלגות לבן 100 יחידו,"איטיליאן פוד, אס.פי.",IL,מזלגות 100 יח לבן,יחידה,0.00,יחידה,false,,7.99,0.0000,true,1,160237
839762000641,false,משקה איילנד מנגו נקטר 1 ל',"פאראגאלה,דה אג'יפשן",EG,איילנד נקטר מנגו 1לי,,1000.00,,false,,13.90,0.0139,true,1,86555
856591000062,false,עוגיות מזרחיות מלח 400 ג' עבאדי,מאפיית יוסף ושמחה עב,IL,עוגיות עבאדי מזרחיות,,400.00,100 גרם,false,,19.90,0.0497,true,1,93304
856591000109,false,עבאדי עוגיות מזרחיות פריכות 400ג',מאפיית יוסף ושמחה עב,IL,עוגיות עבאדי עוגיות,,400.00,100 גרם,false,,19.90,0.0497,true,1,93305
856591000512,false,עוגיות עבאדי מיני מזרחי מקלות 400ג',מאפיית יוסף ושמחה עב,IL,עוגיות מזרחיות מקלות,,400.00,100 גרם,false,,19.90,0.0497,true,1,144325
884912002372,false,דגני בוקר גרייט גריינס פוסט453 גרם,post consumer brands,US,פוסט סלקט קרנברי 396,,396.00,100 גרם,false,,26.90,0.0679,true,1,97786
884912102102,false,דגני בוקר פוסט סלקט אוכמניות 382 גר,הנסיך- מפעל לייצור ט,US,דגני פוסט בלובלרי מו,,382.00,100 גרם,false,,26.90,0.0704,true,1,166521
884912126115,false,פוסט גרייט גריינט דייטס 453 גר',הנסיך- מפעל לייצור ט,US,דגני פוסט גרייט גריי,,453.00,100 גרם,false,,26.90,0.0594,true,1,97792
884912365200,false,דגני בוקר אוראו הדור הבא 311 ג',פוסט לקיוויל,US,דגני בוקר אוראו 311,,311.00,100 גרם,false,,22.90,0.0736,true,1,167450
887930383881,false,סוללה AA קודאק (12)א,,,סוללה AA קודאק (12)א,יחידה,0.00,יחידה,false,,19.90,0.0000,true,1,167613
887930411560,false,סוללה קודאק 2025 156,,,סוללה קודאק 2025 156,יחידה,0.00,יחידה,false,,13.90,0.0000,true,1,167620
887930951998,false,סוללות קודאק 4יח AAA,,,סוללות קודאק 4יח AAA,יחידה,0.00,יחידה,false,,7.90,0.0000,true,1,136957
887930952001,false,סוללה AAA קודאק 4+2,,,סוללה AAA קודאק 4+2,יחידה,0.00,יחידה,false,,14.90,0.0000,true,1,167614
887930952025,false,סוללות קודאק AA4 אצב,,,סוללות קודאק AA4 אצב,יחידה,0.00,יחידה,false,,7.90,0.0000,true,1,136958
3014260228842,false,"ג'ילט קצף גילוח רגיל - 200 מ""ל",מולינו ניקולי s.p.a,GB,גילט קצף גילוח רגיל,,200.00,,false,,15.90,0.0795,true,1,97857
3046920027281,false,שוקולד מריר אקסלנס במילוי קרמל ומלח ים,לינדט ושפרונגלי,FR,שוקולד לינדט אקסלנס,,100.00,,false,,16.90,0.1690,true,1,93483
3046920028004,false,שוקולד מריר אקסלנס 70%,לינדט ושפרונגלי,FR,שוקולד לינדט אקסלנס,,100.00,100 גרם,false,,16.90,0.1690,true,1,93484
3046920028363,false,שוקולד מריר אקסלנס 85%,לינדט ושפרונגלי,FR,שוקולד לינדט אקסלנס,,100.00,,false,,16.90,0.1690,true,1,93485
3046920029674,false,שוקולד מריר אקסלנס עם מלח ים,לינדט ושפרונגלי,DE,שוקולד לינדט אקסלנס,,100.00,100 גרם,false,,16.90,0.1690,true,1,93488
3073781162790,false,גבינת בייבי בל אדם 1,מחלבות בל,FR,בייבי בל 120 גרם,,120.00,,false,,22.90,0.1908,true,1,168655
3161911229199,false,אלוויר חמאה רכה 250ג',אלל אה וויר,FR,אלוויר חמאה רכה 250ג,,250.00,100 גרם,false,,23.90,0.0956,true,1,117654
3178530402353,false,עוגיות ספוג קטנות מיני מדלן,סן מישל St Michel,FR,עוגיות מיני מדלן 175,,175.00,100 גרם,false,,13.90,0.0794,true,1,138480
3178530407938,false,עוגיות מיני מדלן עם פצפוצי שוקולד,סן מישל St Michel,FR,מיני מדלן עם פיצפוצי,,175.00,100 גרם,false,,13.90,0.0794,true,1,138482
3387390525960,false,קראנץ' Crunch דגנים פריכים עם שוקולד,הנסיך- מפעל לייצור ט,FR,דגני קראנץ' נסטלה 50,,500.00,,false,,27.90,0.0558,true,1,87710
3523230025638,false,גבינת עיזים מיני בוש,אוריאל,FR,גבינת עיזים מיני בוש,,125.00,100 גרם,false,,25.90,0.2072,true,1,156976
3574661487328,false,קרפרי מגני תחתון אורגינל פלוס 56 יח',הדקלאים אגודת שיתופי,IT,קרפרי תחתוניות רגיל,יחידה,0.00,יחידה,false,,15.90,0.0000,true,1,152317
3574661491806,false,מי פה אדבנס וויט מנטה מסירה כתמים קשים,ליסטרין Listerine,,ליסטרין אדוונס וויט,,500.00,100 גרם,false,,19.90,0.0398,true,1,162434
3608580075646,false,קונפיטורת שזיפים בון,,FR,קונפיטורה שזיפים 370,,370.00,100 גרם,false,,19.90,0.0538,true,1,166529
3800020403631,false,חטיף שוקולד צאנקי חמאת בוטנים 42ג' קיט קט,נסטלה בולגריה A.D.,BG,קיט קט צ'אנקי חמאת ב,,42.00,100 גרם,false,,4.90,0.1167,true,1,144493
3800020472569,false,קיט קט צ'אנקי קרמל 43.5ג,,,קיט קט צ'אנקי קרמל 4,,43.50,,false,,4.90,0.1126,true,1,167539
4000417022004,false,שוקולד ריטר ספורט צימוק אגוז 100 גרם חלב נוכרי,ריטר ספורט Ritter sport,DE,שוקולד קולד ריטר צימ,,100.00,100 גרם,false,,9.90,0.0990,true,1,93812
4000417025005,false,שוקולד ריטר ספורט מרציפן 100 גרם חלב נוכרי,ריטר ספורט Ritter sport,DE,שוקולד ריטר ספורט מר,,100.00,,false,,9.90,0.0990,true,1,93814
4000417026002,false,שוקולד ריטר ספורט פרלין 100 גרם חלב נוכרי,ריטר ספורט Ritter sport,DE,שוקולד ריטר ספורט פר,,100.00,100 גרם,false,,9.90,0.0990,true,1,93815
4000417211002,false,שוקולד ריטר ספורט מוס קרמל 100 גרם חלב נוכרי,ריטר ספורט Ritter sport,DE,שוקולד ריטר ספורט מו,,100.00,100 גרם,false,,9.90,0.0990,true,1,131616
4000417222008,false,שוקולד ריטר ספורט חלב+שברי אגוזים 100 גרם חלב נוכרי,ריטר ספורט Ritter sport,DE,שוקולד ריטר ספורט חל,,100.00,100 גרם,false,,9.90,0.0990,true,1,93817
4000417294005,false,שוקולד ריטר מוס קקאו 100 גרם חלב נוכרי,ריטר ספורט Ritter sport,DE,שוקולד ריטר מוס קקאו,,100.00,,false,,9.90,0.0990,true,1,102127
4000522009747,false,"בייגלה צ'יו מקלות תפו""א 80 גר'",טרופיקל דגיל תעשיות,HU,ציו חטיף תפוחי אדמה,,80.00,100 גרם,false,,4.90,0.0613,true,1,146269
4000522061752,false,בייגלה צ'יו מקלות מלוחים 100 גרם,צ'יו Chio,,בייגלה צ'יו מקלות 10,,100.00,100 גרם,false,,4.90,0.0490,true,1,97801
4002448017684,false,"סיליט באנג ספריי רב שימושי כתום 750 מ""ל",הדקלאים אגודת שיתופי,PL,סיליט באנג ספריי רב,,750.00,,false,,13.90,0.0185,true,1,96498
4002448019480,false,"סיליט באנג ספריי מסיר שומנים 750 מ""ל",סיליט באנג Cillit Bang,PL,סיליט באנג ספריי מסי,,750.00,,false,,13.90,0.0185,true,1,96499
4005808366392,false,שפתון כחול בליסטר לבלו,טרופיקל דגיל תעשיות,DE,שפתון לבלו כחול בליס,יחידה,0.00,יחידה,false,,10.00,0.0000,true,1,148040
4005808368280,false,לבלו דובדבן בליסטר שפתון,טרופיקל דגיל תעשיות,DE,שפתון לבלו פירות בטע,יחידה,0.00,יחידה,false,,10.00,0.0000,true,1,148041
4005808850723,false,שפתון לבלו תות בליסט,טרופיקל דגיל תעשיות,DE,שפתון לבלו תות בליסט,יחידה,0.00,יחידה,false,,10.00,0.0000,true,1,148043
4005808890576,false,ניוואה סופט שפופרת 75מל,ניוואה Nivea,DE,ניוואה קרם ידיים שפו,יחידה,0.00,יחידה,false,,12.90,0.0000,true,1,159564
4005900036483,false,"ניוואה - דאודורנט ספריי לגבר שקוף בלק וווי 150 מ""ל",בטר אנד דיפרנט,DE,ניוואה דאו ספריי שקו,,150.00,,false,,14.90,0.0993,true,1,159570
4005900513045,false,"ניוואה - דאודורנט ספריי לגבר דיפ 150 מ""ל",ביירסדורף,DE,ניוואה דאו ספריי דיפ,,150.00,,false,,14.90,0.0993,true,1,159569
4005900978950,false,לבלו - דובדבן שפתון לחות מטפח מהדורת נסיכות דיסני,,,לבלו דובדבן שפתון לח,יחידה,0.00,יחידה,false,,10.00,0.0000,true,1,168047
4008287058161,false,בירה קרומבאכר פילס 4.8% שישיה 6 * 330 מל,מנדלז סי.אר. פרודקשן,DE,שישיית בירת קרומבכר,,1980.00,,false,,29.90,0.0151,true,1,163698
4008400230726,false,ביצת שוקולד הפתעה קינדר ענקית 100ג' בנים,קינדר Kinder,BE,קינדר ביצת הפתעה מקס,,100.00,100 גרם,false,,24.90,0.2490,true,1,147711
4009300522935,false,תה פומפדור תה ירוק לימונית ולואיזה 20 יח',"איטיליאן פוד, אס.פי.",DE,פומפדור תה ירוק לימו,,30.00,,false,,18.90,0.6300,true,1,91451
4009300525684,false,חליטת צמחים ג'ינג'ר לימונית,פומפדור Pompadour,DE,פומפדור חליטות גינגר,יחידה,0.00,יחידה,false,,15.90,0.0000,true,1,91454
4009900402965,false,מסטיק אורביט וויט בטעם פירות ללא סוכר,ריגלי פולין,PL,אורביט ווייט בקבוקון,,65.00,100 גרם,false,,10.90,0.1677,true,1,102016
4009900403023,false,מסטיק אורביט בקבוקון דאבל white קלאסי 64ג',"ב.א מזון בע""מ",PL,אורביט ווייט בקבוקון,,64.00,,false,,10.90,0.1703,true,1,102017
4009900420129,false,מסטיק אורביט פרופשנל פפרמינט בקבוקון 64 גר',מרס נדרלנד,PL,אורביט פרופשיונל פפר,,64.00,100 גרם,false,,10.90,0.1703,true,1,140676
4009900482417,false,מסטיק אורביט פירות מנטה בקבוקון באבל מינט 45יח,ריגלי פולין,PL,אורביט באבל מינט בקב,יחידה,0.00,יחידה,false,,10.90,0.0000,true,1,102031
4009900487283,false,אורביט ילדים קלאסי סט' משפחתי-חמישיות,אורביט Orbit,,אורביט סטיקס בטעם פי,יחידה,0.00,יחידה,false,,10.90,0.0000,true,1,102036
4009900531122,false,"מסטיק בטעם מנטה ספירמינט, 64 ג' פרופשיונל אורפיט",מרס נדרלנד,PL,אורביט פרופשיונל פפר,,64.00,,false,,10.90,0.1703,true,1,140677
4009900536486,false,מסטיק אורביט רפרשרס באבלמינט בקבוקון ללא סוכר 67 גר',מרס ריגלי קונפקשונרי,PL,אורביט רפרשרס באבלמי,,67.00,,false,,12.90,0.1925,true,1,162923
4009900539685,false,"מסטיק פייב באונס בטעם מנטה בקבוקון, 61.8 גרם",ריגלי בעמ רוסיה,PL,מסטיק פייב באונס בטע,,61.80,100 גרם,false,,12.90,0.2087,true,1,167475
4011800567613,false,חטיף קורני מילק Corny milk שחור לבן,מיוצר עי קונדיטוריית,DE,קורני סנדביץ שחור לב,,120.00,100 גרם,false,,13.90,0.1158,true,1,98971
4011800628512,false,חטיף דגנים עם שוקולד חלב,מיוצר עי קונדיטוריית,DE,קורני חטיף דגנים עם,,150.00,100 גרם,false,,13.90,0.0927,true,1,98976
4011800633516,false,חטיף דגנים עם שוקולד מריר מעולה,שוורטאוור וורקה,DE,קורני חטיף דגנים עם,,150.00,,false,,13.90,0.0927,true,1,98980
4014400901405,false,בונבוניירה שוקולד מרסי חלב 250 ג',קריניציה ויטמינה אס,DE,מרסי הלב כחול 250גר,,250.00,100 גרם,false,,28.90,0.1156,true,1,93838
4014400914696,false,וורטר אורגינל סוכריות ללא סוכר 80 ג',אוגוסט שטורק,DE,סוכריות וורטר ללא סו,,80.00,100 גרם,false,,10.90,0.1363,true,1,93851
4014400914924,false,סוכריות וורטר אורגינל ללא סוכר קפה 80 ג',קריניציה ויטמינה אס,DE,סוכריות וורטר ללא סו,,80.00,100 גרם,false,,10.90,0.1363,true,1,93852
4014400920857,false,סוכריות וורטר Werther's בטעם שוקולד ללא סוכר,קריניציה ויטמינה אס,DE,סוכריות וורטר בטעם ש,,70.00,100 גרם,false,,10.90,0.1557,true,1,93854
4014400923711,false,טופיפי 125 גר' - חלב נוכרי,אוגוסט שטורק,DE,טופיפי 125גרם,,125.00,100 גרם,false,,13.90,0.1112,true,1,133509
4017100364112,false,עוגיות היט Hit במילוי קרם בטעם שוקולד,הדקלאים אגודת שיתופי,PL,בלזן עוגיות סנדוויץ,,220.00,100 גרם,false,,9.90,0.0450,true,1,93864
4025700001962,false,שוקולד מילקה לבן 100 גר',פי אר ג'יי אס סי מונ,UA,מילקה שוקולד לבן 100,,100.00,100 גרם,false,,8.90,0.0890,true,1,162008
4084500088917,false,"נוזל כלים פיירי לימון 650 מ""ל",פרוקטר אנד גמבל,GB,פיירי נוזל לכלים צהו,,650.00,100 גרם,false,,11.90,0.0183,true,1,97946
4640018993398,false,קפסולות ג'יל רגיל קואנטום 60 יח' פיניש,רקיט בנקיזר,PL,פיניש קוואנטום 60 קפ,,60.00,,false,,55.90,0.9317,true,1,161126
4710068001692,false,"מאסטר קפה לאטה פחית 240מ""ל",תאיט מרקטינג אנד דיס,,מאסטר קפה לאטה 240 מ,,240.00,,false,,8.60,0.0358,true,1,86558
4710068001739,false,"מאסטר קפה קולומביאני 240 מ""ל",יוני פרזינדנט אנטרפר,,מאסטר קפה קולומביאני,,240.00,,false,,8.60,0.0358,true,1,86560
4903001904192,false,"רוטב סויה יאמסה פרימיום 500 מ""ל",הדקלאים אגודת שיתופי,JP,רוטב סויה יאמסה 500מ,,500.00,,false,,19.90,0.0398,true,1,93869
5000146057710,false,ספריי רב שימושי לחלונות ומשטחים ווינדולין Windolene,רקיט בנקיזר,PL,וינדולין ספריי לחלונ,,750.00,,false,,8.90,0.0119,true,1,96503
5000157143365,false,מתבל בטעם מיונז וקטשופ היינץ 425 ג',היינץ Heinz,PL,מתבל בטעם מיונז וקטש,,425.00,100 גרם,false,,14.90,0.0351,true,1,158053
5000267014234,false,וויסקי ג'וני ווקר רד לייבל Red label,ג'וני ווקר Johnnie walker,,וויסקי ג'וני ווקר רד,,700.00,,false,,89.90,0.1284,true,1,86773
5000394076730,false,סוללות דורסל D,,,סוללות דורסל D,יחידה,0.00,יחידה,false,,17.90,0.0000,true,1,125662
5010677554398,false,"בקרדי בריזר אבטיח 275 מ""ל בקבוק",בקרדי בריזר Bacardi Breezer,BE,בקרדי בריזר אבטיח 27,,275.00,,false,,16.90,0.0615,true,1,86565
5014271310428,false,סן דלפו מעדן דבדבן שחור ללא סוכ 284 ג',המאפיה של הרמן,FR,מעדן דובדבנים שחורים,,284.00,100 גרם,false,,22.90,0.0806,true,1,103753
5014271350424,false,מעדן סנט דלפור 4 פירות 284ג',המאפיה של הרמן,FR,מעדן ארבעה פירות ח 2,,284.00,100 גרם,false,,22.90,0.0806,true,1,138489
5014271360423,false,סן דלפו מעדן תפוז ללא סוכר 284 ג',המאפיה של הרמן,FR,מעדן תפוז 284 גר',,284.00,100 גרם,false,,22.90,0.0806,true,1,138486
5014271400426,false,סן דלפו מעדן תות שדה ללא סוכר 284 ג',המאפיה של הרמן,FR,מעדן תות 284 גר',,284.00,100 גרם,false,,22.90,0.0806,true,1,138490
5029053002408,false,נייר טואלט קלינקס פרימיום לבן - מארז 9 גלילים,קימברלי קלארק ישראל,IL,קלינקס נייר טואלט לב,,1184.00,100 גרם,false,,42.90,0.0362,true,1,89685
5029053002439,false,נייר טואלט קלינקס פרימיום צהוב - מארז 9 גלילים,חוגלה קימברלי,,קלינקס נייר טואולט צ,,1184.00,100 גרם,false,,42.90,0.0362,true,1,89686
5029053535227,false,קוטקס טמפון עם מוליך נורמל 16 יח',KC Czech,,קוטקס טמפון+מוליך נו,יחידה,0.00,יחידה,false,,27.90,0.0000,true,1,89695
5035766044673,false,"סיידר תפוחים סטרונגבאו 330 מ""ל בקבוק",סטרונגבאו Strongbow,BE,סיידר תפוחים סטרונגב,,330.00,100 גרם,false,,8.50,0.0258,true,1,86568
5050083559761,false,קלוגס קוקו פופס שוקוס 500 גרם.,קלוגס מניופקטורינג א,ES,*מבצע* דגני קלוגס קו,,500.00,100 גרם,false,,18.90,0.0378,true,1,88859
5060517886486,false,"משקה אנרגיה מונסטר פח 500 מ""ל",מונסטר אנרג'י Monster Energy,RU,מונסטר אנרגי פח 500מ,,500.00,,false,,7.90,0.0158,true,1,158102
5200133120476,false,גלילות וופלים ממולאים קרם אגוזים וקקאו 400 ג',יוניליוור גרמניה Gm,GR,גליליות וופלים ממולא,,400.00,100 גרם,false,,17.90,0.0447,true,1,138137
5201184066508,false,נרות מספרים,שמחה,,נרות מספרים,יחידה,0.00,יחידה,false,,4.90,0.0000,true,1,91855
5410126106022,false,לוטוס מארז חגים 250X2 גר',לוטוס בייקרי,BE,לוטוס מארז חגים 2*25,,500.00,100 גרם,false,,18.90,0.0378,true,1,167555
5410126116953,false,ממרח עוגיות קרמל 400 ג' לוטוס,לוטוס בייקרי בלגיה נ,BE,ממרח ביסקוויט לוטוס,,400.00,100 גרם,false,,23.90,0.0597,true,1,88880
5410291021991,false,ממרח אגוזי לוז עם קקאו,צ'וקטה Chocketa,,ממרח אגוזי לוז עם קק,,700.00,100 גרם,false,,19.90,0.0284,true,1,131757
5411188110835,false,אלפרו חלב סויה שקדים וניל 1ל',הנסיך- מפעל לייצור ט,BE,אלפרו משקה משקה שקדי,,1000.00,,false,,15.90,0.0159,true,1,91469
5411188115472,false,אלפרו משקה סויה 1 ליטר,הנסיך- מפעל לייצור ט,BE,אלפרו משקה סויה 1 לי,,1000.00,,false,,15.90,0.0159,true,1,160959
5411188122661,false,אלפרו משקה שקדים לא קלויים ללא תוספת סוכר 1 ל',אלפרו Alpro,,אלפרו משקה שקדים לא,,1000.00,,false,,15.90,0.0159,true,1,157928
5411188124689,false,משקה שיבולת שועל ללא סוכר 1ל' אלפרו,אלפרו Alpro,BE,אלפרו משקה שיבולת שו,,1000.00,,false,,16.90,0.0169,true,1,161304
5411188134985,false,אלפרו 3.5% NOT M*LK שיבולת שועל 1 ליטר בית יוסף,הנסיך- מפעל לייצור ט,BE,אלפרו נוט מילק 3.5%,,1000.00,,false,,16.90,0.0169,true,1,164937
5411188300328,false,"אלפרו משקה סויה שוקו 500מ""ל",הנסיך- מפעל לייצור ט,BE,אלפרו משקה סויה שוקו,,1000.00,100 גרם,false,,16.90,0.0169,true,1,91480
5411188543398,false,משקה סויה ללא סוכר 1 ל' אלפרו,הנסיך- מפעל לייצור ט,BE,אלפרו משקה סויה ללא,,1000.00,,false,,15.90,0.0159,true,1,160960
5601008200444,false,עוגיות גודיס מרבה טבעת מצופה שוקו' חלב 150ג',הנסיך- מפעל לייצור ט,PT,עוגיות טבעת גודיס מצ,,150.00,,false,,9.90,0.0660,true,1,91483
5601008200468,false,עוגיות מרבה גודיס טבעת מצופה שוקו' לבן 150ג',קריניציה ויטמינה אס,PT,עוגיות טבעת גודיס מצ,,150.00,100 גרם,false,,9.90,0.0660,true,1,91485
5604912415058,false,סרדינים בשמן חמניה חריף פורטוס 125 ג',פורטוס Porthos,PT,סרדינים בשמן חריף פו,,125.00,100 גרם,false,,6.90,0.0552,true,1,141127
5701932026964,false,פופקורן להכנה במיקרוגל בטעם טבעי 6 שקיות,הוט פופ Hot pop,US,הוטפופ פופקורן בתוספ,,600.00,,false,,17.90,0.0298,true,1,93875
5701932026971,false,פופקורן להכנה במיקרוגל בטעם חמאה 6 שקיות,הוט פופ Hot pop,US,הוטפופ פופקורן בטעם,,600.00,,false,,17.90,0.0298,true,1,93876
5701932026995,false,פופקורן להכנה במיקרוגל בטעם טבעי מופחת שומן 6 שקיות,קריניציה ויטמינה אס,US,הוטפופ פופקורן לייט,,510.00,,false,,17.90,0.0351,true,1,93877
5711953106583,false,גבינת שמנת בטעם טבעי 200 גרם ארלה,ארלה פודס אמבה,DK,גבינת שמנת טבעי ארלה,,200.00,100 גרם,false,,16.90,0.0845,true,1,152177
5711953106590,false,גבינת שמנת עם שום 200 גרם ארלה,ארלה פודס אמבה,DK,גבינת שמנת שום ארלה,,200.00,100 גרם,false,,16.90,0.0845,true,1,152178
5711953106606,false,גבינת שמנת עם תבלינים ועשבי תיבול 23.5%,ארלה פודס אמבה,DK,גבינת שמנת עשבי תיבו,,200.00,100 גרם,false,,16.90,0.0845,true,1,152179
5740900403215,false,ממרח לורפק חמאה עם מלח 250 ג',לורפאק Lurpak,,לורפק ממרח עם מלח 25,,250.00,100 גרם,false,,19.90,0.0796,true,1,140190
5740900403222,false,ממרח לורפק חמאה עם מלח מופחת שומן 250 ג,לורפאק Lurpak,,לורפק ממרח עם מלח מו,,250.00,100 גרם,false,,19.90,0.0796,true,1,140191
5740900403239,false,ממרח לורפק חמאה בלי מלח 250 ג',לורפאק Lurpak,,לורפק ממרח ללא מלח 2,,250.00,100 גרם,false,,19.90,0.0796,true,1,140194
5740900403260,false,ממרח מחמאת לורפק ללא מלח 27% פחות שומן,ארלה פודס אמבה,DK,לורפק ממרח עם מלח מו,,250.00,100 גרם,false,,19.90,0.0796,true,1,140195
5900020012814,false,דגני בוקר בטעם שוקולד נסקוויק Nesquik,מיוצר עי קונדיטוריית,PL,דגני בוקר נסקוויק נס,,500.00,100 גרם,false,,27.90,0.0558,true,1,87712
5900020018908,false,חטיף פיטנס דגנים עם עוגיות ופצפוצי שוקולד לבן,מיוצר עי קונדיטוריית,PL,פיטנס חטיף דגנים עוג,,141.00,100 גרם,false,,17.50,0.1241,true,1,87716
5900020020710,false,נסטלה - קראנץ' שוקו וניל חטיף דגנים 25 גרם * 6,נסטלה פולין ברים,PL,חטיף דגנים קראנץ בר,,150.00,100 גרם,false,,17.90,0.1193,true,1,87717
5900020020741,false,חטיף נסקוויק Nesquik שוקו שוקו,נסטלה פולין ברים,PL,חטיף דגנים נסקוויק ב,,150.00,100 גרם,false,,17.90,0.1193,true,1,87718
5900020026552,false,דגני בוקר האני נאט צ'יריוס בטעם דבש ושקדים,נסטלה צרפת איטנקורט,FR,צ׳יריוס האני נאט נסט,,625.00,,false,,27.90,0.0446,true,1,87729
5900020029669,false,פיטנס - חטיף דגנים פירות יער 23.50 גרם * 6,נסטלה פולין דגני בוק,,פיטנס חטיף דגני פירו,,141.00,100 גרם,false,,17.90,0.1270,true,1,136209
5900020031877,false,צ'יריוס האני חטיף דגנים מארז 8 6*22ג 8N,נסטלה פולין ברים,PL,חטיף דגנים צ'יריוס ה,יחידה,0.00,יחידה,false,,17.90,0.0000,true,1,139291
5900020032539,false,מארז חטיף שוקולד 8*23.5 ג' פיטנס,נסטלה פולין ברים,PL,פיטנס מארז חטיפי דגנ,,188.00,100 גרם,false,,17.50,0.0931,true,1,161189
5900020033314,false,חטיף דגני בוקר Lion בטעם קרמל ושוקולד על קרם חלב,נסטלה פולין ברים,PL,חטיף דגנים ליון 6*25,,150.00,100 גרם,false,,17.50,0.1167,true,1,139966
5900020036407,false,דגני בוקר ליון Lion בטעם שוקולד וקרמל,נסטלה פולין דגני בוק,,ליון שוקולד קרמל נסט,,480.00,,false,,27.90,0.0581,true,1,159533
5900020039590,false,פיטנס חטיף דגנים קלאסי פרווה 6 יח',נסטלה פולין דגני בוק,IL,פיטנס חטיף דגנים קלא,,141.00,,false,,17.90,0.1270,true,1,163598
5900020039620,false,פיטנס חטיף דגנים שקדים ודבש פרווה,נסטלה פולין ברים,IL,פיטנס חטיף דגנים שק,,141.00,100 גרם,false,,17.90,0.1270,true,1,163599
5900020041142,false,קורנפלקס פיטנס 500 ג' אסם,נסטלה צרפת איטנקורט,PL,פיטנס קורנפלקס 500 ג,,500.00,100 גרם,false,,13.90,0.0278,true,1,167850
5900627063233,false,טבליות למדיח AIO 50 יח פיניש,רקיט בנקיזר,PL,פיניש טבליות למדיח 5,,50.00,,false,,35.90,0.7180,true,1,131346
5902198160403,false,"משקה אנרגיה XL TEN פחית לל""ס 250מ""ל","טמפו משקאות בע""מ",IL,אקסל משקה אנרגיה טן,,250.00,,false,,5.00,0.0200,true,1,134875
5906485301012,false,"משקה אנרגיה XL פחית 250 מ""ל","טמפו משקאות בע""מ",IL,אקסל משקה אנרגיה 250,,250.00,100 גרם,false,,5.00,0.0200,true,1,86579
5941021000899,false,טבלת שוקולד מריר אגוז היידי גראנדור 100 ג',,,שוקולד היידי גראנדור,,100.00,100 גרם,false,,10.90,0.1090,true,1,99424
5941021016401,false,טבלת שוקולד מריר שקד היידי גראנדור 100 ג',,,טבלת היידי שוקולד גר,,100.00,100 גרם,false,,10.90,0.1090,true,1,152446
6118000061090,false,סרדינים מרוקאים בשמן סויה -טנגיר 125,,,סרדין מרוקאי בשמן סו,,125.00,,false,,6.90,0.0552,true,1,142147
6910191800287,false,אצות נורי בלו 10 דף (ננגטונג),ננטונג היידה אקווטוק,CN,דפי סושי אצות נורי ב,,10.00,,false,,13.90,1.3900,true,1,98458
6912977000140,false,אטריות שעועית מזרח ו,יאנטאי ינסידה לנוגקא,CN,אטריות שעועית 250גר,,250.00,100 גרם,false,,10.90,0.0436,true,1,98459
6921052701001,false,אצות ווקאמה מיובשות,ננטונג הידה אקוטיק פ,CN,אצות ים וואקמה 40גר,,40.00,100 גרם,false,,11.90,0.2975,true,1,140204
7290000000070,false,סופגניה,,,סופגניה,יחידה,0.00,יחידה,false,,3.90,0.0000,true,1,168085
7290000023083,false,ערק אשקלון 40% בקבוק,"יקבי ברקן בע""מ",IL,ערק אשקלון 700 מל,,700.00,,false,,49.90,0.0713,true,1,86587
7290000023809,false,"יין ברקן קלאסיק קברנה סובניון 750מ""ל",יקבי ברקן שיווק והפצ,IL,יין קלאסיק קברנה סוב,,750.00,,false,,39.90,0.0532,true,1,86594
7290000023847,false,יין ברקן קלאסיק שרדו,יקבי ברקן שיווק והפצ,IL,יין קלאסיק שרדונה 75,,750.00,,false,,39.90,0.0532,true,1,142762
7290000024264,false,"יין ברקן רזרב מרלו 750 מ""ל",כרמי צבי - אחים סגל,IL,יין רזרב מרלו 750 מל,,750.00,,false,,49.90,0.0665,true,1,86603
7290000024523,false,מיץ ענבים תירוש אדום,כרמי צבי - האחים סגל,IL,מיץ ענבים של סגל 1 ל,,1000.00,,false,,13.90,0.0139,true,1,86604
7290000024530,false,יין אדום מתוק של סגל,כרמי צבי - אחים סגל,IL,יין אדום מתוק קידוש,,750.00,,false,,17.90,0.0239,true,1,134159
7290000032066,false,שתיה קרה,,,שתיה קרה,יחידה,0.00,יחידה,false,,1.00,0.0000,true,1,86541
7290000037066,false,פרגית טרי,,,פרגית טרי,קילוגרמים,1.00,"ק""ג",true,,69.90,69.9000,true,1,146966
7290000040042,false,יוגורט תות %3 גביע 150 ג' יופלה,תנובה בעמ,IL,יופלה תות שובב 3% 15,,150.00,100 גרם,false,,5.40,0.0360,true,1,92687
7290000040066,false,יוגורט דובדבן 3% שומן 150 ג' יופלה,תנובה מרכז שיתופי לש,IL,יופלה דובדבן פראי 3%,,150.00,100 גרם,false,,5.40,0.0360,true,1,92688
7290000040080,false,יוגורט אפרסק 3% שומן 150 ג' יופלה,תנובה בעמ,IL,יופלה אפרסק מאוהב 3%,,150.00,100 גרם,false,,5.40,0.0360,true,1,92689
7290000040301,false,"גבינת קולאז קממבר עין גדי 24%, 125 ג'",תנובה מרכז שיתופי לש,IL,גבינה קממבר עין גדי,,125.00,100 גרם,false,,21.90,0.1752,true,1,92690
7290000040318,false,גבינת ברי 24% קולאז עדי תנובה 125 ג',תנובה מרכז שיתופי לש,IL,גבינת קולאז' ברי 24%,,125.00,100 גרם,false,,21.90,0.1752,true,1,92691
7290000040462,false,גבינת טוסטי עמק אמריקאי אדם 23% 200 ג',תנובה מרכז שיתופי לש,IL,מותכת טוסטי אמריקאי,,200.00,,false,,19.90,0.0995,true,1,92692
7290000040974,false,חלב תנובה קרטון דל לקטוז 2% 1ל,תנובה מרכז שיתופי לש,IL,חלב קרטון דל לקטוז ת,,1000.00,100 גרם,false,,7.50,0.0075,true,1,92693
7290000041445,false,קוטג' 5% תנובה מהדרין 250ג',מיוצר עי קונדיטוריית,IL,קוטג' 5% בדצ 250גר,,250.00,,false,,5.90,0.0236,true,1,92695
7290000041452,false,קוטג תנובה מהדרין 9% 250ג,תנובה מרכז שיתופי לש,IL,קוטג' 9% בדצ 250גר,,250.00,100 גרם,false,,5.90,0.0236,true,1,92696
7290000041858,false,"שמנת חמוצה 15% יטבתה 200 מ""ל מהדרין",שטראוס גרופ,IL,שמנת חמוצה מעושר 15%,,200.00,,false,,3.20,0.0160,true,1,95132
7290000042435,false,חלב טרי 1% קרטון פקק 1ל' תנובה,תנובה מרכז שיתופי לש,IL,חלב דל שומן 1% בקרטו,,1000.00,100 גרם,false,,5.86,0.0059,true,1,92703
7290000042640,false,"חלב תנובה עמיד 3% קרטון 250 מ""ל",קריות זול,IL,חלב עמיד תנובה 3% 25,,250.00,,false,,3.50,0.0140,true,1,92708
7290000042855,false,יוטבתה שוקו שקית 225מל,שטראוס גרופ,IL,שוקו שקית 250,,250.00,,false,,3.10,0.0124,true,1,95136
7290000043012,false,"שוקו עמיד 2% בקרטון 250 מ""ל תנובה",תנובה מרכז שיתופי לש,IL,שוקו עמיד 2% תנובה 2,,250.00,100 גרם,false,,5.50,0.0220,true,1,92710
7290000043814,false,"שמנת מתוקה להקצפה 38% 250 מ""ל תנובה",תנובה מרכז שיתופי לש,IL,השף הלבן שמנת עמידה,,250.00,100 גרם,false,,6.47,0.0259,true,1,92713
7290000043890,false,רויון בקרטון 1 ליטר,תנובה מרכז שיתופי לש,IL,רויון תנובה 1.5% 1לי,,1000.00,,false,,12.50,0.0125,true,1,92714
7290000044712,false,יוגורט עם תות 1.5% שומן 500 ג' פרילי,מיוצר עי קונדיטוריית,IL,יוגורט פרילי תות 1.5,,500.00,,false,,11.90,0.0238,true,1,92719
7290000045580,false,"גבינת מותכת נעמה חורש 25%, 240 ג'",תנובה מרכז שיתופי לש,IL,גבינת חורש 16 יחידות,,240.00,,false,,18.90,0.0787,true,1,92724
7290000045917,false,תנובה גבינת פרומעז 23% גלילית 200ג,קריות זול,IL,גבינה פרומעז 23% קול,,200.00,100 גרם,false,,27.90,0.1395,true,1,92726
7290000046327,false,"גבינת גלבוע פרוס 22%, 200 ג' תנובה",תנובה מרכז שיתופי לש,IL,צהובה גלבוע 22% 200,,200.00,,false,,14.70,0.0735,true,1,92729
7290000047546,false,כנען גבינה לבנה ללא מלח 5% 500 ג',תנובה מרכז שיתופי לש,IL,גבינה לבנה ללא תוספת,,500.00,,false,,24.90,0.0498,true,1,92730
7290000047621,false,גבינה לבנה רכה 5% תנובה 250ג' מהדרין,תנובה מרכז שיתופי לש,IL,גבינה לבנה 5% תנובה,,250.00,100 גרם,false,,4.98,0.0199,true,1,92731
7290000047942,false,**תנובה גבינה לבנה מהדרין 9% 250ג,תנובה מרכז שיתופי לש,IL,גבינה לבנה 9% בדצ 2,,250.00,,false,,5.20,0.0208,true,1,92733
7290000048185,false,גבינה לבנה 5% שומן 250 ג' תנובה,מיוצר עי קונדיטוריית,IL,גבינה לבנה 5% תנובה,,250.00,,false,,4.98,0.0199,true,1,92734
7290000048192,false,גבינה לבנה 9% שומן 250 ג' תנובה,מחלבת אלון תבור,IL,גבינה לבנה 9% תנובה,,250.00,,false,,5.20,0.0208,true,1,92735
7290000048307,false,קוטג' 5% וזיתים ירוקים 250ג' תנובה,מיוצר עי קונדיטוריית,IL,גבינת קוטג׳ 5% עם זי,,250.00,,false,,5.90,0.0236,true,1,92736
7290000048413,false,גבינה חמד %16 שקית 250 ג' פיראוס,תנובה מרכז שיתופי לש,IL,פיראוס חמד 16% 250 ג,,250.00,100 גרם,false,,19.50,0.0780,true,1,92737
7290000048437,false,גבינה צפתית 5% 200 ג' פיראוס,פארייפאבה אגרואינדוס,IL,פיראוס צפתית 5% שומן,,200.00,,false,,15.90,0.0795,true,1,92738
7290000049458,false,גבינת פטה עיזים 16% גביע פיראוס 250 ג',תנובה מרכז שיתופי לש,IL,פטה עיזים פיראוס 16,,250.00,100 גרם,false,,31.50,0.1260,true,1,92740
7290000050447,false,יוגורט תות 500 ג' יופלה,מיוצר עי קונדיטוריית,IL,יופלה YYY תות 3% 500,,500.00,,false,,14.50,0.0290,true,1,92744
7290000050454,false,יוגורט אפרסק 500 ג' יופלה,מיוצר עי קונדיטוריית,IL,יופלה YYY אפרסק 3% 5,,500.00,100 גרם,false,,14.50,0.0290,true,1,92745
7290000051307,false,מארז הפסקת אוכל עם דגני עוגי ומשקה חלב עמיד בטעם וניל,תנובה מרכז שיתופי לש,IL,הפסקת אוכל עוגי +חלב,,150.00,,false,,10.90,0.0727,true,1,92750
7290000051352,false,חלב מלא בטעם של פעם 3.4% תנובה קרטון 1 ל',תנובה מרכז שיתופי לש,IL,חלב בטעם של פעם 3.4%,,1000.00,100 גרם,false,,8.50,0.0085,true,1,92751
7290000051376,false,יופלה דיאט אננס גביע 150 ג',תנובה מרכז שיתופי לש,IL,יופלה דיאט אננס ספור,,150.00,100 גרם,false,,5.40,0.0360,true,1,92752
7290000052311,false,גבינה צהובה לייט 15% 200 ג' עמק,תנובה מרכז שיתופי לש,IL,גבינה צהובה עמק לייט,,200.00,,false,,17.70,0.0885,true,1,92759
7290000052649,false,גבינת לאבנה 5% שומן 500 ג' פיראוס,תנובה מרכז שיתופי לש,IL,פיראוס לאבנה 5% גביע,,500.00,100 גרם,false,,21.90,0.0438,true,1,92760
7290000052717,false,קוטג' 5%עם שום שמיר 250 ג' תנובה,מיוצר עי קונדיטוריית,IL,קוטג' שום שמיר 5% 25,,250.00,100 גרם,false,,5.90,0.0236,true,1,92762
7290000055015,false,גבינת פיראוס פטה כבשים 5% 250 ג' פיראוס,תנובה מרכז שיתופי לש,IL,פטה כבשים 5% שומן פי,,250.00,100 גרם,false,,29.50,0.1180,true,1,92775
7290000055329,false,יופלה משקה יוגורט תות מלון 1.5% 250מל.,תנובה מרכז שיתופי לש,IL,יופלה משקה יוגורט תו,,250.00,100 גרם,false,,6.00,0.0240,true,1,92777
7290000055336,false,יופלה משקה יוגורט בננה אפרסק 1.5% 250מל,תנובה מרכז שיתופי לש,IL,יופלה משקה יוגורט בנ,,250.00,,false,,6.00,0.0240,true,1,92778
7290000055343,false,יופלה משקה יוגורט טרופי 1.5% 250מל,תנובה מרכז שיתופי לש,IL,יופלה משקה יוגורט טר,,250.00,,false,,6.00,0.0240,true,1,92779
7290000055893,false,חמאה משמנת מפוסטרת 200ג' כ.מהדרין,תנובה מרכז שיתופי לש,IL,חמאה מהדרין תנובה 20,,200.00,,false,,8.90,0.0445,true,1,92784
7290000056760,false,"עמק פרוס בקופסא בד""צ",תנובה מרכז שיתופי לש,IL,עמק בדץ 28% 400גר,,400.00,,false,,31.90,0.0797,true,1,144187
7290000056845,false,חלב טרי 3% הומוגני קרטון 1.5 ל' תנובה,פארייפאבה אגרואינדוס,IL,חלב טרי 3% תנובה 1.5,,1500.00,,false,,9.35,0.0062,true,1,92794
7290000056906,false,מאגדת לבן טבעי 1.5% שומן 8 יח' * 150 ג' יופלה,מחלבת אלון תבור,IL,יופלה לבן מאגדת שמינ,,1200.00,,false,,18.90,0.0157,true,1,92797
7290000057088,false,גבינת דק דק 28% 200 ג' עמק,תנובה מרכז שיתופי לש,IL,גבינה צהובה עמק דק ד,,200.00,,false,,17.70,0.0885,true,1,92803
7290000057118,false,עמק סמי מעדנייה כשרות מהדרין,תנובה מרכז שיתופי לש,IL,המעדניה של עמק 28% 4,,400.00,100 גרם,false,,24.90,0.0622,true,1,92804
7290000057132,false,יוגורט טבעי 1.5% שומן 200 ג' תנובה,מחלבת אלון תבור,IL,יוגורט טבעי 1.5%תנוב,,200.00,,false,,3.30,0.0165,true,1,92805
7290000057149,false,יוגורט טבעי 3% שומן 200 ג' תנובה,מיוצר עי קונדיטוריית,IL,יוגורט טבעי 3% תנובה,,200.00,,false,,3.30,0.0165,true,1,92806
7290000057934,false,משקאות חלב תנובה שוקו בדץ 1ל,תנובה מרכז שיתופי לש,IL,שוקו תנובה בקבוק בדץ,,1000.00,,false,,13.90,0.0139,true,1,92814
7290000058030,false,"יופלה שטוזים משקה יוגורט תות 8 יח' * 100 מ""ל",מיוצר עי קונדיטוריית,IL,יופלה שטוזים משקה יו,,800.00,100 גרם,false,,22.90,0.0286,true,1,92815
7290000058580,false,קוקילידה וניל ועוגיות שוקולד נסטלה 83ג',נגה גלידות (גלידות נ,IL,קוקילידה וניל,יחידה,0.00,יחידה,false,,11.90,0.0000,true,1,90625
7290000060071,false,אוסם - חטיפי פריכונים מאורז מלא קלוי 80גר,"מיוצר ע""י PT, משווק",IL,חטיפי פריכונים מאורז,,80.00,100 גרם,false,,9.70,0.1212,true,1,87730
7290000060088,false,בייגלה אסם מקלות מלוחים 400 גרם,מיוצר עי קונדיטוריית,IL,בייגלה מקלות מלוחים,,300.00,,false,,12.50,0.0417,true,1,87731
7290000060156,false,פסטה אסם אטריות ביצים דקות 200גר,"אסם השקעות בע""מ",IL,אסם אטריות ביצים דקו,,200.00,100 גרם,false,,7.90,0.0395,true,1,87733
7290000060163,false,פסטה אסם אטריות דקות 400גר,"אסם השקעות בע""מ",IL,אטריות דקות אסם 400ג,,400.00,100 גרם,false,,7.90,0.0198,true,1,87734
7290000060200,false,פסטה אסם פתיתים אפויים קוסקוס 500גר,"אסם השקעות בע""מ",IL,פתיתים אפויים קוסקוס,,500.00,100 גרם,false,,8.60,0.0172,true,1,87735
7290000060217,false,פסטה אסם מקרוני 7 500 גר,קריות זול,IT,פסטה מקרוני 7 אסם 50,,500.00,,false,,7.60,0.0152,true,1,87736
7290000060248,false,פסטה אסם פתיתים תלתלים 500גר,קריות זול,IT,פסטה תלתלים אסם 500,,500.00,100 גרם,false,,7.60,0.0152,true,1,87737
7290000060408,false,פסטה אסם פתיתים אפויים טבעות 500 גר,"אסם השקעות בע""מ",IL,פתיתים אפויים טבעות,,500.00,100 גרם,false,,8.60,0.0172,true,1,87743
7290000060415,false,פסטה פרפקטו לזאניה אסם 500ג',קריות זול,IT,לזניה פרפקטו 500גר,,500.00,,false,,16.90,0.0338,true,1,87744
7290000060576,false,פסטה אסם פתיתים אפוי כוכב 500גר,"אסם השקעות בע""מ",IL,פתיתים אפויים כוכב א,,500.00,100 גרם,false,,8.60,0.0172,true,1,87748
7290000060781,false,פסטה אסם פתיתים מסולסלים 500גר,קריות זול,IT,פסטה מסולסלים אסם 50,,500.00,100 גרם,false,,7.60,0.0152,true,1,87749
7290000060811,false,טילון אקסטרים ענק מטבע שוקולד 120 ג',תות תעשיות מזון (201,IL,אקסטרים מטבע ענק פלי,,120.00,100 גרם,false,,11.90,0.0992,true,1,163460
7290000060828,false,פסטה קרניים בינוניות 500 ג' אסם,קריות זול,IT,פסטה קרניים בינוניות,,500.00,,false,,7.60,0.0152,true,1,87750
7290000060842,false,פסטה אסם פתיתים צדפים גדולים 500גר,קריות זול,IT,פסטה צדפים גדולים אס,,500.00,,false,,7.60,0.0152,true,1,87751
7290000060880,false,פסטה מס' 8 ספגטי אסם 500ג',קריות זול,IT,פסטה ספגטי אסם 500גר,,500.00,,false,,7.60,0.0152,true,1,87753
7290000060903,false,פסטה אסם פתיתים אפויים אורז 500גר,"אסם השקעות בע""מ",IL,פתיתים אפויים אורז א,,500.00,100 גרם,false,,8.60,0.0172,true,1,87754
7290000060958,false,פסטה אסם אטריות בינוניות 400 גרם,"אסם השקעות בע""מ",IL,אטריות בינוניות אסם,,400.00,,false,,7.90,0.0198,true,1,87756
7290000060965,false,פסטה אסם אטריות רחבות 400גר,"אסם השקעות בע""מ",IL,אטריות רחבות אסם 400,,400.00,100 גרם,false,,7.90,0.0198,true,1,87757
7290000061061,false,קרקר בצל אסם 250 גרם,"אסם השקעות בע""מ",IL,קרקר בצל אסם 250גר,,250.00,100 גרם,false,,11.90,0.0476,true,1,87759
7290000061085,false,"רוטב צ'ילי מתוק אסם 290מ""ל","אסם השקעות בע""מ",IL,רוטב צילי מתוק אסם 2,,290.00,,false,,12.90,0.0445,true,1,87760
7290000061108,false,"רוטב טריאקי 290 מ""ל אסם","אסם השקעות בע""מ",IL,רוטב טריאקי אסם 290מ,,290.00,,false,,12.90,0.0445,true,1,87761
7290000061764,false,נסקפה רד מאג טעם חדש 200ג',נסטלה ספרד קפה,ES,רד מאג נסקפה 200גר,,200.00,100 גרם,false,,24.90,0.1245,true,1,87766
7290000063102,false,קמח עוגה אסם תופח מאליו 350ג',"אסם השקעות בע""מ",IL,קמח תופח אסם 350גר,,350.00,,false,,5.50,0.0157,true,1,87774
7290000063133,false,אסם שקדי מרק רכיבים טבעיים 24*100גרם,"אסם השקעות בע""מ",IL,שקדי מרק בשקית אסם 1,,100.00,,false,,5.90,0.0590,true,1,87775
7290000063140,false,שקדי מרק רכיבים טבעיים בשקית 400 ג' אסם,"אסם השקעות בע""מ",IL,שקדי מרק רכיבים טבעי,,400.00,100 גרם,false,,15.90,0.0398,true,1,87776
7290000063157,false,"קמח תופח מאליו אסם 1 ק""ג","אסם השקעות בע""מ",IL,קמח תופח מאליו אסם 1,,1000.00,100 גרם,false,,10.90,0.0109,true,1,87777
7290000064758,false,קוסקוס בינוני אמיתי אסם 350 ג',"מיוצר ע""י קוד יצרן K",IL,קוסקוס בינוני אסם 35,,350.00,,false,,8.90,0.0254,true,1,87785
7290000064871,false,"אוסם - מנה חמה פירה תפו""א עם בצל 56 גרם","אסם השקעות בע""מ",IL,מנה חמה אסם פירה תפו,,56.00,100 גרם,false,,7.50,0.1339,true,1,87786
7290000065090,false,מיני קרוטונים למרק ולסלט 400 ג' אסם,עינת תעשיות מזון,IL,מיני קורטונים למרק ו,,400.00,100 גרם,false,,27.90,0.0697,true,1,87787
7290000065557,false,אוסם - מנה חמה קוסקוס עם ירקות 84 גרם,"אסם תעשיות מזון בע""מ",IL,מנה חמה אסם קוסקוס ע,,84.00,100 גרם,false,,7.50,0.0893,true,1,87791
7290000065977,false,חטיפי פריכונים תירס שומשום 80 ג' אוסם,"מיוצר ע""י פרח, משווק",IL,חטיפי פריכונים תירס,,80.00,100 גרם,false,,9.70,0.1212,true,1,87796
7290000066141,false,ביסלי בטעם גריל אסם,"אסם השקעות בע""מ",IL,ביסלי בטעם גריל אסם,,70.00,100 גרם,false,,5.00,0.0714,true,1,87798
7290000066189,false,ביסלי גדול בטעם פלאפל 200 ג' אסם,"אסם השקעות בע""מ",IL,ביסלי גדול פלאפל אסם,,200.00,100 גרם,false,,9.90,0.0495,true,1,87802
7290000066196,false,ביסלי גדול בטעם גריל 200 ג' אסם,מיוצר עי קונדיטוריית,IL,ביסלי גדול טעם גריל,,200.00,,false,,9.90,0.0495,true,1,87803
7290000066226,false,ביסלי בטעם פיצה 200 ג' אסם,מיוצר עי קונדיטוריית,IL,ביסלי בטעם פיצה אסם,,200.00,100 גרם,false,,9.90,0.0495,true,1,87806
7290000066264,false,אוסם - חטיף דובונים 40 גרם,"אסם השקעות בע""מ",IL,דובונים אסם 40גר,,40.00,100 גרם,false,,5.00,0.1250,true,1,87807
7290000066295,false,אסם במבה תות מחומרים טבעיים 30גר,מיוצר עי קונדיטוריית,IL,במבה תות מחומרים טבע,,30.00,100 גרם,false,,3.30,0.1100,true,1,87808
7290000066318,false,במבה קלאסי 80 גרם,"אסם השקעות בע""מ",IL,במבה אסם 80 גרם,,80.00,,false,,5.60,0.0700,true,1,87810
7290000066431,false,פופקו חטיף תירס בטעם חמאה ודבש 80 גרם,מיוצר עי קונדיטוריית,IL,פופקו חטיף אסם 80גר,,80.00,100 גרם,false,,5.90,0.0738,true,1,87813
7290000067407,false,פירורית מתובל שקית 200גר,עינת תעשיות מזון,IL,פירורית מתובל שקית א,,200.00,100 גרם,false,,6.90,0.0345,true,1,87818
7290000067544,false,פירורית זהב שקית 200גר,עינת תעשיות מזון,IL,פירורית זהב שקית אסם,,200.00,100 גרם,false,,6.50,0.0325,true,1,87820
7290000067599,false,אוסם - מנה חמה ספגטי רוטב בולנז 65 גרם,"אסם השקעות בע""מ",IL,מנה חמה אסם ספגטי רו,,65.00,100 גרם,false,,7.50,0.1154,true,1,87824
7290000067735,false,"פסטה פרפקטו ניוקי בצקיות תפו""א 500ג' אסם",גרנדי פסטי,IT,"ניוקי בצקיות מתפו""א",,500.00,100 גרם,false,,15.50,0.0310,true,1,87826
7290000068138,false,אסם פודינג אינסטנט וניל 80 גרם,מיוצר עי קונדיטוריית,IL,פודינג וניל אסם 80גר,,80.00,100 גרם,false,,6.30,0.0787,true,1,87831
7290000068190,false,ג'לי תות שדה צבע טבעי 85 ג',מיוצר עי קונדיטוריית,IL,ג'לי תות אסם 85 גר,,85.00,100 גרם,false,,7.50,0.0882,true,1,87834
7290000068206,false,ג'לי משמש אסם צבע טבעי 85 ג',מיוצר עי קונדיטוריית,IL,ג'לי משמש אסם 85 גר,,85.00,100 גרם,false,,7.50,0.0882,true,1,87835
7290000068237,false,ג'לי פטל צבע טבעי 85ג' אסם,מיוצר עי קונדיטוריית,IL,ג'לי פטל אסם 85 גר,,85.00,100 גרם,false,,7.50,0.0882,true,1,87836
7290000068701,false,שקדי מרק רכיבים טבע.מיכל 400ג' אסם,"אסם השקעות בע""מ",IL,שקדי מרק במיכל אסם 4,,400.00,100 גרם,false,,17.90,0.0447,true,1,87841
7290000068770,false,במבה יום הולדת אסם 8,"אסם השקעות בע""מ",IL,במבה יום הולדת אסם 8,,80.00,,false,,5.60,0.0700,true,1,87842
7290000068787,false,במבה יום הולדת 25גרם,מיוצר עי קונדיטוריית,IL,במבה אסם 25גר,,25.00,,false,,2.70,0.1080,true,1,87843
7290000069364,false,פריכונים עגולים אורז דל נתרן אסם 140 גרם,"מיוצר ע""י PT, משווק",IL,פריכונים מאורז מלא ל,,140.00,100 גרם,false,,8.90,0.0636,true,1,87849
7290000070308,false,אבקת מרק עוף אמיתי במיכל 400 גרם,"אסם השקעות בע""מ",IL,מרק עוף אמיתי אסם 40,,400.00,100 גרם,false,,18.90,0.0472,true,1,87860
7290000070353,false,אבקת מרק בצל רכיבים טבעיים 400 ג' אסם,"אסם השקעות בע""מ",IL,מרק בצל רכיבים טבעיי,,400.00,100 גרם,false,,29.90,0.0747,true,1,87862
7290000071008,false,אוסם - בייגלה שטוחים מלח 60 גרם,"אסם השקעות בע""מ",IL,בייגלה שטוחים מלח אס,,60.00,100 גרם,false,,3.90,0.0650,true,1,87865
7290000072067,false,במבה במילוי קרם חלבה 60ג' אסם,מיוצר עי קונדיטוריית,IL,במבה במילוי קרם חלבה,,60.00,,false,,5.60,0.0933,true,1,87867
7290000072623,false,אסם קטשופ בקבוק לחיץ,"אסם השקעות בע""מ",IL,קטשופ אסם 750 גרם,,750.00,,false,,10.90,0.0145,true,1,87873
7290000072753,false,קפה טייסטר צ'ויס קפה מגורען 200ג',נסטלה קוריאה - קפה,IL,קפה טייסטרס צ׳ויס נס,,200.00,,false,,29.90,0.1495,true,1,87876
7290000072777,false,קפה טייסטר צ'ויס מגור' נ.קפאין 200ג',נסטלה קוריאה - קפה,IL,טסטרס צויס נטול קפאי,,200.00,100 גרם,false,,39.90,0.1995,true,1,87877
7290000072968,false,דגני בוקר סיני מיניס נסטלה 500 ג',נסטלה פולין דגני בוק,PL,סיני מיניס 500 גרם,,500.00,,false,,27.90,0.0558,true,1,87882
7290000073415,false,אוסם - מנה חמה פסטה ברוטב פיצה 61 גרם,"אסם השקעות בע""מ",IL,מנה חמה אסם פסטה ברו,,61.00,100 גרם,false,,7.50,0.1230,true,1,87884
7290000073750,false,אוסם - מנה חמה נודלס בטעם עוף 70 גרם,טאי רזידנט,CN,מנה חמה נודלס בטעם ע,,70.00,,false,,7.50,0.1071,true,1,87886
7290000073767,false,אוסם - מנה חמה נודלס בטעם בקר 70 גרם,טאי רזידנט,CN,מנה חמה נודלס בטעם ב,,70.00,,false,,7.50,0.1071,true,1,87887
7290000073774,false,אוסם - מנה חמה נודלס בטעם פיקנטי 70 גרם,טאי רזידנט,CN,מנה חמה נודלס בטעם פ,,70.00,100 גרם,false,,7.50,0.1071,true,1,87888
7290000074153,false,ביסקוויט פתיבר שוקו,מיוצר עי קונדיטוריית,IL,פתי בר שוקו אסם 500ג,,500.00,100 גרם,false,,14.90,0.0298,true,1,87892
7290000074184,false,אוסם - פתי בר בינוני 500 גרם,"אסם השקעות בע""מ",IL,פתי בר וניל אסם 500ג,,500.00,100 גרם,false,,12.90,0.0258,true,1,87894
7290000074245,false,אוסם - קרם קרקר אסם 250 גרם,"אסם השקעות בע""מ",IL,קרם קרקר אסם 250גר,,250.00,,false,,9.50,0.0380,true,1,87895
7290000074276,false,קרקר פיקנטי טבעון 250 ג' אסם,"אסם השקעות בע""מ",IL,קרקר פיקנטי טבעון אס,,250.00,100 גרם,false,,11.90,0.0476,true,1,87897
7290000074375,false,אוסם - קרקר זהב 150 גרם,"אסם השקעות בע""מ",IL,קרקר זהב אסם 150 גרם,,150.00,,false,,7.90,0.0527,true,1,87901
7290000074481,false,לחמית אגוזים אסם 160 ג',"אסם השקעות בע""מ",IL,לחמית אגוזים אסם 160,,160.00,100 גרם,false,,11.90,0.0744,true,1,87903
7290000074696,false,"קרם קרקר 1 ק""ג אוסם","אסם השקעות בע""מ",IL,קרם קרקר אסם 1 ק״ג,,1000.00,,false,,29.90,0.0299,true,1,87905
7290000074764,false,קרקר זהב אסם 900 גרם,אסם תעשיות,IL,קרקר זהב אסם 900גר,,900.00,,false,,29.90,0.0332,true,1,87909
7290000075204,false,אוסם - לחמית חיטה מלאה 250 גרם,"אסם השקעות בע""מ",IL,לחמית חיטה מלאה אסם,,250.00,,false,,9.90,0.0396,true,1,87912
7290000075693,false,עוגת הבית שמרים בריוש שוקולד 360ג',מיוצר עי קונדיטוריית,IL,עוגת הבית שמרים בריו,,360.00,100 גרם,false,,18.90,0.0525,true,1,87914
7290000076126,false,אוסם - בייגלה שמיניות קטנות 80 גרם,"אסם השקעות בע""מ",IL,בייגלה שמיניות קטנות,,80.00,100 גרם,false,,3.90,0.0487,true,1,87915
7290000076133,false,בייגלה שמיניות קטנות 400 גרם אסם,"אסם השקעות בע""מ",IL,בייגלה שמיניות קטנות,,400.00,100 גרם,false,,12.50,0.0313,true,1,87916
7290000077017,false,עוגיות קרמוגית וקרם שוקולד אסם 200 גרם,מיוצר עי קונדיטוריית,IL,קרמוגית במילוי שוקול,,200.00,100 גרם,false,,12.90,0.0645,true,1,87919
7290000077253,false,אוסם - לחמית כפרית עם דגנים מלאים 190 גרם,"אסם השקעות בע""מ",IL,לחמית כפרית עם דגנים,,190.00,100 גרם,false,,11.90,0.0626,true,1,87920
7290000078212,false,קרוטונים מתובלים 250 ג' אסם,עינת תעשיות מזון,IL,קרוטונים מתובלים אסם,,250.00,100 גרם,false,,16.90,0.0676,true,1,87922
7290000078762,false,אוסם - חטיפי פריכונים מאורז מלא בטעם דבש 80גר,סנורייס בלגיום אן. ו,BE,חטיפי פריכונים מאורז,,80.00,,false,,9.70,0.1212,true,1,87923
7290000079233,false,קרקר קרם דל נתרן 250 ג' אסם,אסם תעשיות,IL,קרם דל נתרן אסם 250ג,,250.00,100 גרם,false,,11.90,0.0476,true,1,87925
7290000080406,false,אסאדו עע,,,אסאדו עע,קילוגרמים,1.00,"ק""ג",true,,79.90,79.9000,true,1,96000
7290000080765,false,טוסטעים פת קלויה עם שומשום 100 ג' אוסם,ון דר מולן האלום,NL,טוסטעים פת קלוי עם ש,,100.00,100 גרם,false,,11.50,0.1150,true,1,87932
7290000101927,false,אוכמניות כחולות מוקפאות סנפרוסט 300 גרם,"איי, בי, אינבוו",IL,אוכמניות כחולות מוקפ,,300.00,100 גרם,false,,16.90,0.0563,true,1,139494
7290000101934,false,מיקס פירות יער מוקפאות 300 ג' סנפרוסט,"סנפרוסט בע""מ",IL,תערובת פירות יער מוק,,300.00,,false,,16.90,0.0563,true,1,139495
7290000101941,false,אננס חתוך מוקפא סנפרוסט 300ג',"סנפרוסט בע""מ",IL,אננס חתוך מוקפא 300ג,,300.00,100 גרם,false,,16.90,0.0563,true,1,139497
7290000103457,false,מיני כרובית סנפרוסט,"סנפרוסט בע""מ",IL,מיני כרובית סנפרוסט,,600.00,100 גרם,false,,16.90,0.0282,true,1,144115
7290000103815,false,סנפרוסט לקט להקפצה תאילנדי 800 גר,"סנפרוסט בע""מ",IL,לקט להקפצה תאילנדי ס,,800.00,100 גרם,false,,24.90,0.0311,true,1,92472
7290000103822,false,ירקות שמלווים עוף סנפרוסט 800ג',"סנפרוסט בע""מ",IL,לקט לעוף סנפרוסט 800,,800.00,,false,,24.90,0.0311,true,1,92473
7290000104201,false,סנפרוסט אפונה עדינה,"איי, בי, אינבוו",IL,אפונה עדינה סנפרוסט,,600.00,100 גרם,false,,21.90,0.0365,true,1,92481
7290000104218,false,במיה סנפרוסט 600 גרם,"איי, בי, אינבוו",IL,במיה סנפרוסט 600גר,,600.00,100 גרם,false,,18.90,0.0315,true,1,92482
7290000104225,false,בצל קצוץ סנפרוסט 600 ג',"סנפרוסט בע""מ",IL,בצל קצוץ סנפרוסט 600,,600.00,100 גרם,false,,18.90,0.0315,true,1,92483
7290000104676,false,אפונה קפואה סנפרוסט 800 גרם,"איי, בי, אינבוו",IL,אפונה גינה סנפרוסט 8,,800.00,,false,,17.90,0.0224,true,1,92485
7290000104690,false,תירס גרעינים 800 ג' סנפרוסט,"איי, בי, אינבוו",IL,גרעיני תירס סנפרוסט,,800.00,100 גרם,false,,19.90,0.0249,true,1,92487
7290000104706,false,גזר גמדי סנפרוסט 800ג',"סנפרוסט בע""מ",IL,גזר גמדי סנפרוסט 800,,800.00,100 גרם,false,,19.90,0.0249,true,1,92488
7290000104744,false,כרובית סנפרוסט 800גר,"סנפרוסט בע""מ",IL,כרובית סנפרוסט 800גר,,800.00,100 גרם,false,,26.90,0.0336,true,1,92492
7290000104751,false,כרוב ניצנים סנפרוסט 800 גרם,"איי, בי, אינבוו",IL,כרוב ניצנים סנפרוסט,,800.00,100 גרם,false,,26.90,0.0336,true,1,92493
7290000104768,false,תרד עלים סנפרוסט 800 ג ',"איי, בי, אינבוו",IL,תרד עלים סנפרוסט 800,,800.00,100 גרם,false,,28.90,0.0361,true,1,92494
7290000104799,false,שעועית לבנה מבושלת סנפרוסט 800גר,"איי, בי, אינבוו",IL,שעועית לבנה מבושלת ס,,800.00,100 גרם,false,,21.90,0.0274,true,1,92496
7290000104805,false,גרגירי חומוס קפוא 800 ג' סנפרוסט,"איי, בי, אינבוו",IL,גרגירי חומוס קפוא סנ,,800.00,100 גרם,false,,21.90,0.0274,true,1,92497
7290000104911,false,לקט נורמנדי סנפרוסט 800ג',"איי, בי, אינבוו",IL,לקט נורמנדי סנפרוסט,,800.00,100 גרם,false,,24.90,0.0311,true,1,92504
7290000106175,false,"לקט כפרי 2 ק""ג סנפרוסט","סנפרוסט בע""מ",IL,לקט כפרי סנפרוסט 2קג,,2000.00,100 גרם,false,,39.90,0.0199,true,1,144125
7290000106526,false,ירקות מעורבים מוקפאים חגיגה ירוקה להקפצה,"איי, בי, אינבוו",IL,חגיגה ירוקה להקפצה ס,,800.00,100 גרם,false,,24.90,0.0311,true,1,142345
7290000107165,false,פולי סויה אדממה סנפרוסט 400 ג',"איי, בי, אינבוו",IL,פולי סויה קפוא סנפרו,,400.00,100 גרם,false,,15.90,0.0398,true,1,92506
7290000107295,false,תפרחות ברוקולי סנפרוסט 800 ג',"איי, בי, אינבוו",IL,תפרחות ברוקולי סנפרו,,800.00,100 גרם,false,,28.90,0.0361,true,1,92508
7290000111353,false,"מיונז אמיתי תלמה 1 ק""ג",יוניליוור ישראל מזון,IL,"מיונז תלמה 1ק""ג",,1000.00,,false,,18.90,0.0189,true,1,90034
7290000111384,false,חרדל אמיתי בצנצנת 550 ג' תלמה,יוניליוור ישראל מזו,IL,חרדל צנצנת תלמה 550ג,,550.00,100 גרם,false,,12.90,0.0235,true,1,90036
7290000112619,false,מרק עוף לתיבול והעשרה קנור 400 ג',יוניליוור ישראל מזון,IL,אבקת מרק עוף אמיתי ב,,400.00,,false,,24.90,0.0622,true,1,90041
7290000116945,false,קנור סויה קלאסי בדצ 350ג PAL,יוניליוור ישראל מזון,IL,רוטב סויה קנור 300מל,,300.00,,false,,15.90,0.0530,true,1,90054
7290000117720,false,קנור - נמס בכוס זוג פטריות 21.50 גרם * 2,יוניליוור ישראל מזון,IL,נמס בכוס קנור פטריות,,43.00,100 גרם,false,,7.70,0.1791,true,1,90061
7290000118352,false,"לטקס קנור כשל""פ 170 גר'",יוניליוור ישראל מזון,IL,לטקס 2*85גר,,170.00,100 גרם,false,,10.90,0.0641,true,1,90066
7290000134147,false,טעם וריח מוסקט טחון מיכל 40גר,תות ממתקי איכות,IL,מוסקט טחון 40גר,,40.00,,false,,14.90,0.3725,true,1,95862
7290000134352,false,תבלין קינמון טחון 90 גר',תות ממתקי איכות,IL,קימנון טחון 80 גר,,80.00,100 גרם,false,,10.90,0.1363,true,1,95866
7290000134376,false,תבלין פפריקה בשמן 90 גר',תות ממתקי איכות,IL,פפריקה בשמן 100גר,,100.00,100 גרם,false,,10.90,0.1090,true,1,95867
7290000134833,false,תבלין כמון טחון 100 גר',תות ממתקי איכות,IL,כמון טחון במיכל 100ג,,100.00,100 גרם,false,,10.90,0.1090,true,1,95881
7290000134840,false,תבלין כורכום טחון 100 גר',תות ממתקי איכות,IL,כורכום במיכל 100גר,,100.00,100 גרם,false,,10.90,0.1090,true,1,95882
7290000134857,false,תבלין פפריקה מתוקה 100 גר',תות ממתקי איכות,IL,פפריקה מתוקה במיכל 1,,100.00,,false,,10.90,0.1090,true,1,95883
7290000134871,false,תבלין פלפל שחור טחון 100 גר',תות ממתקי איכות,IL,פלפל שחור טחון 100גר,,100.00,100 גרם,false,,15.90,0.1590,true,1,95885
7290000134987,false,תבלין פלפל שחור גרוס 90 גר',תבליני טעם וריח,IL,פלפל שחור גרוס 90גר,,90.00,100 גרם,false,,15.90,0.1767,true,1,95888
7290000135052,false,"משקה אנרגיה XL TEN מנגו 250 מ""ל","טמפו משקאות בע""מ",IL,אקס אל טן מנגו 250 מ,,250.00,,false,,5.00,0.0200,true,1,152140
7290000135311,false,פפסי מקס ליים 1.5 ליטר בודד,"טמפו משקאות בע""מ",IL,פפסי מקס ליים 1.5ליט,,1500.00,,false,,7.90,0.0053,true,1,159418
7290000136158,false,פפסי מקס 1.5 ליטר פיקדון,פפסי Pepsi,IL,פפסי מקס 1.5 ליטר,,1500.00,100 גרם,false,,7.90,0.0053,true,1,165072
7290000136165,false,מירינדה בקבוק 1.5 לי,מירינדה Mirinda,IL,טמפו מירינדה 1.5 ליט,,1500.00,100 גרם,false,,7.90,0.0053,true,1,165073
7290000136172,false,סבן אפ בקבוק 1.5 ליט,סבן אפ 7up,IL,סבן אפ 1.5 ליטר,,1500.00,100 גרם,false,,7.90,0.0053,true,1,165074
7290000136240,false,סודה 1.5 ליטר שישייה בודד,טמפו,IL,סודה טמפו 1.5ליטר,,1500.00,,false,,4.00,0.0027,true,1,165070
7290000136288,false,סירופ בטעם תפוחים סיידר הגליל JUICER,סיידר הגליל,,סירופ בטעם תפוחים ג',,330.00,,false,,17.90,0.0542,true,1,167962
7290000136646,false,משקה מאלט תריסר 1.5 ל' נשר,טמפו,IL,נשר מאלט 1.5ליטר תרי,,1500.00,100 גרם,false,,11.90,0.0079,true,1,165057
7290000136684,false,פפסי מקס פיקדון 1.5 ליטר,טמפו,IL,פפסי מקס 1.5 ליטר,,1500.00,100 גרם,false,,7.90,0.0053,true,1,165492
7290000136776,false,מארז פפסי מקס שישיה 1.5ל',פפסי Pepsi,IL,פפסי מקס 6*1.5ליטר,,9000.00,100 גרם,false,,37.90,0.0042,true,1,165055
7290000136790,false,מארז סודה שישייה 1.5 ל' טמפו,טמפו,IL,סודה טמפו 6* 1.5 ליט,,9000.00,100 גרם,false,,19.70,0.0022,true,1,165046
7290000136851,false,סבן אפ פיקדון 1.5 ליטר,טמפו,IL,סבן אפ 1.5 ליטר,,1500.00,100 גרם,false,,7.90,0.0053,true,1,166389
7290000136868,false,שישיית מים מינרלים סאן בנדטו,סאן בנדטו San Benedetto,IL,מים סאן בנדטו 6* 1.5,,9000.00,100 גרם,false,,22.90,0.0025,true,1,165044
7290000136875,false,מארז מים מינרלים מוגז 6* 1.5 ל' סאן בנדטו,סאן בנדטו San Benedetto,IL,מים סאן בנדטו מוגז 6,,9000.00,100 גרם,false,,23.90,0.0027,true,1,165045
7290000136936,false,סבן אפ דיאט בקבוק 1.,טמפו,IL,סבן אפ 1.5 ליטר דיאט,,1500.00,100 גרם,false,,7.90,0.0053,true,1,165988
7290000139609,false,אשבול פצפוצי אורז 375 גרם,,,פצפוצי אורז טבעי 450,,450.00,,false,,13.90,0.0309,true,1,98591
7290000144160,false,שמן זית כתית מעולה ארומתי מודגש 750מל,"מרקאולאו, ספרד.אבסה,",IT,שמן זית כתית מעולה א,,750.00,100 גרם,false,,34.90,0.0465,true,1,96063
7290000144467,false,שמן חמניות מועשר בנוגדי חמצון 1 ל' עץ הזית,"נארז ע""י : א.ג. גילר",GR,שמן חמניות בריאות מה,,1000.00,100 גרם,false,,17.90,0.0179,true,1,96065
7290000144474,false,שמן קנולה בריאות מהטבע 1 ליטר,שמן תעשיות,EE,שמן קנולה בריאות מהט,,1000.00,,false,,17.90,0.0179,true,1,96066
7290000149905,false,טקסטיל שמפו לכביסה ביד 1 ליטר,מיוצר עי קונדיטוריית,IL,טקסטיל שמפו 1ליטר,,1000.00,,false,,15.90,0.0159,true,1,89195
7290000152943,false,פסטרמה כפרית +סלמי כפרי עוף טוב 350X2ג',מולינו ניקולי s.p.a,IL,סלמי+פסטרמה עוף טוב,,700.00,100 גרם,false,,31.90,0.0456,true,1,87949
7290000170053,false,שוקולד פרה 100 ג' חלב.,"תופינית בע""מ",IL,שוקולד פרה חלב 100גר,,100.00,,false,,7.30,0.0730,true,1,99487
7290000176062,false,קפה טורקי בצלופן 100,שטראוס קפה בי.וי.,IL,קפה טורקי עלית 100 ג,,100.00,100 גרם,false,,8.90,0.0890,true,1,99496
7290000176079,false,קפה טורקי עם היל עלית 100 ג',הנסיך- מפעל לייצור ט,IL,קפה טורקי עם הל עלית,,100.00,100 גרם,false,,9.90,0.0990,true,1,99497
7290000176413,false,קפה נמס אבקתי עלית 5,הנסיך- מפעל לייצור ט,IL,קפה נמס עלית 50 גרם,,50.00,,false,,9.90,0.1980,true,1,99503
7290000176420,false,קפה נמס אבקתי 200ג עלית,שטראוס קפה בי.וי,IL,קפה נמס עלית 200 גרם,,200.00,,false,,19.90,0.0995,true,1,99504
7290000178707,false,חטיף תפוציפס טבעי 50,"שטראוס פריטו ליי בע""",IL,תפוציפס טבעי 50גר,,50.00,100 גרם,false,,4.70,0.0940,true,1,90770
7290000178721,false,חטיף תפוציפס טבעי 20,"שטראוס פריטו ליי בע""",IL,תפוציפס טבעי 200גר,,200.00,100 גרם,false,,13.50,0.0675,true,1,90771
7290000185330,false,סילאן טבעי תמר כנרת,,,סילאן טבעי 900 גרם,,900.00,100 גרם,false,,23.90,0.0266,true,1,167939
7290000185590,false,סילאן טבעי לחיץ כנרת 650 גר',,,סילאן טבעי בבקבוק לח,,650.00,100 גרם,false,,19.90,0.0306,true,1,167932
7290000186535,false,נייר טואלט טריו לבן 32 גלילים לילי,קימברלי קלארק ישראל,IL,לילי טריו לבן נייר ט,יחידה,0.00,יחידה,false,,49.90,0.0000,true,1,89701
7290000188355,false,מגבות מטבח ניקול לבנה שישייה,קימברלי-קלארק,IL,מגבות מטבח שישייה ני,יחידה,0.00,יחידה,false,,12.90,0.0000,true,1,89718
7290000189192,false,מגבת רב שימושית סופר ניקול 64 דף,קימברלי קלארק,CO,סופר מגבת רב פעמית נ,,11.00,,false,,23.90,2.1727,true,1,89725
7290000189550,false,אשפתון 78X90 ענק ניקול 20יח',קריות זול,IL,אשפתון זוג ענק 20 מת,,20.00,,false,,26.90,1.3450,true,1,89730
7290000189871,false,אשפתון שרוך מתכלה ניקול 60יח',אשפלסט,IL,אשפתון 60 שקיות מתכל,,60.00,,false,,26.90,0.4483,true,1,89737
7290000190136,false,חלה מתוקה ברמן,,,חלה מתוקה ברמן,,500.00,100 גרם,false,,8.90,0.0178,true,1,145543
7290000190853,false,נייר טואלט לילי דו שכבתי 30 גליל,לילי Lily,,לילי לבן נייר טואלט,יחידה,0.00,יחידה,false,,39.90,0.0000,true,1,89749
7290000191539,false,ממחטות טישו לילי צבעוני חמישיה,חוגלה קימברלי,IL,לילי צבעוני חמישיה 5,,593.00,100 גרם,false,,17.90,0.0302,true,1,89752
7290000197326,false,רדיד אלומניום ניקול זוגי 30X7.5מ',קריות זול,IL,ניקול רדיד אלומיניום,,15.00,,false,,12.90,0.8600,true,1,89790
7290000197456,false,האגיס - פרידום דריי שלב 4 44 יח',קימברלי קלארק ישראל,IL,האגיס פרידום דריי של,יחידה,0.00,יחידה,false,,48.90,0.0000,true,1,89794
7290000197463,false,האגיס - פרידום דריי שלב 4+ 40 יח',קימברלי קלארק ישראל,IL,האגיס פרידום דריי של,יחידה,0.00,יחידה,false,,48.90,0.0000,true,1,89795
7290000197548,false,האגיס - פרידום דריי שלב 5 36 יח',קימברלי קלארק ישראל,IL,האגיס פרידום דריי של,יחידה,0.00,יחידה,false,,48.90,0.0000,true,1,89797
7290000197654,false,ניקול אשפתון שקיות אשפה ענקיות 45 יח',קריות זול,IL,אשפתון שקיות אשפה ענ,,50.00,,false,,19.90,0.3980,true,1,89798
7290000197753,false,ניילון נצמד אנטי בטקריאלי ניקול 30X2מ',קריות זול,,ניילונית זוג ניקול,,60.00,,false,,12.90,0.2150,true,1,89800
7290000199313,false,קוטקס - תחבושות יאנג 30 יח',KC Turkey,,קוטקס תחבושות נורמל,,28.00,,false,,19.90,0.7107,true,1,89804
7290000204086,false,כרית קרצוף סקוטש ניקול 1+2,חוגלה קימברלי,US,כרית קרצוף ניקול 3 י,יחידה,0.00,יחידה,false,,13.90,0.0000,true,1,89820
7290000204147,false,ניקול כריות יפניות 2 ב 1 רביעייה,פלסטו פוליש (ברקן),IL,כריות יפניות 2ב1 ניק,יחידה,0.00,יחידה,false,,13.90,0.0000,true,1,89821
7290000204215,false,ניקול כריות יפניות 6 יח',פלסטו פוליש (ברקן),IL,כריות יפניות ניקול 6,,4.00,,false,,13.90,3.4750,true,1,89823
7290000204253,false,מטליות ניקול רב שימושיות 9יח',נועם אורים-קיבוץ אור,IL,מטלית רב שימושית ניק,,9.00,,false,,13.90,1.5444,true,1,89825
7290000204512,false,מטליות לחות לרצפה בניחוח לימון 10 יח' ניקול,עלבד משואות יצחק בעמ,IL,מטליות לחות לרצפה בר,יחידה,0.00,יחידה,false,,12.90,0.0000,true,1,134076
7290000204611,false,ספוגיות הקסם ניקול 6יח',קריות זול,US,ספוגית הקסם ניקול 6י,,6.00,,false,,13.90,2.3167,true,1,89827
7290000207063,false,רסק עגבניות פריכוז 28% 240 גרם יכין,היינץ צפון אמריקה מק,IL,רסק עגבניות פריכוז 2,,260.00,,false,,5.50,0.0212,true,1,87110
7290000207162,false,רוטב עגבניות מרכיב טבעי 100 ג' יכין,"זנלכל בע""מ",IL,רוטב עגבניות 22% 100,,100.00,100 גרם,false,,2.50,0.0250,true,1,87113
7290000208022,false,עגבניות מרוסקות פריכוז 800 ג' יכין,"זנלכל בע""מ",IL,עגבניות מרוסקות 800ג,,800.00,100 גרם,false,,10.90,0.0136,true,1,87116
7290000208077,false,אפונת גינה גדולה 550 גרם יכין,"זנלכל בע""מ",IL,אפונה גדולה יכין 550,,550.00,,false,,9.70,0.0176,true,1,87118
7290000208114,false,אפונת גינה וגזר 550 ג' יכין,"זנלכל בע""מ",IL,אפונה וגזר יכין 550ג,,550.00,100 גרם,false,,9.70,0.0176,true,1,87120
7290000208138,false,סירופ ענבים דיאט יכי,"זנלכל בע""מ",IL,סירופ דייאט ענבים יכ,,1000.00,,false,,16.90,0.0169,true,1,87122
7290000208145,false,גרגרי תירס מתוק לייט A2 יכין 550 ג',"זנלכל בע""מ",IL,תירס לייט יכין 550גר,,550.00,100 גרם,false,,10.90,0.0198,true,1,87123
7290000208213,false,שעועית לבנה אפויה A2 ברוטב עגבניות יכין 560ג',היינץ צפון אמריקה מק,IL,שעועית לבנה ברוטב עג,,580.00,100 גרם,false,,9.90,0.0171,true,1,87126
7290000208244,false,בסיס עגבניות לשקשוקה 570 ג' יכין,"זנלכל בע""מ",IL,בסיס עגבניות לשקשוקה,,570.00,100 גרם,false,,10.90,0.0191,true,1,87128
7290000208329,false,גרעיני תירס מתוק A2 יכין 550ג',"זנלכל בע""מ",IL,תירס מתוק יכין 550גר,,550.00,100 גרם,false,,9.70,0.0176,true,1,87132
7290000208336,false,רסק עגבניות 22% יכין 240ג',"זנלכל בע""מ",IL,רוטב עגבניות יכין 22,,240.00,100 גרם,false,,4.90,0.0204,true,1,87133
7290000208343,false,עגבניות מרוסקות שום יכין 800 גר,היינץ צפון אמריקה מק,IL,עגבניות מרוסקות עם ש,,800.00,,false,,10.90,0.0136,true,1,87134
7290000208404,false,A2 פול מצרי 550 גרם יכין,"זנלכל בע""מ",IL,פול מצרי יכין 550גר,,550.00,100 גרם,false,,9.90,0.0180,true,1,87137
7290000208428,false,חומוס שלם יכין 550גר,"זנלכל בע""מ",IL,חומוס שלם יכין 550גר,,550.00,100 גרם,false,,9.90,0.0180,true,1,87138
7290000208480,false,גרעיני תירס בטעם חמאה 550 ג' יכין,קריות זול,IL,תירס בטעם חמאה 550גר,,550.00,100 גרם,false,,10.90,0.0198,true,1,87141
7290000208534,false,גרעיני תירס ילדים 550 גרם יכין,"זנלכל בע""מ",IL,תירס קיד יכין 550גר,,550.00,100 גרם,false,,10.90,0.0198,true,1,87142
7290000208855,false,רוטב פסטה עגבניות יכין 240 ג',"זנלכל בע""מ",IL,רוטב לפסטה קלאסי יכי,,240.00,,false,,6.90,0.0288,true,1,87145
7290000208930,false,עגבניות מרוסקות בתוספת שום 240 ג' יכין,"זנלכל בע""מ",IL,עגבניות מרוסקות ושום,,240.00,100 גרם,false,,6.90,0.0288,true,1,87147
7290000208947,false,עגבניות מרוסקות 240 גרם יכין,היינץ צפון אמריקה מק,IL,עגבניות מרוסקות יכין,,240.00,100 גרם,false,,6.90,0.0288,true,1,87148
7290000209012,false,חומץ הדרים יכין 1 לי,"זנלכל בע""מ",IL,חומץ הדרים יכין 1 לי,,1000.00,,false,,6.90,0.0069,true,1,87151
7290000209043,false,מיץ לימון משומר 1 ל' יכין,היינץ צפון אמריקה מק,IL,מיץ לימון משומר 1ל,,1000.00,100 גרם,false,,6.90,0.0069,true,1,87152
7290000209371,false,שלישיית תירס קטן יכי,היינץ צפון אמריקה מק,IL,תירס יכין שלישייה 3*,,495.00,100 גרם,false,,15.90,0.0321,true,1,87161
7290000209524,false,סירופ דייאט פטל יכין,זנלכל,IL,סירופ דיאט פטל יכין,,1000.00,,false,,16.90,0.0169,true,1,87165
7290000209722,false,רסק עגבניות 28% פריכוז 580 גרם יכין,"זנלכל בע""מ",IL,רסק עגבניות פריכוז 2,,580.00,,false,,10.90,0.0188,true,1,87173
7290000209913,false,עגבניות קוביות יכין 240 ג',"זנלכל בע""מ",IL,עגבניות קוביות יכין,,240.00,100 גרם,false,,6.90,0.0288,true,1,87175
7290000209944,false,רוטב לעגבניות בסיס לשקשוקה 240 ג' יכין,"זנלכל בע""מ",IL,רוטב שקשוקה יכין 240,,240.00,100 גרם,false,,6.90,0.0288,true,1,87176
7290000209968,false,רוטב עגבניות ללזניה יכין 240 גרם,"זנלכל בע""מ",IL,רוטב לזניה יכין 240,,240.00,100 גרם,false,,6.90,0.0288,true,1,87178
7290000210469,false,עגבניות שלמות 700 ג' יכין,יכין,,עגבניות שלמות יכין 7,,700.00,100 גרם,false,,10.90,0.0156,true,1,87179
7290000210896,false,רוטב בולונז לפסטה יכין 240 גר',"זנלכל בע""מ",IL,רוטב בולונז יכין 240,,240.00,100 גרם,false,,6.90,0.0288,true,1,87180
7290000211312,false,סוגת אורז מלא פרסי אחד אחד 1 קג,האי נאם סי או אל.טי.,IL,אורז מלא פרסי סוגת 1,,1000.00,100 גרם,false,,10.90,0.0109,true,1,94048
7290000211442,false,"סוגת אורז פרסי קלאסי שקית 1 ק""ג",האי נאם סי או אל.טי.,IL,אורז בסגנון פרסי קלא,,1000.00,,false,,11.90,0.0119,true,1,94051
7290000211503,false,סוכר לבן ארוז בשקית,"סוגת תעשיות בע""מ",IL,"סוכר סוגת 1 ק""ג",,1000.00,100 גרם,false,,5.50,0.0055,true,1,94052
7290000211626,false,"אורז חיש 1 ק""ג סוגת",סוגת תעשיות,IL,אורז חיש סוגת 1קג,,1000.00,100 גרם,false,,10.90,0.0109,true,1,94053
7290000211985,false,"אורז ריזוטו עגול סוגת 1 ק""ג","סוגת תעשיות בע""מ",IL,אורז עגול סוגת 1קג,,1000.00,100 גרם,false,,13.90,0.0139,true,1,94054
7290000212401,false,וופל מצופית מנעמים 400ג',קריות זול,,וופל מצופית מנעמים 4,,400.00,100 גרם,false,,10.90,0.0273,true,1,93319
7290000212579,false,וופל מצופה מנעמים מארז 40X20ג',מנעמים תעשיות מזון,IL,וופל מצופה מנעמים 40,,800.00,100 גרם,false,,19.90,0.0249,true,1,148749
7290000238029,false,"בצק עלים צרפתי מרודד מעדנות 1ק""ג",מיוצר עי קונדיטוריית,IL,בצק עלים מרודד מעדנו,,1000.00,100 גרם,false,,24.90,0.0249,true,1,92511
7290000238036,false,מלאווח 6יח' מעדנות 700ג',מיוצר עי קונדיטוריית,IL,מלווח מעדנות קופסא 7,,700.00,100 גרם,false,,18.90,0.0270,true,1,92512
7290000238173,false,בורקס גבינה 800 ג' מעדנות,מיוצר עי קונדיטוריית,IL,בורקס גבינה מעדנות 8,,800.00,,false,,22.90,0.0286,true,1,92513
7290000243566,false,"שמן קנולה בריאות 750 מ""ל",שמן תעשיות,EE,שמן קנולה בריאות עץ,,750.00,100 גרם,false,,14.90,0.0199,true,1,96073
7290000245270,false,"פרסיל אבקת כביסה סופרא 1.250 ק""ג","הנקל סוד בע""מ",IL,פרסיל סופרא שקית אבק,קילוגרמים,1.25,"ק""ג",false,,15.90,12.7200,true,1,100443
7290000245287,false,"פרסיל אבקת כביסה 1.250 ק""ג קולור ויניגר","הנקל סוד בע""מ",IL,פרסיל קולור שקית אבק,קילוגרמים,1.25,"ק""ג",false,,15.90,12.7200,true,1,100444
7290000245515,false,"אבקת כביסה בניחוח לבנדר 1.25 ק""ג סוד","הנקל סוד בע""מ",IL,סוד קומפורט פרפיום א,קילוגרמים,1.25,"ק""ג",false,,13.90,11.1200,true,1,100451
7290000245782,false,סוד סופט מרכך כביסה ורוד 4 ליטר,"הנקל סוד בע""מ",IL,סוד מרכך כביסה ורדי,ליטרים,4.00,ליטר,false,,17.90,4.4750,true,1,100456
7290000253220,false,שוקולד צ'יפס חום אופנהיימר 260 גר',אופנהיימר,IL,שוקולד ציפס 300גר,,300.00,100 גרם,false,,14.90,0.0497,true,1,93511
7290000253251,false,שוקולד צ'יפס לבן אופנהיימר 300ג',אופנהיימר,IL,שוקולד ציפס לבן 250,,250.00,100 גרם,false,,14.90,0.0596,true,1,93512
7290000267012,false,שקדים מולבנים שלמים,"דין שיווק וקליה בע""מ",IL,שקדים מולבנים השף 10,,100.00,100 גרם,false,,11.90,0.1190,true,1,96733
7290000267029,false,שקדים מולבנים חצויים,"דין שיווק וקליה בע""מ",IL,שקדים חצויים 100גרם,,100.00,100 גרם,false,,11.90,0.1190,true,1,96734
7290000267043,false,שקדים מולבנים פרוסים,"דין שיווק וקליה בע""מ",IL,שקד פרוס השף 100גר,,100.00,,false,,11.90,0.1190,true,1,96736
7290000267104,false,שקד מולבן גרוס/מרוסק,"דין שיווק וקליה בע""מ",IL,שקדים גרוסים טבעי 10,,100.00,100 גרם,false,,11.90,0.1190,true,1,96738
7290000267548,false,אגוזי מלך גרוסים 100 ג',דין שיווק,IL,אגוזי מלך גרוסים השף,,100.00,,false,,13.90,0.1390,true,1,96739
7290000267678,false,גרעיני דלעת קלופים ט,"דין שיווק וקליה בע""מ",IL,גרעיני דלעת טבעי קלו,,150.00,100 גרם,false,,7.90,0.0527,true,1,96742
7290000272696,false,עסיס מיץ לימון טבעי משומר 1 ל' אסם,בית-השיטה עסיס תעשיו,IL,מיץ לימון טבעי משומר,,1000.00,,false,,13.90,0.0139,true,1,87985
7290000272726,false,חומץ טבעי 5% עסיס 1 ל' אסם,בית השיטה עסיס תעשיו,IL,חומץ טבעי 5% עסיס 1,,1000.00,,false,,8.90,0.0089,true,1,87986
7290000286228,false,כרית קרצוף לכלים סנו סושי 6יח',סנו מפעלי ברונו בעמ,IL,סנו סושי ספוגיות לני,יחידה,0.00,יחידה,false,,12.90,0.0000,true,1,89199
7290000287195,false,"סנו רהיט ספריי עשיר בווקס להברקה 305 מ""ל",מיוצר עי קונדיטוריית,IL,סנו רהיט מבריק רהיטי,,300.00,,false,,16.90,0.0563,true,1,89216
7290000287621,false,"מנקה אסלות סנו אנטי קאלק 750 מ""ל,",מיוצר עי קונדיטוריית,IL,אנטי קאלק W.C מנקה א,,750.00,,false,,11.90,0.0159,true,1,143408
7290000289496,false,"סנו - ז'אוול ג'ל קרם לניקוי כללי לימון 750 מ""ל",הורביץ סחר,IL,סנו ז'אוול ג'ל קרם מ,,750.00,,false,,14.90,0.0199,true,1,89250
7290000293943,false,סנו אנטי קאלק מסיר אבנית וחלודה 1ל',מיוצר עי קונדיטוריית,IL,אנטי קאלק מרסס 1ליטר,,1000.00,,false,,21.90,0.0219,true,1,89274
7290000295404,false,סנו סושי שקית אשפה חזקות 70*50 60 יח',מיוצר עי קונדיטוריית,IL,שקיות אשפה 60 יח סנו,,60.00,,false,,25.90,0.4317,true,1,89285
7290000295558,false,רדיד אלומיניום סנו סושי זוגי 30X7.5מ',מולינו ניקולי s.p.a,CN,סנו סושי צמד רדידי א,,0.30,,false,,11.90,39.6667,true,1,89289
7290000295794,false,כרית מתכת סנו סושי אל חלד 3יח',,,ספוגית מתכת סנו סושי,יחידה,0.00,יחידה,false,,10.90,0.0000,true,1,150040
7290000300900,false,טבעול שניצל תירס 8*750גרם רכיבים טבעיים,עיצובים 2020 (4.8),IL,שניצל תירס טבעול 750,,750.00,,false,,29.90,0.0399,true,1,87993
7290000311203,false,וופלים מן שוקולד 200 גר,תות ממתקי איכות,IL,וופל מן שוקו 200גר,,200.00,,false,,5.90,0.0295,true,1,95559
7290000311210,false,וופלים מאן לימון 200 גר,רוקחמן,IL,וופל מן לימון 200גר,,200.00,100 גרם,false,,5.90,0.0295,true,1,95560
7290000311227,false,וופלים מן 200 גר קפה,רוקחמן,IL,וופל מן קפה 200גר,,200.00,100 גרם,false,,5.90,0.0295,true,1,115290
7290000311234,false,וופל בטעם וניל 200 ג,רוקחמן,IL,וופל מן וניל 200גר,,200.00,100 גרם,false,,5.90,0.0295,true,1,115291
7290000311425,false,מאגדת מן וופל מצופה כחול -עשירה 24*10,תות ממתקי איכות,IL,וופל מן מצופים עשירי,,220.00,100 גרם,false,,8.90,0.0405,true,1,95562
7290000311845,false,עוגיות קמח מלא ללא תוספת סוכר מן 200ג,רוקחמן,IL,עוגיות קמח מלא ללא ס,,200.00,100 גרם,false,,10.90,0.0545,true,1,135675
7290000311869,false,מן-וופלים בטעם שוק ללא תוספת סוכר 180ג,תות ממתקי איכות,IL,וופל מן בטעם שוקולד,,180.00,100 גרם,false,,8.90,0.0494,true,1,135676
7290000311876,false,מן-וופלים בטעם וניל ללא תוספת סוכר 180ג,רוקחמן,IL,וופל מן בטעם וניל לל,,180.00,,false,,8.90,0.0494,true,1,148395
7290000311883,false,"עוגיות גרנולה לל""ס גרנולה 200 גרם",רוקחמן,IL,עוגיות גרנולה ללא סו,,200.00,100 גרם,false,,10.90,0.0545,true,1,130618
7290000313160,false,עוגיות חברים זהבה ו-3 הדובים שוקו' אסם 250 גר',היינץ צפון אמריקה מק,IL,חברים זהבה ושלושת הד,,250.00,,false,,8.90,0.0356,true,1,87998
7290000313184,false,עוגיות חברים גן חיות וניל אסם 250 גר',הגביע מוצרי וופלים ב,IL,חברים ביסקויט גן חיו,,250.00,100 גרם,false,,8.90,0.0356,true,1,87999
7290000315126,false,קנור ציר עוף משפחתי,יוניליוור ישראל מזון,IL,ציר עוף קנור 300 גר,,300.00,100 גרם,false,,27.90,0.0930,true,1,90183
7290000318127,false,נקניקיות ביס 380 ג' יחיעם,מעדני יחיעם 1993,IL,נקניקיות ביס יחיעם 3,,380.00,100 גרם,false,,12.90,0.0339,true,1,86246
7290000318677,false,סלמי סרוולט 150 ג' יחיעם,מעדני יחיעם 1993,IL,סלמי סרוולט יחיעם 15,,150.00,100 גרם,false,,29.90,0.1993,true,1,86255
7290000318943,false,פסטרמה של פעם יחיעם,תאי פרזידנט פוד פאבל,IL,פסטרמה של פעם יחיעם,,200.00,100 גרם,false,,24.90,0.1245,true,1,86263
7290000319131,false,נקניקיות עוף 400 ג' יחיעם,מעדני יחיעם 1993,IL,נקניקיות עוף יחיעם 4,,400.00,100 גרם,false,,12.90,0.0323,true,1,86267
7290000334684,false,טבעות בצל 700 ג' תפוגן,"תעשיות תפוגן בע""מ",IL,טבעות בצל תפוגן 700ג,,700.00,100 גרם,false,,19.90,0.0284,true,1,88007
7290000336282,false,"סיידר תפוח צלול בבקבוק 330 מ""ל",טמפו משקאות בעמ,IL,סיידר תפוח צלול בקבו,,330.00,100 גרם,false,,9.50,0.0288,true,1,86625
7290000339566,false,מרכך כביסה ורוד 4 ל' בדין,יוניליור ישראל טיפוח,IL,בדין ורוד מרכך כביסה,ליטרים,4.00,ליטר,false,,22.90,5.7250,true,1,90203
7290000342856,false,מרכך כביסה כחול 4 ל' בדין,יוניליור ישראל טיפוח,IL,בדין כחול מרכך כביסה,ליטרים,4.00,ליטר,false,,22.90,5.7250,true,1,90210
7290000345215,false,תה ויסוצקי קלאסיק 100/1 כחול מעודן,מולינו ניקולי s.p.a,IL,תה ויסוצקי קלאסיק כח,,100.00,100 גרם,false,,19.90,0.1990,true,1,93326
7290000345284,false,תה ויסוצקי קלאסיק טעם עשיר 100/1.5יח',מולינו ניקולי s.p.a,IL,תה ויסוצקי קלאסיק יר,,150.00,100 גרם,false,,19.90,0.1327,true,1,93329
7290000346199,false,תה הגן הקסום תה פירות יער 25 יח',קריות זול,IL,תה פירות היער ויסוצק,,67.50,100 גרם,false,,19.90,0.2948,true,1,93342
7290000346205,false,תה הגן הקסום תה קמומיל 25 יח',קריות זול,IL,תה קמומיל ויסוצקי הג,,37.50,100 גרם,false,,19.90,0.5307,true,1,93343
7290000347738,false,תה ירוק נענע 25 שקיקים 1.5 גרם,קריות זול,IL,תה ירוק נענע 25יח,,37.50,,false,,27.90,0.7440,true,1,93349
7290000347752,false,תה ירוק לימונית ולואיזה 25 שקיקים *1.5 ג'' ויסוצקי,קריות זול,IL,תה ירוק לימונית ולוא,,37.50,100 גרם,false,,27.90,0.7440,true,1,93350
7290000364261,false,דקניקים סלסולי כתף בקר 120 ג' טירת צבי,הנסיך- מפעל לייצור ט,IL,סלסולי פסטרמה כתף בק,,120.00,100 גרם,false,,15.90,0.1325,true,1,113952
7290000364278,false,דקניקים סילסולי סלמי איטלקי 120 ג' טירת צבי,הנסיך- מפעל לייצור ט,IL,סלסולי סלמי איטלקי מ,,120.00,,false,,15.90,0.1325,true,1,113953
7290000364285,false,דקניקים סלסולי פסטרמה הודו 120 ג' טירת צבי,הנסיך- מפעל לייצור ט,IL,סלסולי פסטרמה הודו א,,120.00,100 גרם,false,,15.90,0.1325,true,1,113954
7290000364292,false,דקניקים סלסולי פסטרמה הודו על גחלים 120 ג' טירת צבי,הנסיך- מפעל לייצור ט,IL,סלסולי פסטרמה הודו ג,,120.00,100 גרם,false,,15.90,0.1325,true,1,113955
7290000364803,false,נקניקיות קרנץ אמריקאי טירת צבי 500 ג',הנסיך- מפעל לייצור ט,IL,נקניקיות בקר בסגנון,,500.00,100 גרם,false,,26.90,0.0538,true,1,117829
7290000364810,false,נקנקיות עגל טירת צבי 500 ג',הנסיך- מפעל לייצור ט,IL,נקנקיות עגל 500 גרם,,500.00,100 גרם,false,,26.90,0.0538,true,1,155734
7290000364858,false,"נקניקיות עוף טרי 1 ק""ג טירת צבי",הנסיך- מפעל לייצור ט,IL,נקניקיות עוף טירת צב,,1000.00,100 גרם,false,,26.90,0.0269,true,1,117831
7290000364872,false,נקניקיות עוף טירת צבי 400 ג',טיב טירת צבי 2000,IL,נקניקיות עוף טירת צב,,400.00,,false,,15.90,0.0398,true,1,117832
7290000367590,false,צמד כפרי סלמי+פסטרמה 800 גרם טירת צבי,טיב טירת צבי 2000,IL,פסטרמה צמד סלמי 400ג,,800.00,,false,,31.90,0.0399,true,1,117836
7290000379432,false,לחמניה אצבע אנג'ל 75 ג',מאפיית אנג'ל,IL,לחמניה רגילה,,75.00,100 גרם,false,,1.90,0.0253,true,1,94943
7290000379623,false,לחם אחיד 750 גרם,מאפיית אנג'ל,,לחם אחיד שחור,,750.00,100 גרם,false,,6.96,0.0093,true,1,94945
7290000408316,false,דנונה ביו יוגורט טבעי 3% 200 ג',מיוצר עי קונדיטוריית,IL,דנונה טבעי 3% 200גר,,200.00,100 גרם,false,,4.70,0.0235,true,1,95138
7290000408354,false,יוגורט עם אורז מצופה שוקולד קקאו 175 ג' דנונה,"שטראוס בריאות בע""מ",IL,דנונה בר פיצפוצים 17,,173.00,100 גרם,false,,5.50,0.0318,true,1,95139
7290000412481,false,סנו - מנקה אסלות 00 1 ליטר,מיוצר עי קונדיטוריית,IL,מנקה אסלות 00 סנו 1ל,,1000.00,,false,,9.50,0.0095,true,1,89298
7290000416021,false,ממרח שוקולד השחר חלבי 500 גר',השחר העולה,IL,ממרח בטעם שוקולד השח,,500.00,100 גרם,false,,13.90,0.0278,true,1,97366
7290000420325,false,פופ קורן טבעי למיקרוגל 5 יח',קריות זול,US,פופסטאר בטעם טבעי 5י,,500.00,100 גרם,false,,14.90,0.0298,true,1,99025
7290000453019,false,שמרים טריים לאפייה שקית שמרית 50 ג',"פאקא תעשיות בע""מ",IL,שמרית בשקית 50 גרם,,50.00,100 גרם,false,,5.40,0.1080,true,1,95140
7290000453408,false,בצק פיצה דק מצונן ומוכן לאפייה שמרית,"פאקא תעשיות בע""מ",GR,בצק פיצה דק שמרית מצ,,415.00,100 גרם,false,,18.90,0.0455,true,1,152180
7290000453415,false,בצק עלים מצונן ומוכן לאפייה שמרית,"פאקא תעשיות בע""מ",FR,בצק עלים שמרית מצונן,,300.00,100 גרם,false,,17.90,0.0597,true,1,152181
7290000453422,false,בצק פילו מצונן ומרודד מוכן לאפיה,"פאקא תעשיות בע""מ",GR,בצק פילו שמרית מצונן,,300.00,100 גרם,false,,17.90,0.0597,true,1,152182
7290000453484,false,בצק קדאיף מצונן שמרי,פאקא תעשיות בעמ,GR,שמרית בצק קדאיף 350,,350.00,100 גרם,false,,17.90,0.0511,true,1,167495
7290000453798,false,שמרים יבשים אקטיביים שימרית 500 ג',"גי' בי' רכיבים בע""מ",,שמרים יבשים אקטיביים,,500.00,100 גרם,false,,15.90,0.0318,true,1,146668
7290000453866,false,נטורינה קוקוס לאפייה שמרית 200ג',גרונבאנג- גרונדנסק א,DK,שמרית תחליף מרגרינה,,200.00,,false,,8.90,0.0445,true,1,144956
7290000461656,false,בייגלה אחד אחד 400 ג' מקלות,בייגל את בייגל מזון,IL,בייגלה מקלות 400גר,,400.00,,false,,11.90,0.0298,true,1,90214
7290000474090,false,חלב הומוגני 1% קרטון טרה 1ל',מילקו תעשיות בעמ,IL,חלב 1% בקרטון טרה 1,,1000.00,100 גרם,false,,5.86,0.0059,true,1,90965
7290000474502,false,גבינה לבנה 5% 250ג' טרה מהדרין,קריות זול,IL,גבינה לבנה 5% טרה 25,,250.00,,false,,4.98,0.0199,true,1,90973
7290000474540,false,גבינה טוב טעם 3% טרה 250ג' מהדרין,קריות זול,IL,גבינת 3% טוב טעם 250,,250.00,,false,,12.90,0.0516,true,1,90974
7290000474830,false,גבינה צהובה מגורדת 28% שומן 500 ג' נעם,מילקו תעשיות בעמ,IL,גבינה צהובה 28% מגור,,500.00,100 גרם,false,,35.90,0.0718,true,1,90975
7290000480107,false,קוואקר שיבולת שועל פחית 500 גר',וולקרס סנקס לימיטד,GB,קוואקר מהיר אטוס פחי,,500.00,100 גרם,false,,17.50,0.0350,true,1,90773
7290000480442,false,קוואקר שיבולת שועל שקית 500 גר',פריטו ליי FRITO-LAY,IL,*מבצע* קואקר שבולת ש,,500.00,100 גרם,false,,10.90,0.0218,true,1,90774
7290000481029,false,עשיריית פיתות תנעמי,יוניליוור גרמניה Gm,IL,פיתות בטעם ביתי 10 י,,1000.00,,false,,11.90,0.0119,true,1,161928
7290000481043,false,עשריית פיתות כוסמין,,,פיתות כוסמין מארז 10,,700.00,,false,,15.90,0.0227,true,1,162515
7290000481074,false,לחם משלושה קמחים מלאים 750 גר,,,*מבצע* לחם טריו דגני,,750.00,100 גרם,false,,14.90,0.0199,true,1,166649
7290000481180,false,לחם מחמצת שאור דגנית,,,לחם מחמצת שאור דגנית,,550.00,100 גרם,false,,18.90,0.0344,true,1,168178
7290000481197,false,לחם מחמצת גרעינים וש,,,לחם מחמצת גרעינים וש,,550.00,100 גרם,false,,18.90,0.0344,true,1,168179
7290000481487,false,חלה רגילה 500גר,,,חלה רגילה 500גר,,500.00,100 גרם,false,,6.26,0.0125,true,1,144871
7290000481517,false,פוקצות 2יח עם שמן זי,,,פוקצות 2יח עם שמן זי,,320.00,100 גרם,false,,12.90,0.0403,true,1,168176
7290000481555,false,לחמניה רגילה,,,לחמניה רגילה,,75.00,100 גרם,false,,1.90,0.0253,true,1,144872
7290000483139,false,חטיף מרציפן גולמי המ,"המרשלג פרלינס בע""מ",IL,חטיף מרציפן גולמי המ,,100.00,100 גרם,false,,10.90,0.1090,true,1,93513
7290000490601,false,שלגוני גלידל שמינייה,הגלידות של פלדמן,IL,גלידל חלבי מאגדת בטע,,8.00,,false,,29.90,3.7375,true,1,162119
7290000493183,false,אבקת רוטב פיטריות 30 ג' אסם,"אסם השקעות בע""מ",IL,אבקת רוטב פטריות אסם,,30.00,100 גרם,false,,5.60,0.1867,true,1,88050
7290000497044,false,ברמן אקטיב לחם ארוז,מאפית י את א ברמן בע,IL,לחם אקטיב ברמן 750גר,,750.00,100 גרם,false,,17.90,0.0239,true,1,96440
7290000497228,false,לחמניה רגילה בשקית ברמן 6יח',מאפית י את א ברמן בע,IL,לחמניות בשקית 6יח,,450.00,100 גרם,false,,10.90,0.0242,true,1,96444
7290000497426,false,לחם לעניין פלוס 500 גר',מאפית י את א ברמן בע,IL,לחם ברמן לענין פלוס,,500.00,100 גרם,false,,16.90,0.0338,true,1,96448
7290000498034,false,לחם אי פרי קמח כוסמין מלא 750 גר',מאפית י את א ברמן בע,IL,לחם מקמח כוסמין מלא,,750.00,100 גרם,false,,17.90,0.0239,true,1,152243
7290000498423,false,חלה חלומית 500גר,,,חלה מתוקה ברמן,,500.00,,false,,8.90,0.0178,true,1,96453
7290000504025,false,סוכרזית פטריה 300 טבליות,אף.סי תבליני בגליל ב,IL,סוכרזית פטריה 300 טב,,300.00,,false,,10.90,0.0363,true,1,99522
7290000504049,false,סוכרזית קנקן 1200 טבליות,אף.סי תבליני בגליל ב,IL,סוכרזית קנקן 1200 טב,,1200.00,,false,,29.90,0.0249,true,1,99524
7290000518190,false,מתוק וקל סטיביה 100 שקיות,מתוק וקל,,מתוק וקל סטיביה 100,יחידה,0.00,יחידה,false,,29.90,0.0000,true,1,135315
7290000518220,false,סוכרה דיאט ממתיק 100 שקיות,פתח תקווה,IL,סוכרה דיאט 100 שקיות,יחידה,0.00,יחידה,false,,29.90,0.0000,true,1,135316
7290000518251,false,מתוק וקל ממתיק זהב 100 שקיות,קריות זול,IL,מתוק וקל זהב 100 שקי,,100.00,100 גרם,false,,16.90,0.1690,true,1,98917
7290000521008,false,"יין אדום יבש סגל 750 מ""ל",כרמי צבי - אחים סגל,IL,יין סגל אדום יבש 750,,750.00,,false,,24.90,0.0332,true,1,86631
7290000521015,false,"יין סגל לבן יבש 750מ""ל","מיוצר ע""י כרמי צבי-",IL,יין סגל לבן יבש 750מ,,750.00,,false,,24.90,0.0332,true,1,86632
7290000521022,false,יין של סגל לבן חצי י,"מיוצר ע""י כרמי צבי-",IL,יין סגל לבן חצי יבש,,750.00,,false,,24.90,0.0332,true,1,86633
7290000523125,false,מלח הארץ הים האדום 250 ג' עדין,חברת מלח הארץ אילת ב,IL,מלח הארץ ים יבש 250,,250.00,100 גרם,false,,7.90,0.0316,true,1,93352
7290000523224,false,מלח הארץ הים האדום 500 ג' עדין,חברת מלח הארץ אילת ב,IL,מלח הארץ ים יבש 500,,500.00,100 גרם,false,,9.90,0.0198,true,1,93353
7290000525969,false,פרימור סחוט תפוזים טבעי 1ל',"גניר (1992) בע""מ",IL,פרימור תפוזים 1ליטר,,1000.00,,false,,17.90,0.0179,true,1,95147
7290000530086,false,נקניק סלמי מעושן 600 ג' זוגלובק,נקניק נהריה כשר זוגל,IL,*מבצע* נקניק סלמי מע,,600.00,,false,,27.90,0.0465,true,1,101312
7290000530116,false,נקניק סלמי מעושן בשן 470 ג' זוגלובק,נקניק נהריה כשר זוגל,IL,*מבצע* נקניק בשן זוג,,470.00,100 גרם,false,,17.90,0.0381,true,1,101314
7290000530413,false,המבורגר זהב זוגלובק 400 גר',נקניק נהריה כשר זוגל,IL,המבורגר זהב זוגלובק,,400.00,100 גרם,false,,25.90,0.0647,true,1,101316
7290000530598,false,נקניקיות וינר 500 ג' טרי זוגלובק,נקניק נהריה כשר זוגל,IL,נקניקיות וינר גוליבר,,500.00,,false,,16.90,0.0338,true,1,101317
7290000530703,false,זוג במארז חרמון הודו + סלמי תה זוגלובק 800 גר',נקניק נהריה כשר זוגל,IL,*מבצע* נקניק תה 400ג,,800.00,100 גרם,false,,27.90,0.0349,true,1,101319
7290000536743,false,קריספי סטיקס תירס 500 ג' זוגלובק,נקניק נהריה כשר זוגל,IL,קריספי סטיקס תירס זו,,500.00,100 גרם,false,,22.90,0.0458,true,1,101326
7290000537566,false,נקניקיות עוף טרי 400 ג' זוגלובק,נקניק נהריה כשר זוגל,IL,נקניקיות עוף זוגלובק,,400.00,100 גרם,false,,15.90,0.0398,true,1,101329
7290000554402,false,מלבי 160גר מחלבות גד,"מיוצר ע""י קוד יצרן E",IL,מלבי 160גר מחלבות גד,,160.00,,false,,6.20,0.0388,true,1,85916
7290000554457,false,גבינה צפתית 5% 350 גרם - רבנות,"מחלבות גד בע""מ",IL,צפתית 5% 350גר מחלבו,,350.00,,false,,23.90,0.0683,true,1,85917
7290000554471,false,גבינת מוצרלה 22% נקניק 180ג' גד,"מחלבות גד בע""מ",IL,מוצרלה נקניק טבעי מח,,180.00,100 גרם,false,,19.70,0.1094,true,1,85918
7290000554532,false,גבינה צפתית מעודנת במלח ים 5% 200 ג' גד,הנסיך- מפעל לייצור ט,IL,צפתית מעודנת במלח ים,,200.00,,false,,15.70,0.0785,true,1,85919
7290000554600,false,מוצרלה מגורדת 18% 300 גרם - רובין,מחלבות גד בעמ,IL,מוצרלה 22% מגורדת 30,,300.00,,false,,28.90,0.0963,true,1,85920
7290000554624,false,ירח מתוק 3% 150 גרם רובין,"מיוצר ע""י קוד יצרן E",IL,ירח מתוק 150גר מחלבו,,150.00,100 גרם,false,,6.20,0.0413,true,1,85921
7290000554686,false,לאבנה שמן זית וזעתר 5% 250 גרם - רבנות,מחלבות גד בעמ,IL,לאבנה בשמן זית וזעתר,,250.00,100 גרם,false,,15.90,0.0636,true,1,85922
7290000554822,false,גבינת ריקוטה טבעי 5% שומן 250 ג' גד,מחלבות גד בעמ,IL,*מבצע* ריקוטה טבעי 5,,250.00,100 גרם,false,,12.00,0.0480,true,1,85923
7290000554839,false,שמנת מתוקה קשה בסגנון איטלקי 40% שומן 250 ג' גד,מחלבות גד בעמ,IL,גבינה מסקרפונה 40% 2,,250.00,100 גרם,false,,24.90,0.0996,true,1,85924
7290000572208,false,חלבה חטיף וניל אחווה 100ג',שוורצקוף& הנקל דיסלד,IL,חלבה אחווה 100גר,,100.00,,false,,4.50,0.0450,true,1,97719
7290000572222,false,חלבה וניל בבלוק אחווה 500ג',שוורצקוף& הנקל דיסלד,IL,חלבה בבלוק אחווה 500,,500.00,100 גרם,false,,12.90,0.0258,true,1,97720
7290000572536,false,חלבה וניל מגש אחווה 400ג'',אחדות ביחר לטחינה חל,IL,חלבה וניל אחווה 400,,400.00,100 גרם,false,,13.90,0.0348,true,1,97722
7290000572543,false,חלבה שוקו וניל אחווה 400ג',אחדות ביחר לטחינה חל,IL,חלבה קקאו וניל 400 ג,,400.00,,false,,13.90,0.0348,true,1,97723
7290000572673,false,אחווה חטיף חלווה ט.שונים 12*25גר,שוורצקוף& הנקל דיסלד,IL,חטיף חלבה אחווה 12*2,,300.00,100 גרם,false,,15.90,0.0530,true,1,97726
7290000574011,false,מארז 8 לחמניות חיטה,,,מארז 8 לחמניות חיטה,,8.00,,false,,11.90,1.4875,true,1,161307
7290000574028,false,לחם שחור מועשר פלוס 750 גר'.,יוניליוור גרמניה Gm,IL,לחם שחור מועשר פלוס,,750.00,,false,,8.90,0.0119,true,1,152443
7290000574035,false,לחם אחיד פרוס 750ג' דגנית עין בר,יוניליוור גרמניה Gm,IL,לחם אחיד פרוס 750גרם,,750.00,,false,,7.10,0.0095,true,1,94956
7290000574066,false,לחם מלא פלוס שיפון 750 ג' דגנית עין בר,יוניליוור גרמניה Gm,IL,לחם חיטה מלאה עם שיפ,,750.00,100 גרם,false,,16.90,0.0225,true,1,94959
7290000574097,false,מארז לחמניות מיוחדות,,,מארז לחמניות מיוחדות,,8.00,,false,,11.90,1.4875,true,1,161308
7290000574141,false,לחם חיטה מלא 750ג' דגנית עין בר,דגנית עין בר תעשיות,IL,לחם חיטה מלאה 750גר,,750.00,,false,,14.90,0.0199,true,1,94961
7290000574158,false,מארז 8 לחמניות לוסי,,,מארז 8 לחמניות לוסי,,8.00,,false,,11.90,1.4875,true,1,161309
7290000574172,false,לחם קל מחיטה מלאה 750 ג' דגנית עין בר,יוניליוור גרמניה Gm,IL,לחם קל חיטה מלאה 750,,750.00,,false,,17.90,0.0239,true,1,94963
7290000574189,false,מארז 6 לחמניות קלועו,,,מארז 6 לחמניות קלועו,,6.00,,false,,11.90,1.9833,true,1,161310
7290000574226,false,לחמניות אצבע דגנית מ,,,לחמניות אצבע דגנית מ,יחידה,0.00,יחידה,false,,11.90,0.0000,true,1,161441
7290000574233,false,לחמניה רגילה,,,לחמניה רגילה,,75.00,100 גרם,false,,1.90,0.0253,true,1,144873
7290000574301,false,לחמניות 10יח חיטה מל,,,לחמניות 10יח חיטה מל,יחידה,0.00,יחידה,false,,11.90,0.0000,true,1,161927
7290000574370,false,לחם שיפון אמיתי קל 750 ג' דגנית עין בר,יוניליוור גרמניה Gm,IL,לחם שיפון אמיתי קל 5,,500.00,100 גרם,false,,17.90,0.0358,true,1,94968
7290000574455,false,לחם חיטה מלא פלוס כוסמין 750 ג' דגנית עין בר,דגנית עין בר,IL,לחם חיטה מלאה כוסמין,,750.00,,false,,17.90,0.0239,true,1,94972
7290000574509,false,6 לחמניות חצויות דגנ,דגנית עין בר,,*מבצע* לחמניות חצויו,,450.00,100 גרם,false,,8.90,0.0198,true,1,94973
7290000611181,false,כנפיים עוף טרי,,,כנפיים עוף טרי,קילוגרמים,1.00,"ק""ג",true,,13.90,13.9000,true,1,146976
7290000611242,false,פילה עוף טרי,,,פילה עוף טרי,קילוגרמים,1.00,"ק""ג",true,,49.90,49.9000,true,1,146978
7290000611419,false,קורקבן עוף טרי,,,קורקבן עוף טרי,קילוגרמים,1.00,"ק""ג",true,,10.90,10.9000,true,1,146982
7290000612461,false,כנפיים הודו טרי,,,כנפיים הודו טרי,קילוגרמים,1.00,"ק""ג",true,,18.90,18.9000,true,1,146994
7290000643243,false,שווארמה הודו נקבה טר,,,שווארמה הודו נקבה טר,קילוגרמים,1.00,"ק""ג",true,,74.90,74.9000,true,1,147000
7290000644356,false,גרון הודו נ. טרי,,,גרון הודו נ. טרי,קילוגרמים,1.00,"ק""ג",true,,32.90,32.9000,true,1,147001
7290000644783,false,נתחי פילה סלמון בואק,X MAK,DK,מנות סלמון קפוא תנוב,קילוגרמים,1.00,"ק""ג",true,,94.90,94.9000,true,1,92450
7290000645278,false,זנב הודו מוכשר,,,זנב הודו מוכשר,קילוגרמים,1.00,"ק""ג",true,,4.90,4.9000,true,1,147002
7290000659312,false,דגי תנובה פילה סלומון קפוא בוואקום,PEQUERA DEL,,פילה סלמון פרמיום קפ,קילוגרמים,1.00,"ק""ג",true,,87.90,87.9000,true,1,92454
7290000688084,false,מים מינרליים פקק ספו,מופק ממקור בזלתי עדן,IL,"מי עדן ספורט 500מ""ל",,500.00,,false,,3.90,0.0078,true,1,89866
7290000688374,false,"מי עדן בייבי מארז 330X6 מ""ל","מי עדן בע""מ",,מי עדן בייבי שישיה 6,,1980.00,100 גרם,false,,15.90,0.0080,true,1,89869
7290000688381,false,מי עדן פקק ספורט 6*500 מל.,"מי עדן בע""מ",IL,מי עדן ספורט שישייה,,3000.00,100 גרם,false,,14.90,0.0050,true,1,89870
7290000932407,false,קוקוס,,,קוקוס,,1000.00,100 גרם,false,,6.90,0.0069,true,1,132375
7290000979427,false,עגבניות שרי כתום ליח',חקלאי,IL,שרי כתום ארוז בלב,,460.00,100 גרם,false,,9.90,0.0215,true,1,166889
7290000991029,false,ערמונים,,,ערמונים,קילוגרמים,1.00,"ק""ג",true,,19.90,19.9000,true,1,132293
7290000992381,false,אפרסמון,,,אפרסמון,קילוגרמים,1.00,"ק""ג",true,,19.90,19.9000,true,1,132294
7290000995410,false,נבטים סיניים נבטי הע,חקלאי,IL,נבטים סיניים נבטי הע,,1000.00,,false,,7.90,0.0079,true,1,98281
7290000999104,false,דלעת ערמונים,,,דלעת ערמונים,קילוגרמים,1.00,"ק""ג",true,,14.90,14.9000,true,1,134716
7290000999350,false,תפוז ארוז ברשת,,,תפוז ארוז ברשת,קילוגרמים,1.00,"ק""ג",true,,3.90,3.9000,true,1,132296
7290000999358,false,אשכולית אדומה,,,אשכולית אדומה,קילוגרמים,1.00,"ק""ג",true,,5.90,5.9000,true,1,132385
7290000999361,false,"תפו""ע פינק גולד",,,"תפו""ע פינק גולד",קילוגרמים,1.00,"ק""ג",true,,16.90,16.9000,true,1,132297
7290000999390,false,חציל בלאדי,,,חציל בלאדי,קילוגרמים,1.00,"ק""ג",true,,7.90,7.9000,true,1,132386
7290000999626,false,ברוקולי ארוז,,,ברוקולי ארוז,,1000.00,100 גרם,false,,8.90,0.0089,true,1,132458
7290000999748,false,גינגר תפזורת,,,גינגר תפזורת,קילוגרמים,1.00,"ק""ג",true,,29.90,29.9000,true,1,132447
7290000999752,false,רימון,,,רימון,קילוגרמים,1.00,"ק""ג",true,,9.90,9.9000,true,1,132298
7290000999753,false,קוסבייה(ארטישוק ירוש,,,קוסבייה(ארטישוק ירוש,קילוגרמים,1.00,"ק""ג",true,,14.90,14.9000,true,1,132390
7290000999782,false,עגבניה מגי,,,עגבניה מגי,קילוגרמים,1.00,"ק""ג",true,,16.90,16.9000,true,1,132451
7290000999818,false,אננס,,,אננס,יחידה,0.00,יחידה,false,,39.90,0.0000,true,1,132392
7290000999819,false,קלמנטינה/מנדרינה.,,,קלמנטינה/מנדרינה,קילוגרמים,1.00,"ק""ג",true,,6.90,6.9000,true,1,132299
7290000999821,false,קיווי,,,קיווי,קילוגרמים,1.00,"ק""ג",true,,19.90,19.9000,true,1,132393
7290000999832,false,גויבה,,,גויבה,קילוגרמים,1.00,"ק""ג",true,,24.90,24.9000,true,1,132396
7290000999833,false,ברוקולי,,,ברוקולי,,1000.00,100 גרם,false,,8.90,0.0089,true,1,132300
7290000999834,false,דלורית,,,דלורית,קילוגרמים,1.00,"ק""ג",true,,5.90,5.9000,true,1,132397
7290000999890,false,פלפל שושקה,,,פלפל שושקה,קילוגרמים,1.00,"ק""ג",true,,14.90,14.9000,true,1,132301
7290000999896,false,ענבים אדום,,,ענבים אדום,קילוגרמים,1.00,"ק""ג",true,,24.90,24.9000,true,1,132302
7290000999899,false,קישואים זוקיני,,,קישואים זוקיני,קילוגרמים,1.00,"ק""ג",true,,14.90,14.9000,true,1,132402
7290000999901,false,עגבניה אשכולות,,,עגבניה אשכולות,קילוגרמים,1.00,"ק""ג",true,,6.90,6.9000,true,1,132303
7290000999903,false,מלפפון,,,מלפפון,קילוגרמים,1.00,"ק""ג",true,,5.90,5.9000,true,1,132305
7290000999904,false,פלפל ירוק,,,פלפל ירוק,קילוגרמים,1.00,"ק""ג",true,,8.90,8.9000,true,1,132403
7290000999905,false,פלפל בהיר,,,פלפל בהיר,קילוגרמים,1.00,"ק""ג",true,,8.90,8.9000,true,1,132404
7290000999906,false,פלפל אדום,,,פלפל אדום,קילוגרמים,1.00,"ק""ג",true,,8.90,8.9000,true,1,132306
7290000999907,false,פלפל צהוב,,,פלפל צהוב,קילוגרמים,1.00,"ק""ג",true,,8.90,8.9000,true,1,132405
7290000999908,false,פלפל חריף,,,פלפל חריף,קילוגרמים,1.00,"ק""ג",true,,8.90,8.9000,true,1,132307
7290000999909,false,כרוב לבן,,,כרוב לבן,קילוגרמים,1.00,"ק""ג",true,,3.90,3.9000,true,1,132308
7290000999910,false,כרוב אדום,,,כרוב אדום,קילוגרמים,1.00,"ק""ג",true,,4.90,4.9000,true,1,132406
7290000999911,false,כרובית,,,כרובית,קילוגרמים,1.00,"ק""ג",true,,12.90,12.9000,true,1,132309
7290000999912,false,קישואים,,,קישואים,קילוגרמים,1.00,"ק""ג",true,,5.90,5.9000,true,1,132310
7290000999913,false,חציל,,,חציל,קילוגרמים,1.00,"ק""ג",true,,4.90,4.9000,true,1,132311
7290000999914,false,גזר ארוז,,,גזר ארוז,קילוגרמים,1.00,"ק""ג",true,,4.90,4.9000,true,1,132312
7290000999916,false,סלק אדום,,,סלק,קילוגרמים,1.00,"ק""ג",true,,5.90,5.9000,true,1,132335
7290000999917,false,בטטה,,,בטטה,קילוגרמים,1.00,"ק""ג",true,,9.90,9.9000,true,1,132314
7290000999918,false,דלעת,,,דלעת,קילוגרמים,1.00,"ק""ג",true,,9.90,9.9000,true,1,132407
7290000999919,false,בצל יבש,,,בצל יבש,קילוגרמים,1.00,"ק""ג",true,,4.90,4.9000,true,1,132408
7290000999920,false,בצל אדום,,,בצל אדום,קילוגרמים,1.00,"ק""ג",true,,6.90,6.9000,true,1,132409
7290000999922,false,חסה עגולה,,,חסה עגולה,,1000.00,100 גרם,false,,5.90,0.0059,true,1,132434
7290000999924,false,שום יבש,,,שום יבש,,1000.00,100 גרם,false,,8.90,0.0089,true,1,132410
7290000999925,false,"תפו""א לבן",,,"תפו""א לבן",קילוגרמים,1.00,"ק""ג",true,,4.90,4.9000,true,1,132315
7290000999926,false,"תפו""א אדום",,,"תפו""א אדום",קילוגרמים,1.00,"ק""ג",true,,5.90,5.9000,true,1,132316
7290000999936,false,תירס,,,תירס,קילוגרמים,1.00,"ק""ג",true,,9.90,9.9000,true,1,132318
7290000999942,false,תפו'ע זהוב,,,תפו'ע זהוב,קילוגרמים,1.00,"ק""ג",true,,11.90,11.9000,true,1,132319
7290000999943,false,תפו'ע סמיט,,,תפו'ע סמיט,קילוגרמים,1.00,"ק""ג",true,,11.90,11.9000,true,1,132320
7290000999944,false,תפו'ע חרמון/גלה,,,תפו'ע חרמון/גלה,קילוגרמים,1.00,"ק""ג",true,,11.90,11.9000,true,1,132321
7290000999945,false,אגס,,,אגס,קילוגרמים,1.00,"ק""ג",true,,15.90,15.9000,true,1,132322
7290000999947,false,שזיף אדום,,,שזיף אדום,קילוגרמים,1.00,"ק""ג",true,,24.90,24.9000,true,1,132412
7290000999949,false,בננה,,,בננה,קילוגרמים,1.00,"ק""ג",true,,5.90,5.9000,true,1,132414
7290000999950,false,מלון,,,מלון,קילוגרמים,1.00,"ק""ג",true,,8.90,8.9000,true,1,132415
7290000999952,false,ענבים לבנים,,,ענבים לבנים,קילוגרמים,1.00,"ק""ג",true,,24.90,24.9000,true,1,132323
7290000999953,false,לימון,,,לימון,קילוגרמים,1.00,"ק""ג",true,,8.90,8.9000,true,1,132324
7290000999954,false,מנגו,,,מנגו,קילוגרמים,1.00,"ק""ג",true,,18.90,18.9000,true,1,132417
7290000999955,false,קולורבי,,,קולורבי,קילוגרמים,1.00,"ק""ג",true,,5.90,5.9000,true,1,132331
7290000999956,false,פלפל כתום,,,פלפל כתום,קילוגרמים,1.00,"ק""ג",true,,9.90,9.9000,true,1,132418
7290000999957,false,אבוקדו,,,אבוקדו,קילוגרמים,1.00,"ק""ג",true,,12.90,12.9000,true,1,132325
7290000999959,false,תפו'ע יונתן,,,תפו'ע יונתן,קילוגרמים,1.00,"ק""ג",true,,11.90,11.9000,true,1,132420
7290000999961,false,שומר,,,שומר,קילוגרמים,1.00,"ק""ג",true,,5.90,5.9000,true,1,132326
7290000999967,false,פומלה,,,פומלה,קילוגרמים,1.00,"ק""ג",true,,9.90,9.9000,true,1,132422
7290000999972,false,לפת,,,לפת,קילוגרמים,1.00,"ק""ג",true,,7.90,7.9000,true,1,132424
7290000999974,false,תות שדה,,,תות שדה,יחידה,0.00,יחידה,false,,19.90,0.0000,true,1,132435
7290000999977,false,תפוז /לימון סיני,,,תפוז /לימון סיני,קילוגרמים,1.00,"ק""ג",true,,9.90,9.9000,true,1,132426
7290000999978,false,קובו,,,קובו,קילוגרמים,1.00,"ק""ג",true,,24.90,24.9000,true,1,132427
7290000999987,false,אשכולית צהובה,,,אשכולית צהובה,קילוגרמים,1.00,"ק""ג",true,,5.90,5.9000,true,1,132428
7290000999988,false,תפוז,,,תפוז,קילוגרמים,1.00,"ק""ג",true,,6.90,6.9000,true,1,132327
7290000999989,false,ארטישוק,,,ארטישוק,קילוגרמים,1.00,"ק""ג",true,,19.90,19.9000,true,1,132328
7290000999990,false,פומלית,,,פומלית,קילוגרמים,1.00,"ק""ג",true,,5.90,5.9000,true,1,132429
7290000999991,false,שקד ירוק,,,שקד ירוק,קילוגרמים,1.00,"ק""ג",true,,11.90,11.9000,true,1,132430
7290001045169,false,פרימור סחוט תפוחי עץ צלול 1 ל',"גניר (1992) בע""מ",IL,פרימור תפוחים צלול 1,,1000.00,,false,,17.90,0.0179,true,1,95148
7290001121238,false,קורנדביף יחיעם 180גר,מעדני יחיעם 1993,IL,קורנדביף יחיעם 180גר,,180.00,100 גרם,false,,29.90,0.1661,true,1,86286
7290001133484,false,פילה סלמון נורבגי קפ,לאטי עזרא,IL,פילה סלמון נורבגי קפ,קילוגרמים,1.00,"ק""ג",true,,85.90,85.9000,true,1,139744
7290001136287,false,"נקה 7 - שמפו רגיל ירוק 750 מ""ל","קוסמופארם בעמ, ח.פ 5",IL,נקה 7 שמפו לשיער רגי,,750.00,,false,,13.90,0.0185,true,1,89300
7290001216231,false,טחינה גולמית שומשום מלא אל ארז 500ג',דולפין ספא,IL,טחינה שומשום מלא אל,,500.00,,false,,18.90,0.0378,true,1,101816
7290001230331,false,סיגריות כאמל בוקס חפ,Unknown,,כאמל בוקס,יחידה,0.00,יחידה,false,,32.00,0.0000,false,1,97397
7290001231932,false,סיגריות וינסטון כחול,Unknown,,וינסטון כחול בוקס,יחידה,0.00,יחידה,false,,34.00,0.0000,false,1,97400
7290001247082,false,נקטר ספרינג עגבניות קרטונית 1 ל',"יפאורה תבורי בע""מ",IL,ספרינג עגבניות קרטונ,,1000.00,,false,,7.90,0.0079,true,1,89881
7290001247099,false,נקטר ספרינג מנגו קרטונית 1 ל',"יפאורה תבורי בע""מ",IL,ספרינג מנגו קרטונית,,1000.00,,false,,7.90,0.0079,true,1,89882
7290001247112,false,נקטר ספרינג לימונענע קרטונית 1 ל',"יפאורה תבורי בע""מ",IL,ספרינג לימונענע קרטו,,1000.00,,false,,7.90,0.0079,true,1,89884
7290001247129,false,נקטר ספרינג תפוזים קרטונית 1 ל',"יפאורה תבורי בע""מ",IL,ספרינג תפוז קרטונית,,1000.00,,false,,7.90,0.0079,true,1,89885
7290001247143,false,נקטר ספרינג תפוחים קרטונית 1 ל',"יפאורה תבורי בע""מ",IL,ספרינג תפוח קרטונית,,1000.00,100 גרם,false,,7.90,0.0079,true,1,89886
7290001274934,false,פופסיקל גלידה לימון 640 ג',הגלידות של פלדמן,IL,גלידל פרי מאגדת בטעם,,5.00,,false,,24.90,4.9800,true,1,162113
7290001305188,false,פלמוליב כלים שקוף לימון 750 בקבוק חדש,יבואן ומשווק: ש. שסט,GR,פלמוליב נוזל לכלים פ,,750.00,,false,,11.90,0.0159,true,1,91508
7290001407547,false,טחינה גולמית משומשום מלא פי 6 בארכה 500ג',רושדי תעשיות מזון בע,IL,טחינה משומשום מלא פי,,500.00,,false,,17.90,0.0358,true,1,88059
7290001407820,false,חלווה בארכה שאמית ונ,רושדי תעשיות מזון בע,IL,חלבה שאמית קלאסית בא,,350.00,100 גרם,false,,17.90,0.0511,true,1,143198
7290001468326,false,מיץ לימון טבעי 500מל,ITAL LEMON,,מיץ לימון טבעי 500מל,יחידה,500.00,יחידה,false,,10.90,0.0218,true,1,157079
7290001594230,false,"קינלי סודה בקבוק 250 מ""ל",החברה המרכזית לייצור,IL,קינלי סודה קלאסי 250,,250.00,,false,,4.50,0.0180,true,1,100038
7290001594568,false,"בירה קרלסברג פחית 500 מ""ל",מבשלות בירה בינלאומי,RO,בירה קרלסברג פחית 50,,500.00,100 גרם,false,,10.90,0.0218,true,1,100047
7290001594575,false,"בירה טובורג פחית 500 מ""ל",מבשלות בירה בינלאומי,IL,בירה טובורג פחית 500,,500.00,100 גרם,false,,10.90,0.0218,true,1,100048
7290001594865,false,"קרלסברג בירה בקבוק 6* 330 מ""ל",קרלסברג ישראל,IL,בירה קרלסברג שישייה,,1980.00,,false,,44.90,0.0227,true,1,100055
7290001670224,false,מלית פרג 400 גרם פוליבה,"פוליבה בע""מ",IL,מלית פרג 400 גר,,400.00,100 גרם,false,,14.90,0.0373,true,1,93641
7290001714034,false,שריר עגל,,,שריר עגל,קילוגרמים,1.00,"ק""ג",true,,79.90,79.9000,true,1,96160
7290001714072,false,צלעות עגל,,,צלעות עגל,קילוגרמים,1.00,"ק""ג",true,,79.90,79.9000,true,1,96006
7290001714089,false,צוואר עגל,,,צוואר עגל,קילוגרמים,1.00,"ק""ג",true,,79.90,79.9000,true,1,96007
7290001714096,false,חזה עגל,,,חזה עגל,קילוגרמים,1.00,"ק""ג",true,,79.90,79.9000,true,1,96008
7290001780800,false,שלגון קראנץ ליבת נוגט שוקולד,נגה גלידות,,קראנץ' שוקולד ליבת נ,יחידה,0.00,יחידה,false,,11.90,0.0000,true,1,90645
7290001817728,false,צ'יטוס חטיף כאפה קטשופ 55 גרם,"שטראוס פריטו ליי בע""",IL,ציטוס כאפה אפוי 55גר,,55.00,100 גרם,false,,4.30,0.0782,true,1,143772
7290001990094,false,"סוכר חום כהה צנצנת קלאסי סוגת 1ק""ג",האי נאם סי או אל.טי.,IL,סוכר חום בצנצנת קלאס,,1000.00,100 גרם,false,,16.90,0.0169,true,1,94056
7290001990117,false,שומשום סוגת 100 גרם,האי נאם סי או אל.טי.,IL,שומשום סוגת 100גר,,100.00,100 גרם,false,,4.90,0.0490,true,1,94057
7290001990148,false,"סוכר גולדן קלאסי צנצנת 1ק""ג סוגת",האי נאם סי או אל.טי.,IL,סוכר גולדן קלאסי בצנ,,1000.00,100 גרם,false,,14.90,0.0149,true,1,94058
7290002007487,false,צמר פלדה הנמל 100 גר,"איטיליאן פוד, אס.פי.",IL,צמר פלדה 100גר,,100.00,100 גרם,false,,3.90,0.0390,true,1,93665
7290002007821,false,"צבע מאכל אדום 55 מ""ל",ממתקי עלה ייצור שיוו,IL,צבע מאכל אדום 55מל,,55.00,,false,,3.90,0.0709,true,1,93670
7290002008019,false,סוכריות לקישוט גמבו שוקו 200 ג' הנמל,ממתקי עלה יצור ושיוו,IL,סוכריות מזרה ג'מבו ש,,200.00,100 גרם,false,,9.90,0.0495,true,1,93676
7290002008088,false,"צבע מאכל צהוב 55 מ""ל הנמל",הנמל אריזות ושיווק ב,IL,צבע מאכל צהוב 55מל,,55.00,,false,,3.90,0.0709,true,1,93679
7290002008224,false,סוכריות לקישוט צבעונית הנמל 100 ג',ממתקי עלה בעמ,IL,קישוט לעוגה גליד 100,,100.00,100 גרם,false,,6.90,0.0690,true,1,112216
7290002008927,false,סוכריות לקישוט שוקו לבן 100 ג' הנמל,ממתקי עלה יצור שיווק,IL,סוכריות מזרה שוקו לב,,100.00,100 גרם,false,,6.90,0.0690,true,1,144436
7290002014201,false,חומוס 200 גרם מעדני מיקי,,,חומוס מיקי 200 גרם,,200.00,100 גרם,false,,9.90,0.0495,true,1,144046
7290002014232,false,סלט טורקי 200 גרם מעדני מיקי,,,סלט טורקי 200 גר,,200.00,100 גרם,false,,9.90,0.0495,true,1,144049
7290002037163,false,**לחם אחיד פרוס וודש 750 גרם,מאפיית ודש,,לחם אחיד פרוס 750גר,,750.00,100 גרם,false,,7.91,0.0105,true,1,116448
7290002037309,false,לחמניות המבורגר 8יח 400גר,מאפית י את א ברמן בע,IL,לחמניות המבורגר 8יח,,400.00,,false,,15.90,0.0398,true,1,96459
7290002037637,false,חליות מתוקות מארז 4יח',מאפית י את א ברמן בע,IL,חליות מתוקות 4יח,,400.00,,false,,13.90,0.0348,true,1,96462
7290002037651,false,חלה מתוקה ברמן,,,חלה מתוקה ברמן,,500.00,100 גרם,false,,8.90,0.0178,true,1,163523
7290002079552,false,לחם אחיד דוידוביץ 75,,,לחם אחיד שחור,,750.00,100 גרם,false,,6.96,0.0093,true,1,144875
7290002079590,false,חלה רגילה 500 גרם,מאפיית דוידוביץ,,חלה רגילה 500גר,,500.00,100 גרם,false,,6.26,0.0125,true,1,144877
7290002079606,false,חלה רגילה 500גר,,,חלה רגילה 500גר,,500.00,100 גרם,false,,6.26,0.0125,true,1,144878
7290002079675,false,לחמניה רגילה 75 גר,יושלם,,לחמניה רגילה,,75.00,100 גרם,false,,1.90,0.0253,true,1,144879
7290002079699,false,לחמניה רגילה,,,לחמניה רגילה,,75.00,100 גרם,false,,1.90,0.0253,true,1,144880
7290002107071,false,צוריאל פטה עיזים מעודנת גביע 16% 200ג,מחלבת משק צוריאל,IL,פטה עיזים מעודנת 16%,,200.00,100 גרם,false,,29.30,0.1465,true,1,90996
7290002107385,false,גבינת מה עיזים בגליל צוריאל 180 ג',מחלבת משק צוריאל,IL,גליל גבינת עיזים צור,,180.00,100 גרם,false,,25.90,0.1439,true,1,90997
7290002128083,false,נרות חנוכה רגיל 44יח-מנורה,,,נרות חנוכה רגיל 44 י,יחידה,0.00,יחידה,false,,3.90,0.0000,true,1,86788
7290002128205,false,נרות לא נוטפים 45יח-מנורה,,,נרות חנוכה דה-לוקס ב,יחידה,0.00,יחידה,false,,6.90,0.0000,true,1,86790
7290002128311,false,נר נשמה בכוס ל-7 ימי,קריות זול,IL,נר נשמה בכוס ל-7 ימי,,72.00,,false,,10.90,0.1514,true,1,86791
7290002128328,false,כוסות שתייה חמה 50 י,טיי פרידה,CN,כוסות שתייה חמה 50 י,יחידה,0.00,יחידה,false,,7.90,0.0000,true,1,165993
7290002128380,false,חנוכיית פס+כוסיות+צי,,,חנוכיית פס+כוסיות+צי,יחידה,0.00,יחידה,false,,15.90,0.0000,true,1,161518
7290002128434,false,נרות שבת אורה מספר 1,קריות זול,IL,נרות שולחן 10 יח,,10.00,,false,,3.90,0.3900,true,1,86795
7290002128748,false,פתיל צף - 50 יחידות,,,פתיל צף - 50 יחידות,,50.00,,false,,3.00,0.0600,true,1,148424
7290002128786,false,זוג כוסיות לנריות,קריות זול,IL,זוג כוסיות לנריות,יחידה,0.00,יחידה,false,,4.20,0.0000,true,1,148425
7290002128854,false,כוסות קרטון לשתייה חמה 12 אוונז 50 יחי',טיי פרידה,IL,כוסות שתייה חמה 50 י,יחידה,0.00,יחידה,false,,19.90,0.0000,true,1,165994
7290002130567,false,דבש טהור מפרחי בר בזכוכית 350 גרם,מכוורת יד מרדכי שטרא,IL,דבש טהור מפרחי בר יד,,350.00,,false,,21.90,0.0626,true,1,99536
7290002130574,false,דבש טהור מפרחי בר בזכוכית 500 ג' יד מרדכי,מכוורת יד מרדכי שטרא,IL,דבש טהור מפרחי בר בז,,500.00,100 גרם,false,,32.90,0.0658,true,1,99537
7290002150732,false,קרפלך במילוי בשר חמי,,,קרפלך במילוי בשר חמי,,400.00,100 גרם,false,,16.90,0.0422,true,1,102725
7290002150848,false,אגרול סיני חמים וטעי,,,אגרול סיני חמים וטעי,,400.00,100 גרם,false,,16.90,0.0422,true,1,102729
7290002211013,false,קמח חיטה לבן בהיר 1ק,,,קמח חיטה לבן בהיר 1ק,,1000.00,,false,,5.50,0.0055,true,1,117966
7290002211044,false,"סולת - חום רוט 1 ק""ג",,,"סולת 1ק""ג",,1000.00,,false,,6.90,0.0069,true,1,96037
7290002211112,false,קמח רוט כחול לבן 1קג,,,קמח רוט כחול לבן 1קג,,1000.00,,false,,6.90,0.0069,true,1,130670
7290002253006,false,דורות שום כתוש טרי 200 גרם,עיצובים 2020 (3.8),IL,שום כתוש דורות 200גר,,200.00,100 גרם,false,,19.90,0.0995,true,1,88062
7290002253105,false,מגשית קוביות שום טרי דורות 80 ג',עיצובים 2020 (3.8),IL,קוביות שום דורות 80ג,,80.00,,false,,13.90,0.1738,true,1,88063
7290002253150,false,בזיליקום טרי קצוץ דורות 70 ג',עיצובים 2020 (3.8),IL,קוביות בזיליקום קצוץ,,70.00,100 גרם,false,,13.90,0.1986,true,1,88064
7290002253198,false,ג'ינג'ר טרי כתוש במגשית 70 ג' דורות,עיצובים 2020 (3.8),IL,גינגר כתוש במגשית דו,,70.00,100 גרם,false,,13.90,0.1986,true,1,88067
7290002319016,false,אבקת אפיה מיה מארז 10X10 ג',מיה תעשיות מזון בעמ,IL,אבקת אפיה 10*10גרם,,100.00,100 גרם,false,,2.50,0.0250,true,1,119482
7290002319023,false,סוכר וניל מיה עשיריו,מיה תעשיות מזון בעמ,IL,סוכר וניל מיה 10*10ג,,100.00,,false,,2.50,0.0250,true,1,119483
7290002319092,false,קמח תפוחי אדמה מיה 500 גר',מיה תעשיות מזון,IL,קמח תפוחי אדמה 500גר,,500.00,100 גרם,false,,6.90,0.0138,true,1,146064
7290002319115,false,חומוס גדול יבש מיה 500 גר',מיה תעשיות מזון בעמ,IL,חומוס גדול 500גר,,500.00,100 גרם,false,,8.90,0.0178,true,1,146065
7290002319139,false,שעועית לבנה יבשה מיה 500 ג',מיה תעשיות מזון בעמ,IL,שעועית לבנה 500גר,,500.00,100 גרם,false,,9.90,0.0198,true,1,146067
7290002319177,false,פופקורן גרעינים מיה 500 גר',מיה,IL,פופקורן מיה 500 גר,,500.00,100 גרם,false,,7.50,0.0150,true,1,146070
7290002319375,false,"קורנפלור 200 ג' בד""ץ מיה",מיה תעשיות מזון,IL,קורנפלור 200 גרם,,200.00,100 גרם,false,,3.90,0.0195,true,1,119498
7290002319528,false,קמח מצה 200גרם,מיה תעשיות מזון,IL,קמח מצה 200גר,,200.00,100 גרם,false,,3.50,0.0175,true,1,96038
7290002319771,false,"תמצית אפיה וניל 50מ""ל מיה",מיה תעשיות מזון בעמ,IL,"תמצית אפיה וניל 50מ""",,50.00,,false,,3.70,0.0740,true,1,119502
7290002319788,false,"תמצית אפיה רום 50 מ""ל מיה",מיה תעשיות מזון,IL,תמצית אפיה בטעם רום,,50.00,,false,,3.70,0.0740,true,1,119503
7290002319825,false,אבקת סוכר מיה 100גרם,מיה תעשיות מזון,IL,אבקת סוכר מיה 100גרם,,100.00,100 גרם,false,,2.50,0.0250,true,1,119505
7290002331025,false,"מים מינרלים נביעות ספורט 500 מ""ל פקדון",נביעות טבע הגליל בעמ,IL,נביעות ספורט 500מל,,500.00,,false,,3.50,0.0070,true,1,100062
7290002331360,false,"נביעות מים מינרליים טו גו מארז 500X6מ""ל",קריות זול,IL,נביעות טו גו שישייה,,3000.00,100 גרם,false,,16.90,0.0056,true,1,100071
7290002336686,false,אסאדו עע,,,אסאדו עע,קילוגרמים,1.00,"ק""ג",true,,79.90,79.9000,true,1,158332
7290002353836,false,סרדין רוברט בשמן זית 120 ג',קונסרבס פורטוגל נורט,PT,סרדינים בשמן זית - ר,,120.00,100 גרם,false,,9.90,0.0825,true,1,149443
7290002360230,false,חרדל דיז'ון גרגירים בורנייר 210 ג',קריות זול,FR,חרדל דיזון גרגרים 20,,200.00,100 גרם,false,,12.90,0.0645,true,1,91512
7290002360278,false,חליטת תה מנטה פומפדור 20 שקיקים,"איטיליאן פוד, אס.פי.",DE,חליטת תה פומפדור מנט,,45.00,100 גרם,false,,15.90,0.3533,true,1,91513
7290002360285,false,תה פומפדור חליטת צמחים קמומיל 20 שק,TEEKANNE- POMPADOU,DE,חליטת תה פומפדור קמו,,30.00,100 גרם,false,,15.90,0.5300,true,1,91514
7290002371533,false,דקניקים סלסולי פסטרמה בדבש 120 ג' טירת צבי,הנסיך- מפעל לייצור ט,IL,סלסולי פסטרמה בדבש ט,,120.00,100 גרם,false,,15.90,0.1325,true,1,126473
7290002374640,false,שמן קנולה פלוס אומגה 3 1ל' עץ הזית,שמן תעשיות,IL,שמן קנולה פלוס אומגה,,1000.00,,false,,18.90,0.0189,true,1,96079
7290002404897,false,מיץ ענבים קטן 187 מל,,,מיץ ענבים קטן 187 מל,יחידה,0.00,יחידה,false,,8.00,0.0000,true,1,149606
7290002409076,false,ציפור השרון גחנון בצק 800גר,ציפור השרון,,גחנון בצק ציפור השרו,,800.00,100 גרם,false,,16.90,0.0211,true,1,96872
7290002447481,false,צ'אך עגל טרי,,,צ'אך עגל,קילוגרמים,1.00,"ק""ג",true,,99.90,99.9000,true,1,96017
7290002447528,false,אווזית עגל,,,אווזית עגל,קילוגרמים,1.00,"ק""ג",true,,99.90,99.9000,true,1,96019
7290002447559,false,סינטה עגל,,,סינטה עגל,קילוגרמים,1.00,"ק""ג",true,,139.90,139.9000,true,1,96021
7290002447573,false,שייטל עגל טרי,,,שייטל עגל,קילוגרמים,1.00,"ק""ג",true,,99.90,99.9000,true,1,96022
7290002447610,false,פיקניה (שפיץ צ'אך) ע,,,פיקניה (שפיץ צ'אך) ע,קילוגרמים,1.00,"ק""ג",true,,99.90,99.9000,true,1,162088
7290002515371,false,קמיל בלו אל סבון מעושר בלחות 1 ל',הדקלאים אגודת שיתופי,IL,קמיל בלו קלאסיק 1 לי,,1000.00,,false,,29.90,0.0299,true,1,120351
7290002517573,false,תערובת תיבול לבשר- 80 ג',תות ממתקי איכות,IL,תערובת תיבול לבשר 80,,80.00,100 גרם,false,,12.90,0.1613,true,1,145264
7290002517801,false,תבלין צ'ילי כתוש - חריף (פלפל קיינה) 30 ג',תות ממתקי איכות,IL,צילי כתוש 30גר,,30.00,100 גרם,false,,7.90,0.2633,true,1,95920
7290002542506,false,"בירה קורונה בקבוק 355מ""ל",קריניציה ויטמינה אס,MX,בירה קורונה 355 מל ב,,355.00,,false,,7.90,0.0223,true,1,86736
7290002542780,false,"שישיית בירה סטלה ארטואה 330 מ""ל*6",סטלה ארטואה Stella Artois,BE,בירה סטלה ארטואה 6*3,,1980.00,,false,,34.90,0.0176,true,1,168286
7290002560227,false,אשפתון גופיה 75/90 2,קריות זול,,אשפתון גופיה 75/90 2,יחידה,0.00,יחידה,false,,10.90,0.0000,true,1,137850
7290002560524,false,נייר אפייה בגליל 25,,,נייר אפייה בגליל 25,יחידה,0.00,יחידה,false,,10.90,0.0000,true,1,167847
7290002627371,false,צלעות עגל,,,צלעות עגל,קילוגרמים,1.00,"ק""ג",true,,79.90,79.9000,true,1,158313
7290002627388,false,חזה עגל,,,חזה עגל,קילוגרמים,1.00,"ק""ג",true,,79.90,79.9000,true,1,158314
7290002627432,false,צוואר עגל,,,צוואר עגל,קילוגרמים,1.00,"ק""ג",true,,79.90,79.9000,true,1,158329
7290002627487,false,חזה עגל,,,חזה עגל,קילוגרמים,1.00,"ק""ג",true,,79.90,79.9000,true,1,158330
7290002692393,false,שמן קנולה מועשר עץ ה,שמן תעשיות,IL,שמן קנולה מועשר עץ ה,,1000.00,,false,,17.90,0.0179,true,1,96080
7290002692478,false,"שמן זית כתית מעולה קלאסי מעודן 750 מ""ל עץ הזית","מרקאולאו, ספרד.אבסה,",IT,שמן זית כתית מעולה ע,,750.00,100 גרם,false,,34.90,0.0465,true,1,96082
7290002692768,false,"תרסיס קנולה מופחת קלוריות 200 מ""ל עץ הזית",טרנסומס פוד איי בי,IT,תרסיס שמן קנולה מופח,,200.00,,false,,18.90,0.0945,true,1,96084
7290002692782,false,"תרסיס מופחת קלוריות זית 200 מ""ל עץ הזית",י.ב טכנולוגיות אריזה,IL,תרסיס שמן זית עץ הזי,,200.00,,false,,18.90,0.0945,true,1,96085
7290002730262,false,פלמוליב כלים שקוף קלאסי 750 בקבוק חדש,יבואן ומשווק: ש. שסט,GR,פלמוליב נוזל לכלים ק,,750.00,,false,,11.90,0.0159,true,1,91518
7290002752332,false,"סוכריות מנטוס פירות בגליל, 37.5 גרם",הדקלאים אגודת שיתופי,NL,מנטוס גליל פירות בוד,,37.50,,false,,4.00,0.1067,true,1,93880
7290002752349,false,סוכריות מנטוס מנטה 40יח' בגליל 38ג',פרפטי ואן מלה,NL,מנטוס גליל מנטה בודד,,37.50,100 גרם,false,,4.00,0.1067,true,1,93881
7290002752493,false,רביעיה סוכריות מנטה 4* 16 ג' טיק טק,קריות זול,ZA,טיקטק מנטה רביעייה 4,,64.00,,false,,11.90,0.1859,true,1,102082
7290002766056,false,עגבניות שרי קופסא ליח',רון שרי,IL,עגבניות שרי וויטני א,,460.00,,false,,9.90,0.0215,true,1,151919
7290002812522,false,סיגריות פרלמנט (חפיס,פיליפ מוריס,,פרלמנט ארוך,יחידה,0.00,יחידה,false,,42.00,0.0000,false,1,97506
7290002824183,false,גבינה לבנה 5% שומן 500 ג' שטראוס,מיוצר עי קונדיטוריית,IL,קרם גבינה 5% סקי 500,,500.00,,false,,9.96,0.0199,true,1,95154
7290002824466,false,דנונה יוגורט ביו 0% 200מל,"שטראוס בריאות בע""מ",IL,דנונה יוגורט ביו 0%,,200.00,100 גרם,false,,4.70,0.0235,true,1,95155
7290002824640,false,גבינה שטראוס 5% 250 ג',מיוצר עי קונדיטוריית,IL,גבינה 5% סקי 250 גרם,,250.00,100 גרם,false,,4.98,0.0199,true,1,95156
7290002825722,false,סלט כרוב אדום אחלה 5,מיוצר עי קונדיטוריית,IL,כרוב אדום אחלה 500גר,,500.00,100 גרם,false,,17.50,0.0350,true,1,95158
7290002868996,false,קוטג' 5% מועשר טרה 250ג' מהדרין,קריות זול,IL,קוטג מועשר 5% 250גר,,250.00,100 גרם,false,,6.40,0.0256,true,1,91005
7290002881766,false,פטריות שלישיה שרינק 290 גר',פרוצאמפ,,פטריות חתוכות שלישיי,,870.00,100 גרם,false,,14.00,0.0161,true,1,87385
7290002900207,false,ט.צבי המבורגר אמיתי,הנסיך- מפעל לייצור ט,IL,המבורגר אמיתי 100% ב,,400.00,,false,,25.90,0.0647,true,1,118028
7290002921349,false,דבק סופר גלו מארז זוגי,קריות זול,,זוג דבק סופר גלו,יחידה,0.00,יחידה,false,,14.90,0.0000,true,1,90560
7290003009640,false,מיץ סחוט תפוזים 1 ל' פריגת,קריות זול,IL,פריגת סחוט מיץ תפוזי,,1000.00,,false,,18.90,0.0189,true,1,91006
7290003029181,false,משקה יטבתה שוקו' בקבוק 1ל מהדרין,מחלבת יטבתה,IL,שוקו 2% בבקבוק יטבתה,,1000.00,,false,,12.90,0.0129,true,1,95164
7290003029372,false,משקה חלב בננה בקבוק 1ל' יוטבתה,מחלבת יטבתה,IL,משקה חלב בטעם בננה י,,1000.00,,false,,12.90,0.0129,true,1,95167
7290003029389,false,"משקה חלב בננה פקק ספורט 250 מ""ל יוטבתה",שטראוס גרופ,IL,משקה חלב בננה יטבתה,,250.00,100 גרם,false,,5.90,0.0236,true,1,95168
7290003029433,false,"משקה יטבתה שוקו פקק 250 מ""ל מהדרין",מחלבת יטבתה,IL,שוקו יטבתה 250מל,,250.00,,false,,5.90,0.0236,true,1,95170
7290003029532,false,מוקה בקבוק 1 ל' יוטבתה,מחלבת יטבתה,IL,משקה מוקה 2% יטבתה 1,,1000.00,,false,,12.90,0.0129,true,1,95172
7290003029792,false,"משקה יטבתה שוקו שקיות מהדרין מארז 225X8מ""ל",שטראוס גרופ,IL,שוקו 2% יטבתה 225x8,,1800.00,,false,,22.90,0.0127,true,1,95174
7290003029815,false,חלב יוטבתה מועשר 3% בכד 2ל',מחלבת יטבתה,IL,חלב מועשר 3% בכד יטב,,2000.00,,false,,16.90,0.0084,true,1,95175
7290003029907,false,משקה יטבתה אייס קפה 1ליטר,מחלבת יטבתה,IL,משקה חלב בטעם אייס ק,,1000.00,,false,,12.90,0.0129,true,1,95177
7290003102976,false,צימרוני אוז' פל' בקופסה 200יח',הדקלאים אגודת שיתופי,CN,צימרוני אוזניים בקופ,,200.00,,false,,4.90,0.0245,true,1,144734
7290003126712,false,יוגורט עיזים בגביע 3% צוריאל 150 ג',מחלבת משק צוריאל,IL,יוגורט עיזים בגביע 3,,150.00,,false,,6.90,0.0460,true,1,91012
7290003126958,false,טופו גבינה גוש בואקום צוריאל 300 ג',א.י.ן תעשיות מזון בע,IL,טופו בואקום צוריאל 3,,300.00,100 גרם,false,,12.90,0.0430,true,1,91014
7290003141159,false,מרשמלו יוגטה 180 גרם,סאדאט,IL,מרשמלו יוגטה 180גר,,180.00,100 גרם,false,,8.90,0.0494,true,1,93886
7290003142361,false,הוטפופ מתוק/מלוח 5 שקיות 500 ג',,,פופקורן הוטפופ בטעם,,500.00,100 גרם,false,,17.90,0.0358,true,1,152540
7290003208586,false,וורמוט מרטיני ביאנקו,מרטיני ורוסי,IT,מרטיני ביאנקו 750מל,,750.00,100 גרם,false,,49.90,0.0665,true,1,85832
7290003217014,false,תנעמי פיתות מיזרחיות 5*100גר,יוניליוור גרמניה Gm,IL,פיתות מיזרחיות 5*100,,500.00,,false,,6.90,0.0138,true,1,94981
7290003217052,false,פיתות כפריות קלות 5*100גר,יוניליוור גרמניה Gm,IL,פיתות כפריות קלות 5*,,500.00,100 גרם,false,,10.90,0.0218,true,1,94982
7290003222049,false,פיתות ביס קמח מלא אפ,מאפיית המכבים,IL,פיתה ביס קמח מלא 12,יחידה,0.00,יחידה,false,,10.90,0.0000,true,1,86526
7290003222094,false,מארז פיתות ביס עבודת,מאפיית טעמי הכפר,IL,פיתה ביס 11 יח',יחידה,0.00,יחידה,false,,11.90,0.0000,true,1,86527
7290003222568,false,פיתות המכבים 5 יח,מאפיית המכבים,IL,פיתה רגילה 5 יח,,500.00,,false,,5.90,0.0118,true,1,142747
7290003222780,false,פיתות קמח מלא המכבים,מאפיית המכבים,IL,פיתה קלה חיטה מלאה 5,,500.00,,false,,7.90,0.0158,true,1,86532
7290003222797,false,פיתות כוסמין המכבים,מאפיית המכבים,IL,פיתה כוסמין מלא 100%,יחידה,0.00,יחידה,false,,12.90,0.0000,true,1,142216
7290003229109,false,פסטרמה בפפריקה טירת צבי 400 ג',הנסיך- מפעל לייצור ט,IL,פסטרמה הודו בפפריקה,,400.00,100 גרם,false,,28.90,0.0722,true,1,114059
7290003229116,false,פסטרמה בדבש טירת צבי 400 ג',הנסיך- מפעל לייצור ט,IL,פסטרמה בדבש טירת צבי,,400.00,100 גרם,false,,28.90,0.0722,true,1,118067
7290003229123,false,פסטרמה על גחלים טירת צבי 400 ג',הנסיך- מפעל לייצור ט,IL,פסטרמה על גחלים טירת,,400.00,,false,,28.90,0.0722,true,1,118068
7290003229147,false,נקניק סלמי איטלקי טירת צבי 300 ג',הנסיך- מפעל לייצור ט,IL,סלמי בסגנון איטלקי ט,,300.00,100 גרם,false,,28.90,0.0963,true,1,118069
7290003268030,false,חלה בפיקוח דגנית,,,חלה רגילה 500גר,,500.00,100 גרם,false,,6.26,0.0125,true,1,144881
7290003268245,false,חלה מתוקה המיוחדת של עינת 500ג' דגנית עין בר,מולינו ניקולי s.p.a,IL,*מבצע* חלה מתוקה ארו,יחידה,0.00,יחידה,false,,11.90,0.0000,true,1,94986
7290003268252,false,לחם חיטה מלא לילדים 750 ג' דגנית עין בר,יוניליוור גרמניה Gm,IL,*מבצע* לחם חיטה מלאה,,750.00,100 גרם,false,,14.90,0.0199,true,1,94987
7290003268627,false,חלה מתוקה ברמן,,,חלה מתוקה ברמן,,500.00,100 גרם,false,,8.90,0.0178,true,1,145544
7290003268641,false,דגנית עין בר חלה מתוקה מיוחדת 500 גרם,מולינו ניקולי s.p.a,IL,חאלע חלה מתוקה מיוחד,יחידה,0.00,יחידה,false,,14.90,0.0000,true,1,138118
7290003268740,false,לחם אחיד 750 גרם,דגנית עין בר,,לחם אחיד שחור,,750.00,100 גרם,false,,6.96,0.0093,true,1,144882
7290003268764,false,חלה רגילה 500 גרם,מולינו ניקולי s.p.a,IL,חלה רגילה 500גר,,500.00,100 גרם,false,,6.26,0.0125,true,1,94992
7290003268795,false,לחמניה רגילה,דגנית עין בר,,לחמניה רגילה,,75.00,100 גרם,false,,1.90,0.0253,true,1,144884
7290003287253,false,נקנקיות מרגז בלאדי 500 ג',קרלו,IL,נקניקיות מרגז בלדי 5,,500.00,,false,,29.90,0.0598,true,1,96262
7290003287796,false,סינטה עגל,,,סינטה עגל,קילוגרמים,1.00,"ק""ג",true,,139.90,139.9000,true,1,163245
7290003318100,false,וופל בטעם שוקולד מנעמים 200 ג',מנעמים תעשיות מזון,IL,וופל טעם שוקו מנעמים,,200.00,100 גרם,false,,4.90,0.0245,true,1,93366
7290003318155,false,וופל טעם לימון מנעמים 200 ג',מנעמים תעשיות מזון,IL,וופל טעם לימון מנעמי,,200.00,100 גרם,false,,4.90,0.0245,true,1,93368
7290003321155,false,יוגורט בר עם פקאן מצופה שוקולד 183 ג' דנונה,"שטראוס בריאות בע""מ",IL,דנונה בר פקאן 183גר,,183.00,100 גרם,false,,5.50,0.0301,true,1,95178
7290003332045,false,קפה נחלה אדום ללא הל 250ג',קפה אל נחלה,,קפה נחלה סובחי 250גר,,250.00,100 גרם,false,,15.90,0.0636,true,1,98567
7290003411054,false,שקיות צליה גדול דליקטס רוסטי הנמל 5יח`,סאדאת איסטנבול,TR,שקיות דליקטס גדול 5,יחידה,0.00,יחידה,false,,4.90,0.0000,true,1,93710
7290003411849,false,גרנולה תמרים ושקדים 400 ג',,,גרנולה תמרים ושקדים,,400.00,100 גרם,false,,13.90,0.0348,true,1,93725
7290003411948,false,צמר גפן הנמל 100 גרם,ספה,TR,צמר גפן הנמל 100גרם,,100.00,100 גרם,false,,5.90,0.0590,true,1,93727
7290003414406,false,הרשי ריזס נטיפי אפייה בוטנים 283 גר',,,נטיפי אפייה מקרם בוט,,283.00,100 גרם,false,,16.90,0.0597,true,1,93736
7290003438006,false,ממרח אולביה פסטו וצנובר איטלקי 190ג',מיוצר עי קונדיטוריית,IL,פסטו איטלקי אוליביה,,180.00,,false,,15.90,0.0883,true,1,94308
7290003438013,false,ממרח זיתים ירוקים 190 ג' אוליביה,קריות זול,IL,ממרח זיתים אוליביה 1,,190.00,,false,,15.90,0.0837,true,1,94309
7290003438020,false,ממרח עגבניות מיובשות 190 ג' אוליביה,מיוצר עי קונדיטוריית,IL,ממרח עגבניות מיובשות,,190.00,100 גרם,false,,15.90,0.0837,true,1,94310
7290003438853,false,אוליביה ממרח אריסה חריפה 185 גר ',אוליביה,IL,אריסה חריפה 185 גרם,,185.00,100 גרם,false,,15.90,0.0859,true,1,94320
7290003514007,false,שקדי מרק מאסטר שף 40,מנה Mana,IL,שקדי מרק מאסטר שף 40,,400.00,100 גרם,false,,8.90,0.0223,true,1,91533
7290003578078,false,קוקטיל פירות טרופי ויליפוד 850 ג',קריות זול,CN,קוקטיל טרופי ויליפוד,,850.00,100 גרם,false,,10.90,0.0128,true,1,88619
7290003578177,false,תירס גמדי שלם ויליפוד 410 ג',מגסטיק פוד אידסטרי ק,TH,תירס גמדי ויליפוד 41,,410.00,100 גרם,false,,8.90,0.0217,true,1,88624
7290003578313,false,דובדבנים חמוצים ללא חרצנים 680גר,דל מונטה היילס אס.אי,HU,דובדבנים חמוצים ללא,,680.00,100 גרם,false,,10.90,0.0160,true,1,88627
7290003598311,false,מינוט סטייק חלק ריאה 300 ג',בלדי,IL,*מבצע* בלדי מינוט סט,,300.00,100 גרם,false,,30.00,0.1000,true,1,136398
7290003643004,false,"אורז בסמטי קלאסי 1 ק""ג סוגת",האי נאם סי או אל.טי.,IL,אורז בסמטי סוגת 1קג,,1000.00,100 גרם,false,,15.90,0.0159,true,1,94066
7290003643127,false,סוגת אבקת אפיה 10*10 ג',גוד פוד פרודקטס S.p,IL,אבקת אפיה סוגת 10*10,,100.00,100 גרם,false,,2.70,0.0270,true,1,94067
7290003643325,false,קוסקוס בינוני 350 גרם סוגת,קריות זול,IL,קוסקוס בינוני סוגת 3,,350.00,100 גרם,false,,6.90,0.0197,true,1,94074
7290003643387,false,"סוכר לבן בצנצנת 1 ק""ג סוגת",האי נאם סי או אל.טי.,IL,סוכר לבן בצנצנת סוגת,,1000.00,100 גרם,false,,10.90,0.0109,true,1,94075
7290003643646,false,"סוכר דמררה קלאסי בצנצנת סוגת 1 ק""ג",האי נאם סי או אל.טי.,IL,סוכר דמררה בצנצנת סו,,1000.00,100 גרם,false,,14.90,0.0149,true,1,94076
7290003643684,false,אפונה יבשה סוגת 500 גר',האי נאם סי או אל.טי.,IL,אפונה סוגת 500גר,,500.00,100 גרם,false,,7.90,0.0158,true,1,94077
7290003643714,false,חומוס סוגת 500 גרם,האי נאם סי או אל.טי.,IL,חומוס סוגת 500גר,,500.00,100 גרם,false,,8.90,0.0178,true,1,94079
7290003643738,false,סוגת חיטה 500 גרם,האי נאם סי או אל.טי.,IL,חיטה סוגת 500 גר,,500.00,,false,,7.30,0.0146,true,1,94080
7290003643745,false,סוגת כוסמת 500 גרם,האי נאם סי או אל.טי.,IL,כוסמת סוגת 500גר,,500.00,100 גרם,false,,8.90,0.0178,true,1,94081
7290003643752,false,עדשים ירוקים יבש סוגת 500 גר',האי נאם סי או אל.טי.,IL,עדשים ירוקים סוגת 50,,500.00,,false,,9.90,0.0198,true,1,94082
7290003643769,false,עדשים אדומים יבש סוגת 500 גר',"סוגת תעשיות בע""מ",IL,עדשים אדומים סוגת 50,,500.00,100 גרם,false,,9.90,0.0198,true,1,94083
7290003643776,false,"פופקורן גרעינים סוגת 500 ג' כשל""פ",האי נאם סי או אל.טי.,IL,פופקורן סוגת 500 גר,,500.00,100 גרם,false,,7.90,0.0158,true,1,94084
7290003643783,false,קוקוס סוגת 100 גרם,האי נאם סי או אל.טי.,IL,קוקוס סוגת 100 גר,,100.00,,false,,4.90,0.0490,true,1,94085
7290003643806,false,שעועית לבנה יבשה סוגת 500 ג',האי נאם סי או אל.טי.,IL,שעועית לבנה סוגת 500,,500.00,,false,,10.90,0.0218,true,1,94086
7290003643813,false,שעועית אדומה יבשה סוגת 500 גר',האי נאם סי או אל.טי.,IL,שעועית אדומה סוגת 50,,500.00,100 גרם,false,,10.90,0.0218,true,1,112531
7290003643820,false,חומוס ענק יבש סוגת 500 גרם,Unknown,,חומוס ענק סוגת 500גר,,500.00,100 גרם,false,,12.90,0.0258,true,1,94087
7290003681532,false,דובדבנים מסוכרים 80 גר' מיה,מיה תעשיות מזון,IL,דובדבנים מסוכרים 80,,80.00,100 גרם,false,,8.90,0.1113,true,1,119508
7290003726592,false,טופו מתובל בפסטו במרקם קלאסי,משק וואיילר,IL,טופו ויילר בטעם פסטו,,300.00,,false,,13.70,0.0457,true,1,141822
7290003726615,false,טופו הבית משק ויילר,הדקלאים אגודת שיתופי,IL,טופו ויילר 300גר,,300.00,,false,,13.70,0.0457,true,1,141823
7290003804252,false,תיבולית בנוסח הודי 72 ג' קנור,יוניליוור ישראל מזון,IL,תיבולית הודי קנור 72,,72.00,100 גרם,false,,10.90,0.1514,true,1,90243
7290003804320,false,תיבולית שום ופטרוזיליה 72 ג' קנור,יוניליוור ישראל מזון,IL,תיבולית קנור שום פטר,,72.00,100 גרם,false,,10.90,0.1514,true,1,90244
7290003882922,false,עלי גפן ממולאים באורז ויליפוד 400ג',הזה פלאקספו פוד קו ב,CN,עלי גפן ממולא 400 גר,,400.00,100 גרם,false,,10.90,0.0273,true,1,88637
7290003989096,false,סלט חציל פיקנטי אחלה,מיוצר עי קונדיטוריית,IL,חציל פיקנטי אחלה 500,,500.00,100 גרם,false,,17.90,0.0358,true,1,95180
7290003989539,false,לורנצו רביולי במילוי גבינה,מיוצר עי קונדיטוריית,IL,רביולי גבינה שטראוס,,400.00,100 גרם,false,,22.90,0.0572,true,1,95181
7290003989553,false,"פסטה טורטליני פטריות, 400 גרם",מיוצר עי קונדיטוריית,IL,טורטליני פטריות שטרא,,400.00,100 גרם,false,,22.90,0.0572,true,1,95182
7290004033705,false,הבורגריה – 6 לחמניות המבורגר בשקית,מאפית י את א ברמן בע,IL,לחמניות המבורגר ביג,,600.00,100 גרם,false,,15.90,0.0265,true,1,163315
7290004033736,false,"עננים לחם לבן בסגנון בריוש עם פרוסות עבות, 500 גרם",מאפית י את א ברמן בע,IL,לחם עננים סגנון בריו,,500.00,100 גרם,false,,16.90,0.0338,true,1,164670
7290004043108,false,אמ&אמס אריזה בינונית,מרס,,אמ&אמס אריזה בינונית,,89.00,,false,,7.50,0.0843,true,1,147665
7290004063016,false,מלח שולחן מעולה דק 1,האי נאם סי או אל.טי.,IL,מלח שולחן 1קג,,1000.00,100 גרם,false,,2.07,0.0021,true,1,98909
7290004063115,false,"מלח מטבח עבה להמלחת בשר ובישול 1 ק""ג 1ק""ג",האי נאם סי או אל.טי.,IL,מלח למליחות בשר וביש,,1000.00,100 גרם,false,,2.07,0.0021,true,1,98910
7290004064082,false,מטחנה מלח ים טבעי 250 ג',חברת מלח הארץ אילת ב,IL,מלח ים טבעי מטחנה 25,,250.00,100 גרם,false,,15.90,0.0636,true,1,126774
7290004064099,false,מטחנה מלח מהרי ההימלאיה 250 גרם,חברת מלח הארץ אילת ב,IL,מלח מהרי ההימלאי מטח,,250.00,100 גרם,false,,19.50,0.0780,true,1,144343
7290004064174,false,"תבלין מלח ההימלאיה דק בצנצנת 1 ק""ג",מלח הארץ,IL,מלח ההימלאיה דק בצנצ,,1000.00,100 גרם,false,,19.90,0.0199,true,1,136291
7290004064303,false,מלח אטלנטי צנצנת 800 גר',מלח הארץ,IL,מלח אטלנטי בצנצנת 80,,800.00,100 גרם,false,,19.90,0.0249,true,1,167626
7290004064389,false,מלח הימלאיה דק מלחייה 250 ג',,,מלח הימלאיה דק מלחיי,,250.00,100 גרם,false,,10.90,0.0436,true,1,162485
7290004068028,false,"ציזיקי יוגורט לשתיה גד 500 מ""ל",מיוצר על ידי קוד יצר,IL,משקה יוגורט צזיקי 3.,,500.00,,false,,10.50,0.0210,true,1,85928
7290004068035,false,"איירן יוגורט לשתייה 3% גד 500 מ""ל","מיוצר ע""י קוד יצרן M",IL,משקה איירן בסגנון בל,,500.00,,false,,8.90,0.0178,true,1,85929
7290004068172,false,יוגורט עזים בדלי 5% שומן 600 ג' גד,קוד יצרן MKN,IL,יוגורט עיזים דלי 5%,,600.00,100 גרם,false,,19.50,0.0325,true,1,85930
7290004078690,false,"אגקס נוזל לניקוי אסלות מרענן 750 מ""ל",הנסיך- מפעל לייצור ט,FR,אגקס נוזל לניקוי אסל,,750.00,100 גרם,false,,16.90,0.0225,true,1,91553
7290004119133,false,כד יוגורט תנובה 6.5% שומן 1.5 ליטר,מיוצר עי קונדיטוריית,IL,יוגורט 7% תנובה 1.5,,1500.00,100 גרם,false,,19.50,0.0130,true,1,92855
7290004119225,false,יוגורט אננס 3% שומן 150 ג' יופלה,תנובה מרכז שיתופי לש,IL,יופלה אננס 3% 150גר,,150.00,,false,,5.40,0.0360,true,1,92856
7290004119973,false,מעדן שוקו 1.5% שומן 125 ג' קרלו,תנובה מרכז שיתופי לש,IL,קרלו שוקולדה 1.5% 12,,125.00,100 גרם,false,,3.20,0.0256,true,1,92859
7290004120061,false,קרלו שוקולד וניל 125,תנובה מרכז שיתופי לש,IL,קרלו שוניל 1.5% 125מ,,125.00,,false,,3.20,0.0256,true,1,92860
7290004120108,false,יופלה דיאט יוגורט דובדבן %0 גביע 150ג',תנובה מרכז שיתופי לש,IL,יופלה דיאט דובדבן 0%,,150.00,100 גרם,false,,5.40,0.0360,true,1,92861
7290004120566,false,גבינה בולגרית 24% 250 ג' פיראוס,קריות זול,IL,בולגרית 24% פיראוס,,250.00,100 גרם,false,,24.90,0.0996,true,1,92865
7290004120573,false,גבינה בולגרית %16 250 ג' פיראוס,תנובה מרכז שיתופי לש,IL,בולגרית בקר 16% פירא,,250.00,100 גרם,false,,24.90,0.0996,true,1,92866
7290004120634,false,גבינה בולגרית %5 250 ג' פיראוס,תנובה מרכז שיתופי לש,IL,פיראוס בולגרית 5% 25,,250.00,,false,,24.90,0.0996,true,1,92867
7290004120832,false,חלב תנובה טרי 3% מהדרין כד 2 ל',תנובה מרכז שיתופי לש,IL,חלב 3% מהדרין תנובה,,2000.00,100 גרם,false,,12.46,0.0062,true,1,92868
7290004121488,false,יופלה דיאט אפרסק 0% גביע 150 ג',תנובה מרכז שיתופי לש,IL,יופלה דיאט אפרסק 0%,,150.00,100 גרם,false,,5.40,0.0360,true,1,92869
7290004121839,false,גבינת פטה כבשים 20% 250 ג' פיראוס,תנובה מרכז שיתופי לש,IL,פטה כבשים 20% פיראוס,,250.00,,false,,29.50,0.1180,true,1,92872
7290004121853,false,גבינה בולגרית בקוביות %5 200 ג' פיראוס,תנובה מרכז שיתופי לש,IL,פיראוס קוביות בולגרי,,200.00,,false,,22.90,0.1145,true,1,92873
7290004122119,false,פתיתי פרמזן לפסטה %23 100 ג' השף הלבן,פ.פ.ח. שאביט,IL,פתיתי פרמזן לפסטה 10,,100.00,100 גרם,false,,13.90,0.1390,true,1,92876
7290004122195,false,"גבינת גוש חלב פרוס 28%, כשרות מהדרין, 200 ג'",קריות זול,IL,גבינה גוש חלב פרוס 2,,200.00,100 גרם,false,,14.90,0.0745,true,1,92877
7290004122270,false,גבינה צהובה פרוס בקופסא %28 200 ג' עמק,תנובה מרכז שיתופי לש,IL,גבינה צהובה עמק 28%,,200.00,,false,,17.70,0.0885,true,1,92878
7290004122348,false,עמק לייט 9% פרוס בקופסא,תנובה מרכז שיתופי לש,IL,גבינה צהובה מופחתת ש,,200.00,,false,,18.90,0.0945,true,1,92879
7290004122676,false,גבינת חמד לייט 5% פיראוס 250 ג',"תנובה,מחלבת טנא נוגה",IL,פיראוס חמד 5% 250 גר,,250.00,100 גרם,false,,19.50,0.0780,true,1,92881
7290004122683,false,חטיף גבינת אצבעות 28% 172 ג' עמק,תנובה מרכז שיתופי לש,IL,אצבעות גבינה צהובה ע,,172.00,,false,,17.90,0.1041,true,1,92882
7290004124205,false,יוגורט דיאט תות %0 שומן 150 ג' יופלה,תנובה מרכז שיתופי לש,IL,יופלה דיאט תות 0% 15,,150.00,100 גרם,false,,5.40,0.0360,true,1,92892
7290004124847,false,"קצפת צמחית השף הלבן 500 מ""ל תנובה",תנובה מרכז שיתופי לש,IL,קצפת צמחית 24% 500מל,,500.00,,false,,16.90,0.0338,true,1,92895
7290004125370,false,שמנת חמוצה מופחתת שומן 9%,תנובה מרכז שיתופי לש,IL,שמנת קלה 9% 200מל תנ,,200.00,,false,,4.10,0.0205,true,1,92898
7290004125400,false,"שלי אשל 4.5% תנובה 200מ""ל מהדרין",פארייפאבה אגרואינדוס,IL,אשל 4.5% מהדרין תנוב,,200.00,,false,,1.69,0.0084,true,1,92899
7290004125417,false,"שלי גיל 3% תנובה 200מ""ל מהדרין",תנובה מרכז שיתופי לש,IL,גיל 3% מהדרין תנובה,,200.00,,false,,1.51,0.0076,true,1,92900
7290004125455,false,**תנובה שמנת אורגינל מהדרין 15% 200מל,תנובה מרכז שיתופי לש,IL,שמנת חמוצה 15% מהדרי,,200.00,,false,,2.40,0.0120,true,1,92901
7290004125509,false,"שמנת 15% חצי מנה 100 מ""ל תנובה",תנובה מרכז שיתופי לש,IL,שמנת חצי מנה 15% תנו,,100.00,,false,,2.10,0.0210,true,1,92903
7290004125578,false,משקה סויה מעושר בסידן תנובה 1ל',תנובה מרכז שיתופי לש,IL,משקה סויה מועשר בסיד,,1000.00,100 גרם,false,,11.90,0.0119,true,1,92904
7290004125585,false,משקה סויה וניל תנובה E אלטרנטיב,תנובה מרכז שיתופי לש,IL,משקה סויה על הבוקר ת,,1000.00,,false,,12.90,0.0129,true,1,92905
7290004125721,false,"שמנת לבישול 15% שומן 250 מ""ל תנובה",תנובה מרכז שיתופי לש,IL,שמנת לבישול 15% 250מ,,250.00,,false,,9.50,0.0380,true,1,92906
7290004125738,false,שמנת מתוקה עמידה להקצפה 32% השף הלבן,תנובה מרכז שיתופי לש,IL,שמנת להקצפה 32% 250מ,,250.00,,false,,7.40,0.0296,true,1,92907
7290004125776,false,גבינה צהובה 28% שומן 400 ג' עמק,קריות זול,IL,גבינה צהובה עמק 28%,,400.00,,false,,31.90,0.0797,true,1,92909
7290004126674,false,פרוסות גבינה חצי קשה 9% שומן 200 ג' עמק,תנובה מרכז שיתופי לש,IL,טל העמק לייט 9% 200,,200.00,,false,,21.50,0.1075,true,1,92911
7290004126759,false,יופלה דיאט פירות יער %0 גביע 150 ג',תנובה בעמ,IL,יופלה דיאט פירות יער,,150.00,100 גרם,false,,5.40,0.0360,true,1,92912
7290004126872,false,משקאות חלב תנובה שוקו בקבוק 250מל,קריות זול,IL,שוקו תנובה בקבוק 250,,250.00,,false,,6.50,0.0260,true,1,92913
7290004127077,false,קוטג' 3% שומן 250 ג' תנובה,מיוצר עי קונדיטוריית,IL,גבינת קוטג׳ 3% תנובה,,250.00,,false,,5.90,0.0236,true,1,92914
7290004127329,false,קוטג' 5% תנובה 250ג' מהדרין,מיוצר עי קונדיטוריית,IL,גבינת קוטג׳ 5% תנובה,,250.00,,false,,5.90,0.0236,true,1,92915
7290004127336,false,קוטג' 9% תנובה 250 ג' הדרין,מיוצר עי קונדיטוריית,IL,גבינת קוטג׳ 9% תנובה,,250.00,,false,,5.90,0.0236,true,1,92916
7290004127800,false,גבינה לבנה 5% שומן 500 ג' תנובה,מיוצר עי קונדיטוריית,IL,גבינה לבנה 5% תנובה,,500.00,,false,,9.96,0.0199,true,1,92918
7290004127817,false,גבינה לבנה 9% שומן 500 ג' תנובה,מיוצר עי קונדיטוריית,IL,גבינה לבנה 9% תנובה,,500.00,,false,,10.40,0.0208,true,1,92919
7290004127862,false,**תנובה גבינה למריחה מהדרין 5% 750ג,תנובה מרכז שיתופי לש,IL,גבינה לבנה 5% תנובה,,750.00,,false,,14.94,0.0199,true,1,92920
7290004127916,false,גבינה לבנה 0.5% שומן 500 ג' תנובה,תנובה מרכז שיתופי לש,IL,גבינה לבנה 0.5% בדצ,,500.00,,false,,10.40,0.0208,true,1,92921
7290004128333,false,לאבנה על בסיס יוגורט %9 שומן 500 ג' פיראוס,קריות זול,IL,לאבנה גביע %9 500גר,,500.00,100 גרם,false,,21.90,0.0438,true,1,92923
7290004128340,false,קרם גבינת שמנת %5 בטעם טבעי 200 ג' תנובה,קריות זול,IL,גבינת שמנת בטעם טבעי,,200.00,,false,,12.30,0.0615,true,1,92924
7290004128364,false,קרם גבינת שמנת 5% עם זיתים ירוקים 200 ג' תנובה,"תנובה, מחלבת תל יוסף",IL,גבינת שמנת בטעם זיתי,,200.00,,false,,12.30,0.0615,true,1,92925
7290004128432,false,פתיתים מיוחדים לפיצה על בסיס גבינה 500 ג',תנובה,IL,פתיתי גבינה מותכת הש,,500.00,100 גרם,false,,25.50,0.0510,true,1,92926
7290004129101,false,גבינת שמנת 25% בטעם טבעי 225 ג' נפוליאון,תנובה מרכז שיתופי לש,IL,גבינת נפוליאון בטעם,,225.00,100 גרם,false,,14.90,0.0662,true,1,92927
7290004129118,false,גבינת שמנת 24% עם זיתים ירוקים 225 ג' נפוליאון,תנובה מרכז שיתופי לש,IL,גבינת נפוליאון בטעם,,225.00,100 גרם,false,,14.90,0.0662,true,1,92928
7290004129156,false,גבינת שמנת25% עם שום שמיר 225 ג' נפוליאון,תנובה מרכז שיתופי לש,IL,גבינת נפוליאון שום ש,,225.00,100 גרם,false,,14.90,0.0662,true,1,92929
7290004129545,false,גבינה לבנה 3% שומן 250 ג' תנובה,מחלבת אלון תבור,IL,גבינה לבנה 3% תנובה,,250.00,100 גרם,false,,5.20,0.0208,true,1,92930
7290004129736,false,יוגורט במתיקות מעודנת 1.5% שומן 200 ג' יופלה,תנובה מרכז שיתופי לש,IL,יופלה קרם יוגרט מעוד,,200.00,100 גרם,false,,4.90,0.0245,true,1,92932
7290004129767,false,יופלה לבן טבעי מאגדת 3% 8*150מל,מחלבת אלון תבור,IL,יופלה לבן מאגדת שמינ,,1200.00,100 גרם,false,,18.90,0.0157,true,1,92933
7290004130794,false,משקה סויה טבעי במתיקות מופחתת 1 ליטר,תנובה מרכז שיתופי לש,IL,משקה סויה מועשר 1 לי,,1000.00,,false,,12.90,0.0129,true,1,92935
7290004131074,false,**חלב תנובה טרי מהדרין קרטון 3% 1ל,תנובה מרכז שיתופי לש,IL,חלב 3% מהדרין תנובה,,1000.00,100 גרם,false,,6.23,0.0062,true,1,92938
7290004131432,false,יוגורט ביו 3% שומן 200 ג' יופלה,מיוצר עי קונדיטוריית,IL,יופלה לבן 3% 200מל,,200.00,,false,,4.30,0.0215,true,1,92942
7290004131456,false,יוגורט ביו 1.5% שומן 200 ג' יופלה,מיוצר עי קונדיטוריית,IL,יופלה לבן 1.5% 200מל,,200.00,,false,,4.30,0.0215,true,1,92943
7290004131814,false,גבינה צפתית 5% מעודנת 200 ג' פיראוס,פארייפאבה אגרואינדוס,IL,פיראוס צפתית 5% מעוד,,200.00,100 גרם,false,,15.90,0.0795,true,1,92946
7290004132552,false,משקה סויה לייט בטעם טבעי טרי 1 ליטר,תנובה מרכז שיתופי לש,IL,משקה סויה דיאט וניל,,1000.00,,false,,12.90,0.0129,true,1,92952
7290004132712,false,חטיף אצבעות גבינת מוצרלה 20% 172 ג' עמק,תנובה מרכז שיתופי לש,IL,אצבעות גבינת מוצרלה,,172.00,,false,,17.90,0.1041,true,1,92955
7290004132903,false,**תנובה גבינה לבנה בדץ 3% 250ג,תנובה מרכז שיתופי לש,IL,גבינה לבנה 250 גרם 3,,250.00,,false,,5.20,0.0208,true,1,92956
7290004133511,false,יופלה מאגדת לבן 1.5% מעודן 8 יח' * 150 ג',מיוצר עי קונדיטוריית,IL,יוגורט לבן מעודן מאר,,1200.00,100 גרם,false,,21.90,0.0182,true,1,92961
7290004135119,false,"מאגדת קרלו מיני 8*100 גרם וניל בד""צ",תנובה מרכז שיתופי לש,IL,קרלו מיני וניל בדץ 8,,800.00,,false,,14.90,0.0186,true,1,92970
7290004135225,false,מעדן תנובה דיאט שוקולדה 0% 150מל,תנובה מרכז שיתופי לש,IL,מעדן תנובה דיאט שוקו,,150.00,,false,,4.50,0.0300,true,1,92971
7290004135614,false,גבינה בולגרית מעודנת 5% 250 ג' פיראוס,קריות זול,IL,פיראוס בולגרית מעודנ,,250.00,100 גרם,false,,24.90,0.0996,true,1,92973
7290004136598,false,מארז הפסקת אוכל עם קורנפלקס ומשקה חלב עמיד בטעם וניל,פארייפאבה אגרואינדוס,IL,הפסקת אוכל חלב ודגני,,150.00,,false,,10.90,0.0727,true,1,92981
7290004136857,false,מעדן גלי בטעם פטל 12,תנובה מרכז שיתופי לש,IL,ג'לי תנובה פטל 125גר,,125.00,100 גרם,false,,2.90,0.0232,true,1,92982
7290004136864,false,ג'לי תנובה אננס עם חתיכות אננס 125מל,קריות זול,IL,ג'לי תנובה אננס עם ח,,125.00,100 גרם,false,,3.20,0.0256,true,1,92983
7290004136871,false,ג'לי תנובה אפרסק עם חתיכות אפרסק 125מל,תנובה מרכז שיתופי לש,IL,ג'לי תנובה אפרסק עם,,125.00,100 גרם,false,,3.20,0.0256,true,1,92984
7290004137021,false,"שמנת לבישול 10% עמיד השף הלבן 250 מ""ל",תנובה מרכז שיתופי לש,IL,שמנת לבישול 10% 250מ,,250.00,,false,,9.50,0.0380,true,1,92986
7290004137311,false,עמק לייט משפחתית 9% 400ג-ועדת מהדרין,תנובה,IL,גבינה צהובה עמק ליי,,400.00,,false,,32.90,0.0822,true,1,92987
7290004137809,false,לאבנה 5% שומן 250 ג' פיראוס,"תנובה, מחלבת אלון תב",IL,לאבנה 5% 250גר פיראו,,250.00,100 גרם,false,,13.90,0.0556,true,1,92988
7290004150112,false,חומוס מזרחי 300 גרם פיקנטי פרימיום,סלטי שמיר 2006 בעמ,,חומוס מזרחי 300גר פי,,300.00,100 גרם,false,,15.90,0.0530,true,1,167697
7290004165000,false,רסק תפוחי עץ ממותק 560 גרם יכין,,,"רסק תפו""ע עם סוכר 56",,560.00,100 גרם,false,,9.90,0.0177,true,1,142953
7290004165017,false,רסק תפוחי עץ ללא סוכר 560 גרם יכין,זנלכל,IL,"רסק תפו""ע ללא סוכר 5",,560.00,100 גרם,false,,9.90,0.0177,true,1,87202
7290004199203,false,קיסמ' שיניים מבמבוק מלחיה 300 יח',הדקלאים אגודת שיתופי,CN,קיסמי שיניים מבמבוק,,300.00,,false,,4.50,0.0150,true,1,144736
7290004199241,false,נרות חימום חסידים 50יח',חסידים,,להבונים 50יח בשקית,,50.00,,false,,9.90,0.1980,true,1,144737
7290004219826,false,מלבין קפה הולנדי קומפלטה 400ג',פריזלנד פודס קיוויט,NL,מלבין קפה קומפלטה 40,,400.00,100 גרם,false,,19.90,0.0497,true,1,88642
7290004255428,false,נר נשמה 24 שעות - מנורה,מנורה,IL,נר נשמה מנורה פחית 2,יחידה,0.00,יחידה,false,,2.50,0.0000,true,1,158258
7290004255558,false,נרות שבת 20 יח' - או,,,נרות שולחן 20 יח,,20.00,,false,,4.50,0.2250,true,1,86809
7290004492274,false,בייגלה טבעות מלוחות 400 ג',אתר בייגל - Food,IL,בייגלה גל גל 400גר,,400.00,100 גרם,false,,11.90,0.0298,true,1,90308
7290004532048,false,גרעיני דלעת קלויים ומומלחים 200 גר',דין שיווק,,גרעין לבן 200גר,,200.00,100 גרם,false,,8.90,0.0445,true,1,147213
7290004532086,false,אגוז קשיו 200 גרם,g&g,,קשיו 200גר,,200.00,100 גרם,false,,18.90,0.0945,true,1,147215
7290004532093,false,הטיב בוטנים בקליפה 250ג,g&g,,בוטנים בקליפה 250גר,,250.00,100 גרם,false,,7.90,0.0316,true,1,147216
7290004532161,false,אלמנדוס 200 גרם הטיב,יושלם,,חטיף מנצס 200גר,,200.00,100 גרם,false,,9.90,0.0495,true,1,147220
7290004532444,false,שקד טבעי 200ג' הטיב,g&g,,שקד טבעי 200גרם,,200.00,,false,,19.90,0.0995,true,1,147229
7290004532574,false,גרעינים שחורים 200 גר',"גיי אנג גי פקאנס בע""",IL,גרעין שחור 200גר,,200.00,100 גרם,false,,5.90,0.0295,true,1,147231
7290004532581,false,בוטנים קלויים 200ג' הטיב,g&g,,בוטנים קלויים 200גר,,200.00,100 גרם,false,,6.90,0.0345,true,1,147232
7290004584306,false,רבעיית גמדים בטעם תות בננה * 100 ג' שטראוס,מיוצר עי קונדיטוריית,IL,גמדים תות בננה 5% מא,,400.00,100 גרם,false,,12.50,0.0313,true,1,95183
7290004584351,false,גבינה במרקם שמנת 5% טבעי 200 ג' סימפוניה,"שטראוס בריאות בע""מ",IL,סימפוניה במרקם שמנת,,200.00,100 גרם,false,,12.50,0.0625,true,1,95184
7290004584528,false,דנונה ביו יוגורט טבעי 1.5% 200 ג',מיוצר עי קונדיטוריית,IL,דנונה ביו 1.5% 200גר,,200.00,100 גרם,false,,4.70,0.0235,true,1,95185
7290004585907,false,דני ועדן וניל 1.5% 125ג' שטראוס,מיוצר עי קונדיטוריית,IL,דני וניל 125 גר,,125.00,100 גרם,false,,3.20,0.0256,true,1,95186
7290004685010,false,לחם 100% שיפון פלוס לחם הארץ 500 גר',מאפית י את א ברמן בע,IL,לחם הארץ שיפון פלוס,,500.00,100 גרם,false,,17.90,0.0358,true,1,96475
7290004685126,false,לחם פומפרניקל לחם הארץ 750 גרם,מאפית י את א ברמן בע,IL,לחם הארץ פומפרניקל 7,,750.00,100 גרם,false,,17.90,0.0239,true,1,96479
7290004685157,false,לחם שיפון 100% 750 גרם לחם הארץ,מאפית י את א ברמן בע,IL,לחם הארץ שיפון 100%,,750.00,100 גרם,false,,17.90,0.0239,true,1,96482
7290004685225,false,לחם פומפרניקל לחם הארץ 750 גרם,מאפית י את א ברמן בע,IL,לחם הארץ פומפרניקל 7,,750.00,,false,,17.90,0.0239,true,1,96485
7290004685430,false,לחם כוסמין לחם הארץ,מאפית י את א ברמן בע,IL,לחם הארץ כוסמין 100%,,500.00,100 גרם,false,,17.90,0.0358,true,1,134620
7290004685447,false,לחמניות כוסמין 6 יחי' 450 גר',מאפית י את א ברמן בע,IL,לחמניות כוסמין 6יח ש,,450.00,100 גרם,false,,13.90,0.0309,true,1,152244
7290004731472,false,"אל סבון צבעוני כיף שלישיה* 500 מ""ל",טרופיקל דגיל תעשיות,IL,כיף אל סבון שלישיה צ,,1500.00,,false,,22.90,0.0153,true,1,89342
7290004737900,false,וילי פוד חלב מרוכז ממותק397ג,יו.איי.בי מאריג'אמפו,LT,חלב מרוכז ממותק 397,,397.00,100 גרם,false,,11.90,0.0300,true,1,88644
7290004872069,false,קרחון נסטלה לימון,המאפיה של הרמן,IL,קרחון לימון,יחידה,0.00,יחידה,false,,3.90,0.0000,true,1,90648
7290004872250,false,שלגון שרבט אבטיח נסטלה 108'ג,נגה גלידות (גלידות נ,IL,שלגון אבטיח שרבט,יחידה,0.00,יחידה,false,,7.90,0.0000,true,1,90651
7290004872359,false,קרחון דובדבן 80 ג ' נסטלה,גלידות נסטלה (נגה גל,IL,קרחון דובדבן,יחידה,0.00,יחידה,false,,3.90,0.0000,true,1,90652
7290004872731,false,טילון אקסטרים וניל 70ג',גלידות נסטלה,IL,טילון אקסטרים וניל,יחידה,0.00,יחידה,false,,8.90,0.0000,true,1,90653
7290005174513,false,חציל במיונז 500 ג' אחלה,מיוצר עי קונדיטוריית,IL,חציל במיונז אחלה 500,,500.00,100 גרם,false,,17.50,0.0350,true,1,95187
7290005174551,false,סלט חומוס עם צנוברים 125 ג' אחלה,מיוצר עי קונדיטוריית,IL,סלט חומוס אחלה 125גר,,125.00,100 גרם,false,,5.80,0.0464,true,1,95188
7290005174568,false,חציל אחלה במיונז 125 גר',"שטראוס גרופ בע""מ",IL,סלט חצילים אחלה 125ג,,125.00,100 גרם,false,,5.80,0.0464,true,1,95189
7290005174575,false,טחינה אחלה יום יום משובחת 125ג',מיוצר עי קונדיטוריית,IL,סלט טחינה אחלה 125גר,,125.00,,false,,5.80,0.0464,true,1,95190
7290005175428,false,"קמח תירס לל""ג ריבארה 500 ג'",קריות זול,AR,קמח תירס ויליפוד 500,,500.00,100 גרם,false,,6.60,0.0132,true,1,88645
7290005199578,false,"קפה פלאטינום עלית נטול 200ג' כש""לפ",קריות זול,IL,קפה נטול קפאין עלית,,200.00,100 גרם,false,,29.90,0.1495,true,1,99555
7290005200786,false,תפוצ'יפס שמנת ובצל 50 גרם,"שטראוס פריטו ליי בע""",IL,תפוציפס שמנת ובצל 50,,50.00,100 גרם,false,,4.70,0.0940,true,1,90781
7290005270000,false,עלי סיגר מרוקאי 500,חמים וטעים,IL,עלי סיגר 500גר,,500.00,,false,,16.90,0.0338,true,1,102733
7290005287206,false,טונה בשמן סטארקיסט 4*160 ג',"סטארקיסט פודור בע""מ",,טונה בשמן רביעייה סט,,640.00,,false,,26.90,0.0420,true,1,88983
7290005287251,false,טונה במים סטארקיסט 4*160 ג',"איטיליאן פוד, אס.פי.",,טונה במים רביעייה סט,,640.00,,false,,26.90,0.0420,true,1,88986
7290005287510,false,טונה בשמן עם בפלפל חריף 160 ג' סטארקיסט,תאי יוניון גרופ,TH,טונה סטארקיסט בשמן פ,,160.00,100 גרם,false,,8.50,0.0531,true,1,88989
7290005287527,false,טונה בשמן עם לימון 160 ג' סטארקיסט,תאי יוניון גרופ,TH,טונה סטארקיסט בשמן ל,,160.00,100 גרם,false,,8.50,0.0531,true,1,88990
7290005287657,false,סטארקיסט ממרח טונה 160 ג',סטארקיסט,IL,ממרח טונה סטארקיסט 1,,160.00,,false,,8.50,0.0531,true,1,88999
7290005326523,false,ממרח פסטו פטרוזיליה ונענע 180 ג' אוליביה,אוליביה,IL,ממרח פסטו פטרוזיליה,,185.00,100 גרם,false,,15.90,0.0859,true,1,94328
7290005326585,false,ממרח אוליביה פסטו בזיליקום 180 ג',"אוליביה גורמה בע""מ",IL,פסטו בזיליקום אוליבי,,180.00,100 גרם,false,,13.90,0.0772,true,1,139232
7290005384851,false,וילי פוד מיץ לימון בדץ 200מל,קריות זול,IT,מיץ לימון ויליפוד 20,,200.00,100 גרם,false,,5.90,0.0295,true,1,138681
7290005423635,false,ריצפז נוזל לניקוי רצפות דוחה חרקים 2 ל',מיוצר עי קונדיטוריית,IL,ריצפז פלוס דוחה חרקי,ליטרים,2.00,ליטר,false,,25.90,12.9500,true,1,89355
7290005426186,false,סקוטש ענק סנו סושי שלישיה,קריות זול,IL,סנו סושי סקוטש ענק 3,יחידה,0.00,יחידה,false,,16.90,0.0000,true,1,143452
7290005430602,false,"סנו - אוקסיג'ן מרסס מסיר כתמים 750 מ""ל","סנו מפעלי ברונוס בע""",IL,סנו אוקסיגן מסיר כתמ,,750.00,100 גרם,false,,19.90,0.0265,true,1,89422
7290005431906,false,קינוח קדאיף עדן 82 ג,עדן קינוחים Eden,IL,קדאיף 82 גרם,,92.00,100 גרם,false,,7.50,0.0815,true,1,157659
7290005431913,false,עוגת גבינה פירורים 92 גרם.,עדן קינוחים Eden,IL,עוגת גבינה פירורים 9,,92.00,100 גרם,false,,7.50,0.0815,true,1,157660
7290005431937,false,קינוח טירמיסו עדן 82,עדן קינוחים Eden,IL,טירמיסו 82 גרם,,82.00,100 גרם,false,,7.50,0.0915,true,1,157656
7290005559907,false,פיצה משפחתית גבינה 500 ג' מעדנות,מיוצר עי קונדיטוריית,IL,פיצה משפחתית גבינה מ,,500.00,100 גרם,false,,23.90,0.0478,true,1,92534
7290005559914,false,פיצה משפחתית זיתים 550 ג' מעדנות,מיוצר עי קונדיטוריית,IL,פיצה משפחתית זיתים מ,,550.00,100 גרם,false,,23.90,0.0435,true,1,92535
7290005559990,false,בצק פילאס תורכי מעדנות 600 גרם,מיוצר עי קונדיטוריית,IL,בצק פילאס תורכי מעדנ,,600.00,100 גרם,false,,24.90,0.0415,true,1,92539
7290005610509,false,צנוניות ארוזות דוד מ,חקלאי,IL,צנוניות יח,יחידה,0.00,יחידה,false,,5.90,0.0000,true,1,126933
7290005658464,false,עוגיות מקלות מרוקאיות 350ג',,,עוגיות מובחרות עד 35,,350.00,,false,,12.90,0.0369,true,1,146017
7290005689369,false,סינטה עגל,,,סינטה עגל,קילוגרמים,1.00,"ק""ג",true,,139.90,139.9000,true,1,167118
7290005838002,false,מעדן גבינה ויוגורט בטעם וניל 88 ג' דניאלה,"שטראוס בריאות בע""מ",IL,דניאלה מעדן בטעם וני,,150.00,,false,,4.40,0.0293,true,1,95192
7290005838613,false,שטראוס גבינת וניל 3% 125ג,"שטראוס בריאות בע""מ",IL,קרם גבינה 3% בטעם ונ,,125.00,100 גרם,false,,4.50,0.0360,true,1,95193
7290005839078,false,"דנונה יוגורט ביו 3% לבן מארז 150X8מ""ל",מיוצר עי קונדיטוריית,IL,דנונה ביו מארז שמיני,,1200.00,100 גרם,false,,18.90,0.0157,true,1,95195
7290005839108,false,סימפוניה 5% עם זיתים 200 ג' שטראוס,"שטראוס בריאות בע""מ",IL,סימפוניה זיתים 5% 20,,200.00,100 גרם,false,,12.50,0.0625,true,1,95196
7290005839313,false,"מילקי טופ שוקולד מגולגל 170 מ""ל",מיוצר עי קונדיטוריית,IL,מילקי טופ מגולגלת 14,,142.00,,false,,5.50,0.0387,true,1,95197
7290005896415,false,"בירה איגל פחית ירוק 500מ""ל","טמפו משקאות בע""מ",IL,בירה איגל ירוק פחית,,500.00,100 גרם,false,,6.90,0.0138,true,1,142773
7290005992735,false,לאבנה טבעית 5% 250 גר' - רבנות,הנסיך- מפעל לייצור ט,IL,לאבנה 5% 250גר מחלבו,,250.00,100 גרם,false,,13.50,0.0540,true,1,85943
7290005996078,false,סרוולד הונגרי יחיעם,מעדני יחיעם,IL,סרוולד הונגרי יחיעם,,125.00,100 גרם,false,,29.90,0.2392,true,1,158942
7290006199027,false,שלגוני גלידל שמינייה,הגלידות של פלדמן,IL,גלידל חלבי מאגדת בטע,,8.00,,false,,29.90,3.7375,true,1,162122
7290006229427,false,"סאן בנדטו מים מהאלפים מארז 500X6מ""ל",קריות זול,,סאן בנדטו שישייה 6*5,,3000.00,,false,,15.90,0.0053,true,1,86651
7290006229588,false,בירה איגל פחית זהב 500 מל',"טמפו משקאות בע""מ",IL,בירה איגל זהב פחית 5,,500.00,,false,,6.90,0.0138,true,1,137025
7290006251107,false,תה ויסוצקי צ'אי מסאלה 25 יח',מולינו ניקולי s.p.a,IL,תה מסאלה ויסוצקי 25י,,25.00,,false,,19.90,0.7960,true,1,93379
7290006251275,false,תה ויסוצקי ירוק סיני 25יח',קריות זול,IL,תה ירוק סיני 25יח,,37.50,,false,,27.90,0.7440,true,1,93381
7290006265500,false,פטריות שמפיניון ארוז מרינה,"מרינה פטריות הגליל בע""מ",IL,פטריות שמפיניון ארוז,,250.00,100 גרם,false,,9.90,0.0396,true,1,86419
7290006271181,false,מעדנות גחנון אפוי 750 גרם,מיוצר עי קונדיטוריית,IL,גחנון אפוי מעדנות 75,,750.00,100 גרם,false,,27.90,0.0372,true,1,92541
7290006272072,false,חטיפי פיצה בשקית מעדנות 650ג',"מעדנות בע""מ",IL,חטיפי פיצה מעדנות 65,,650.00,100 גרם,false,,34.90,0.0537,true,1,92546
7290006374738,false,קונפיטורה תות 340 ג' יד מרדכי,אף.סי תבליני בגליל ב,IL,קונפיטורת תות יד מרד,,340.00,100 גרם,false,,15.90,0.0468,true,1,99569
7290006376022,false,קורנפלור 200גר פרימי,,,קורנפלור 200גר פרימי,,200.00,,false,,4.90,0.0245,true,1,159400
7290006376091,false,סודה לשתייה קרטונית,,,סודה לשתיה פרימיום 5,,50.00,100 גרם,false,,2.30,0.0460,true,1,141057
7290006376626,false,אבקת סוכר מהדרין 100 ג',,,אבקת סוכר פרימיום 10,,100.00,,false,,2.70,0.0270,true,1,141058
7290006376688,false,עשיריית סוכר וניל,,,סוכר וניל 10*10גרם פ,,100.00,,false,,2.70,0.0270,true,1,141055
7290006376695,false,עשיריית אבקת אפיה 10,,,אבקת אפיה 10*10גר פר,,100.00,,false,,2.70,0.0270,true,1,141056
7290006376718,false,גלטין לעוגה פרימיום 24 יח,,,ג'לטין שקיות 24 גר,,24.00,100 גרם,false,,10.90,0.4542,true,1,96042
7290006376725,false,קוקוס טחון פרימיום 200 ג',,,קוקוס 200 גרם חילדה,,200.00,100 גרם,false,,7.90,0.0395,true,1,164599
7290006376732,false,שומשום 200 גרם חילדה,,,שומשום 200 גרם חילדה,,200.00,,false,,7.90,0.0395,true,1,164600
7290006492432,false,גבינת מוצרלה בייבי 18% 300 ג' גד,מחלבות גד בעמ,IL,בייבי מוצרלה מחלבות,,100.00,100 גרם,false,,16.70,0.1670,true,1,85944
7290006492616,false,גבינה בולגרית פרוסות 5% 250 ג' גד,DSH עבור מחלבות גד ב,IL,בולגרית פרוסות 5% 25,,250.00,,false,,28.90,0.1156,true,1,85945
7290006492630,false,גליל גד עז 22% 180 גרם - רבנות,מחלבות גד בעמ,IL,גבינת גליל מחלבות גד,,180.00,100 גרם,false,,24.80,0.1378,true,1,85946
7290006492685,false,לאבנה עיזים 5% 250 גרם - רובין,מחלבות גד בעמ,IL,לאבנה עזים 5% 250גר,,250.00,,false,,18.90,0.0756,true,1,85948
7290006492852,false,גבינת עיזים למריחה 5% שומן 250 ג' גד,קריות זול,IL,*מבצע* גבינת עיזים 5,,250.00,100 גרם,false,,16.90,0.0676,true,1,85949
7290006492913,false,לאבנה ציזיקי למריחה 5% שומן 250 ג' גד,מחלבות גד בעמ,IL,לאבנה ציזיקי 250גר מ,,250.00,100 גרם,false,,14.70,0.0588,true,1,85950
7290006494917,false,מרמולייט ופל בטעם שוקולד 180 ג',"איטיליאן פוד, אס.פי.",IL,וופל מרמולייט ופל בט,,180.00,100 גרם,false,,11.90,0.0661,true,1,99071
7290006494924,false,מרמולייט וופל בטעם לימון 200 ג',קריות זול,,וופל מרמולייט ופל בט,,180.00,100 גרם,false,,11.90,0.0661,true,1,146591
7290006567048,false,קוסקוס ישראלי מפתול אסם 350ג',"מיוצר ע""י קוד יצרן K",IL,פתיתי קוסקוס ישראלי,,350.00,,false,,8.90,0.0254,true,1,88089
7290006644480,false,"תפוזינה תפוזים 500 מ""ל","יפאורה תבורי בע""מ",IL,"תפוזינה תפוזים 500מ""",,500.00,100 גרם,false,,5.90,0.0118,true,1,143622
7290006644510,false,"מיץ ענבים 500 מ""ל תפוזינה","יפאורה תבורי בע""מ",IL,"תפוזינה ענבים 500מ""ל",,500.00,,false,,5.90,0.0118,true,1,104064
7290006644527,false,"תפוזינה תות בננה 500 מ""ל","יפאורה תבורי בע""מ",IL,תפוזינה תות בננה 500,,500.00,,false,,5.90,0.0118,true,1,133641
7290006652027,false,במבה מארז 20 יח' *15ג' אסם,מיוצר עי קונדיטוריית,IL,במבה יום הולדת מארז,,300.00,,false,,19.90,0.0663,true,1,88094
7290006653765,false,פסטה פרפקטו פטוציני 500ג' אסם,קריות זול,IT,פסטה פרפקטו פטוציני,,500.00,100 גרם,false,,8.90,0.0178,true,1,88096
7290006653819,false,קוסקוס דק בשקית אסם,"מיוצר ע""י קוד יצרן K",IL,קוסקוס דק אסם 350 גר,,350.00,,false,,8.90,0.0254,true,1,88097
7290006664051,false,"אקטימל לבן מארז 100X14 מ""ל",מיוצר עי קונדיטוריית,IL,אקטימל טבעי 14*100מל,,1400.00,,false,,33.70,0.0241,true,1,95200
7290006664402,false,גבינה 5% שומן 750 ג' שטראוס,מיוצר עי קונדיטוריית,IL,גבינה לבנה סקי 5% 75,,750.00,100 גרם,false,,14.94,0.0199,true,1,95204
7290006664532,false,יוגורט עם תות 3% שומן 150 ג' דנונה,מיוצר עי קונדיטוריית,IL,דנונה תות 1.5% 150 מ,,150.00,,false,,4.90,0.0327,true,1,95205
7290006664655,false,"אקטימל לבן טבעי מארז 100X8 מ""ל",מיוצר עי קונדיטוריית,IL,?אקטימל דנונה 100x8,,800.00,100 גרם,false,,21.90,0.0274,true,1,95207
7290006664693,false,יוגורט עם אפרסק 3% שומן 150 ג' דנונה,מיוצר עי קונדיטוריית,IL,דנונה אפרסק 1.5% 150,,150.00,100 גרם,false,,4.90,0.0327,true,1,95208
7290006664990,false,דנונה ביו מארז חיסכון 1.5% 8 יח' *150 ג',מיוצר עי קונדיטוריית,IL,דנונה ביו מארז שמיני,,1200.00,100 גרם,false,,18.90,0.0157,true,1,95210
7290006739414,false,סלמי קוניאק 300 ג' זוגלובק,נקניק נהריה כשר זוגל,IL,סלמי קוניאק זוגלובק,,300.00,,false,,29.90,0.0997,true,1,101347
7290006739544,false,כתף בקר 300 ג' זוגלובק,זוגלובק,IL,כתף בקר זוגלובק 300ג,,300.00,100 גרם,false,,36.90,0.1230,true,1,101350
7290006742278,false,פסטרמה הודו צלויה על לבנים 330 ג' זוגלובק,נקניק נהריה כשר זוגל,IL,פסטרממיה צלויה על לב,,330.00,100 גרם,false,,31.90,0.0967,true,1,101368
7290006742292,false,פסטרמה הודו בדבש 330 ג' זוגלובק,נקניק נהריה כשר זוגל,IL,פסטרממיה בדבש 1% זוג,,330.00,100 גרם,false,,31.90,0.0967,true,1,101369
7290006742315,false,פסטרמה חזה הודו ברביקיו זוגלובק 330 ג',נקניק נהריה כשר זוגל,IL,חזה הודו ברביקיו 1%,,330.00,100 גרם,false,,31.90,0.0967,true,1,101371
7290006764485,false,"בירה נשר מאלט שחורה מארז 330X6מ""ל",קריות זול,,נשר מאלט בקבוק שישיי,,1980.00,,false,,33.90,0.0171,true,1,86658
7290006765000,false,טורטיות חיטה מלאה 8יח 540 ג',אלקטי קוראבייכיסיגיד,TR,טורטיות מקמח חיטה מל,,540.00,,false,,10.00,0.0185,true,1,142149
7290006775047,false,"עוגה מבית טוב"" 450 גרם שוקולד",אחדות ביחר לטחינה חל,IL,עוגת שוקולד 450גר,,450.00,100 גרם,false,,10.90,0.0242,true,1,97730
7290006775054,false,עוגת שיש אחווה 450 ג' אחוה,אחדות ביחר לטחינה חל,IL,עוגת שיש 450גר,,450.00,100 גרם,false,,10.90,0.0242,true,1,97731
7290006775894,false,אחדות עוגת שיש ללא תוספת סוכר 400 גרם,"אחדות ביח""ר לטחינה ח",IL,עוגה שיש ללא סוכר 40,,400.00,100 גרם,false,,13.90,0.0348,true,1,97743
7290006866363,false,פרימור סחוט אשכולית אדומה 1ל',"גניר (1992) בע""מ",IL,פרימור אשכולית אדומה,,1000.00,,false,,17.90,0.0179,true,1,95211
7290006983152,false,קרוטונים מתובלים למרק 400 ג' אסם,עינת תעשיות מזון,IL,קרוטונים מתובלים למר,,400.00,100 גרם,false,,21.90,0.0547,true,1,88101
7290006983176,false,אוסם - לחמית שיפון 250 גרם,"אסם השקעות בע""מ",IL,לחמית שיפון אסם 250ג,,250.00,100 גרם,false,,9.90,0.0396,true,1,88102
7290006983206,false,אסם תערובת פלאפל בקלי קלות 180גר,"אסם השקעות בע""מ",IL,תערובת להכנת פלאפל א,,180.00,100 גרם,false,,10.90,0.0606,true,1,88103
7290006983770,false,עוגת הבית שיש 400 ג' אסם,מיוצר עי קונדיטוריית,IL,עוגת הבית שיש אסם 40,,400.00,100 גרם,false,,15.90,0.0398,true,1,88106
7290006983794,false,עוגת הבית תפוז 400 ג' אסם,מיוצר עי קונדיטוריית,IL,עוגת הבית תפוז אסם 4,,400.00,100 גרם,false,,15.90,0.0398,true,1,88108
7290008154222,false,שניצלונים עוף טוב 700 גרם,מולינו ניקולי s.p.a,IL,שניצלונים עוף טוב 70,,700.00,100 גרם,false,,19.90,0.0284,true,1,88115
7290008166010,false,לקט מובחר תערובת 200 גר',"גיי אנג גי פקאנס בע""",IL,לקט פיצוחים 200גר,,200.00,,false,,17.90,0.0895,true,1,147234
7290008329033,false,צלחת 7 לבן אר 50 דנט,,,צלחת 7 לבן אר 50 דנט,,50.00,,false,,9.90,0.1980,true,1,115421
7290008329217,false,צלחת 7 ציבעוני 20 יח,,,צלחת 7 ציבעוני 20 יח,יחידה,0.00,יחידה,false,,9.90,0.0000,true,1,115426
7290008329255,false,מזלגות אר 100 דנטס,,,מזלגות אר 100 דנטס,יחידה,0.00,יחידה,false,,9.90,0.0000,true,1,115430
7290008329279,false,לפתנית לבן 25 יחי דנטס,,,ליפתנית לבן 25 יח' ד,יחידה,0.00,יחידה,false,,5.90,0.0000,true,1,115432
7290008329286,false,כפיות אר 100 דנטס,,,כפיות אר 100 דנטס,יחידה,0.00,יחידה,false,,9.90,0.0000,true,1,144977
7290008329293,false,סכינים פרימיום שקוף/קרם/לבן/זהב דנטס אר' 50 יח',,,סכינים פרימיום שקוף/,יחידה,0.00,יחידה,false,,9.90,0.0000,true,1,115434
7290008329316,false,כפות פרימיום שקוף/קרם/לבן/זהב דנטס 50 יח,,,כפות פרימיום שקוף/קר,יחידה,0.00,יחידה,false,,9.90,0.0000,true,1,115436
7290008329347,false,צלחת צבעונית ענקית 2,,,צלחת 10 צבעוני 20 יח,יחידה,0.00,יחידה,false,,15.90,0.0000,true,1,115439
7290008329378,false,קסרול לבן אר' 25 יח',,,קסרול לבן אר' 25 יח',,25.00,,false,,8.90,0.3560,true,1,115441
7290008329415,false,צלחת 8 לבן אר 50 דנט,,,צלחת 8 לבן אר 50 דנט,,50.00,,false,,12.90,0.2580,true,1,115444
7290008409100,false,אצבעות שניצל ציפוי שומשום 700 ג' מאמא עוף,תנובה גליל שותפות מו,IL,אצבעות שניצל שומשום,,700.00,100 גרם,false,,39.90,0.0570,true,1,92555
7290008409124,false,מאמא עוף קפוא שניצל ג'ונגל פריך 700 גרם,תנובה גליל שותפות מו,IL,שניצל גונגל פריך מאמ,,700.00,100 גרם,false,,39.90,0.0570,true,1,92556
7290008409216,false,מאמא עוף קפוא שניצל דק פריך 700 גרם,תנובה גליל,IL,שניצל דק פריך מאמא ע,,700.00,100 גרם,false,,45.90,0.0656,true,1,92557
7290008409223,false,שניצל דק מתובל מאמא עוף 700 ג',תנובה גליל שותפות מו,IL,שניצל דק מתובל מאמא,,700.00,100 גרם,false,,45.90,0.0656,true,1,92558
7290008409315,false,מיני מיני דק שניצלונים בציפוי פריך מאמא עוף 500 ג',תנובה גליל,IL,שניצלונים מיני מיני,,500.00,100 גרם,false,,29.90,0.0598,true,1,144137
7290008464222,false,"בירה מכבי 7.9% פחית 500 מ""ל","טמפו משקאות בע""מ",IL,בירה מכבי 7.9% פחית,,500.00,,false,,8.90,0.0178,true,1,86668
7290008464604,false,"בירה היינקן פחית 500מ""ל",טמפו משקאות בע''מ,NL,בירה היינקן הולנד פח,,500.00,,false,,10.90,0.0218,true,1,86678
7290008464741,false,"בירה גולדסטאר בק' מארז 330X6מ""ל",קריות זול,IL,בירה גולדסטאר בקבוק,,1980.00,,false,,38.90,0.0196,true,1,86681
7290008464796,false,"בירה היינקין ח""פ בקבוק 330X6מ""ל",קריות זול,IL,בירה היינקן בקבוק 6*,,1980.00,,false,,39.90,0.0202,true,1,86682
7290008493710,false,פרורי גריסני זהב מאיר בייגל 200 ג',מאיר בייגל,,פרורי גריסיני זהב 20,,200.00,100 גרם,false,,7.90,0.0395,true,1,151648
7290008644112,false,סלט מטבוחה יום יום אחלה 125 ג',"שטראוס גרופ בע""מ",IL,סלט מטבוחה אחלה 125ג,,125.00,100 גרם,false,,5.80,0.0464,true,1,95212
7290008644235,false,עלי בייבי טעם הטבע 1,שטראוס בריאות ירקות,IL,עלי בייבי 120 גר שטר,,120.00,100 גרם,false,,12.90,0.1075,true,1,95213
7290008644945,false,סלט המושבה שטופים שט,שטראוס בריאות ירקות,IL,סלט המושבה שטראוס 45,,450.00,100 גרם,false,,13.90,0.0309,true,1,95215
7290008693134,false,מעדן גבינה ויוגורט בטעם תות 5% שומן 88 ג' דניאלה,"שטראוס בריאות בע""מ",IL,דניאלה מעדן בטעם תות,,150.00,,false,,4.40,0.0293,true,1,95217
7290008737289,false,גפילטע פיש בנוסח פול,"דג טעים (משווק ע""י א",,גפילטע פיש בנוסח פול,יחידה,0.00,יחידה,false,,15.90,0.0000,true,1,96044
7290008745239,false,תפוצ'יפס אקסטרא טבעי 50 ג',"שטראוס פריטו ליי בע""",IL,תפוציפס אקסטרא טבעי,,50.00,100 גרם,false,,4.70,0.0940,true,1,90784
7290008747547,false,תפוצ'יפס אקסטרא 200גר טבעי,"שטראוס פריטו ליי בע""",IL,תפוציפס אקסטרא טבעי,,200.00,100 גרם,false,,13.50,0.0675,true,1,90786
7290008752244,false,תפוצ'יפס אקסטרא גריל 50 גרם,"שטראוס פריטו ליי בע""",IL,תפוציפס אקסטרא גריל,,50.00,100 גרם,false,,4.70,0.0940,true,1,90787
7290008753111,false,תפוציפס קראנץ מקסיקנ,"שטראוס פריטו ליי בע""",IL,תפוציפס מקסיקני 50גר,,50.00,100 גרם,false,,4.70,0.0940,true,1,90789
7290008754040,false,ממרח פרה שוקולד 850 גר - מגדים,STRAUSS-ISRAEL,IL,ממרח בטעם שוקולד מגד,,850.00,100 גרם,false,,19.90,0.0234,true,1,146674
7290008757980,false,נקטר ספרינג רימונים קרטונית 1 ל',"יפאורה תבורי בע""מ",IL,ספרינג רימונים 1 ליט,,1000.00,,false,,7.90,0.0079,true,1,89927
7290008775816,false,ערגליות שוקו חדש12*300גרם 2020,מיוצר עי קונדיטוריית,IL,ערגליות שוקו אסם 300,,300.00,100 גרם,false,,11.50,0.0383,true,1,88122
7290008775823,false,ערגליות תות חדש12*300גרם 2020,מיוצר עי קונדיטוריית,IL,ערגליות תות אסם 300ג,,300.00,100 גרם,false,,11.50,0.0383,true,1,88123
7290008801522,false,"יין קינג דיויד קונקורד אדום 750 מ""ל",אגודת הכורמים הקואופ,IL,יין קינג דיוויד לבן,,750.00,,false,,22.90,0.0305,true,1,85750
7290008801546,false,"יין מוסקט קינג דויד 750 מ""ל",אגודת הכורמים הקואופ,IL,יין קינג דיוויד מוסק,,750.00,,false,,22.90,0.0305,true,1,85752
7290008801850,false,"יין סלקטד אמרלד ריזלינג 750מ""ל",אגודת הכורמים הקואופ,IL,יין סלקטד אמרלד ריזל,,750.00,,false,,29.90,0.0399,true,1,85754
7290008805049,false,סלקטד זינפנדל כרמל מזרחי 750 מל,"כד בני דרום בע""מ",IL,יין סלקטד זינפנדל 75,,750.00,,false,,29.90,0.0399,true,1,85772
7290008805384,false,"יין סלקטד מוסקטו 750מ""ל",אגודת הכורמים הקואופ,IL,ייו סלקטד מוסקטו 750,,750.00,,false,,29.90,0.0399,true,1,85773
7290008805964,false,"יין קברנה שיראז אזורית 750 מ""ל",אגודת הכורמים הקואופ,IL,יין קברנה/שיראז סדרה,,750.00,,false,,59.90,0.0799,true,1,85777
7290008835954,false,"פילה אמנון 5-7 וואקום בד""ץ.",בלאדי,IL,פילה אמנון 5-7 וואקו,קילוגרמים,1.00,"ק""ג",true,,29.90,29.9000,true,1,159403
7290008849470,false,ממרחפלפל צומה 185 ג' אוליביה,אוליביה גורמה בעמ,IL,פלפל צומה חריף אוליב,,185.00,100 גרם,false,,15.90,0.0859,true,1,94346
7290008849753,false,"רוטב טריאקי עשיר 360 מ""ל",מיוצר עי קונדיטוריית,IL,רוטב טריאקי עשיר אול,,300.00,,false,,15.90,0.0530,true,1,144692
7290008849777,false,רוטב צילי מתוק אוליביה 350 ג',קריות זול,IL,רוטב צילי מתוק 350 מ,,290.00,,false,,13.90,0.0479,true,1,144693
7290008909884,false,"קוקה קולה זירו 350 מ""ל בקבוק זכוכית",החברה המרכזית לייצור,IL,קוקה קולה זירו זכוכי,,330.00,,false,,7.50,0.0227,true,1,146770
7290010050109,false,רוזמרין/עירית,,,רוזמרין/עירית,יחידה,0.00,יחידה,false,,5.90,0.0000,true,1,98286
7290010051021,false,בזיליקום,,,בזיליקום,יחידה,0.00,יחידה,false,,5.90,0.0000,true,1,98288
7290010051052,false,פטרוזליה,,,פטרוזליה,יחידה,0.00,יחידה,false,,4.90,0.0000,true,1,98291
7290010051076,false,לבבות קיסר,,,לבבות חסה,יחידה,0.00,יחידה,false,,10.90,0.0000,true,1,98293
7290010051113,false,טימין קורנית ארוז,חקלאי,IL,קורנית (טימין),יחידה,0.00,יחידה,false,,5.90,0.0000,true,1,98295
7290010051120,false,מרווה 70 ג',,,מרווה,יחידה,0.00,יחידה,false,,5.90,0.0000,true,1,98296
7290010051144,false,תרד עלים 180גר,,,תרד עלים 180גר,,180.00,,false,,9.90,0.0550,true,1,98298
7290010051168,false,כוסברה ארוז,חקלאי,IL,כוסברה,יחידה,0.00,יחידה,false,,4.90,0.0000,true,1,98300
7290010051175,false,כוסברה/שמיר ארוז,,,כוסברה/שמיר ארוז,,1000.00,100 גרם,false,,4.90,0.0049,true,1,98301
7290010051182,false,נענע ארוזה,,,נענע ארוזה,יחידה,0.00,יחידה,false,,4.90,0.0000,true,1,98302
7290010051199,false,שורש פטרוזיליה,,,שורש פטרוזיליה,יחידה,0.00,יחידה,false,,5.90,0.0000,true,1,98303
7290010051205,false,סלרי אמריקאי.,,,סלרי אמריקאי.,,200.00,100 גרם,false,,6.90,0.0345,true,1,98304
7290010051212,false,סלרי ראש ארוז,,,סלרי ראש,יחידה,0.00,יחידה,false,,5.90,0.0000,true,1,98305
7290010051267,false,פרסה לוף שלם,חקלאי,IL,פרסה לוף שלם,יחידה,0.00,יחידה,false,,8.90,0.0000,true,1,98310
7290010051298,false,סלק עלים ארוז,,,סלק עלים ארוז,יחידה,0.00,יחידה,false,,6.90,0.0000,true,1,98312
7290010051311,false,סלרי חתוך,,,סלרי חתוך,,110.00,,false,,6.90,0.0627,true,1,132848
7290010051335,false,בצל ירוק,,,בצל ירוק,,110.00,100 גרם,false,,5.90,0.0536,true,1,98313
7290010051373,false,לבבות חסה א.אדמה,,,לבבות חסה א.אדמה,יחידה,0.00,יחידה,false,,9.90,0.0000,true,1,138173
7290010051403,false,סלרי אמריקאי ארוז,חקלאי,IL,שיבה,יחידה,0.00,יחידה,false,,5.90,0.0000,true,1,98314
7290010051434,false,חסה סלנובה,,,חסה סלנובה,יחידה,0.00,יחידה,false,,10.90,0.0000,true,1,140283
7290010051687,false,רוזמרין ארוז,,,רוזמרין,יחידה,0.00,יחידה,false,,5.90,0.0000,true,1,98317
7290010065721,false,פרינוק - מחית לפתן פירות 130 גרם,fruta,CZ,פרינוק מחית לפתן פיר,,130.00,100 גרם,false,,5.90,0.0454,true,1,144707
7290010116980,false,אבקת שוקולית שקית עלית 850 ג',הנסיך- מפעל לייצור ט,IL,שוקולית עלית 850גר,,820.00,,false,,18.90,0.0230,true,1,99598
7290010117864,false,דוריטוס בטעם חריף אש,שטראוס פריטו ליי בע,IL,דוריטוס חריף אש 70גר,,70.00,100 גרם,false,,4.70,0.0671,true,1,90796
7290010117970,false,סבבה בוטנים קלויים מצופים - אריזה אישית,"שטראוס פריטו ליי בע""",IL,בוטנים טבעי 50 גרם,,50.00,,false,,3.40,0.0680,true,1,141858
7290010153770,false,ציפוי לשניצל פיקנטי מיה 500 גר',מיה תעשיות מזון,IL,ציפוי לשניצל פיקנטי,,500.00,100 גרם,false,,10.90,0.0218,true,1,151102
7290010163069,false,צנובר שקדיה 100 גר,אף.סי תבליני בגליל ב,IL,צנובר 100גרם,,100.00,,false,,22.90,0.2290,true,1,96761
7290010237548,false,פפסי מקס בקבוק 500 מ``ל,טמפו משקאות בעמ,IL,פפסי מקס בקבוק 500 מ,,500.00,,false,,5.90,0.0118,true,1,86686
7290010259823,false,מנת השף מרק עם נודלס טעם עוף בדץ 70ג,נמצ'או(תאילנד) בעמ,TH,נודלס בטעם עוף מנת ה,,70.00,100 גרם,false,,5.90,0.0843,true,1,88670
7290010259830,false,מנת השף נודלס בסגנון סיני פיקנטי,נמצ'או(תאילנד) בעמ,TH,נודלס סגנון סיני פיק,,70.00,100 גרם,false,,5.90,0.0843,true,1,88671
7290010259861,false,מנת השף מרק עם נודלס בטעם ירקות בדץ 70ג,קריות זול,TH,נודלס בטעם ירקות מנת,,70.00,100 גרם,false,,5.90,0.0843,true,1,88674
7290010259991,false,וילי פוד צנימים בדץ 250ג,קריות זול,PT,צנימים ויליפוד 250גר,,250.00,100 גרם,false,,8.90,0.0356,true,1,88677
7290010328246,false,טחינה גולמית שומשום מלא אחווה 500 ג',,IL,טחינה משומשום מלא 50,,500.00,100 גרם,false,,12.90,0.0258,true,1,97747
7290010328253,false,טחינה משומשום טבעי 500 גר מהדרין,"אחדות ביח""ר בעמ",IL,טחינה גולמית 500 גרם,,500.00,100 גרם,false,,12.90,0.0258,true,1,97748
7290010328468,false,אחוה חטיפי מיני חלווה 12*18 יח,שוורצקוף& הנקל דיסלד,IL,חטיפי מיני חלבה ב3 ט,,216.00,,false,,13.90,0.0644,true,1,97750
7290010328505,false,"חלבה חטיפי מיני לייטר לל""ס אחוה 150ג'",אחדות ביחר לטחינה חל,IL,חטיפי מיני חלבה ללא,,15.00,,false,,13.90,0.9267,true,1,97752
7290010328895,false,מאפין בטעם שוקולד45 גרם אחוה,אחדות ביחר לטחינה חל,IL,מאפין שוקולד 45גר,,45.00,100 גרם,false,,3.20,0.0711,true,1,133574
7290010429554,false,"שמן זית כתית מעולה יד מרדכי 2 קלאסי, 750 מ""ל",מכוורת יד מרדכי שטרא,IL,שמן זית כתית מעולה ח,,750.00,100 גרם,false,,36.90,0.0492,true,1,99603
7290010454051,false,מפיות טרנדי תלת-שכבת,,,מפיות טרנדי תלת-שכבת,יחידה,0.00,יחידה,false,,7.90,0.0000,true,1,98889
7290010454167,false,מפות שולחן,,,מפות שולחן,יחידה,0.00,יחידה,false,,7.90,0.0000,true,1,98890
7290010454402,false,מפות שולחן,,,מפות שולחן,יחידה,0.00,יחידה,false,,7.90,0.0000,true,1,146536
7290010471669,false,יוגורט תות עם קורנפלקס מצופה שוקולד ללא גלוטן 3.9%,"שטראוס בריאות בע""מ",IL,דנונה בר תות קורנפלק,,173.00,100 גרם,false,,5.50,0.0318,true,1,95218
7290010548514,false,עשבי תיבול לבישול איטלקי,עיצובים 2020 (3.8),IL,עשבי תיבול לבישול אי,,70.00,100 גרם,false,,13.90,0.1986,true,1,132908
7290010632787,false,צימרוני אוזניים עץ 300יח',הדקלאים אגודת שיתופי,CN,צימרוני אוזניים עץ ב,,300.00,,false,,4.90,0.0163,true,1,144744
7290010766956,false,אוליביה ממרח פלפלים מתוקים אדומים 180 גר,אוליביה,IL,ממרח פלפלים מתוקים א,,180.00,100 גרם,false,,15.90,0.0883,true,1,94380
7290010838219,false,ממתיק על בסיס צמח הסטיביה - שקיות,תות ממתקי איכות,IL,סטיביה 100 שק,יחידה,0.00,יחידה,false,,31.90,0.0000,true,1,99090
7290010931330,false,סלט מטבוחה אחלה 500ג,מיוצר עי קונדיטוריית,IL,סלט מטבוחה אחלה 500ג,,500.00,100 גרם,false,,17.50,0.0350,true,1,95225
7290010945146,false,קוטג' 3% מועשר בסידן טרה 250 ג' מהדרין,קריות זול,IL,קוטג מועשר 3% 250גר,,250.00,100 גרם,false,,6.40,0.0256,true,1,91030
7290010945450,false,טרה גבינה לבנה מהדרין 3% 250ג,קריות זול,IL,גבינה לבנה מהדרין 3%,,250.00,100 גרם,false,,4.98,0.0199,true,1,91034
7290011017866,false,קוקה קולה קלאסי בפחית,החברה המרכזית לייצור,IL,קוקה קולה סליק 330מל,,330.00,100 גרם,false,,7.00,0.0212,true,1,100152
7290011017873,false,"קוקה קולה זירו פחית 330 מ""ל",החברה המרכזית לייצור,IL,קוקה קולה זירו סילק,,330.00,100 גרם,false,,7.00,0.0212,true,1,100153
7290011017880,false,דיאט קוקה קולה פחית סליק 330מל,החברה המרכזית לייצור,IL,קוקה קולה דיאט 330מל,,330.00,,false,,7.00,0.0212,true,1,100154
7290011018184,false,"אייס תה FUZE TEAאפרסק 500 מ""ל",מבשלות בירה בינלאומי,IL,פיוז טי אפרסק 500מל,,500.00,,false,,7.50,0.0150,true,1,100156
7290011018214,false,"פיוז תה מנגו אננס 500מ""ל",מבשלות בירה בעמ,IL,פיוז טי מנגו אננס 50,,500.00,100 גרם,false,,7.50,0.0150,true,1,146772
7290011018443,false,"פנטה אורנג פחית סליק 330 מ""ל",החברה המרכזית לייצור,IL,פאנטה אורנג' סליק 33,,330.00,,false,,7.00,0.0212,true,1,100167
7290011018924,false,דיאט קוקה קולה פרידג'פק סליק 6*330מל,החברה המרכזית לייצור,IL,קוקה קולה דיאט פחיות,,1980.00,,false,,29.90,0.0151,true,1,100175
7290011022457,false,תבנית 90 ארוז 8 ר2,,,תבנית 90 ארוז 8 ר2,יחידה,0.00,יחידה,false,,9.90,0.0000,true,1,159335
7290011022464,false,תבנית 210 ר99 ארוז 4,,,תבנית 210 ר99 ארוז 4,יחידה,0.00,יחידה,false,,9.90,0.0000,true,1,159332
7290011022495,false,תבנית 8A ארוז 10יח',,,תבנית 8A ארוז 10יח',יחידה,0.00,יחידה,false,,9.90,0.0000,true,1,159336
7290011022921,false,תבנית 105 ארוז 8יח',,,תבנית 105 ארוז 8יח',יחידה,0.00,יחידה,false,,9.90,0.0000,true,1,159333
7290011022952,false,תבנית עגולה ארוז 6יח,,,תבנית עגולה ארוז 6יח,יחידה,0.00,יחידה,false,,9.90,0.0000,true,1,159338
7290011108113,false,חסה מהדרין קטיף הארץ,,,חסה מהדרין קטיף הארץ,יחידה,0.00,יחידה,false,,6.90,0.0000,true,1,139252
7290011108823,false,פטרוזליה מהדרין,,,פטרוזליה מהדרין,,1000.00,100 גרם,false,,6.90,0.0069,true,1,164425
7290011108847,false,שמיר מהדרין,,,שמיר מהדרין,יחידה,0.00,יחידה,false,,6.90,0.0000,true,1,164428
7290011108892,false,כרוב לבן מהדרין,,,כרוב לבן מהדרין,קילוגרמים,1.00,"ק""ג",true,,13.90,13.9000,true,1,164432
7290011132583,false,"פפסי מקס ליים 500 מ""ל מארז שישייה","טמפו משקאות בע""מ",IL,*מבצע* פפסי מקס 6*50,,500.00,,false,,19.90,0.0398,true,1,167277
7290011148805,false,שעועית טריה עד 500 ג,,,שעועית טריה עד 500 ג,,500.00,100 גרם,false,,14.90,0.0298,true,1,167849
7290011194215,false,מעדן גבינה ויוגורט בטעם בננה 5% שומן 88 ג' דניאלה,"שטראוס בריאות בע""מ",IL,דניאלה מעדן בטעם בננ,,150.00,,false,,4.40,0.0293,true,1,95226
7290011194246,false,קוטג שטראוס 5% עם סידן 250ג,מיוצר עי קונדיטוריית,IL,גבינת קוטג׳ 5% שטראו,,250.00,,false,,5.90,0.0236,true,1,95227
7290011223038,false,עלים לקרמשניט - בונומי 300גרם,בונומי ס.פ.א,IT,עלים לקרמשניט 300גר,,400.00,100 גרם,false,,17.90,0.0447,true,1,99094
7290011236649,false,שקדיה שוקולד צ'יפס בלגי 300 ג',קריות זול,,נטיפי שוקולד צ'יפס א,,300.00,100 גרם,false,,9.90,0.0330,true,1,159776
7290011254254,false,נטיפים צמקאו בטעם שוקולד,מיה תעשיות מזון,IL,נטיפי שוקולד 300 גרם,,300.00,100 גרם,false,,10.90,0.0363,true,1,146098
7290011254490,false,סוכריות פירות יער ללא סוכר 80גרם,מיה תעשיות מזון,IL,סוכריות ללא סוכר פיר,,80.00,,false,,5.90,0.0738,true,1,104131
7290011378233,false,בארכה מאגדת חטיפי חלווה וניל ל.סוכר 120גר,רושדי תעשיות מזון בע,IL,בארכה חטיף חלבה וניל,,126.00,100 גרם,false,,14.90,0.1183,true,1,88138
7290011378769,false,בארכה - חטיף בקטנה חלבה וניל 20 גרם * 6,רושדי תעשיות מזון בע,IL,בארכה חטיף חלבה וניל,,126.00,100 גרם,false,,14.90,0.1183,true,1,143208
7290011378776,false,חלבה חטיף פיסטוק בארכה בקטנה מארז 126ג',רושדי תעשיות מזון בע,IL,בארכה חטיף חלבה פיסט,,126.00,100 גרם,false,,14.90,0.1183,true,1,88141
7290011379018,false,פטריות טריות מיקס מרינה זוגי 250X2ג',"מרינה פטריות הגליל בע""מ",IL,פטריות צמד חמד איטלק,,500.00,100 גרם,false,,16.90,0.0338,true,1,86443
7290011438142,false,"משקה יטבתה אייס קפה בבקבוק אישי 350 מ""ל",שטראוס גרופ,IL,אייס קפה יטבתה בבקבו,,350.00,,false,,6.90,0.0197,true,1,95233
7290011499105,false,בולגרית מסורתית 5% 250 גרם -רבנות,ג'נרל מילס סאן אדריא,IL,בולגרית 5% 250גר מחל,,250.00,100 גרם,false,,25.90,0.1036,true,1,85952
7290011499112,false,בולגרית מסורתית 16% 250 גרם - רבנות,"מיוצר ע""י dsh",IL,בולגרית 16% 250גר מח,,250.00,100 גרם,false,,25.90,0.1036,true,1,85953
7290011499129,false,בולגרית מעודנת קוביות קטנות 5% 200 גרם - רבנות,קוד יצרן DSH,IL,בולגרית מעודנת קוביו,,200.00,100 גרם,false,,25.90,0.1295,true,1,85954
7290011499303,false,פטה עיזים מעודנת 5% בגביע 250 גרם - רבנות,ג'נרל מילס סאן אדריא,IL,בולגרית עיזים מעודנת,,250.00,100 גרם,false,,32.90,0.1316,true,1,85958
7290011499327,false,גבינה בולגרית מעודנת 5% 250 גרם - רבנות,מיוצר על ידי DSH עבו,IL,בולגרית בקר מעודנת 2,,250.00,100 גרם,false,,25.90,0.1036,true,1,85959
7290011499341,false,קשקבל בוואקום 26% 200 גרם - רבנות,הנסיך- מפעל לייצור ט,IL,גבינה קאשקבל מחלבות,,250.00,100 גרם,false,,27.90,0.1116,true,1,85961
7290011499358,false,פטה עיזים מסורתית 20% בגביע 200 גרם - רובין,מיוצר על ידי קוד יצר,IL,פטה עיזים 200גר מחלב,,200.00,100 גרם,false,,29.90,0.1495,true,1,85962
7290011499365,false,גד חלומי 24% 200 גרם רובין,"מחלבות גד בע""מ",IL,גבינת חלומי מחלבות ג,,200.00,100 גרם,false,,23.90,0.1195,true,1,85963
7290011499419,false,גבינה במרקם שמנת בטעם טבעי 5% ניו יורק,מחלבות גד,IL,קרם שמנת ניו יורק טב,,200.00,100 גרם,false,,14.90,0.0745,true,1,139164
7290011499624,false,שמנת 30% ניו יורק טבעי 200 גרם רבנות,מחלבות גד,IL,גבינת שמנת ניו יורק,,200.00,100 גרם,false,,14.90,0.0745,true,1,85968
7290011499846,false,גבינת ריקוטה פרסקה 9% 300 ג' גד,מחלבות גד בעמ,IL,ריקוטה פרסקה 300גר מ,,300.00,100 גרם,false,,19.70,0.0657,true,1,85981
7290011501617,false,חמוציות ברכז פרי ללא,אף.סי תבליני בגליל ב,IL,חמוציות דל סוכר 250ג,,250.00,,false,,17.90,0.0716,true,1,96766
7290011505509,false,מזלגות מהודר עבה במי,הוסטס Hostess,,מזלג מהודר עבה הוסטס,יחידה,0.00,יחידה,false,,9.90,0.0000,true,1,168441
7290011515683,false,מעדן קפוא אקסטרים Extreme בטעם וניל - 6 יח',תות תעשיות מזון (201,IL,מאגדת אקסטרים וניל 6,יחידה,0.00,יחידה,false,,35.90,0.0000,true,1,143739
7290011518561,false,"אקטימל תות משפחתי מארז 14X100מ""ל",מיוצר עי קונדיטוריית,IL,אקטימל תות משפחתי 14,,1400.00,100 גרם,false,,33.70,0.0241,true,1,95240
7290011575007,false,"הפי מרסס שומר ברק למקלחון 750 מ""ל",מיפא,DE,הפי מרסס לאמבט 750 מ,,750.00,,false,,19.90,0.0265,true,1,143715
7290011587468,false,מוזלי קראנצ'י בתוספת אגוזים,ויטליה,,מוזלי קראנצי אגוז 60,,600.00,,false,,14.90,0.0248,true,1,127384
7290011587857,false,עגבניות מיובשות בשמן חמניות ועשבי תיבול תומר 250 ג',Sunto gida sun ve ti,,עגבניות מיובשות מתוב,,250.00,,false,,9.90,0.0396,true,1,127389
7290011598211,false,"סנו - אנטי קאלק מרסס ניקוי כללי 4 ב-1 700 מ""ל",מיוצר עי קונדיטוריית,IL,סנו אנטי קאלק ניקוי,,700.00,100 גרם,false,,21.90,0.0313,true,1,89469
7290011607197,false,"אבקת כביסה קולון 5 ק""ג",רקיט בנקיזר,IL,*מבצע* קולון 101כתמי,קילוגרמים,5.00,"ק""ג",false,,34.90,6.9800,true,1,96524
7290011615406,false,בולגרית בקוביות בשמן ותבלינים הבולגריה 325 ג' קוליוס,"קוליוס אס. איי, גריק",GR,הבולגריה בקוביות בשמ,,325.00,100 גרם,false,,15.90,0.0489,true,1,88686
7290011725013,false,כוסברה ארוזה למהדרין,ברכת קטיף,IL,כוסברה גלאט,,1000.00,,false,,6.90,0.0069,true,1,98334
7290011725037,false,נענע ארוזה למהדרין,ברכת קטיף,IL,נענע גלאט,,1000.00,100 גרם,false,,6.90,0.0069,true,1,98336
7290011725440,false,שמיר למהדרין היתר מכ,,,שמיר מהדרין,יחידה,0.00,יחידה,false,,6.90,0.0000,true,1,164331
7290011877859,false,סנו אינסטלטור חדש פותח סתימות 200ג',מיוצר עי קונדיטוריית,IL,*מבצע* סנו אינסטלטור,,200.00,100 גרם,false,,11.90,0.0595,true,1,89488
7290011877866,false,אבקת כביסה סנו מקסימה בניחוח Musk,"איי, בי, אינבוו",IL,סנו מקסימה מאסק אבקת,קילוגרמים,6.00,"ק""ג",false,,49.90,8.3167,true,1,143488
7290011885007,false,פקאן סיני הטיב 200 ג,דין שיווק,,פקאן סיני 200גר,,200.00,100 גרם,false,,23.90,0.1195,true,1,147237
7290011964344,false,תבלין שום גבישי 120 ג',תות ממתקי איכות,IL,שום גבישי 120גר,,120.00,100 גרם,false,,12.90,0.1075,true,1,95927
7290011964658,false,תבלין מלח לימון טעם,תות ממתקי איכות,IL,מלח לימון 170גר,,170.00,100 גרם,false,,10.90,0.0641,true,1,95934
7290011964689,false,תבלין תיבול על האש ללא מונוס' 100ג',תות ממתקי איכות,IL,תיבול על האש ללא מונ,,100.00,100 גרם,false,,10.90,0.1090,true,1,95935
7290011964702,false,תבלין תיבול לשווארמה ללא מונוסו' 100ג',תות ממתקי איכות,IL,תיבול לשווארמה ללא מ,,100.00,,false,,10.90,0.1090,true,1,95937
7290012001994,false,חרדל דיז'ון גרעינים 350 ג' ריין דיזון,ריין דיז'ון reine dijon,FR,חרדל דיזון גרעינים 3,,350.00,100 גרם,false,,15.90,0.0454,true,1,89059
7290012022203,false,פריכיות קליליות חיטה,דילייט,,קליליות (פריכיות) חי,,100.00,100 גרם,false,,15.90,0.1590,true,1,100776
7290012022227,false,פריכיות קליליות בטעם,דילייט,,קליליות (פריכיות) חי,,100.00,,false,,13.90,0.1390,true,1,100777
7290012022272,false,פריכיות קליליות קידס,דילייט,,קליליות קידס 30גר,,30.00,,false,,12.90,0.4300,true,1,135318
7290012030512,false,ל.מ כחול לייבל ארוך,פיליפ מוריס,,אל אם כחול ארוך,יחידה,0.00,יחידה,false,,32.00,0.0000,false,1,146439
7290012086113,false,עגבניות שרי צימן קופסא 500ג',ירקט,IL,שרי קלמר ארוז 450 גר,,450.00,100 גרם,false,,9.90,0.0220,true,1,152046
7290012116360,false,פוליויקס לטיפול ברצפות גרניט פורצלן וקרמיקה,"מפעלי סנו ברונוס בע""",IL,פוליויקס גרניט פורצל,ליטרים,2.00,ליטר,false,,24.90,12.4500,true,1,89497
7290012117541,false,מרכך כביסה מקסימה קומפקט צהוב 1 ל' סנו,סנו מקסימה,IL,סנו מקסימה קומפקט צה,,1000.00,,false,,19.90,0.0199,true,1,89513
7290012117558,false,מרכך כביסה קומפקט מאסק ורוד סנו מקסימה 1 ל',"סנו מפעלי ברונוס בע""",IL,סנו מקסימה קומפקט מא,,1000.00,,false,,19.90,0.0199,true,1,89514
7290012117572,false,כפפות לטקס 100 יח' - M סנו סושי,סנו סושי,TH,M סנו סושי כפפות לטק,יחידה,0.00,יחידה,false,,24.90,0.0000,true,1,153866
7290012117589,false,כפפות סנו סושי לטקס L אריזת 100יח',סנו סושי,TH,L סנו סושי כפפות לטק,יחידה,0.00,יחידה,false,,24.90,0.0000,true,1,153867
7290012191022,false,גפרורים,,,גפרורים,יחידה,0.00,יחידה,false,,4.90,0.0000,true,1,155792
7290012191985,false,גפרור קטן מנורה,,,גפרור קטן מנורה,יחידה,0.00,יחידה,false,,2.90,0.0000,true,1,86813
7290012226014,false,נקניקיות וינר זוגלובק 800 גרם,נקניק נהריה כשר זוגל,,נקניקיות וינר זוגלוב,,800.00,100 גרם,false,,23.90,0.0299,true,1,101374
7290012226021,false,סלמי מעושן פראג יבש 400 ג' זוגלובק,נקניק נהריה כשר זוגל,IL,*מבצע* סלמי מעושן פר,,400.00,100 גרם,false,,15.90,0.0398,true,1,101375
7290012227325,false,סלמי דק דק מעושן איטלקי 120 ג' זוגלובק,זוגלובק,IL,סלמי מעושן דק דק 120,,120.00,100 גרם,false,,14.90,0.1242,true,1,137637
7290012227400,false,נקניקיות עוף זוגלובק 800 גרם,נקניק נהריה כשר זוגל,,נקניקיות עוף זוגלובק,,800.00,100 גרם,false,,23.90,0.0299,true,1,124021
7290012227615,false,נקניקיות עוף זוגלובק 800 ג' מחפוד,זוגלובק,IL,נקניקיות עוף מחפוד 8,,800.00,100 גרם,false,,23.90,0.0299,true,1,147330
7290012227912,false,קבנוס עודן 135 ג' זוגלובק,זוגלובק,,קבנוס מעודן זוגלובק,,135.00,100 גרם,false,,13.90,0.1030,true,1,101404
7290012227974,false,פסטרמה הודו בדבש טהור דק דק דק,זוגלובק,IL,פסטרמה בדבש דק דק 12,,120.00,100 גרם,false,,14.90,0.1242,true,1,137638
7290012227981,false,פסטרמה דק דק ברביקיו 120 ג' זוגלובק,זוגלובק,IL,פסטרמה ברביקיו דק דק,,120.00,100 גרם,false,,14.90,0.1242,true,1,137639
7290012227998,false,פסטרמה דק דק חזה בקר 120 ג' זוגלובק,זוגלובק,IL,חזה בקר דק דק 120גר,,120.00,,false,,14.90,0.1242,true,1,137640
7290012228261,false,נקנקיות קנקרס הודו ועוף ריינהולד'ס זוגלובק 300 ג',זוגלובק,IL,נקניקיות הודו פרמיום,,300.00,100 גרם,false,,19.90,0.0663,true,1,139893
7290012228278,false,נקנקיות בוקוורסט עוף ובקר ריינהולד'ס 310 ג' זוגלובק,זוגלובק,IL,נקניקיות הודו בקר רי,,310.00,100 גרם,false,,19.90,0.0642,true,1,139894
7290012228766,false,קבנוס מחפוד זוגלובק,זוגלובק,IL,קבנוס מחפוד זוגלובק,,120.00,,false,,12.90,0.1075,true,1,160968
7290012309311,false,ערמונים קלופים וקלויים,"דין שיווק וקליה בע""מ",CN,ערמונים קלופים שלמים,,100.00,100 גרם,false,,7.50,0.0750,true,1,96770
7290012459726,false,עמבה פרימיום 500 גרם,,,עמבה פרימיום 500 גרם,,500.00,100 גרם,false,,10.90,0.0218,true,1,164607
7290012483233,false,אנשובי ארוך בשמן זית צנצנת 80ג' ויליפוד,נמצאו,ES,אנשובי ארוך בשמן זית,,80.00,,false,,14.90,0.1863,true,1,131352
7290012522581,false,טבעול שניצל תירס ללא גלוטן טבעול 664 גרם,עיצובים 2020 (4.8),IL,שניצל תירס ללא גלוטן,,664.00,100 גרם,false,,29.90,0.0450,true,1,88167
7290012576607,false,"יין פרימייר אדום קברנה סובניון ומלבק 750 מ""ל","ברקן שיווק והפצה בע""",IL,יין פרימייר אדום קבר,,750.00,,false,,29.90,0.0399,true,1,86711
7290012576614,false,יין Premieur לבן חצי יבש אמרלד ריזלינג קולומברד,יקבי ברקן שיווק והפצ,IL,יין פרימייר לבן ריזל,,750.00,,false,,29.90,0.0399,true,1,86712
7290012642883,false,פלפלונים צהובים כבוש,Satko ltd,,פלפלונים צהובים כבוש,,530.00,100 גרם,false,,10.90,0.0206,true,1,143050
7290012645297,false,סוסיא יוגורט עיזים ביו 2.8% ט.טבעי 150מל,מחלבות סוסיא,IL,יוגורט עיזים בטעם טב,,150.00,100 גרם,false,,5.90,0.0393,true,1,100965
7290012645389,false,יוגורט עיזים טבעי חלב הארץ 1 ל',מחלבות סוסיא,IL,יוגורט טבעי בקבוק 1ל,,1000.00,,false,,23.90,0.0239,true,1,100969
7290012803055,false,ממתיק על בסיס סוכרלוז - שקיות,תות ממתקי איכות,IL,סוכרלוז מרמולייט 100,,100.00,100 גרם,false,,29.90,0.2990,true,1,99129
7290012823381,false,מרכך כביסה מקסימה סנסיטיב מרוכז ורוד 1 ל' סנו,"סנו מפעלי ברונוס בע""",IL,סנו מקסימה ורוד סנסט,,1000.00,100 גרם,false,,19.90,0.0199,true,1,89521
7290012864001,false,נביטי חמניה 170ג',חקלאי,IL,נבטי חמניות,יחידה,0.00,יחידה,false,,8.90,0.0000,true,1,98344
7290012864025,false,נבטי אלפלפא,חקלאי,IL,נבטים,יחידה,0.00,יחידה,false,,7.90,0.0000,true,1,98345
7290012901355,false,דודלס ארוחת אטריות עם גבינה 206 גרם,האי נאם סי או אל.טי.,US,פסטה מקרוני עם גבינה,,206.00,,false,,12.90,0.0626,true,1,87321
7290012938405,false,רדיד אלומניום דיימונד 087- עבה במיוחד,,,דאיימונד נייר כסף 87,,0.45,,false,,22.90,50.8889,true,1,96405
7290012962165,false,כפפות משק בית EASY TOUCH - S,,,כפפות משק בית איזי ט,יחידה,0.00,יחידה,false,,5.90,0.0000,true,1,94717
7290012962912,false,כפפות ניטרל סייף טאץ,,,כפפות ניטרל סייף טאץ,,100.00,,false,,25.90,0.2590,true,1,168487
7290012962929,false,כפפות ניטרל סייף טאץ,,,כפפות ניטרל סייף טאץ,,100.00,,false,,25.90,0.2590,true,1,168488
7290012962936,false,כפפות ניטריל סייף טא,,,כפפות ניטריל 100יח L,יחידה,0.00,יחידה,false,,29.90,0.0000,true,1,168460
7290012962974,false,כפית מהודרת עבה במיו,F.T.I,,כפית מהודרת עבה 50יח,,50.00,,false,,9.90,0.1980,true,1,168444
7290013117410,false,בצק פריך מרודד למאפים מתוקים 900 ג' מעדנות,מיוצר עי קונדיטוריית,IL,בצק פריך מרודד למאפי,,900.00,100 גרם,false,,24.90,0.0277,true,1,92591
7290013117526,false,מעדנות בצק שמרים למאפים מתוקים 900 גרם,"מעדנות בע""מ",IL,בצק שמרים למאפים מתו,,900.00,100 גרם,false,,24.90,0.0277,true,1,92595
7290013268020,false,סנו - מקסימה מרכך כביסה מרוכז אולטרה פרש 1 ליטר,"סנו מפעלי ברונוס בע""",IL,סנו מקסימה אולטרא פר,,1000.00,100 גרם,false,,19.90,0.0199,true,1,89531
7290013268990,false,סנו - מקסימה מרכך כביסה מרוכז ביו 1 ליטר,"סנו מפעלי ברונוס בע""",IL,סנו מקסימה ביו 1ליטר,,1000.00,100 גרם,false,,19.90,0.0199,true,1,114519
7290013269645,false,מטליות לחות לניקוי הרצפה בניחוח מאסק ריצפז פרש,סנו מפעלי ברונוס בעמ,IL,מטליות לחות ריצפז פר,יחידה,0.00,יחידה,false,,14.90,0.0000,true,1,89560
7290013269751,false,מטליות לחותריצפז פרש לניקוי ריצפה בניחות מלון בוטיק 10 יח' סנו,טרופיקל דגיל תעשיות,IL,ריצפז פרש הום מטליות,,10.00,,false,,14.90,1.4900,true,1,140913
7290013310101,false,"שיפודי במבוק ג'מבו 50 יח' עובי 5 מ""מ אורך 30 ס""מ",הדקלאים אגודת שיתופי,CN,שיפודי במבוק ג'מבו 5,,50.00,,false,,4.90,0.0980,true,1,168477
7290013358356,false,מאסטר שף - פירורי לחם מוזהבים 320 גרם,מנה י.א בעמ,IL,פירורי לחם מוזהבים מ,,320.00,100 גרם,false,,8.90,0.0278,true,1,91578
7290013358363,false,פירורי לחם פנקו מזוהבים מאסטר שף מנה 300 ג',קריניציה ויטמינה אס,IL,פירורי לחם פנקו מאסט,,300.00,100 גרם,false,,9.90,0.0330,true,1,91579
7290013358370,false,פירורי לחם פנקו בטעם שום מאסטר שף 300 ג',"מיוצר ע""י מנה י.א בע",IL,פירורי לחם פנקו בטעם,,300.00,100 גרם,false,,9.90,0.0330,true,1,91580
7290013358462,false,"מיני קרוטונים למרק בתיבול שום, בצל ופטרוזיליה","עינת תעשיות מזון, אג",IL,מיני קרוטונים למרק ש,,350.00,,false,,18.90,0.0540,true,1,127854
7290013358523,false,מאסטר שף שבבי בצל מטוגן 150ג,קריניציה ויטמינה אס,NL,שבבי בצל מטוגן מאסטר,,150.00,,false,,13.90,0.0927,true,1,143848
7290013358530,false,מאסטר שף אסייאתי רוטב צ'ילי מתוק 700 מל,קריניציה ויטמינה אס,TH,רוטב צילי מתוק מאסטר,,700.00,100 גרם,false,,14.90,0.0213,true,1,91586
7290013472199,false,ערמונים קלוף וקלוי ו.פוד 105 ג',בייג'גג פוינונג,CN,ערמונים ויליפוד 100ג,,100.00,,false,,7.90,0.0790,true,1,88693
7290013492005,false,אמא אדמה תפוח אדמה למיקרו 700 גר',ברכת קטיף,IL,"תפו""א למיקרו",יחידה,0.00,יחידה,false,,7.90,0.0000,true,1,98348
7290013531117,false,רוטב פסטה לילדים 240 גרם יכין,"זנלכל בע""מ",IL,רוטב פסטה לילדים יכי,,240.00,100 גרם,false,,6.90,0.0288,true,1,87213
7290013531377,false,תורמוס יכין 560 גרם,היינץ צפון אמריקה מק,IL,תורמוס יכין 560 גרם,,560.00,100 גרם,false,,10.90,0.0195,true,1,87217
7290013531612,false,רוטב נפוליטנה יכין 240 ג',,,רוטב נפוליטנה יכין 2,,240.00,,false,,6.90,0.0288,true,1,87222
7290013531629,false,רוטב פומדורו יכין 240ג,היינץ צפון אמריקה מק,IL,רוטב פומדורו יכין 24,,240.00,100 גרם,false,,6.90,0.0288,true,1,87223
7290013542151,false,נרות מספרים 4 6 8 10,,,נרות מספרים 4 6 8 10,יחידה,0.00,יחידה,false,,6.90,0.0000,true,1,135607
7290013542236,false,כוסות חד פעמי .א'ר 100 יח',,,כוסות ח.פ א'ר 100 דנ,,100.00,,false,,7.90,0.0790,true,1,100955
7290013542342,false,נייר אפייה ביתי אר 5,,,נייר אפייה ביתי אר 5,יחידה,0.00,יחידה,false,,10.90,0.0000,true,1,164907
7290013585387,false,קוקה קולה זירו בקבוק,החברה המרכזית לייצור,IL,קוקה קולה זירו 1ליטר,,1000.00,100 גרם,false,,7.70,0.0077,true,1,100197
7290013585394,false,קוקה קולה קלאסי,החברה המרכזית לייצור,IL,קוקה קולה 1ליטר,,1000.00,100 גרם,false,,7.70,0.0077,true,1,100198
7290013608260,false,פרימור מיץ רימונים 100% סחוט טרי 1ל',"גניר (1992) בע""מ",IL,פרימור רימונים סחוט,,1000.00,100 גרם,false,,24.90,0.0249,true,1,95244
7290013675545,false,שניצל כלי תחבורה מאמא עוף 700 ג',,,שניצל כלי תחבורה 700,,700.00,100 גרם,false,,39.90,0.0570,true,1,138772
7290013702388,false,"שוופס וואטר תפוח 500מ""ל",יפאורה תבורי בעמ,IL,שוופס מים בטעם תפוח,,500.00,100 גרם,false,,5.90,0.0118,true,1,143637
7290013702883,false,"שוויפס למונדה ורודה 500 מ""ל",,,שוופס לימונדה ורודה,,500.00,,false,,6.50,0.0130,true,1,128016
7290013847102,false,נתחי טונה בהירה בשמן - מארז שלישיה,סטארקיסט Starkist,,טונה סטארקיסט בשמן 3,,240.00,100 גרם,false,,13.90,0.0579,true,1,143366
7290013847454,false,טונה בשמן קנולה סטארקיסט 4*160 ג',קריות זול,,טונה בשמן קנולה רביע,,640.00,100 גרם,false,,26.90,0.0420,true,1,164161
7290013847867,false,מארז זוג טונה בשמן סויה 140 ג' סטארקיסט,טונה ויטנאם קו. אל.ט,IL,טונה סטארקיסט בשמן ס,,140.00,100 גרם,false,,13.90,0.0993,true,1,158169
7290013848345,false,מארז מטליות לחיטוי וניקוי יסודי אנטיבקטריאלי 99.9%,סנו מפעלי ברונוס בעמ,IL,סנו מטליות לחות לחיט,יחידה,0.00,יחידה,false,,24.90,0.0000,true,1,159161
7290013861429,false,שומשום 250 ג' מתוקים של שושון,קריניציה ויטמינה אס,IL,חטיף שומשום250גר,,250.00,,false,,10.90,0.0436,true,1,133570
7290013861443,false,בוטנים 250 ג' מתוקים של שושון,קריניציה ויטמינה אס,IL,חטיף בוטנים 250גר,,250.00,100 גרם,false,,10.90,0.0436,true,1,133564
7290013906212,false,"נקנקיות וינר טירת 1 ק""ג טירת צבי",הנסיך- מפעל לייצור ט,IL,נקניקיות וינר טירת צ,,1000.00,100 גרם,false,,29.90,0.0299,true,1,128060
7290013906687,false,פסט' צמד כפרית ברביקיו ודבש 300X2ג' טירת צבי,הנסיך- מפעל לייצור ט,IL,פסטרמה צמד מארז כפרי,,600.00,100 גרם,false,,28.90,0.0482,true,1,131590
7290013927101,false,אחווה עוגה תפוחים ללא תוספת סוכר 450גר,אחדות ביחר לטחינה חל,IL,עוגת תפוחים ללא תוספ,,450.00,100 גרם,false,,14.90,0.0331,true,1,146252
7290014002944,false,גן קסום חליטת פירות וצמחים חמדת שקד 25 שקיקים,HIQ FOOD PRODUCTS,IL,תה הגן הקסום חליטת פ,,57.50,100 גרם,false,,19.90,0.3461,true,1,150607
7290014066380,false,לנדוור-קפסולות אספרסו סופרימו(10) - 10יח'12X יח,קפה לנדוור,IL,לנדוור קפסולות אספרס,,50.00,100 גרם,false,,15.90,0.3180,true,1,158969
7290014066533,false,לנדוור-קפסולות אספרסו קלייה כפולה(12) - 10יח'12X יח,לנדוור,IL,לנדוור קפסולות אספרס,,50.00,100 גרם,false,,15.90,0.3180,true,1,158971
7290014079847,false,צמד פטריות בייבי בלה,"מרינה פטריות הגליל בע""מ",IL,צמד פטריות בייבי בלה,,500.00,100 גרם,false,,16.90,0.0338,true,1,86456
7290014083479,false,גבינת גאודה פרוסות 150 גרם 29% שומן,ג.וילי פוד אינטרנשיו,IL,גבינת גאודה פרוסה חצ,,150.00,100 גרם,false,,12.90,0.0860,true,1,88700
7290014083813,false,וילי פוד מריגה שפרוטים מעושנים בשמן 190ג,הנסיך- מפעל לייצור ט,LV,שפרוטים מעושנים בשמן,,190.00,100 גרם,false,,10.90,0.0574,true,1,88704
7290014094352,false,אגוזי מלך בקופסא 200 ג',"דין שיווק וקליה בע""מ",,אגוזי מלך בקופסא 200,ליטרים,200.00,ליטר,false,,19.90,0.0995,true,1,96791
7290014094376,false,שזיפים ללא גלעין ששו,"דין שיווק וקליה בע""מ",,שזיף ללא גלעין 250 ג,,250.00,100 גרם,false,,23.90,0.0956,true,1,96793
7290014094390,false,חמוציות מסוכרות ששון,"דין שיווק וקליה בע""מ",,חמוציות 250 גרם קופס,,250.00,100 גרם,false,,17.90,0.0716,true,1,96795
7290014094659,false,בונדוק טבעי בקופסא 2,דין שיווק,IL,בונדוק טבעי בקופסא 2,,250.00,100 גרם,false,,24.90,0.0996,true,1,96805
7290014094895,false,אגוזים קלופים ששון הקולה 150 ג',,,אגוזי מלך שקית 150גר,,150.00,,false,,10.90,0.0727,true,1,96814
7290014095861,false,שיבולת שועל דקה להכנה מהירה,"דין שיווק וקליה בע""מ",IL,קוואקר שיבולת שועל ד,,500.00,100 גרם,false,,7.90,0.0158,true,1,96816
7290014095960,false,שיבולת שועל עבה להכנה מהירה,"דין שיווק וקליה בע""מ",IL,קוואקר שיבולת שועל ע,,500.00,,false,,7.90,0.0158,true,1,96817
7290014138971,false,לפידונים - כוסיות שמן זית מוצק - 44 כוסיות,מנורה,,ערכת לפידונים משמן ז,יחידה,0.00,יחידה,false,,59.90,0.0000,true,1,139904
7290014138988,false,לפידונים נוזלי 44 כוסיות עם שמן זית להדלקה בחנוכה,מנורה,,ערכת לפידונים משמן ז,יחידה,0.00,יחידה,false,,59.90,0.0000,true,1,86815
7290014204560,false,"סבון נוזלי שלישייה * 500 מ""ל פנינה",,,*מבצע* סבון שלישייה,ליטרים,1.50,ליטר,false,,10.90,7.2667,true,1,168435
7290014217027,false,תבלין טי בול לעוף 120 גר',תות ממתקי איכות,IL,תיבול עוף 120גר,,120.00,100 גרם,false,,14.90,0.1242,true,1,95944
7290014217065,false,תבלין אורגנו עלים 30 גר',תות ממתקי איכות,IL,אורגנו מיכל גדול 30ג,,30.00,100 גרם,false,,10.90,0.3633,true,1,95948
7290014217119,false,תערובת לצ'יפס מיכל 100 ג',תות ממתקי איכות,IL,מיכל תערובת לצ'יפס 1,,100.00,100 גרם,false,,10.90,0.1090,true,1,95949
7290014217140,false,תבלין ראס אל חנות טעם וריח 100ג',תות ממתקי איכות,IL,תבלין ראס אל חנות 10,,100.00,100 גרם,false,,10.90,0.1090,true,1,152581
7290014217225,false,תבלין גריל עוף מיכל 120גר,תות ממתקי איכות,IL,גריל עוף מיכל 120גר,,120.00,,false,,11.90,0.0992,true,1,95956
7290014217263,false,תערובת תיבול לפרגיות 100ג',תות ממתקי איכות,IL,תערובת תיבול לפרגיות,,100.00,100 גרם,false,,10.90,0.1090,true,1,95957
7290014217393,false,אבקת צילי חריף 30 גר,,,אבקת צ'ילי חריף 30 ג,,30.00,100 גרם,false,,7.90,0.2633,true,1,163896
7290014217478,false,תערובת עשבי תיבול איטלקי ים תיכוני 30ג',תות ממתקי איכות,IL,תערובת עשבי תיבול אי,,30.00,100 גרם,false,,10.90,0.3633,true,1,95964
7290014218932,false,חטיפי פיצה בתוספת זיתים 710 ג' מעדנות,מיוצר עי קונדיטוריית,IL,חטיפי פיצה בתוספת זי,,710.00,,false,,34.90,0.0492,true,1,141285
7290014241763,false,פיצוחי הטיב קשיו טבעי 200 גר,דין שיווק,,קשיו טבעי 200גר,,200.00,100 גרם,false,,18.90,0.0945,true,1,147240
7290014256637,false,יין לבן מתוק מבעבע Buzz מוסקטו,יקבי כרמל Carmel Winery,IL,באז משקה מבוסס יין מ,,750.00,,false,,27.90,0.0372,true,1,142411
7290014325050,false,קורנפלור מיה 500 גרם,מיה תעשיות מזון בעמ,IL,קורנפלור 500 גרם,,500.00,100 גרם,false,,7.90,0.0158,true,1,128206
7290014426061,false,משחת שיניים הלו קיטי בטעם ענבים לגיל 2-6,כצט נוביס,IL,הלו קיטי משחת שיניים,,50.00,,false,,11.90,0.2380,true,1,145528
7290014435704,false,סלמון מעושן 100גר' שמיר,שבעת הימים - שמיר,IL,סלמון מעושן 100גר,,100.00,100 גרם,false,,24.90,0.2490,true,1,95797
7290014435803,false,מטיאס הולנדי (פרובנציאל) עם בצל בשמן 180 גרם,שבעת הימים - שמיר,IL,מטיאס הולנדי (פרובנצ,,180.00,,false,,25.90,0.1439,true,1,95799
7290014435810,false,הרינג כבוש ובצל במרינת חמוץ מתוק שמיר 180 ג',שבעת הימים - שמיר,IL,הרינג כבוש עם בצל במ,,180.00,100 גרם,false,,25.90,0.1439,true,1,95800
7290014455245,false,גבינת גרנה פדנו משולש 29% 200 גרם בית יוסף,מחלבת סוציאלה מנטובה,IT,גרנה פדנו משולש מחלב,,200.00,100 גרם,false,,29.30,0.1465,true,1,85986
7290014455252,false,גבינה קשה מגורדת גרנה פדנו 29% שומן,מחלבות גד שיווק 1992,IT,*מבצע* גרנה פדנו מגו,,100.00,100 גרם,false,,11.00,0.1100,true,1,85987
7290014455320,false,גבינה כדורי מוצרלה פרסקה גד 100ג',מחלבות גד בעמ,IL,כדור מוצרלה פרסקה 18,,100.00,,false,,11.20,0.1120,true,1,85991
7290014455467,false,ירח מתוק מעדן חלב 2% ושיבולת שועל גד 150ג',מחלבות גד,IL,מעדן שיבולת שועל וחל,,150.00,100 גרם,false,,6.50,0.0433,true,1,85995
7290014459137,false,"צ'יפס תפוגן סטייק 1.5 ק""ג","תעשיות תפוגן בע""מ",IL,ציפס סטייק תפוגן 1.5,,1500.00,,false,,27.90,0.0186,true,1,88205
7290014459632,false,"צ'יפס טוגן תפוגן 1.5 ק""ג",עיצובים 2020 (4.5),IL,ציפס טוגן תפוגן 1.5,,1500.00,100 גרם,false,,25.90,0.0173,true,1,148808
7290014471443,false,"גרנולה צימוקים אגוזים ושקדים1 ק""ג חדש - 443 כתום שקדיה (כתום)",דין שיווק,IL,גרנולה עם צימוקים אג,,1000.00,100 גרם,false,,19.90,0.0199,true,1,96821
7290014534698,false,פסטה תלתל 65 400 ג' לה פסטה,,,פסטה לה פסטה תלתל 40,,400.00,100 גרם,false,,5.90,0.0148,true,1,143069
7290014651920,false,פיצוחי הטיב קבוקים שומשום 200ג,,,קבוקים שומשום 200גר,,200.00,100 גרם,false,,7.90,0.0395,true,1,147242
7290014692299,false,גבינת ברי 125 ג' קסטיאלו ויליפוד,יורו צ'יז Euro Cheese,DK,גבינת ברי קאסטללו יו,,125.00,100 גרם,false,,22.90,0.1832,true,1,88705
7290014692305,false,גבינת קממבר 125ג' CASTELLO ויליפוד,הנסיך- מפעל לייצור ט,DK,גבינת קממבר יורוציז,,125.00,100 גרם,false,,22.90,0.1832,true,1,88706
7290014692541,false,גבינת מגורדת 500ג' GOLDEN,ג.וילי פוד אינטרנשיו,IL,אמה מגורדת 500גר,,500.00,100 גרם,false,,21.90,0.0438,true,1,88714
7290014758100,false,מאגדת יוגורט ביו 3% שומן 8 יח' *150ג' תנובה,מיוצר עי קונדיטוריית,IL,יוגורט ביו מאגדת שמי,,1200.00,,false,,17.50,0.0146,true,1,93013
7290014758117,false,מאגדת יוגורט ביו 1.5% שומן 8 יח' *150 ג' תנובה,מיוצר עי קונדיטוריית,IL,יוגורט ביו מאגדת שמי,,1200.00,100 גרם,false,,17.50,0.0146,true,1,93014
7290014758681,false,קוטג' תנובה 1% גביע 250 ג',מיוצר עי קונדיטוריית,IL,גבינת קוטג׳ 1% בגביע,,250.00,,false,,5.90,0.0236,true,1,93033
7290014759084,false,גבינת שמנת 16% בטעם טבעי 225 ג' נפוליאון,תנובה מרכז שיתופי לש,IL,גבינת נפוליאון 16% 2,,225.00,100 גרם,false,,14.90,0.0662,true,1,93039
7290014759909,false,פיראוס פטה עזים פיראוס 5% 250גר,"תנובה, מחלבת טנא נוג",IL,פטה עיזים 5% פיראוס,,250.00,,false,,31.50,0.1260,true,1,93046
7290014759978,false,"גבינת קצקבל פלח גלעד 27%, 200 ג'",תנובה,IL,קאשקבל פלח 200 גר,,200.00,100 גרם,false,,28.90,0.1445,true,1,93047
7290014759992,false,גבינת רוקפור גליל פלח 140 ג' תנובה,"תנובה, מחלבת תל יוסף",IL,רוקפור פלח 140גר,,140.00,100 גרם,false,,19.90,0.1421,true,1,93049
7290014760134,false,מעדן סויה בטעם וניל אלטרנטיב,תנובה Alternative,IL,מעדן סויה בטעם וניל,,125.00,100 גרם,false,,4.30,0.0344,true,1,111547
7290014760141,false,משקה שקדים תנובה E אלטרנטיב,תנובה Alternative,IL,משקה שקדים טרי 1ליטר,,1000.00,,false,,13.50,0.0135,true,1,93051
7290014760448,false,גבינה צהובה גלבוע 400 גרם 22% שומן תנובה,מחלבת בית יצחק,IL,גבינה צהובה 22% שומן,,400.00,,false,,26.50,0.0663,true,1,93052
7290014760912,false,פרוסות גבינה 28% שומן 400 ג' גוש חלב,תנובה מרכז שיתופי לש,IL,צהובה גוש חלב 28% 40,,400.00,,false,,28.50,0.0713,true,1,149578
7290014761056,false,מעדן שוקולד חלב מעולה 123 ג' יולו,מיוצר עי קונדיטוריית,IL,מעדן שוקולד חלב יולו,,123.00,100 גרם,false,,4.80,0.0390,true,1,93065
7290014761063,false,מעדן שוקולד מריר מעולה 123 ג' יולו,מיוצר עי קונדיטוריית,IL,מעדן שוקולד מריר יול,,123.00,,false,,4.80,0.0390,true,1,93066
7290014761070,false,מעדן שוקולד לבן מעולה 123 ג' יולו,מיוצר עי קונדיטוריית,IL,מעדן שוקולד לבן יולו,,123.00,100 גרם,false,,4.80,0.0390,true,1,93067
7290014761414,false,מעדן שכבות שוקולד חלב ולבן 123 ג' יולו,מיוצר עי קונדיטוריית,IL,יולו מעדן שכבות שוקו,,123.00,100 גרם,false,,4.80,0.0390,true,1,93078
7290014761612,false,מעדן עם שוקולד מריר ולבן 122 ג' יולו,מיוצר עי קונדיטוריית,IL,יולו מעדן שכבות שוקו,,123.00,,false,,4.80,0.0390,true,1,93082
7290014762756,false,נפוליאון גבינת שמנת עם בצל 16% שומן,הרדוף חלב,IL,גבינת נפוליאון 16% ב,,225.00,100 גרם,false,,14.90,0.0662,true,1,93125
7290014762800,false,מעדן סויה שוקולד גביע 125 גרם אלטרנטיב,תנובה מרכז שיתופי לש,IL,מעדן סויה בטעם שוקול,,125.00,100 גרם,false,,4.30,0.0344,true,1,136054
7290014762831,false,גבינת שמנת חלפיניו 24% שומן 225 ג' נפוליאון,תנובה מרכז שיתופי לש,IL,גבינת נפוליאון 25% ע,,225.00,,false,,14.90,0.0662,true,1,93127
7290014762909,false,פתיתי מוצרלה 20% שומן 200 ג' השף הלבן,"תנובה, מחלבת תל יוסף",IL,פתיתי מוצרלה 20% שו,,200.00,,false,,18.50,0.0925,true,1,93133
7290014763098,false,קרם גבינת שמנת 5% עם פלפל שום ובצל 200 ג' תנובה,תנובה,IL,קרם גבינה שמנת 5% טו,,200.00,,false,,12.30,0.0615,true,1,93138
7290014763272,false,יוגורט סויה BIO לשתייה תות ובננה אלטרנטיב,תות תעשיות מזון (201,IL,משקה סויה ביו תות בנ,,236.00,,false,,6.00,0.0254,true,1,93144
7290014791336,false,מים מינרליים מי עדן,יושלם,,מי עדן 1ליטר,,1000.00,,false,,3.90,0.0039,true,1,128366
7290014791725,false,"שוויפס תפוחים מוגז 500 מ""ל",,,שוופס מוגז תפוח 500,,500.00,,false,,6.50,0.0130,true,1,133638
7290014855434,false,מגבונים בייביסיטר פרפורמנס מבושם רביעיה,בייביסיטר Babysitter,,מגבוני בייביסיטר פרפ,יחידה,0.00,יחידה,false,,15.90,0.0000,true,1,142561
7290014855458,false,מגבוני בייביסיטר פרפורמנס ללא בישום מארז 72X4יח',בייביסיטר Babysitter,,מגבוני בייביסיטר פרפ,יחידה,0.00,יחידה,false,,15.90,0.0000,true,1,86102
7290014901247,false,"סטייל שמפו 0חר החלקה מועשר בקרטין, 750 מ""ל",א.ל. ארמן ייצור תמרו,IL,שמפו סטייל קרטין 750,,750.00,,false,,19.90,0.0265,true,1,165013
7290014901315,false,משחת שיניים לשיניים רגישות Extra fresh,סמית קליין ביצ'ם,GB,סנסודיין משחת שיניים,,75.00,100 גרם,false,,22.90,0.3053,true,1,145530
7290014905689,false,"נוזל כלים הפי מרוכז 24% תפוח 750 מ""ל",וונדפוט,BE,הפי נוזל כלים ירוק ת,,750.00,,false,,7.90,0.0105,true,1,90600
7290014974562,false,גביעי גלידה רגיל טילון עלמה גילרו 24 יח',"א.ג גילרו בע""מ",IL,גביעי גלידה 24 עלמה,יחידה,0.00,יחידה,false,,8.90,0.0000,true,1,139917
7290015008020,false,נר נשמה ר. שמאי 24 שעות,,CN,נר נשמה 24 שעות שמאי,יחידה,0.00,יחידה,false,,2.50,0.0000,true,1,148818
7290015139267,false,שוקולד מריר עם שקדים ללא תוספת סוכר וסטהיים,כרמית תעשיות ממתקים,IL,שוקולד מריר עם שקדים,,85.00,100 גרם,false,,6.90,0.0812,true,1,101658
7290015150088,false,מחית עגבניות גרנד איטליה 700גרם,שוורצקוף& הנקל דיסלד,IT,מחית עגבניות גרנד אי,,700.00,,false,,12.90,0.0184,true,1,93452
7290015150200,false,עגבניות חתוכות דק 400 גרם,HIQ FOOD PRODUCTS,IT,רסק עגבניות גרנ איטל,יחידה,0.00,יחידה,false,,5.90,0.0000,true,1,157012
7290015155847,false,מחית סלט פירות חטיפטף ללא תוספת סוכר,פרוטה פודיווין איי.א,CZ,פרינוק פאוץ' בטעם סל,,120.00,,false,,6.50,0.0542,true,1,157794
7290015161558,false,קמח שיבולת שועל מלאה אורגני ללא גלוטן,נוטרה זן NutraZen,DK,קמח שיבולת שועל מלא,,500.00,100 גרם,false,,25.90,0.0518,true,1,162836
7290015282390,false,סלט תורכי שמיר 200 גר',"סלטי שמיר 2006 בע""מ",IL,תורכי 200 גרם גורמה,,200.00,100 גרם,false,,15.90,0.0795,true,1,134782
7290015282581,false,חומוס שמיר אבו גוש עם חריף 200 גר',"סלטי שמיר 2006 בע""מ",IL,חומוס אבו גוש עם חרי,,200.00,100 גרם,false,,15.90,0.0795,true,1,134810
7290015282598,false,חומוס שמיר מסעדות 200 גר',"סלטי שמיר 2006 בע""מ",IL,חומוס מסעדות 200 גר,,200.00,100 גרם,false,,15.90,0.0795,true,1,134783
7290015282604,false,טחינה שמיר מיוחדת גורמה 200ג',"סלטי שמיר 2006 בע""מ",IL,טחינה מיוחדת 200 גר,,200.00,100 גרם,false,,15.90,0.0795,true,1,134784
7290015282635,false,חומוס שמיר מסבחה 200 גר',"סלטי שמיר 2006 בע""מ",IL,חומוס מסבחה 200 גר,,200.00,100 גרם,false,,15.90,0.0795,true,1,134786
7290015282642,false,חומוס שמיר אבו גוש 200 גר',"סלטי שמיר 2006 בע""מ",IL,"חומוס אבו ג""וש 200 ג",,200.00,100 גרם,false,,15.90,0.0795,true,1,134787
7290015282673,false,חציל שמיר במיונז ביתי 200 גורמה גר',"סלטי שמיר 2006 בע""מ",IL,חציל במיונז ביתי שמי,,200.00,100 גרם,false,,15.90,0.0795,true,1,134788
7290015282680,false,קישוא בטעם כבד שמיר 200 גר',"סלטי שמיר 2006 בע""מ",IL,קישוא בטעם כבד 200 ג,,200.00,,false,,15.90,0.0795,true,1,128550
7290015282697,false,כרוב אדום שמיר גורמה 200גר,"סלטי שמיר 2006 בע""מ",IL,כרוב אדום 200 גר,,200.00,100 גרם,false,,15.90,0.0795,true,1,134789
7290015282710,false,קוביות סלק שמיר 200 גר',"סלטי שמיר 2006 בע""מ",IL,קוביות סלק 200 גר,,200.00,100 גרם,false,,15.90,0.0795,true,1,134790
7290015282727,false,גזר מרוקאי ברוטב פיקנטי אסלי שמיר 200 ג',"סלטי שמיר 2006 בע""מ",IL,גזר מרוקאי ברוטב פיק,,200.00,100 גרם,false,,15.90,0.0795,true,1,134791
7290015282734,false,מטבוחה שמיר ביתית גורמה 200 ג ',"סלטי שמיר 2006 בע""מ",IL,מטבוחה ביתית 200 גר,,200.00,100 גרם,false,,15.90,0.0795,true,1,134792
7290015282796,false,"סלט תפו""א שמיר במיונז 200ג'","סלטי שמיר 2006 בע""מ",IL,תפוח אדמה 200 גר גור,,200.00,100 גרם,false,,15.90,0.0795,true,1,134796
7290015320009,false,שוקולד מריר 3*100 ג' השקדיה,קריות זול,,שוקולד מריר שקדיה 3*,,300.00,100 גרם,false,,10.90,0.0363,true,1,166058
7290015324038,false,פפריקה מרוקאית מתוקה בשמן,תות ממתקי איכות,IL,פפריקה בשמן שקית 80ג,,80.00,100 גרם,false,,6.90,0.0863,true,1,95967
7290015324052,false,תבלין פפריקה מתוקה 80 ג',תות ממתקי איכות,IL,פפריקה מתוקה שקית 80,,80.00,,false,,6.90,0.0863,true,1,95969
7290015324069,false,תערובת תיבול גריל עוף,תות ממתקי איכות,IL,גריל עוף שקית 80גר,,80.00,100 גרם,false,,6.90,0.0863,true,1,145285
7290015324083,false,טעם וריח מלח לימון ש,תות ממתקי איכות,IL,מלח לימון שקית 80גר,,80.00,100 גרם,false,,6.90,0.0863,true,1,95972
7290015324090,false,תבלין כמון טחון 80 ג',תות ממתקי איכות,IL,כמון שקית 80גר,,80.00,100 גרם,false,,6.90,0.0863,true,1,95973
7290015324106,false,תבלין כורכום טחון 80 גר',תות ממתקי איכות,IL,כורכום שקית 80גר,,80.00,100 גרם,false,,6.90,0.0863,true,1,95974
7290015324120,false,טעם וריח שום גבישי ב,תות ממתקי איכות,IL,שום גבישי שקית 80גר,,80.00,100 גרם,false,,9.90,0.1238,true,1,95976
7290015324175,false,תבלין שווארמה תיבול 80 גר' שק',תבליני טעם וריח,IL,שווארמה ללא מונוסודי,,80.00,100 גרם,false,,7.90,0.0988,true,1,145288
7290015528337,false,"צלחת פלסטיק 9"" בינונ",,,"צלחת פלסטיק 9"" בינונ",יחידה,0.00,יחידה,false,,17.90,0.0000,true,1,145007
7290015528566,false,גביע 270 ארוז 10 יח',,,גביע 270 ארוז 10 יח',יחידה,0.00,יחידה,false,,7.90,0.0000,true,1,132165
7290015528641,false,מיכל 1 ליטר ארוז 3 י,,,מיכל 1 ליטר ארוז 3 י,יחידה,0.00,יחידה,false,,9.90,0.0000,true,1,152097
7290015528658,false,מיכל 2 ליטר ארוז 3 י,,,מיכל 2 ליטר ארוז 3 י,יחידה,0.00,יחידה,false,,9.90,0.0000,true,1,152119
7290015528849,false,צלחת 10 מתכלה אר' 25 יח' דנטס,,,צלחת 10 מתכלה אר' 25,יחידה,0.00,יחידה,false,,18.90,0.0000,true,1,145030
7290015603225,false,איטריות בתוספת גזר 4,פוגקן לונגהי אנלידה,CN,איטריות בתוספת גזר 4,,454.00,100 גרם,false,,10.90,0.0240,true,1,131344
7290015603546,false,"שימורי קרם קוקוס 17-19% 400 מ""ל (ASIATIC)(כ)",אסיאטיק אגרו אינדסטר,TH,קרם קוקוס 17-19% 400,,400.00,100 גרם,false,,10.90,0.0273,true,1,139074
7290015603560,false,שימורי קרם קוקוס 400,אסי אטיק גרו אינדוסט,TH,קרם קוקוס 20-22% 400,,400.00,,false,,10.90,0.0273,true,1,141396
7290015603584,false,גינגר לבן כבוש ללא מ,לאיווי איפנג פודס קו,CN,גינגר לבן כבוש ללא מ,,160.00,100 גרם,false,,9.50,0.0594,true,1,98481
7290015652254,false,גרעיני חמניה קלויים 500 ג',דין שיווק,IL,גרעינים שחורים 400 ג,,400.00,100 גרם,false,,10.00,0.0250,true,1,133562
7290015652278,false,תערובת פיצוחים ששון,"דין שיווק וקליה בע""מ",IL,תערובת פיצוחים 250גר,,250.00,100 גרם,false,,20.00,0.0800,true,1,133585
7290015652292,false,קבוקים עם שומשום 400גר,"דין שיווק וקליה בע""מ",IL,קבוקים עם שומשום 500,,500.00,100 גרם,false,,10.00,0.0200,true,1,96841
7290015652308,false,מנצ'ס ששון הקולה 300,,,מנצס ששון הקולה 300,,300.00,100 גרם,false,,10.00,0.0333,true,1,133584
7290015652322,false,בוטנים אמריקאים מצופים 400 ג',דין שיווק,IL,בוטנים אמריקאים מצופ,,400.00,,false,,10.00,0.0250,true,1,96843
7290015652407,false,פיסטוק קלוי ששון הקו,"דין שיווק וקליה בע""מ",IL,פיסטוק 250גר,,250.00,100 גרם,false,,20.00,0.0800,true,1,133586
7290015699730,false,סבון דה מארסיי יעקבי 1.5 ליטר *חדש-,וונדפוט,,הפי לרצפות מבושמת 1.,ליטרים,1.50,ליטר,false,,15.90,10.6000,true,1,90608
7290015775632,false,חמאת בוטנים הטיב 35,g&g,IL,חמאת בוטנים 350גר,,350.00,100 גרם,false,,15.90,0.0454,true,1,164656
7290015781091,false,"יין ויז'ן קברנה סובניון 750 מ""ל",יקב טפרברג 1870 בעמ,IL,יין ויז'ן קברנה סובי,,750.00,,false,,44.90,0.0599,true,1,130809
7290015855013,false,פלפל טינקרבל ארוז,,,פלפל טינקרבל ארוז,יחידה,0.00,יחידה,false,,8.90,0.0000,true,1,98350
7290015855037,false,פלפל צ'ילי.,,,פלפל צ'ילי.,יחידה,0.00,יחידה,false,,7.90,0.0000,true,1,98352
7290015855051,false,מלפפון מיני ארוז,,,מלפפון מיני ארוז,יחידה,0.00,יחידה,false,,9.90,0.0000,true,1,98353
7290015855143,false,שום קלוף 170גרם,,,שום קלוף 170גרם,יחידה,0.00,יחידה,false,,11.90,0.0000,true,1,131836
7290015855228,false,אספרגוס,,,אספרגוס,יחידה,0.00,יחידה,false,,29.90,0.0000,true,1,98360
7290015855341,false,אנדיב (עולש),,,אנדיב (עולש),,0.00,,false,,15.90,0.0000,true,1,139572
7290015855358,false,בצלצלי שאלוט,,,בצלצלי שאלוט,יחידה,0.00,יחידה,false,,10.90,0.0000,true,1,141500
7290015855495,false,חסה לאליק,,,חסה לאליק,יחידה,0.00,יחידה,false,,12.90,0.0000,true,1,165628
7290015858106,false,ממרח פסטו ביתי 180 ג' עללחם,"מדשא תעשיות מזון בע""",IL,ממרח פסטו ביתי 180 ג,,180.00,100 גרם,false,,16.90,0.0939,true,1,141578
7290015858144,false,ממרח ארטישוק עלחחם 180 ג',זאביק יצור ושיווק מז,IL,ממרח ארטישוק 180 גרם,,180.00,100 גרם,false,,16.90,0.0939,true,1,141577
7290015858175,false,ממרח פלפלים קלויים 180 גרם עללחם,זאביק יצור ושיווק מז,IL,ממרח פלפלים קלויים 1,,180.00,100 גרם,false,,16.90,0.0939,true,1,141589
7290015858434,false,שום כתוש עללחם 250 ג',"מדשא תעשיות מזון בע""",IL,ממרח שום כתוש 250 גר,,250.00,100 גרם,false,,14.90,0.0596,true,1,152226
7290015858687,false,ממרח איולי שום 295 ג' עללחם,עלית,IL,עללחם ממרח איולי שום,,295.00,100 גרם,false,,17.90,0.0607,true,1,167818
7290015858694,false,"עללחם איולי שום לימון, 295 גרם",אסם,,עללחם ממרח איולי שום,,295.00,100 גרם,false,,17.90,0.0607,true,1,167817
7290015968140,false,אטבים אחיזה רחבה בעי,H.J.E,,אטבים אחיזה רחבה בעי,,36.00,,false,,11.90,0.3306,true,1,168482
7290015968584,false,נר נשמה 24 שעות - נרות חסידים,,,נר נשמה 24 שעות חסיד,יחידה,0.00,יחידה,false,,2.50,0.0000,true,1,139955
7290016006148,false,"שוופס מוגז עדין ענבים בקבוק 500מ""ל",,,שוופס מוגז ענבים 500,,500.00,100 גרם,false,,6.50,0.0130,true,1,133639
7290016006339,false,מים מינרלים - מארז רביעייה,מופק ממקור בזלתי עדן,IL,מי עדן רביעייה 4*1לי,,4000.00,,false,,11.90,0.0030,true,1,89991
7290016006346,false,שוופס סודה מארז שישייה * 0.5 ל',יפאורה תבורי בעמ,IL,שוופס סודה מארז שישי,,3000.00,,false,,15.90,0.0053,true,1,133636
7290016028461,false,מגש לפיצוחים שקוף 12,,,מגש לפיצוחים שקוף 12,יחידה,0.00,יחידה,false,,9.90,0.0000,true,1,132154
7290016028836,false,קש מתקפל צבעוני אר' 150 יח' דנטס,,,קש מתקפל צבעוני אר',יחידה,0.00,יחידה,false,,9.90,0.0000,true,1,164911
7290016144031,false,"קמח חיטה לבן נפלאות 1 ק""ג",קמח מלכים,IL,קמח נפלאות חיטה לבן,,1000.00,100 גרם,false,,7.90,0.0079,true,1,166046
7290016150117,false,סלק אדום מבושל 500 ג' בוואקום,חקלאי,IL,סלק וואקום,,500.00,,false,,6.90,0.0138,true,1,101535
7290016188608,false,"יין למברוסקו לבן חצי יבש 750מ""ל",יקב גאקובזי,IT,יין למברוסקו לבן חצי,,750.00,,false,,24.90,0.0332,true,1,133644
7290016197488,false,מטליות מיקרופייבר למשטחים ניקול 3יח',UFO INC,CN,מטלית קסם לשיש ניקול,יחידה,0.00,יחידה,false,,16.90,0.0000,true,1,89847
7290016197877,false,ניקול שקיות לפחי מטבח קטנים 60 יח' M,ניקול,,שקית לפחי מטבח קטנים,יחידה,0.00,יחידה,false,,23.90,0.0000,true,1,89854
7290016217735,false,חציל על האש סלטי שמי,"סלטי שמיר 2006 בע""מ",IL,חציל אש 200 גר שמיר,,200.00,,false,,15.90,0.0795,true,1,134797
7290016217742,false,חציל בטחינה שמיר 200 ג',"סלטי שמיר 2006 בע""מ",IL,חציל אש בטחינה 200 ג,,200.00,100 גרם,false,,15.90,0.0795,true,1,134798
7290016217759,false,חצילים בסגנון מרוקאי,"סלטי שמיר 2006 בע""מ",IL,סלט חציל מרוקאי 200,,200.00,100 גרם,false,,15.90,0.0795,true,1,134799
7290016246018,false,בארכה מיקס פינוקיות חלווה 10*20ג,רושדי תעשיות מזון בע,IL,בארכה מיקס פינוקיות,,200.00,100 גרם,false,,15.90,0.0795,true,1,143222
7290016246025,false,בארכה מיקס פינוקיות חלווה ללא סוכר 10*20ג,רושדי תעשיות מזון בע,IL,בארכה חלבה ללא סוכר,,200.00,100 גרם,false,,15.90,0.0795,true,1,88240
7290016276534,false,"שמן קוקוס לא מזוכך 500 מ""ל",דין שיווק,IL,שמן קוקוס לא מזוכך 5,,500.00,,false,,29.90,0.0598,true,1,131954
7290016276756,false,מעדן 4 פירות 100% רכיבי פרי 284 גר' ללא תוספת סוכר,שקדיה,IL,מעדן 4 פירות 100% רכ,,284.00,100 גרם,false,,12.90,0.0454,true,1,131623
7290016276763,false,מעדן שזיף 100% רכיבי פרי ללא סוכר שקדיה 284 ג',שקדיה,IL,מעדן שזיף 100% רכיבי,,284.00,100 גרם,false,,12.90,0.0454,true,1,131624
7290016321722,false,פרש וואנס מגבונים בו,על בד,,פרש וואנס מגבונים בו,יחידה,0.00,יחידה,false,,5.90,0.0000,true,1,142214
7290016408980,false,"מטבעות שוקולד חלב 36 ג' כשל""פ בד""ץ",כרמית,IL,מטבעות שוקולד חלב 36,,36.00,100 גרם,false,,4.90,0.1361,true,1,139945
7290016475067,false,מארז 4 לאפות במלאכת יד,מאפיית המכבים,IL,לאפות 4יח מכבים,,4.00,,false,,13.90,3.4750,true,1,131095
7290016509786,false,פרסיל - ג'ל כביסה ירוק 2.50 ליטר,פרסיל Persil,IL,פרסיל ג'ל 2.5ליטר יר,ליטרים,2.50,ליטר,false,,34.90,13.9600,true,1,139173
7290016580174,false,צלחות 9 צבעומיות דנט,,,צלחת 9 צבעוני לבן/ ק,,100.00,,false,,39.90,0.3990,true,1,140642
7290016580440,false,תבניות עגולות גדולות,,,תבניות עגולות גדולות,יחידה,0.00,יחידה,false,,9.90,0.0000,true,1,141014
7290016580549,false,צלחת 7 צבעוני לבן/ ק,,,צלחת 7 צבעוני לבן/ ק,,100.00,,false,,24.90,0.2490,true,1,140643
7290016717754,false,"יין ישן נושן היובל 750 מ""ל",אגודת הכורמים הקואופ,IL,"יין ישן נושן 750 מ""ל",,750.00,,false,,18.90,0.0252,true,1,139529
7290017058139,false,"רביעיית רסק תפו""ע תות שדה",Cherry growers inc,,רסק תפוח עץ עם תות ש,יחידה,0.00,יחידה,false,,12.90,0.0000,true,1,139065
7290017058146,false,רסק תפוחי עץ עם אפרסק,Cherry growers inc,,רסק תפוח עץ עם אפרסק,יחידה,0.00,יחידה,false,,12.90,0.0000,true,1,143092
7290017065007,false,פרוסות גבינה מוצרלה חצי קשה 22% שומן 200 ג' גד,מחלבות גד בעמ,IL,מוצרלה פרוסה 150 גרם,,150.00,100 גרם,false,,19.70,0.1313,true,1,134437
7290017065137,false,ריקוטה למריחה 5% טבעית 200 גרם - רובין,האי נאם סי או אל.טי.,IL,ריקוטה למריחה 5% טבע,,200.00,100 גרם,false,,10.90,0.0545,true,1,137341
7290017065236,false,גבינה בולגרית מעודנת 24% גד 250 ג',הנסיך- מפעל לייצור ט,IL,בולגרית מעודנת 250גר,,250.00,,false,,25.90,0.1036,true,1,138144
7290017065380,false,גבינת גרנה פדנו שבבים 29%,מחלבות גד,IT,גרנה פדנו שבבים 100ג,,100.00,100 גרם,false,,17.90,0.1790,true,1,141490
7290017065441,false,גבינה גאודה עיזים פרוסה הולנדית 200 גר',מחלבות גד,NL,פרוסות גאודה עיזים 2,,200.00,100 גרם,false,,35.90,0.1795,true,1,141849
7290017065526,false,קוואטרו פורמאג'י 4 גבינות מגוררות 26%,מחלבות גד בעמ,IL,קוואטרו פורמאג'י 300,,300.00,100 גרם,false,,29.90,0.0997,true,1,141857
7290017065588,false,יוגורט יווני 10% שומן 600 ג' גד,"מיוצר ע""י קוד יצרן M",IL,יוגורט יווני 600 גרם,,600.00,100 גרם,false,,16.90,0.0282,true,1,159119
7290017065618,false,גבינת פקורינו פרוס מחלב כבשים,הנסיך- מפעל לייצור ט,ES,פקורינו פרוס 150 גרם,,150.00,100 גרם,false,,23.90,0.1593,true,1,159120
7290017088105,false,טיטולי בייביסיטר מידה 3 38 יח,די.פי.אל תעשיות מוצר,IL,בייביסיטר פרפורמנס נ,,38.00,,false,,29.90,0.7868,true,1,142562
7290017100142,false,כוסיות יין 80CC ספלאש ארוז 50 יח',,,"כוסיות ליין 80 ס""ס",יחידה,0.00,יחידה,false,,8.90,0.0000,true,1,158064
7290017105383,false,תירס לילדים יכין 3*200 גר',,,תירס קיד יכין שלישיי,,495.00,100 גרם,false,,15.90,0.0321,true,1,158351
7290017105550,false,רסק עגבניות מארז 100X4גר',היינץ צפון אמריקה מק,IL,רסק עגבניות 100% מאג,,400.00,100 גרם,false,,11.90,0.0298,true,1,153158
7290017105895,false,גרגרי חומוס להכנת חומוס 550 גרם יכין,זנלכל,IL,גרגרי חומוס מסעדות י,,560.00,100 גרם,false,,9.90,0.0177,true,1,159957
7290017121048,false,פלפל צ'ומה 250 גרם עללחם,"מדשא תעשיות מזון בע""",IL,ממרח פלפל צ'ומה 250,,250.00,100 גרם,false,,14.90,0.0596,true,1,141598
7290017129617,false,לקקן קולה לימונדה 50 יח' כרמית,Carmit,,לקקן קולה לימונדה 45,,450.00,100 גרם,false,,15.90,0.0353,true,1,139461
7290017129754,false,"שוקולד מריר מעולה 70% מוצקי קקאו 100 גר בד""ץ","כד בני דרום בע""מ",IL,אגו שוקולד פרימיום 7,,100.00,100 גרם,false,,8.90,0.0890,true,1,139453
7290017129839,false,"שוקולד פרימיום 70% בטעם פטל בד""ץ 100 גר'.",כרמית תעשיות ממתקים,IL,אגו שוקולד פרימיום 7,,100.00,,false,,8.90,0.0890,true,1,139456
7290017142128,false,"שמן זית כתית מעולה עץ הזית 750 מ""ל",שמן תעשיות,,שמן זית כתית מעולה ק,,750.00,,false,,34.90,0.0465,true,1,137600
7290017142180,false,פילה פרוס ושמן זית בנגיעות טעם לימון ופלפל שחור,"יוניקורד ח.צ בע""מ",TH,פילה טונה פרוס עם שמ,,120.00,,false,,15.90,0.1325,true,1,141348
7290017142203,false,פילה טונה בשמן זית בטעם מעושן עץ המוצר 120 ג',"יוניקורד ח.צ בע""מ",TH,פילה טונה פרוס עם שמ,,120.00,100 גרם,false,,15.90,0.1325,true,1,141347
7290017142388,false,שמן חמניות אומגה 3 פלוס 1 ליטר עץ הזית,עץ הזית,,שמן חמניות פלוס 1 לי,ליטרים,1.00,ליטר,false,,18.90,18.9000,true,1,164130
7290017142401,false,קינואה לבנה ואדומה עם טונה בשמן זית 160 גרם,ג'נרל מילס סאן אדריא,TH,קינואה לבנה ואדומה ע,,160.00,100 גרם,false,,15.90,0.0994,true,1,161271
7290017142487,false,בורגול וגרגירי חומוס עם טונה בשמן זית,עץ הזית,,בורגול עם גרגירי חומ,,160.00,100 גרם,false,,15.90,0.0994,true,1,163186
7290017217802,false,"שקיות אוכל 25 ס""מ זוג 2*150 בשרינק",,,שקיות אוכל מארז זוג*,,300.00,,false,,9.90,0.0330,true,1,168485
7290017239101,false,פילה סלמון אטלנטי מע,,,פילה סלמון אטלנטי מע,,100.00,,false,,24.90,0.2490,true,1,158631
7290017339610,false,חלה בריוש 6 כדורים ה,המחמצת,IL,חלה בריוש 6 כדורים,יחידה,0.00,יחידה,false,,19.90,0.0000,true,1,164349
7290017339627,false,חלת בריוש כתר המחמצת,המחמצת,IL,חלה בריוש כתר,יחידה,0.00,יחידה,false,,19.90,0.0000,true,1,164340
7290017396033,false,בייגל רומני המחמצת 4,המחמצת,IL,בייגל רומני,יחידה,0.00,יחידה,false,,18.90,0.0000,true,1,165746
7290017396071,false,לחמניות המבורגר פרימ,המחמצת,IL,המבורגר פרימיום,יחידה,0.00,יחידה,false,,18.90,0.0000,true,1,139952
7290017396163,false,לחם שיפון 70% אובלי,המחמצת,IL,לחם שיפון,יחידה,0.00,יחידה,false,,17.90,0.0000,true,1,139275
7290017396170,false,לחם שאור איטלקי המחמ,המחמצת,IL,לחם שאור איטקי לבן,יחידה,0.00,יחידה,false,,17.90,0.0000,true,1,139276
7290017396187,false,לחם קלמטה אובלי המחמ,המחמצת,IL,לחם קלמטה,יחידה,0.00,יחידה,false,,17.90,0.0000,true,1,139277
7290017396194,false,לחם דגנים המחמצת 560,המחמצת,IL,לחם דגנים דבש,יחידה,0.00,יחידה,false,,19.90,0.0000,true,1,164344
7290017396217,false,לחם דגנים אובלי המחמ,המחמצת,IL,לחם דגנים,יחידה,0.00,יחידה,false,,17.90,0.0000,true,1,139273
7290017396224,false,לחם כוסמין אובלי המח,המחמצת,IL,לחם כוסמין,יחידה,0.00,יחידה,false,,17.90,0.0000,true,1,139278
7290017396248,false,לחמניות מיני המבורגר,המחמצת,IL,מיני המבורגר,יחידה,0.00,יחידה,false,,18.90,0.0000,true,1,164332
7290017396422,false,ג'בטינה דגנים,,,ג'בטינה דגנים,יחידה,0.00,יחידה,false,,18.90,0.0000,true,1,164342
7290017396439,false,ג'בטה לבן 600 גרם,המחמצת,IL,ג'בטה לבן,יחידה,0.00,יחידה,false,,18.90,0.0000,true,1,164343
7290017396507,false,בייגל חיטה המחמצת 36,המחמצת,IL,בייגל חיטה,יחידה,0.00,יחידה,false,,18.90,0.0000,true,1,164329
7290017396606,false,לחמניית שמיניה מתוקה,,,לחמניית שמיניה מתוקה,יחידה,0.00,יחידה,false,,18.90,0.0000,true,1,164339
7290017457734,false,"סוד - מרכך כביסה מרוכז ווילד רוז 900 מ""ל",הנקל סוד,IL,סוד מרכך מרוכז ורוד,,900.00,,false,,14.90,0.0166,true,1,141911
7290017477169,false,קשיו קלוי ששון הקולה,ששון,IL,קשיו קלוי ששון הקולה,,250.00,100 גרם,false,,20.00,0.0800,true,1,166433
7290017477350,false,תערובת לסלט ירוק 200גר,דין שיווק,,תערובת לסלט ירוק 200,,200.00,100 גרם,false,,10.00,0.0500,true,1,138967
7290017513775,false,פליפז בייגלה מצופה שוקולד חלב 140 גרם,שוורצקוף& הנקל דיסלד,TR,בייגלה מצופה שוקולד,,140.00,100 גרם,false,,9.90,0.0707,true,1,160899
7290017513782,false,פליפז בייגלה מצופה שוקולד מריר 140 גרם,שוורצקוף& הנקל דיסלד,TR,בייגלה מצופה שוקולד,,140.00,100 גרם,false,,9.90,0.0707,true,1,160900
7290017589565,false,יין קלאסיק Classic גוורצטרמינר,יקבי ברקן שיווק והפצ,IL,יין קלאסיק ברקן גוור,,750.00,,false,,39.90,0.0532,true,1,158340
7290017599229,false,ממתיק סוכרלוז 200 טבליות סוכרזית,"סוכרזית בע""מ",IL,סוכרזית סוכרלוז 200,,200.00,,false,,25.90,0.1295,true,1,164636
7290017599359,false,סוכרזית קלאסי כפית לכפית 400 ג',,,סוכרזית קלאסי כפית ל,,400.00,100 גרם,false,,35.90,0.0897,true,1,168186
7290017675015,false,טחינה היונה 450 גרם,היוצר,IL,טחינה היונה 450 גרם,,450.00,100 גרם,false,,15.90,0.0353,true,1,158141
7290017696409,false,פטריות פורטובלה,,,פטריות פורטובלה,יחידה,0.00,יחידה,false,,13.90,0.0000,true,1,140876
7290017812571,false,מיץ ענבים אדום 100% טבעי 1 ליטר,יקבי כרמל Carmel Winery,IL,מיץ ענבים אדום 100%,,1000.00,,false,,19.90,0.0199,true,1,158012
7290017812588,false,מיץ ענבים לבן 100% טבעי 1 ליטר,יקבי כרמל Carmel Winery,IL,מיץ ענבים לבן 100% ט,,1000.00,100 גרם,false,,19.90,0.0199,true,1,158013
7290017812618,false,מיץ ענבים תירוש רוזה 1 ליטר.,קריות זול,,תירוש מיץ ענבים רוזה,,1000.00,,false,,19.90,0.0199,true,1,158022
7290017812663,false,מיץ ענבים טבעי מבעבע לבן,מנדלז סי.אר. פרודקשן,IL,תירוש מבעבע לבן 750,,750.00,,false,,19.90,0.0265,true,1,163173
7290017812847,false,יין סלקטד פרנץ גוורצטרמינר 750 מל,"כד בני דרום בע""מ",IL,יין סלקטד פרנץ' גוור,,750.00,,false,,29.90,0.0399,true,1,162385
7290017812861,false,"יין וינו לבן יבש 750 מ""ל",קריות זול,IL,יין וינו לבן יבש 750,,750.00,,false,,22.90,0.0305,true,1,162386
7290017812878,false,"יין אקסלנס רוזה 750 מ""ל",קריות זול,IL,יין אקסלנס רוזה 750,,750.00,,false,,25.90,0.0345,true,1,162387
7290017870625,false,"כוס יהלום 250 מ""ל א",,,"כוס יהלום 250 מ""ל א",יחידה,0.00,יחידה,false,,15.90,0.0000,true,1,163362
7290017872193,false,עוגיות שקדים וקינמון ללא תוספת סוכר,היינץ צפון אמריקה מק,IL,טוסו עוגיות שקדים וק,,200.00,100 גרם,false,,16.90,0.0845,true,1,159428
7290017888354,false,מים מינרליים בקבוק ס,"מי עדן בע""מ",,מי עדן 750מל,,750.00,,false,,3.50,0.0047,true,1,161975
7290017888644,false,"משקה אננס בננה כורכום פרות & ווג 350 מ""ל",פרוט אנד וג' Fruit & Veg,IL,פרוט & וג' אננס בננה,,350.00,,false,,8.90,0.0254,true,1,159498
7290017888729,false,שוופס סודה בקבוק 1 ל',"יפאורה תבורי בע""מ",IL,שוופס סודה בקבוק 1 ל,,1000.00,100 גרם,false,,4.50,0.0045,true,1,159296
7290017907208,false,תערובת קמח רב תכליתי לנמנעים מגלוטן,מנדלז סי.אר. פרודקשן,IL,קמח תמי רב תכליתי לל,,500.00,100 גרם,false,,19.90,0.0398,true,1,162808
7290017907253,false,פתיתים מאורז לנמנעים מגלוטן,פוראטוס ישראל,IL,תמי פתיתים ללא גלוטן,,300.00,100 גרם,false,,17.90,0.0597,true,1,162812
7290017938264,false,"חומוס בתוספת רוטב פיקנטי, 200 גרם",,,חומוס עם חריף 200 גר,,200.00,100 גרם,false,,9.90,0.0495,true,1,167308
7290018045084,false,דגנים במילוי קרם בטעם בראוניז 480 ג' BON & BON,,DE,דגני בוקר בון בון במ,,480.00,100 גרם,false,,23.90,0.0498,true,1,165643
7290018045497,false,דגנים במילוי קרם שוקולד 480 ג' BON & BON,,,דגני בוקר בון בון במ,,480.00,100 גרם,false,,23.90,0.0498,true,1,165642
7290018050408,false,אגוזי פיסטוק קלויים ומומלחים 160 גרם,,,אגוזי פיסטוק קלויים,,160.00,100 גרם,false,,15.00,0.0938,true,1,160834
7290018050453,false,קשיו טבעי קופסא 220,שקרצי,IL,קשיו טבעי קופסא 220,,220.00,100 גרם,false,,15.00,0.0682,true,1,160839
7290018050460,false,קשיו קלוי קופסא 200,,,קשיו קלוי קופסא 200,,200.00,100 גרם,false,,15.00,0.0750,true,1,160840
7290018050484,false,אגוזי מלך קלופים טבעיים 150 גרם,,,אגוז מלך קלופים טבעי,,150.00,100 גרם,false,,10.00,0.0667,true,1,160841
7290018050491,false,אלמונדוס קופסא 220 ג,,,אלמונדוס קופסא 220 ג,,220.00,100 גרם,false,,10.00,0.0455,true,1,160842
7290018050514,false,בוטן מטוגן קופסא 240,,,בוטן מטוגן קופסא 240,,240.00,100 גרם,false,,10.00,0.0417,true,1,160843
7290018050521,false,אגוזי לוז טבעי קופסא,,,אגוזי לוז טבעי קופסא,,180.00,100 גרם,false,,10.00,0.0556,true,1,160819
7290018050545,false,גרעיני אבטיח קלויים ומומלחים 140 גרם,,,גרעיני אבטיח קלויים,,140.00,100 גרם,false,,10.00,0.0714,true,1,160820
7290018050552,false,גרעיני דלעת קלופים טבעיים 240 גרם,,,גרעיני דלעת קלופים ט,,240.00,100 גרם,false,,10.00,0.0417,true,1,160845
7290018050583,false,חמוציות ברכז פרי 180 גר',,,חמוציות ברכז פרי קופ,,180.00,100 גרם,false,,10.00,0.0556,true,1,160821
7290018050620,false,צימוקים בהירים קןפסא,,,צימוקים בהירים קןפסא,,220.00,100 גרם,false,,10.00,0.0455,true,1,160823
7290018050675,false,שקד קלוי קופסא 210 ג,,,שקד קלוי קופסא 210 ג,,210.00,100 גרם,false,,15.00,0.0714,true,1,160852
7290018050699,false,שקדים טבעיים קלופים 230 גרם,,,שקדים טבעיים קלופים,,230.00,100 גרם,false,,15.00,0.0652,true,1,160854
7290018050712,false,שקדים מולבנים פרוסים 130 גרם,,,שקדים מולבנים פרוסים,,130.00,100 גרם,false,,10.00,0.0769,true,1,160826
7290018050750,false,מיקס אגוזים וחמוציות מיובשות ומסוכרות 130 גרם,,,מיקס אגוזים חמצוציות,,130.00,100 גרם,false,,10.00,0.0769,true,1,160827
7290018050835,false,בוטנים קלויים ומומלחים 250 גרם,,,בוטנים קלויים ומומלח,,250.00,100 גרם,false,,10.00,0.0400,true,1,160863
7290018050842,false,שקדים בקרמל קופסא 20,,,שקדים בקרמל קופסא 20,,200.00,100 גרם,false,,15.00,0.0750,true,1,160864
7290018091029,false,מקלות פילו תפוחי אדמה מעדנות 450 ג',"מעדנות בע""מ",IL,מקלות פילו תפוחי אדמ,,450.00,100 גרם,false,,17.90,0.0398,true,1,159920
7290018091616,false,מקלות פילו גבינה מעדנות 450 ג',מיוצר עי קונדיטוריית,IL,מקלות פילו גבינה 450,,450.00,100 גרם,false,,17.90,0.0398,true,1,159919
7290018165010,false,"יין ברקן רזרב גולד גוורצטרמינר 750 מ""ל",יקבי ברקן שיווק והפצ,IL,יין רזרב ברקן גולד ג,,750.00,,false,,49.90,0.0665,true,1,158341
7290018165027,false,"יין ברקן רזרב גולד רוזה 750 מ""ל",יקבי ברקן שיווק והפצ,IL,יין רזרב ברקן גולד ר,,750.00,100 גרם,false,,49.90,0.0665,true,1,158342
7290018165447,false,"יין רזרב גולד מרלו 750 מ""ל",יקבי ברקן שיווק והפצ,IL,יין רזרב גולד מרלו 7,,750.00,100 גרם,false,,49.90,0.0665,true,1,162350
7290018192658,false,מארז זוג פטריות פורטובלה ושמפיניון מרינה,"מרינה פטריות הגליל בע""מ",IL,פטריות צמד חמד איטלק,יחידה,0.00,יחידה,false,,16.90,0.0000,true,1,161289
7290018198056,false,"קוביות תפוחי אדמה תפוגן 1.5 ק""ג",עיצובים 2020 (4.5),,תפוגן קוביות תפוחי א,,1500.00,,false,,27.90,0.0186,true,1,159131
7290018213995,false,3 מטליות מיקרופייבר,,,3 מטליות מיקרופייבר,יחידה,0.00,יחידה,false,,13.90,0.0000,true,1,167063
7290018237281,false,עוף טוב נקניק סלמי ירדן 550 גר',,,נקניק סלמי ירדן עוף,,550.00,100 גרם,false,,25.90,0.0471,true,1,166238
7290018237922,false,שניצלונים ציפוי ציפס עוף טוב 700 גר',עיצובים 2020 (4.9),IL,שניצלונים בציפוי ציפ,,700.00,100 גרם,false,,19.90,0.0284,true,1,166328
7290018237939,false,שניצלונים ציפוי שומשום עוף טוב 700 גר',עיצובים 2020 (4.9),IL,שניצלונים בציפוי שומ,,700.00,100 גרם,false,,19.90,0.0284,true,1,166329
7290018294192,false,"יין בלנד היינן אדום יבש 750 מ""ל p.c",קריות זול,IL,בלנד היינן אדום פריי,,750.00,,false,,39.90,0.0532,true,1,167733
7290018307700,false,תבנית רוסטר בנוני 3,,,תבנית רוסטר בנוני 3,יחידה,0.00,יחידה,false,,10.90,0.0000,true,1,165590
7290018359570,false,שעועית צ'ילי הקטניה,,,שעועית צ'ילי הקטניה,,200.00,100 גרם,false,,13.90,0.0695,true,1,162238
7290018359679,false,הקיסרית- שעועית לימה,קריות זול,,הקיסרית- שעועית לימה,,550.00,100 גרם,false,,9.90,0.0180,true,1,165944
7290018359686,false,יכין חומוס ענק 550 גר,היינץ צפון אמריקה מק,IL,חומוס ענק יכין 550 ג,,550.00,,false,,9.90,0.0180,true,1,165945
7290018359853,false,עדשים שחורות יכין 400 גר',"זנלכל בע""מ",IL,עדשים שחורות יכין 40,,400.00,100 גרם,false,,6.90,0.0173,true,1,165943
7290018359938,false,"רוטב עגבניות לשקשוקה יכין, 400 גרם",יכין,IL,רוטב עגבניות לשקשוקה,,400.00,100 גרם,false,,12.90,0.0323,true,1,167993
7290018440384,false,תה ירוק מאטה לימון נענע 25 שק' ויסוצקי,ויסוצקי,IL,תה ירוק מאטה לימון נ,יחידה,0.00,יחידה,false,,27.90,0.0000,true,1,164660
7290018440391,false,תה ירוק מאטה נענע גוארנה 25 שק' ויסוצקי,ויסוצקי,IL,תה ירוק מאטה נענע גו,יחידה,0.00,יחידה,false,,27.90,0.0000,true,1,164661
7290018468418,false,"פסטרמה צמחונית בטעם מפולפל, 120 גרם",טיב טירת צבי 2000,IL,פסטרמה צמחונית בטעם,,120.00,100 גרם,false,,19.90,0.1658,true,1,168617
7290018471906,false,שוופס מוגז פירות לימונדה ורודה 1.5 ליטר פיקדון,"יפאורה תבורי בע""מ",IL,שוופס מוגז לימונדה ו,,1500.00,,false,,10.90,0.0073,true,1,165143
7290018471937,false,שוופס מוגז פירות תות ליים 1.5 ליטר פיקדון,"יפאורה תבורי בע""מ",IL,שוופס מוגז פירות תות,,1500.00,,false,,10.90,0.0073,true,1,165148
7290018516447,false,מקרוני 206 גרם,,,מקרוני 206 גרם,,206.00,100 גרם,false,,11.90,0.0578,true,1,168326
7290018542958,false,"צלחת מתכלה 7.5"" סדרת שמש אר 20 יח' דנטס",,,"צלחת מתכלה 7.5"" סדרת",יחידה,0.00,יחידה,false,,11.90,0.0000,true,1,168225
7290018542972,false,"צלחת מתכלה 10"" סדרת שמש אר 20 יח' דנטס",,,צלחת מתכלה 10' סדרת,יחידה,0.00,יחידה,false,,19.90,0.0000,true,1,168227
7290018542996,false,"קערה אובלית מתכלה 7.5"" סדרת שמש אר 20 יח' דנטס",,,קערה אובלית מתכלה 7.,יחידה,0.00,יחידה,false,,15.90,0.0000,true,1,168230
7290018652671,false,גלידה קרמריה שוקולד ווניל 1.4 ליטר,נסטלה,IL,לה קרמריה שוקו וניל,,1.40,,false,,23.90,17.0714,true,1,165850
7290018703052,false,פראוד חטיף חלבון עוג,,,פראוד חטיף חלבון עוג,,29.00,,false,,10.90,0.3759,true,1,167559
7290018724514,false,מחית תפוע נטורלה 90,,,מחית תפוח עץ 100% פר,,90.00,,false,,6.90,0.0767,true,1,168307
7290018724538,false,מחית תפוע ואגס נטורל,,,מחית תפוח עץ ואגסים1,,90.00,100 גרם,false,,6.90,0.0767,true,1,168309
7290018770276,false,זית עריביקה עם שמן ז,,,זית עריביקה עם שמן ז,,215.00,100 גרם,false,,14.90,0.0693,true,1,167201
7290018770283,false,זית סורי בטעם לימון,,,זית סורי בטעם לימון,,215.00,100 גרם,false,,14.90,0.0693,true,1,167202
7290018893005,false,"חטיפי בייגלה אפוי בטעם חרדל ודבש, 160 גרם",צ'וקטה Chocketa,RO,בייגלה שטוח חרדל ודב,,160.00,,false,,8.90,0.0556,true,1,165432
7290018893104,false,צ'וקטה ביסקוויט מצופה שוקולד מריר 100 גרם משולש K,צ'וקטה Chocketa,,ביסקוויט מצופה שוקול,,100.00,100 גרם,false,,7.90,0.0790,true,1,165445
7290018893128,false,צ'וקטה שוקולד חלב בלגי 34% 100 גרם משולש K,צ'וקטה Chocketa,BE,שוקולד חלב בלגי 34%,,100.00,100 גרם,false,,9.90,0.0990,true,1,165447
7290018893456,false,צ'וקטה מארז עוגות אישיות במילוי קרם ובציפוי שוקולד 10*30ג,פרדי קונדטוריה אס.פי,IT,עוגות אישיות חלב צוק,,300.00,100 גרם,false,,14.90,0.0497,true,1,165440
7290018893746,false,בייגלה עגבניות ועשבי תיבול 180 גר,SC ALKA TRADING CO S,RO,בייגלה שטוח עגבניות,,180.00,100 גרם,false,,8.90,0.0494,true,1,167633
7290018893807,false,צ'וקטה - שוקולד מריר שלישייה 3 * 100 גרם,צ'וקטה Chocketa,,שוקולד מריר 60% צוקט,,300.00,100 גרם,false,,12.90,0.0430,true,1,165443
7290018893814,false,צ'וקטה שוקולד מריר 48% 5 יח' *100 ג',הדקלאים אגודת שיתופי,ES,שוקולד מריר 48% צוקט,,500.00,100 גרם,false,,19.90,0.0398,true,1,165449
7290018893852,false,חטיפי בייגלה דקיקים ופריכים שומשום צ'וקטה 200 ג',צ'וקטה Chocketa,RO,בייגלה בתוספת שומשום,,200.00,100 גרם,false,,8.90,0.0445,true,1,165431
7290018893920,false,לוקיטוס סוכריות ג'לי בטעמי פירות 700 גרם,צ'וקטה Chocketa,,לוקיטוס סוכריות ג'לי,,700.00,100 גרם,false,,19.90,0.0284,true,1,168315
7290018925065,false,פרימור מיץ תפוזים סחוט 2 ליטר,פרימור,IL,פרימור מיץ תפוזים סח,,2000.00,100 גרם,false,,29.90,0.0150,true,1,165273
7290018925089,false,פרימור מיץ תפוח עץ צלול 2 ליטר,גניר,IL,פרימור מיץ תפוחים צל,,2000.00,100 גרם,false,,29.90,0.0150,true,1,165275
7290018989005,false,יכין פולפה טבעית 400*3 גר,זנלכל,IL,פולפה טבעית יכין 400,,1200.00,100 גרם,false,,15.90,0.0133,true,1,166817
7290019039211,false,כוסות פלסטיק לשתיה ק,,,כוסות פלסטיק לשתיה ק,יחידה,0.00,יחידה,false,,7.90,0.0000,true,1,165992
7290019056034,false,שוופס מוגז פירות אננס ללא סוכר 1.5 ליטר פיקדון,"יפאורה תבורי בע""מ",IL,שוופס מוגז פירות אננ,,1500.00,,false,,10.90,0.0073,true,1,165150
7290019056041,false,שוופס מוגז פירות לימונייד ללא סוכר 1.5 ליטר פיקדון,"יפאורה תבורי בע""מ",IL,שוופס מוגז פירות ללא,,1500.00,100 גרם,false,,10.90,0.0073,true,1,165151
7290019056058,false,שוופס מוגז עדין תפוח ליים 1.5 ליטר פיקדון,"יפאורה תבורי בע""מ",IL,שוופס מוגז עדין תפוח,,1500.00,,false,,9.90,0.0066,true,1,165138
7290019056065,false,שוופס מוגז עדין פירות יער 1.5 ליטר פיקדון,"יפאורה תבורי בע""מ",IL,שוופס מוגז עדין פירו,,1500.00,,false,,9.90,0.0066,true,1,165139
7290019056072,false,שוופס מוגז עדין אננס 1.5 ליטר פיקדון,"יפאורה תבורי בע""מ",IL,שוופס מוגז עדין אננס,,1500.00,,false,,9.90,0.0066,true,1,165140
7290019056096,false,שוופס מוגז עדין אפרסק 1.5 ליטר פיקדון,"יפאורה תבורי בע""מ",IL,שוופס מוגז עדין אפרס,,1500.00,,false,,9.90,0.0066,true,1,165142
7290019056164,false,שוופס סודה 1.5 ליטר רביעייה פיקדון,"יפאורה תבורי בע""מ",IL,שוופס סודה מארז 4*1.,,6000.00,100 גרם,false,,12.90,0.0021,true,1,165187
7290019056171,false,שוופס סודה לימון 1.5 ליטר רביעייה פיקדון,"יפאורה תבורי בע""מ",IL,שוופס סודה לימון מאר,,6000.00,,false,,12.90,0.0021,true,1,165188
7290019056188,false,שוופס סודה נענע ליים 1.5 ליטר רביעייה פיקדון,"יפאורה תבורי בע""מ",IL,שוופס סודה נענע ליים,,6000.00,,false,,12.90,0.0021,true,1,165189
7290019056232,false,משקה מוגז בטעם ליים מוחיטו 1.5 ל' שוופס,"יפאורה תבורי בע""מ",IL,שוופס ליים מוחיטו 1.,,1500.00,,false,,10.90,0.0073,true,1,165153
7290019056263,false,שוופס מים בטעמים אפרסק 1.5 ליטר פיקדון,"יפאורה תבורי בע""מ",IL,שוופס וואטר אפרסק 1.,,1500.00,100 גרם,false,,9.90,0.0066,true,1,165174
7290019056300,false,משקה בטעם ביטר לימון 1.5 ל' שוויפס,"יפאורה תבורי בע""מ",IL,שוופס ביטר לימון 1.5,,1500.00,,false,,13.90,0.0093,true,1,165183
7290019056324,false,שוופס טוניק 1.5 ליטר פיקדון,"יפאורה תבורי בע""מ",IL,שוופס מי טוניק 1.5לי,,1500.00,100 גרם,false,,13.90,0.0093,true,1,165185
7290019056331,false,שוופס טוניק ללא סוכר 1.5 ליטר פיקדון,"יפאורה תבורי בע""מ",IL,שוופס מי טוניק ללא ס,,1500.00,,false,,13.90,0.0093,true,1,165186
7290019056355,false,משקה בטעם לימונענע עם חתיכות פרי,"יפאורה תבורי בע""מ",IL,תפוזינה לימונענע 1.5,,1500.00,,false,,9.90,0.0066,true,1,165135
7290019056362,false,תפוזינה ענבים 1.5 ליטר פיקדון,"יפאורה תבורי בע""מ",IL,תפוזינה ענבים 1.5ליט,,1500.00,,false,,9.90,0.0066,true,1,165128
7290019056379,false,תפוזינה תפוזים 1.5 ליטר פיקדון,"יפאורה תבורי בע""מ",IL,תפוזינה תפוזים 1.5לי,,1500.00,,false,,9.90,0.0066,true,1,165129
7290019056393,false,תפוזינה תות בננה 1.5 ליטר פיקדון,"יפאורה תבורי בע""מ",IL,תפוזינה תות בננה 1.5,,1500.00,,false,,9.90,0.0066,true,1,165131
7290019056409,false,תפוזינה מנגו 1.5 ליטר פיקדון,"יפאורה תבורי בע""מ",IL,תפוזינה מנגו עסיסי 1,,1500.00,,false,,9.90,0.0066,true,1,165136
7290019056423,false,מיץ בטעם תפוח רענן 1.5ל' תפוזינה,"יפאורה תבורי בע""מ",IL,תפוזינה תפוח רענן 1.,,1500.00,,false,,9.90,0.0066,true,1,165137
7290019056430,false,תפוזינה תפוזים לייט 1.5 ליטר פיקדון,"יפאורה תבורי בע""מ",IL,תפוזינה דיאט תפוזים,,1500.00,,false,,9.90,0.0066,true,1,165133
7290019056508,false,פרוט ווטר ענבים 1.5 ליטר פיקדון,"יפאורה תבורי בע""מ",IL,משקה וואטר פרוט ענבי,,1500.00,,false,,9.90,0.0066,true,1,165155
7290019056515,false,פרוט ווטר אננס 1.5 ליטר פיקדון,"יפאורה תבורי בע""מ",IL,משקה וואטר פרוט אננס,,1500.00,,false,,9.90,0.0066,true,1,165156
7290019056553,false,עין גדי מים מינרלים 2 ליטר*6 יח',עין גדי מים מינרליים,IL,עין גדי מים מינרלים,,12000.00,100 גרם,false,,13.80,0.0012,true,1,165114
7290019056577,false,ספרינג מנגו 1.5 ליטר פיקדון,"יפאורה תבורי בע""מ",IL,ספרינג מנגו 1.5ליטר,,1500.00,,false,,9.90,0.0066,true,1,165116
7290019056584,false,ספרינג תפוזים 1.5 ליטר פיקדון,"יפאורה תבורי בע""מ",IL,ספרינג תפוזים 1.5ליט,,1500.00,100 גרם,false,,9.90,0.0066,true,1,165117
7290019056591,false,ספרינג ענבים 1.5 ליטר פיקדון,"יפאורה תבורי בע""מ",IL,ספרינג ענבים 1.5ליטר,,1500.00,100 גרם,false,,9.90,0.0066,true,1,165121
7290019056607,false,ספרינג תפוחים 1.5 ליטר פיקדון,"יפאורה תבורי בע""מ",IL,ספרינג תפוחים 1.5ליט,,1500.00,100 גרם,false,,9.90,0.0066,true,1,165118
7290019056614,false,ספרינג אפרסק 1.5 ליטר פיקדון,"יפאורה תבורי בע""מ",IL,ספרינג אפרסק 1.5ליטר,,1500.00,,false,,9.90,0.0066,true,1,165119
7290019056638,false,ספרינג תות בננה 1.5 ליטר פיקדון,"יפאורה תבורי בע""מ",IL,ספרינג תות בננה 1.5ל,,1500.00,100 גרם,false,,9.90,0.0066,true,1,165123
7290019056669,false,ספרינג תפוחים גיאט 1.5 ליטר פיקדון,"יפאורה תבורי בע""מ",IL,ספרינג תפוחים דיאט 1,,1500.00,,false,,9.90,0.0066,true,1,165126
7290019056966,false,מי עדן בקבוק פיקדון 1.5 ליטר,"מי עדן בע""מ",IL,מי עדן 1.5ליטר,,1500.00,,false,,3.30,0.0022,true,1,165280
7290019056973,false,מי עדן 1.5 ליטר שישייה פיקדון,מופק ממקור בזלתי עדן,IL,מי עדן שישייה 6*1.5,,9000.00,,false,,14.70,0.0016,true,1,165113
7290019153078,false,"שוופס ביטר למון לייט, 1.5 ליטר פקדון","יפאורה תבורי בע""מ",IL,שוופס ביטר לימון לי,,1500.00,,false,,13.90,0.0093,true,1,165718
7290019232162,false,"חליטת ""לילה טוב"" קמומיל מליסה 25 שקיקים ויסוצקי",ויסוצקי,IL,תה ירוק קמומיל מליסה,,25.00,,false,,27.90,1.1160,true,1,168011
7290019232834,false,בייגלה מצופה קרם עוגיות ושוקולד 140 גרם פליפז - רבנות,אולקר מקבוצת פלאדיס,TR,בייגלה מצופה עוגיות,,140.00,100 גרם,false,,9.90,0.0707,true,1,166744
7290019297543,false,חמאת בוטנים שקדיה 51,דין שיווק,,חמאת בוטנים 510גרם,,510.00,100 גרם,false,,11.90,0.0233,true,1,133571
7290100240144,false,"תרסיס למייבש כביסה ורוד 500 מ""ל בדין","זוהר דליה, קיבוץ דלי",IL,בדין תרסיס ורוד למיי,,500.00,,false,,19.90,0.0398,true,1,90360
7290100412800,false,"תחליב רחצה לעור יבש וילד פלאור דר עור 700 מ""ל","ד""ר עור DOCTOR OR",,"תחליב רחצה ד""ר עור ל",,700.00,,false,,16.90,0.0241,true,1,139714
7290100680650,false,מנה חמה נודלס-אטריות ירקות טעם תאילנדי אסם 76 ג',THAI PRESIDENT FOODS,TH,מנה חמה נודלס ירקות,,76.00,100 גרם,false,,7.50,0.0987,true,1,88243
7290100680711,false,פירורית זהב אסם זהב 350ג',עינת תעשיות מזון,IL,פירורית זהב שקית אסם,,350.00,100 גרם,false,,9.90,0.0283,true,1,88245
7290100680728,false,פירורית רגילה שקית 350 גרם,מיוצר עי קונדיטוריית,IL,פירורית אסם שקית 350,,350.00,100 גרם,false,,7.90,0.0226,true,1,88246
7290100685136,false,"מרק בטעם עוף 1 ק""ג אסם","אסם השקעות בע""מ",IL,*מבצע* אבקת מרק בטעם,,1000.00,100 גרם,false,,13.90,0.0139,true,1,88267
7290100685341,false,מרק בטעם עוף זך רכיבים טבעיים 400 ג' אסם,"אסם השקעות בע""מ",IL,*מבצע* אסם מרק זך טע,,400.00,100 גרם,false,,16.90,0.0422,true,1,88270
7290100685563,false,פירורית זהב אסם מארז 200X2ג',קריות זול,IL,פירורית אסם זהב שקית,,400.00,,false,,10.90,0.0273,true,1,149132
7290100686171,false,ביסלי גריל מארז 6 יח' * 35 ג' אסם,אסם תעשיות,IL,ביסלי גריל מארז 6 יח,,210.00,100 גרם,false,,14.90,0.0710,true,1,88277
7290100689301,false,אבקת מרק עוף זך עדיף אסם 400 גר',"אסם השקעות בע""מ",IL,אסם עדיף זך טעם עוף,,400.00,100 גרם,false,,16.90,0.0422,true,1,88286
7290100700020,false,סוגת גריסי פנינה 500גרם,האי נאם סי או אל.טי.,IL,גריסי פנינה סוגת 500,,500.00,100 גרם,false,,7.30,0.0146,true,1,94089
7290100700075,false,פירורי לחם מוזהבים 200 ג' סוגת,"סוגת תעשיות בע""מ",IL,פירורי לחם מוזהבים ס,,200.00,100 גרם,false,,4.90,0.0245,true,1,94091
7290100700372,false,"אורז בסמטי מלא סוגת 1 ק""ג",האי נאם סי או אל.טי.,IL,אורז בסמטי מלא סוגת,,1000.00,,false,,13.90,0.0139,true,1,94098
7290100700389,false,"אורז אדום סוגת 1 ק""ג",סוגת תעשיות,IL,אורז אדום סוגת 1קג,,1000.00,100 גרם,false,,16.90,0.0169,true,1,94099
7290100700396,false,"סוגת אורז יסמין קלאסי 1 ק""ג",האי נאם סי או אל.טי.,IL,אורז יסמין קלאסי סוג,,1000.00,100 גרם,false,,13.90,0.0139,true,1,94100
7290100700563,false,אורז מיקס קלאסי 1 ק',סוגת תעשיות,IL,אורז מיקס סוגת 1קג,,1000.00,100 גרם,false,,16.50,0.0165,true,1,94101
7290100700587,false,סוגת בורגול 500 גרם,האי נאם סי או אל.טי.,IL,בורגול סוגת 500 גר,,500.00,100 גרם,false,,7.30,0.0146,true,1,94102
7290100701140,false,"אורז ריזוטו 1 ק""ג סוגת","סוגת תעשיות בע""מ",IL,אורז ארבוריו סוגת 1ק,,1000.00,100 גרם,false,,15.90,0.0159,true,1,94110
7290100701157,false,אורז להכנת סושי סוגת,Unknown,,אורז להכנת סושי סוגת,,1000.00,100 גרם,false,,15.90,0.0159,true,1,94111
7290100701300,false,סוגת קינואה אדומה 500גרם,Unknown,,קינואה אדומה סוגת 50,,500.00,100 גרם,false,,16.90,0.0338,true,1,94113
7290100701409,false,קמח תירס סוגת 500 גר,,,קמח תירס סוגת,יחידה,0.00,יחידה,false,,9.90,0.0000,true,1,157014
7290100701454,false,גרישה - בורגול דק,"סוגת תעשיות בע""מ",IL,גרישה סוגת 500גר,,500.00,100 גרם,false,,7.30,0.0146,true,1,94118
7290100702260,false,קוסקוס דק סוגת 350 גר',סוגת,IL,קוסקוס דק סוגת 350 ג,,350.00,,false,,6.90,0.0197,true,1,94124
7290100702277,false,קוסקוס עבה סוגת 350 גר',סוגת,IL,קוסקוס עבה סוגת 350,,350.00,100 גרם,false,,6.90,0.0197,true,1,94125
7290100702635,false,פתיתים אפויים כוכבים סוגת 500 ג',,,פתיתים אפויים כוכבים,,500.00,100 גרם,false,,7.50,0.0150,true,1,144635
7290100702642,false,פתיתים אפויים טבעת 500 ג' סוגת,,,פתיתים אפויים טבעות,,500.00,100 גרם,false,,7.50,0.0150,true,1,144636
7290100702666,false,פתיתים אפויים עם בצל 400 ג' סוגת,,,פתיתים אפויים עם בצל,,400.00,100 גרם,false,,7.50,0.0188,true,1,144638
7290100702741,false,"סוכר חום בהיר בצנצנת 1 ק""ג סוגת",סוגת,IL,סוכר חום קלאסי בקופס,,1000.00,100 גרם,false,,14.90,0.0149,true,1,134663
7290100702987,false,פתיתי שיבולת שועל דק סוגת 500ג',סוגת תעשיות,,פתיתי שיבולת שועל סו,,500.00,,false,,6.90,0.0138,true,1,94146
7290100703458,false,כוסמת לא קלוי 500 ג' סוגת,,,כוסמת ללא קליה סוגת,,500.00,100 גרם,false,,8.90,0.0178,true,1,131779
7290100703533,false,קמח קסם תערובת קמח עם שמרים,"שטיבל בע""מ",IL,קמח קסם סוגת 1קג,,1000.00,100 גרם,false,,10.90,0.0109,true,1,133603
7290100703564,false,פתיתי שיבולת שועל עבה סוגת 500 ג',,,פתיתי שיבולת שועל עב,,500.00,100 גרם,false,,6.90,0.0138,true,1,131940
7290100703632,false,קמח חיטה מלא ללא צורך בניפוי,סוגת,,קמח חיטה מלא ללא צור,,1000.00,,false,,9.90,0.0099,true,1,140231
7290100703649,false,"קמח מלא 80% חיטה ללא ניפוי סוגת 1ק""ג",סוגת,,קמח חיטה 80% ללא צור,,1000.00,100 גרם,false,,9.90,0.0099,true,1,140198
7290100703670,false,"קמח כוסמין ללא ניפוי 1 ק""ג סוגת",Unknown,,קמח כוסמין מלא ללא צ,,1000.00,100 גרם,false,,14.90,0.0149,true,1,140200
7290100703687,false,"קמח חלה ללא ניפוי 1 ק""ג סוגת",סוגת,,קמח חלה ללא צורך ניפ,,1000.00,,false,,9.90,0.0099,true,1,140201
7290100703861,false,"קמח תערובת קסם לחלה 1 ק""ג סוגת",סוגת,IL,קמח תערובת קסם לחלה,,1000.00,100 גרם,false,,10.90,0.0109,true,1,136055
7290100704530,false,סוגת קמח כוסמין לבן ללא צורך בניפוי 1 קג,טחנות קמח שטיבל באר,IL,קמח כוסמין לבן ללא צ,,1000.00,,false,,16.90,0.0169,true,1,163169
7290100704660,false,קינואה מיקס סוגת 500 ג',"סוגת תעשיות בע""מ",IL,קינואה מיקס סוגת 500,,500.00,100 גרם,false,,16.90,0.0338,true,1,162974
7290100850909,false,דוריטוס בטעם נאצ'ו מקסיקני,שטראוס פריטו ליי בע,IL,דוריטוס נאצו מקסיקני,,70.00,100 גרם,false,,5.60,0.0800,true,1,90801
7290100850916,false,דוריטוס בטעם חמוץ חריף,"שטראוס פריטו ליי בע""",IL,דוריטוס חמוץ חריף 70,,70.00,100 גרם,false,,4.70,0.0671,true,1,90802
7290100850923,false,דוריטוס גריל 70 גרם,שטראוס פריטו ליי בע,IL,דוריטוס גריל 70גר,,70.00,100 גרם,false,,4.70,0.0671,true,1,90803
7290100850930,false,דוריטוס דיפ טבעי 70ג,שטראוס פריטו ליי בע,IL,דוריטוס דיפ טבעי 70ג,,70.00,100 גרם,false,,4.70,0.0671,true,1,90804
7290100858592,false,אבקת קקאו עלית שקית 150 ג',הנסיך- מפעל לייצור ט,IL,קקאו עלית 150גר,,150.00,100 גרם,false,,10.90,0.0727,true,1,99634
7290100858608,false,אבקת קקאו עלית שקית 500 ג',שטראוס גרופ,IL,קקאו עלית 500גר,,500.00,100 גרם,false,,29.90,0.0598,true,1,99635
7290100925751,false,"סוד נוזל כלים תפוח 650 מ""ל",סוד,,סוד נוזל לכלים תפוח,,650.00,,false,,6.90,0.0106,true,1,131203
7290101112921,false,גלידל פרי קרחון מופחת קלוריות פירות טרופיים - 8 יח',הגלידות של פלדמן,IL,גלידל פרי מאגדת בטעם,,8.00,,false,,24.90,3.1125,true,1,162117
7290101113157,false,גלידל וניל עוגיות מאגדת שישייה 312 ג',הגלידות של פלדמן,IL,גלידל חלבי מאגדת בטע,,6.00,,false,,25.90,4.3167,true,1,162125
7290101451105,false,נרות מטה כוכבים ממות,,,נרות מטה כוכבים ממות,יחידה,0.00,יחידה,false,,5.90,0.0000,true,1,91872
7290101551027,false,קפסולות קפה אספרסו חזק במיוחד 14 עלית 10 יח',הנסיך- מפעל לייצור ט,IL,קפסולות מס'14,,50.00,100 גרם,false,,19.90,0.3980,true,1,140679
7290101551539,false,יוגורט PRO בטעם אפרסק 0% 20 גרם חלבון בגביע,דנונה - שטראוס,IL,דנונה פרו אפרסק 20 ג,,200.00,100 גרם,false,,6.90,0.0345,true,1,139777
7290101551584,false,תפוצ'יפס קידס מארז 10 יח' * 20 ג',"שטראוס פריטו ליי בע""",IL,תפוציפס קידס מארז 10,,200.00,100 גרם,false,,14.50,0.0725,true,1,140310
7290101551638,false,חטיף צ'יטוס כאפה בטעם קטשופ - מארז 10 יח',"שטראוס פריטו ליי בע""",IL,ציטוס כאפה אפוי מארז,,200.00,100 גרם,false,,14.50,0.0725,true,1,139954
7290101863410,false,"סיליט ניקוי עוצמתי מכיל אקונומיקה 750 מ""ל",סיליט באנג Cillit Bang,PL,ספריי מכיל אקונומיקה,,750.00,,false,,13.90,0.0185,true,1,96529
7290101864127,false,"ספריי להסרת כתמים 750 מ""ל וניש קליה",קליה וניש Kalia Vanish,IL,קליה אוקסי ספריי 750,,750.00,,false,,25.90,0.0345,true,1,96531
7290101869726,false,ג'ל מרוכז למדיח פיניש all in one max,רקיט בנקיזר,PL,פיניש ג'ל למדיח 1ליט,,1000.00,,false,,46.90,0.0469,true,1,96551
7290101982470,false,ממתק רולר תפוח ורוד 30 גר,יושלם,,ממתק רולר בטעמים,יחידה,0.00,יחידה,false,,7.50,0.0000,true,1,157230
7290102030330,false,תפוצ'יפס קראנצ' בטעם מקסיקני,"שטראוס פריטו ליי בע""",IL,תפוציפס קראנץ מקסיקנ,,200.00,100 גרם,false,,13.50,0.0675,true,1,90806
7290102031276,false,מארז 8 יחידות אקטימל משקה יוגורט בטעם תות בננה,מיוצר עי קונדיטוריית,IL,אקטימל תות בננה 8*10,,800.00,,false,,21.90,0.0274,true,1,95251
7290102032334,false,אבקה להכנת משקה קפה בטעם וניל,STRAUSS-ISRAEL,IL,קפה נמס עלית בטעם ונ,,200.00,100 גרם,false,,29.90,0.1495,true,1,99643
7290102060764,false,מארז זוג מברשות שיניים מרידול,יבואן ומשווק: ש. שסט,CH,מברשות שיניים מרידול,יחידה,0.00,יחידה,false,,29.90,0.0000,true,1,168331
7290102390427,false,יוגורט ביו עם קציפת תות 3% שומן 150 ג' מולר,מולר Muller,IL,מולר פרופ תות 3% 150,,150.00,,false,,5.60,0.0373,true,1,91059
7290102390465,false,יוגורט ביו עם קציפת אפרסק ופסיפלורה 3% שומן 150 ג' מולר,מולר Muller,IL,מולר פרופ אפרסק פסיפ,,150.00,100 גרם,false,,5.60,0.0373,true,1,91061
7290102390489,false,יוגורט ביו עם קציפת לימון 3% שומן 150 ג' מולר,מולר Muller,IL,מולר פרופ לימון 3% 1,,150.00,100 גרם,false,,5.60,0.0373,true,1,91062
7290102391844,false,יוגורט ביו עם קציפת פירות יער3% שומן 150 ג' מולר,מולר Muller,IL,מולר פרופ לבן+קציפת,,150.00,100 גרם,false,,5.60,0.0373,true,1,91071
7290102392049,false,גבינה תבור לאפייה 5% 500 ג' צוריאל,מחלבת משק צוריאל,IL,גבינה תבור לאפייה 5%,,500.00,100 גרם,false,,28.90,0.0578,true,1,91075
7290102393039,false,מולר מיקס יוגורט קרמי בתוספת פצפוצי שוקולד 170 ג',קריות זול,IL,מולר מיקס בתוספת פצפ,,150.00,,false,,6.60,0.0440,true,1,91110
7290102393060,false,מיקס יוגורט גליליות וופל קרם אגוזים 170 ג' מולר,קריות זול,IL,מולר מיקס גליליות 15,,150.00,100 גרם,false,,6.60,0.0440,true,1,91111
7290102393169,false,סימפלי פרוט יוגורט תות 3% שומן 150 ג' מולר,מולר Muller,IL,מולר סימפלי פרוט תות,,150.00,100 גרם,false,,5.60,0.0373,true,1,91120
7290102393176,false,סימפלי פרוט יוגורט אפרסק 3% שומן 150 ג' מולר,מילקו תעשיות בעמ,IL,מולר סימפלי פרוט אפר,,150.00,100 גרם,false,,5.60,0.0373,true,1,91121
7290102393190,false,סימפלי פרוט פירות היער 3% שומן 150 ג' מולר,מילקו תעשיות בעמ,IL,מולר סימפלי פרוט פיר,,150.00,100 גרם,false,,5.60,0.0373,true,1,91123
7290102393947,false,סימפלי פרוט יוגורט בטעם קיווי 3% שומן 150 ג' מולר,מילקו תעשיות בעמ,IL,מולר סימפלי פרוט קיו,,150.00,100 גרם,false,,5.60,0.0373,true,1,91151
7290102394081,false,מולר מיקס יוגורט קרמי עם קורנפלקס מצופה שוקולד,מילקו תעשייה בעמ,IL,מולר מיקס קורנפקלס מ,יחידה,0.00,יחידה,false,,6.60,0.0000,true,1,91163
7290102394258,false,גבינת מה עז 9% שומן צוריאל 180 ג',מחלבת משק צוריאל,IL,מה עז צוריאל 9% 180ג,,180.00,,false,,25.90,0.1439,true,1,91172
7290102394463,false,נעם גבינה צהובה וואקום 28% 500גרם,Unknown,IL,גבינה צהובה נעם ואקו,,500.00,100 גרם,false,,30.90,0.0618,true,1,91181
7290102394845,false,פרוסות גבינת נעם מופחתת שומן 9%,מילקו תעשיות בעמ,IL,גבינה צהובה נעם דק ד,,200.00,100 גרם,false,,19.50,0.0975,true,1,91189
7290102395101,false,גבינה עם ממרח שוקולד 200ג' טרה,מילקו תעשיות בעמ,IL,ממרח על בסיס גבינה ש,,200.00,100 גרם,false,,12.90,0.0645,true,1,91203
7290102395224,false,מארז 8 גביעים יוגורט ביו בטעם טבעי 1.7%,מולר Muller,IL,מולר נטורל 1.7% מארז,,1200.00,100 גרם,false,,19.80,0.0165,true,1,91211
7290102395231,false,מולר נטורל 2.8% ביאנקו מאגדת 8 יח' * 150 ג',מולר Muller,IL,מולר נטורל 2.8% מארז,,1200.00,100 גרם,false,,19.80,0.0165,true,1,91212
7290102395521,false,"שמנת לבישול 15% שומן 500 מ""ל טרה",מילקו תעשיות בעמ,IL,שמנת לבישול 15% 500מ,,500.00,,false,,18.90,0.0378,true,1,91228
7290102396399,false,מארז 8 יחידות מעדן חלב בטעם שוקולד 1.5%,טרה,IL,מוו מעדן שוקולד מארז,,800.00,100 גרם,false,,15.50,0.0194,true,1,91271
7290102396665,false,פרוסות גבינת נעם מופחתת שומן 15%,מילקו תעשיות בעמ,IL,גבינה צהובה נעם 15%,,200.00,100 גרם,false,,17.90,0.0895,true,1,91290
7290102396719,false,יוגורט ביו עם תות שדה 0% Simply Fruit,מולר Muller,IL,מולר סימפלי פרוט תות,,150.00,100 גרם,false,,5.60,0.0373,true,1,91294
7290102397204,false,פרוסות גבינה 22% שומן 200 ג' נעם,מילקו תעשיות בעמ,IL,גבינה צהובה נעם 22%ד,,200.00,100 גרם,false,,18.90,0.0945,true,1,91326
7290102397464,false,יוגורט ביו בתוספת גרעינים אגוזים וחמוציות 170 ג' מולר,מולר Muller,IL,מולר מיקס גרעינים פק,יחידה,0.00,יחידה,false,,6.60,0.0000,true,1,134448
7290102397600,false,מיקס יוגורט בתוספת שקדים ובוטנים מקורמלים 170 ג' מולר,מילקו תעשייה בעמ,IL,מולר מיקס+ שקדים ובו,,170.00,100 גרם,false,,6.60,0.0388,true,1,91349
7290102397617,false,יוגורט ביו קרמי עם כדורים מצופים שוקולד חום לבן,מולר Muller,IL,מולר מיקס קליק 150גר,,150.00,100 גרם,false,,6.60,0.0440,true,1,91350
7290102397730,false,פרוסות גבינה אמנטל חצי קשה 30% שומן 200 ג' נעם,Unknown,IL,גבינה אמנטל נעם 200ג,,200.00,100 גרם,false,,19.50,0.0975,true,1,135668
7290102397891,false,גבינת מותכת 18% צוריאל 100ג',משק צוריאל,IL,גבינה מותכת צוריאל 1,,100.00,100 גרם,false,,8.50,0.0850,true,1,134452
7290102398072,false,**חלב בקרטון 1 ליטר 3% מהדרין,Unknown,IL,חלב הומוגני 3% מהדר,,1000.00,,false,,6.23,0.0062,true,1,135763
7290102398331,false,חלב דל לקטוז 2% מועשר בויטמין D,Unknown,IL,חלב מועשר דל לקטוז 1,,1000.00,,false,,8.70,0.0087,true,1,137346
7290102398560,false,שוקו מעושר בבקבוק 1ל' טרה,מילקו תעשיות בעמ,IL,שוקו טרה מועשר 1 ליט,,1000.00,,false,,13.40,0.0134,true,1,139157
7290102398577,false,משקה חלב בטעם שוקו 2% בבקבוק אישי,מילקו תעשיות בעמ,IL,שוקו טרה מועשר 250 מ,,250.00,100 גרם,false,,5.90,0.0236,true,1,139158
7290102398799,false,משקה סויה במתיקות מופחתת 1 ליטר משק צוריאל,משק צוריאל,IT,משקה סויה במתיקות מו,,1000.00,,false,,11.90,0.0119,true,1,153032
7290102398836,false,משקה שקדים קלאסי 1 ליטר משק צוריאל,משק צוריאל,IT,משקה שקדים קלאסי 1 ל,,1000.00,,false,,12.90,0.0129,true,1,153034
7290102399635,false,"מולר פרופ יוגורט ביו עם קציפת קוקוס ואננס 150 מ""ל",מולר Muller,IL,מולר פרופ טרופיקל 4.,,150.00,100 גרם,false,,5.60,0.0373,true,1,159723
7290102399796,false,מעדן יוגורט לבן מועשר בחלבון 200 ג' מולר אקטיב,מולר Muller,IL,מולר אקטיב 25 יוגורט,,200.00,100 גרם,false,,5.70,0.0285,true,1,153038
7290102399802,false,יוגורט עם תות מולר אקטיב מועשר בחלבון 200 גר',מולר Muller,IL,מולר אקטיב יוגורט 20,,200.00,100 גרם,false,,6.90,0.0345,true,1,153040
7290102399819,false,יוגורט עם פירות יער מולר אקטיב מועשר בחלבון 200 גר',מולר Muller,IL,מולר אקטיב יוגורט 20,,200.00,100 גרם,false,,6.90,0.0345,true,1,153041
7290102399857,false,"יוגורט אקטיב עם תות 0% , 20 גרם חלבון בגביע",מולר Muller,IL,מולר אקטיב לייט 20 ע,,200.00,100 גרם,false,,6.90,0.0345,true,1,159724
7290102601547,false,כפיות פרמיום שקוף/קרם/לבן/זהב א'ר 50 דנטס,,,כפיות פרמיום שקוף/קר,יחידה,0.00,יחידה,false,,9.90,0.0000,true,1,115492
7290103124601,false,"תחליב רחצה נוזל חלב ודבש משאבה 750מ""ל פלמוליב",הנסיך- מפעל לייצור ט,TR,פלמוליב תחליב רחצה נ,,750.00,,false,,21.90,0.0292,true,1,109550
7290103400194,false,כרוב לבן חתוך טעם הט,"טרופיקל דגיל בע""מ אז",IL,כרוב לבן שטראוס 400ג,,400.00,100 גרם,false,,9.90,0.0248,true,1,95255
7290103400231,false,גזר גוליאן בדצ שטראו,"טרופיקל דגיל בע""מ אז",IL,גזר גוליאן בדצ שטראו,,400.00,100 גרם,false,,9.90,0.0248,true,1,95256
7290103400255,false,לקט לסלט קולסלאו בשקית,"טרופיקל דגיל בע""מ אז",IL,סלט קולסלאו שטראוס 4,,400.00,100 גרם,false,,9.90,0.0248,true,1,95257
7290103404758,false,כרוב אדום במיונז אחל,מיוצר עי קונדיטוריית,IL,סלט כרוב אדום אחלה 1,,200.00,100 גרם,false,,5.90,0.0295,true,1,95259
7290103408206,false,עלי חסה ערבית שטופים,שטראוס בריאות ירקות,IL,עלי חסה ערבית שטופים,,250.00,100 גרם,false,,12.90,0.0516,true,1,95262
7290103703905,false,ממחטות נייר טישו טוט,Unknown,,ממחטות נייר טישו טוט,יחידה,0.00,יחידה,false,,11.90,0.0000,true,1,159241
7290104061417,false,חומוס טחינה אחלה 400 ג',"שטראוס גרופ בע""מ",IL,חומוס טחינה אחלה קלא,,400.00,100 גרם,false,,11.90,0.0298,true,1,95264
7290104061431,false,חומוס אחלה עם צנובר 400 ג',"שטראוס גרופ בע""מ",IL,חומוס צנובר אחלה קלא,,400.00,,false,,11.90,0.0298,true,1,95266
7290104061448,false,חומוס עם חריף 400 ג' אחלה,מיוצר עי קונדיטוריית,IL,חומוס חריף אחלה קלאס,,400.00,,false,,11.90,0.0298,true,1,95267
7290104062599,false,מארז 8 יחידות מעדן גמדים בטעמי תות ובננה,STRAUSS-ISRAEL,IL,גמדים תות בננה 8*100,,800.00,,false,,20.90,0.0261,true,1,95268
7290104065934,false,שטראוס עלי רוקט 150ג,שטראוס בריאות ירקות,IL,שטראוס עלי רוקט 150ג,,150.00,100 גרם,false,,12.90,0.0860,true,1,95270
7290104068539,false,גומי מאסט בטעם מלון ואבטיח 28 ג' עלית,"שטראוס גרופ בע""מ",IL,מסטיק מאסט מלון ואבט,,28.00,100 גרם,false,,5.50,0.1964,true,1,99683
7290104500572,false,אפרופו חטיף איטליאנו 50 ג' אסם,מיוצר עי קונדיטוריית,IL,אפרופו חטיף איטליאנו,,50.00,100 גרם,false,,5.50,0.1100,true,1,88288
7290104501661,false,אינסטנט פודינג בטעם וניל צרפתי,מיוצר עי קונדיטוריית,IL,פודינג וניל צרפתי אס,,80.00,100 גרם,false,,6.30,0.0787,true,1,88289
7290104503184,false,עוגת הבית שבת בראוניס שוק' ריבת חלב 380ג',מיוצר עי קונדיטוריית,IL,עוגת הבית בראוניס שו,,380.00,100 גרם,false,,18.90,0.0497,true,1,88292
7290104504228,false,מארז אריזות מיני חטיף דובונים - 5 יח',"אסם השקעות בע""מ",IL,דובונים מולטיפק אסם,,100.00,100 גרם,false,,14.90,0.1490,true,1,88295
7290104508943,false,במבה אריזת חסכון 200 גרם,"אסם השקעות בע""מ",IL,במבה אסם 200 גרם,,200.00,100 גרם,false,,10.50,0.0525,true,1,162240
7290104721533,false,רצועות פלפלים קלויים אחלה 400 ג',מיוצר עי קונדיטוריית,IL,פלפלים קלויים אחלה ט,,400.00,100 גרם,false,,17.50,0.0438,true,1,95279
7290104721762,false,קפה טורקי עלית מארז 85X3ג',,,קפה טורקי עלית מארז,,255.00,100 גרם,false,,19.90,0.0780,true,1,99686
7290104721953,false,לקט סלט מסולסלים 7 סוגי עלים,שטראוס בריאות ירקות,IL,לקט מסולסלים ירקות ש,,350.00,100 גרם,false,,14.90,0.0426,true,1,95280
7290104722530,false,תפוצ'יפס בטעם שמנת ובצל,"שטראוס פריטו ליי בע""",IL,תפוציפס שמנת בצל 200,,200.00,100 גרם,false,,13.50,0.0675,true,1,90818
7290104726262,false,מארז 4 יחידות דני לשתייה בטעם שוקולד + קשים,מיוצר עי קונדיטוריית,IL,דני תות לשתיה מארז ר,יחידה,500.00,יחידה,false,,12.90,0.0258,true,1,95287
7290104726712,false,מארז 8 יחידות מעדן מילקי בטעם שוקולד עם קצפת,"שטראוס גרופ בע""מ",IL,מילקי שמינייה מארז 8,,1064.00,100 גרם,false,,22.90,0.0215,true,1,95288
7290104728310,false,"שמנת עמידה לקצפת 38% שומן 250 מ""ל יוטבתה",מחלבת יטבתה,IL,שמנת עמידה לקצפת 38%,,250.00,100 גרם,false,,6.47,0.0259,true,1,95292
7290104960239,false,"תחליב רחצה נקה 7 ארומה לבן 750 מ""ל",טרופיקל דגיל תעשיות,IL,נקה 7 תחליב רחצה ארו,,750.00,,false,,13.90,0.0185,true,1,89603
7290105360328,false,קפסולות אספרסו חזק למכונות נספרסו 10 יח',הנסיך- מפעל לייצור ט,IL,קפסולות מס'10 חזק וע,יחידה,0.00,יחידה,false,,19.90,0.0000,true,1,99705
7290105360335,false,קפסולות קפה אספרסו עדין וקטיפתי,הנסיך- מפעל לייצור ט,IL,קפסולות מס7 עדין וקט,יחידה,0.00,יחידה,false,,19.90,0.0000,true,1,99706
7290105360755,false,שמן זית כתית מעולה חזק 3,מכוורת יד מרדכי שטרא,IL,"שמן זית 3 חזק 750 מ""",,750.00,,false,,36.90,0.0492,true,1,99710
7290105360878,false,תפוצ'יפס מארז 4 יח' *50ג',"שטראוס פריטו ליי בע""",IL,תפוציפס מארז 4*50גר,,200.00,100 גרם,false,,13.40,0.0670,true,1,90827
7290105362339,false,"שמנת לבישול 15% 250 מ""ל יטבתה מהדרין",מחלבת יטבתה,IL,שמנת לבישול 15% יטבת,,250.00,,false,,9.50,0.0380,true,1,95298
7290105364289,false,כיף כף - מקלות פצפוצים 40 גרם,"איי, בי, אינבוו",TR,כיף כף מקלות פצפוצים,,40.00,100 גרם,false,,6.50,0.1625,true,1,99718
7290105364302,false,"עלית חטיף שוקולד כיף כף מקלות אגוזים, 40 גרם","איי, בי, אינבוו",TR,כיף כף מקלות אגוזים,,40.00,100 גרם,false,,6.50,0.1625,true,1,99719
7290105366023,false,חציל אחלה בטעם כבד 400 גר' אחלה,מיוצר עי קונדיטוריית,IL,חציל טעם כבד אחלה טע,,400.00,100 גרם,false,,17.50,0.0438,true,1,95301
7290105366047,false,טחינה אחלה לבנה 400 גר',מיוצר עי קונדיטוריית,IL,טחינה לבנה אחלה טעמי,,400.00,100 גרם,false,,17.50,0.0438,true,1,95303
7290105366993,false,סימפוניה גבינה במרקם שמנת פלפל שיפקה חריף 5%,"שטראוס בריאות בע""מ",IL,סימפוניה פלפל שיפקה,,200.00,100 גרם,false,,12.50,0.0625,true,1,95308
7290105368331,false,מעדן מילקי בטעם תות עם קצפת,מחלבת אחיהוד,IL,מילקי תות,,170.00,,false,,3.20,0.0188,true,1,95319
7290105368904,false,"שמנת מתוקה להקצפה 32% שומן 250 מ""ל יוטבתה",מחלבת יטבתה,IL,שמנת מתוקה להקצפה 32,,500.00,,false,,8.70,0.0174,true,1,95326
7290105369130,false,סימפוניה גבינה במרקם שמנת בצל ירוק 5%,"שטראוס בריאות בע""מ",IL,סימפוניה בצל ירוק 5%,,200.00,100 גרם,false,,12.50,0.0625,true,1,95330
7290105439499,false,מיונז הולנדי 481 ג' מאסטר שף,רמיה סי.וי. הולנד,NL,מיונז מאסטר שף 480 ג,,480.00,100 גרם,false,,12.90,0.0269,true,1,91659
7290105439505,false,קרם בטעם מיונז לייט מנה 479 ג' מאסטר שף,רמיה סי.וי. הולנד,NL,ממרח מיונז לייט מאסט,,479.00,100 גרם,false,,12.90,0.0269,true,1,132188
7290105691248,false,פריכונים חטיפי טורטיה תירס 60 ג' אוסם,"מיוצר ע""י PT, משווק",IL,פריכונים חטיפי טורטי,,60.00,100 גרם,false,,9.70,0.1617,true,1,88324
7290105691712,false,עוגיות הפסקת קפה חיטה מלאה אסם 230 גר',היינץ צפון אמריקה מק,IL,עוגיות הפסקת קפה דגנ,,230.00,100 גרם,false,,13.50,0.0587,true,1,88327
7290105691934,false,"קמח שמרים 1ק""ג אוסם",תאי פרזידנט פוד פאבל,IL,קמח שמרים אסם 1קג,,1000.00,100 גרם,false,,11.90,0.0119,true,1,88329
7290105693341,false,במבה מארז 10 יח' * 25 ג' אסם,"אסם השקעות בע""מ",IL,*מבצע* במבה מארז אסם,,250.00,100 גרם,false,,15.90,0.0636,true,1,88337
7290105693457,false,עוגת הבית דמקה שוקו וניל 320 ג' אסם,מיוצר עי קונדיטוריית,IL,עוגת הבית דמקה שוקו,,320.00,100 גרם,false,,15.90,0.0497,true,1,88338
7290105695024,false,אסם פתיתים אפויים אורז עם אטריות 500 גר,"אסם השקעות בע""מ",IL,פתיתים אפויים אורז ע,,500.00,100 גרם,false,,8.60,0.0172,true,1,88349
7290105695321,false,עוגת שוקולד בראוניז פאדג' 380 ג',מיוצר עי קונדיטוריית,IL,עוגות הבית בראוניס פ,,380.00,100 גרם,false,,18.90,0.0497,true,1,88353
7290105965738,false,יוגורט לשתיה בטעם תות בננה267 ג' דנונה,מיוצר עי קונדיטוריית,IL,דנונה לשתיה תות בננה,,250.00,,false,,5.90,0.0236,true,1,95342
7290105966469,false,"חומץ בלסמי יד מרדכי 250מ""ל",אצטייה ג'וזפה קרמוני,IT,חומץ בלסמי יד מרדכי,,2500.00,,false,,19.90,0.0080,true,1,99750
7290105968098,false,סלט קולסלאו אחלה 500 ג',אחלה - שטראוס,IL,קולסלאו אחלה 500גר,,500.00,100 גרם,false,,17.50,0.0350,true,1,95349
7290106520066,false,רבע לשבע במילוי קרם אגוזים ובציפוי שוקולד חלב,הגביע מוצרי וופלים ב,IL,רבע לשבע גלילי וופל,,160.00,,false,,13.90,0.0869,true,1,99758
7290106520912,false,"שמנת לבישול 9% 250 מ""ל יטבתה",מחלבת יטבתה,IL,שמנת לבישול 9% יטבתה,,250.00,,false,,9.50,0.0380,true,1,95361
7290106525399,false,קפסולות 06 ברזיל למכונות נספרסו עלית 10יח',הנסיך- מפעל לייצור ט,IL,קפסולות ברזיל 06 למכ,,50.00,100 גרם,false,,19.90,0.3980,true,1,99774
7290106525405,false,קפסולות למכונת נספרסו נטול קפאין,שטראוס קפה בי.וי,IL,קפסולות מס7 נטול קופ,יחידה,0.00,יחידה,false,,19.90,0.0000,true,1,146700
7290106526822,false,פריכיות אורז עם תחתית שוקולד חלב 80 ג' אנרגי,"טחנת האבן תעשיות בע""",IL,פריכיות עם תחתית שוק,,80.00,100 גרם,false,,9.90,0.1238,true,1,99787
7290106528949,false,סלט ערוגות טעם הטבע,שטראוס בריאות ירקות,IL,לקט ערוגות שטראוס 45,,450.00,100 גרם,false,,13.90,0.0309,true,1,95378
7290106571921,false,עוגיות פיטנס עוגיות חמוציות 180 גר',מיוצר עי קונדיטוריית,IL,פיטנס עוגיות חמוציות,,180.00,100 גרם,false,,12.90,0.0717,true,1,88368
7290106572027,false,אוסם - לחמית חמישה דגנים 190 גרם,"אסם השקעות בע""מ",IL,לחמית חמישה דגנים אס,,190.00,100 גרם,false,,9.90,0.0521,true,1,88370
7290106573642,false,צבר חומוס צנובר 400גרם,סלטי צבר,IL,חומוס צנובר צבר 400ג,,400.00,,false,,13.90,0.0348,true,1,88386
7290106574793,false,עוגת הבית שוקו שוקוצ''יפס 350 ג' אסם,מיוצר עי קונדיטוריית,IL,עוגת הבית שוקו שוקוצ,,350.00,100 גרם,false,,15.90,0.0454,true,1,88397
7290106574953,false,בייגלה שטוחים כעכים שטוחים עם שומשום,מיוצר עי קונדיטוריית,IL,בייגלה שטוחים שומשום,,300.00,100 גרם,false,,12.50,0.0417,true,1,88398
7290106574977,false,בייגלה שטוחים כעכים שטוחים עם מלח,מיוצר עי קונדיטוריית,IL,בייגלה שטוחים עם מלח,,300.00,100 גרם,false,,12.50,0.0417,true,1,88399
7290106575257,false,עוגת הבית סופלה בטעם שוקולד 340 ג' אסם,מיוצר עי קונדיטוריית,IL,עוגת הבית סופלה בטעם,,340.00,100 גרם,false,,15.90,0.0468,true,1,88402
7290106576223,false,אפרופו מצופה שוקולד 40 ג',מיוצר עי קונדיטוריית,IL,אפרופו שוקולד אסם 40,,40.00,100 גרם,false,,5.50,0.1375,true,1,131893
7290106576513,false,סלט חומוס צבר 400 גר,סלטי צבר,IL,חומוס צבר 400גר,,400.00,100 גרם,false,,10.90,0.0273,true,1,88412
7290106576537,false,צבר חומוס מסעדה 700 גר,סלטי צבר,IL,*מבצע* חומוס מסעדות,,700.00,,false,,12.00,0.0171,true,1,88413
7290106576834,false,גלידה לה קרמריה פונטש בננה1.4 ל' נסטלה,תות תעשיות מזון (201,IL,לה קרמריה פונטש בננה,,1400.00,,false,,23.90,0.0171,true,1,90703
7290106576858,false,גלידה לה קרמריה תותים בשמנת 1.4 ל' נסטלה,המאפיה של הרמן,IL,לה קרמריה תותים בשמנ,,1400.00,,false,,23.90,0.0171,true,1,90704
7290106576957,false,"לה קרמריה גלידת שוקו וניל פליק פרווה כשל""פ 1.4",תות תעשיות מזון (201,IL,לה קרמריה שוקו וניל,,1400.00,,false,,23.90,0.0171,true,1,90708
7290106576995,false,גלידה סורבה לה קרמריה תות מנגו לייט 1.4 ל' נסטלה,המאפיה של הרמן,IL,לה קרמריה סורבה תות,,1400.00,,false,,23.90,0.0171,true,1,90710
7290106577039,false,גלידה לה קרמריה שוקו וניל פליק 1.4 ל' נסטלה,תות תעשיות מזון (201,IL,לה קרמריה וניל שוקו,,1400.00,,false,,23.90,0.0171,true,1,90711
7290106577527,false,סלט קולסלאו כרוב לבן וגזר 400 ג' צבר,סלטי צבר,IL,סלט קולסלאו צבר 400,,400.00,100 גרם,false,,13.90,0.0348,true,1,149903
7290106577541,false,כרוב אדום מרובע 400 ג' צבר,סלטי צבר,IL,כרוב אדום צבר 400גרם,,400.00,100 גרם,false,,13.90,0.0348,true,1,88421
7290106577572,false,צבר מטבוחה מרובע 400גרם,סלטי צבר,IL,מטבוחה צבר 400גרם,,400.00,100 גרם,false,,13.90,0.0348,true,1,88422
7290106578692,false,אוסם - במבה ביסלי מיקס 80 גרם,פרו מן יו פתרונות אר,IL,במבה ביסלי מיקס 80 ג,,80.00,,false,,5.60,0.0700,true,1,88429
7290106653689,false,לקט לסלט בסגנון אסייתי,שטראוס בריאות ירקות,IL,לקט לסלט אסייתי שטרא,,350.00,100 גרם,false,,13.90,0.0397,true,1,133891
7290106654099,false,מילקי CAKE עוגות אישיות במילוי קרם חלב,STRAUSS-ISRAEL,,מארז מילקי קייק שמינ,,272.00,100 גרם,false,,21.90,0.0805,true,1,144965
7290106658479,false,עלית וופל בטעם טורטית אגוזים 360גר,"שטראוס גרופ בע""מ",IL,טורטית מגדים 40גר,,40.00,100 גרם,false,,5.00,0.1250,true,1,99835
7290106663121,false,מילקי cake עוגה אישית 34 גרם,בובארד איטליה אס.פי.,IT,מילקי קייק 34 גר,,34.00,100 גרם,false,,3.90,0.1147,true,1,95411
7290106663503,false,יד מרדכי קונפיטורת לייט תות 230 גר,אף.סי תבליני בגליל ב,IL,קונפיטורת לייט תות י,,250.00,100 גרם,false,,14.90,0.0596,true,1,99877
7290106666788,false,עלית - סוכריות נוסטלגיה דבש ממולאות 80 גרם,פלזנסקי,IL,סוכריות נוסטלגיה דבש,,80.00,100 גרם,false,,6.50,0.0813,true,1,99893
7290106667266,false,דוריטוס חמוץ חריף עלית 185 ג',הנסיך- מפעל לייצור ט,IL,דוריטוס חמוץ חריף 18,,185.00,100 גרם,false,,9.60,0.0519,true,1,90905
7290106668577,false,"מיץ לימון טבעי יד מרדכי 250 מ""ל",האי נאם סי או אל.טי.,IT,מיץ לימון טבעי 250 מ,,250.00,,false,,9.50,0.0380,true,1,129299
7290106668713,false,יוגורט עם פירות יער 3% שומן 150 ג' דנונה,מיוצר עי קונדיטוריית,IL,דנונה פירות יער 3% 1,,150.00,100 גרם,false,,4.90,0.0327,true,1,95442
7290106720626,false,צ'יטוס קראנצ' בטעם גבינה - חלבי,"שטראוס פריטו ליי בע""",IL,ציטוס קראנצ בטעם גבי,,80.00,100 גרם,false,,5.10,0.0637,true,1,134723
7290106721913,false,מסטיק מאסט MUST ללא סוכר בטעם מנטה מרעננת,"שטראוס גרופ בע""מ",IL,מסטיק מאסט ריח פה צ',,66.00,100 גרם,false,,11.50,0.1742,true,1,99927
7290106721920,false,צנצנת מסטיק מאסט בטעם ספירמינט עדין 66 ג' עלית,"שטראוס גרופ בע""מ.",IL,מסטיק מאסט ספירימינט,,66.00,100 גרם,false,,11.50,0.1742,true,1,99928
7290106723689,false,עלי תרד בייבי שטראוס,שטראוס בריאות ירקות,IL,עלי תרד בייבי שטראוס,,200.00,,false,,12.90,0.0645,true,1,95457
7290106725867,false,"סירופ מייפל טהור 189 מ""ל יד מרדכי",קוסלסי פוד,CA,*מבצע* סירופ מייפל ט,,189.00,,false,,25.90,0.1370,true,1,99968
7290106726178,false,יוגורט PRO עם פירות יער 2.4% 10 גרם חלבון בגביע,מיוצר עי קונדיטוריית,IL,דנונה WOW פירות יער,,150.00,,false,,5.30,0.0353,true,1,95466
7290107280020,false,מטליות לחות סנו סושי לניקוי כללי שלישיה *50 יח',טרופיקל דגיל- תעשיות,IL,מגבוני ניקוי כללי סנ,יחידה,0.00,יחידה,false,,21.90,0.0000,true,1,150175
7290107340243,false,מטען בית אייפון,,,מטען אייפון IMX,יחידה,0.00,יחידה,false,,39.90,0.0000,true,1,160071
7290107341332,false,מטען רכב מיקרו IMX,,,מטען רכב מיקרו IMX,יחידה,0.00,יחידה,false,,39.90,0.0000,true,1,160075
7290107341356,false,כבל אייפון imx,,,כבל אייפון IMX,יחידה,0.00,יחידה,false,,19.90,0.0000,true,1,160937
7290107341370,false,כבל טפייסי imx,,,כבל טייפסי IMX,יחידה,0.00,יחידה,false,,19.90,0.0000,true,1,160079
7290107645584,false,אבקת מרק עוף אמיתי רכיבים טבעיים 400 גרם - רבנות,יוניליוור ישראל מזון,IL,מרק עוף אמיתי קנור ר,,400.00,100 גרם,false,,25.90,0.0647,true,1,139589
7290107646062,false,אבקת מרק בצל רכיבים טבעיים קנור 400 ג',יוניליוור ישראל מזון,IL,מרק בצל רכיבים טבעיי,,400.00,100 גרם,false,,25.90,0.0647,true,1,138410
7290107647656,false,מאגדת מיני סולרו קוקוס אננס 245 ג',"מיוצר ע""י גלידת שטרא",IL,מאגדת מיני סולרו קוק,,245.00,100 גרם,false,,25.90,0.1057,true,1,140853
7290107870047,false,"טילון אקסטרים מטבע ענק בראוניז, 115 ג'",תות תעשיות מזון (201,IL,אקסטרים מטבע ענק ברא,,115.00,100 גרם,false,,11.90,0.1035,true,1,163461
7290107871532,false,מאגדת קרחונים דובדבן מלון 10 יח' נסטלה,גלידות נסטלה (נגה גל,IL,קרחוני דובדבן מלון נ,,800.00,100 גרם,false,,10.90,0.0136,true,1,90724
7290107871990,false,פסטה צינורות 500 ג' אסם,פסטה זארה,IT,פסטה צינורות אסם 500,,500.00,100 גרם,false,,7.60,0.0152,true,1,88452
7290107874427,false,אוסם - מיני פריכונים זעתר 25 גרם,פרח תעשיות מזון,IL,פריכונים מיני זעתר א,,25.00,,false,,4.70,0.1880,true,1,88472
7290107875271,false,ביסלי ברביקיו מארז 4 יח' * 55 ג' אסם,,,ביסלי ברביקיו מארז א,,220.00,100 גרם,false,,13.90,0.0632,true,1,143241
7290107875820,false,קרוטונים אפויים בתיבול ביתי אוסם 180 ג',עינת תעשיות מזון,IL,קרוטונים אפויים בתיב,,180.00,,false,,13.50,0.0750,true,1,129419
7290107877619,false,מארז במבה במילוי קרם נוגט 5*30ג' אסם,אסם תעשיות,IL,במבה במילוי קרם נוגט,,150.00,100 גרם,false,,14.90,0.0993,true,1,134047
7290107879699,false,שלגון לה פרוטה מנגו נסטלה 70ג',המאפיה של הרמן,IL,קרחון שרבט לה פרוטה,,70.00,,false,,7.90,0.1129,true,1,90749
7290107932080,false,חלב בבקבוק 3% שומן 1 ל' יוטבתה,מחלבת יטבתה,IL,חלב 3% מועשר בבקבוק,,1000.00,,false,,8.50,0.0085,true,1,95496
7290107932134,false,חלב בבקבוק 1% שומן 1 ל' יוטבתה,מחלבת יטבתה,IL,חלב מועשר 1% בבקבוק,,1000.00,,false,,8.50,0.0085,true,1,95498
7290107933155,false,לקט סלנובה טעם הטבע,שטראוס בריאות ירקות,IL,לקט סלנובה 200גר,,200.00,,false,,14.90,0.0745,true,1,95500
7290107934473,false,מארז 8 יח' אקטיביה יוגורט קרמי 1.5% שומן,דנונה - שטראוס,IL,אקטיביה מארז שמינייה,,1200.00,,false,,22.90,0.0191,true,1,95514
7290107936309,false,דנונה יוגורט 7% יווני לבן 130 ג',"שטראוס בריאות בע""מ",IL,דנונה יווני לבן 130ג,,130.00,100 גרם,false,,4.20,0.0323,true,1,132007
7290107936958,false,עד חצות ביסקוויט אצבעות שוקולד 125 גרם,הדקלאים אגודת שיתופי,FR,עד חצות ביסקוויט אצב,,125.00,100 גרם,false,,12.90,0.1032,true,1,136501
7290107936965,false,עד חצות עוגיות עיגולים 225 גר',ביסקווטרי עוגיות סנט,FR,עד חצות ביסקוויט עיג,,225.00,100 גרם,false,,15.90,0.0707,true,1,136503
7290107938396,false,"אקטימל משקה פרוביוטי תות 100X8 מ""ל",מיוצר עי קונדיטוריית,IL,אקטימל תות שמינייה ב,,864.00,100 גרם,false,,21.90,0.0253,true,1,95535
7290107939027,false,גזר דק דק ירקות שטרא,שטראוס בריאות ירקות,IL,גזר דק דק ירקות שטרא,,250.00,100 גרם,false,,8.20,0.0328,true,1,133604
7290107940030,false,חומוס אחלה 650 גר',,,*מבצע* חומוס אחלה 65,,650.00,100 גרם,false,,8.90,0.0137,true,1,138111
7290107940467,false,אקטיביה יוגורט 1.5% שומן 200 ג' דנונה,מיוצר עי קונדיטוריית,IL,אקטיביה יוגורט קרמי,,200.00,100 גרם,false,,4.90,0.0245,true,1,95549
7290107941266,false,שעועית אדומה שטראוס,הורקסה לס לגונס דה ס,IL,שעועית אדומה מבושלת,,475.00,,false,,14.90,0.0314,true,1,133606
7290107944472,false,סימפוניה גבינה במרקם שמנת 5% שום שמיר,"שטראוס בריאות בע""מ",IL,סימפוניה שום שמיר 5%,,200.00,100 גרם,false,,12.50,0.0625,true,1,132477
7290107945165,false,קונפיטורה משמש יד מרדכי 340 ג',אף.סי תבליני בגליל ב,IL,קונפיטורת משמש יד מר,,340.00,100 גרם,false,,15.90,0.0468,true,1,134243
7290107950190,false,מעדן חלב דל קלוריות בטעם שוקולד מריר 0.5% שומן,מיוצר עי קונדיטוריית,IL,מעדן שטראוס דיאט שוק,,130.00,100 גרם,false,,3.90,0.0300,true,1,131997
7290107953559,false,קפה טורקי עלית לדרך שקיות 24X7ג',הנסיך- מפעל לייצור ט,IL,מארז קפה טורקי לדרך,,168.00,100 גרם,false,,19.90,0.1185,true,1,151440
7290107954709,false,קונפיטורה יד מרדכי פירות יער 340 ג',יד מרדכי,IL,קונפיטורת פירות יער,,340.00,100 גרם,false,,15.90,0.0468,true,1,135631
7290107954976,false,"משקה יטבתה חלבון פרו קפה 350מ""ל",מחלבת יטבתה,DE,משקה חלב יטבתה פרו 3,,350.00,,false,,7.70,0.0220,true,1,135934
7290107957991,false,מילקי CAKE מיניס קרם חלב בציפוי שוקולד חלב שקית 16X9ג',בובארד איטליה אס.פי.,IT,מארז מילקי מיניס קיי,,144.00,100 גרם,false,,15.90,0.1104,true,1,139660
7290107958035,false,יוגורט במתיקות מעודנת 2% ללא תוספת סוכר- מארז 8 יח,דנונה - שטראוס,IL,דנונה מארז שמינייה מ,,1200.00,100 גרם,false,,21.70,0.0181,true,1,136911
7290108350616,false,סנו - מקסימה מרכך כביסה מרוכז פריחה כחולה 1 ליטר,"סנו מפעלי ברונוס בע""",IL,סנו מקסימה בלו בלוסו,,1000.00,,false,,19.90,0.0199,true,1,89666
7290108350623,false,מרכך כביסה סופר מרוכז סופט סילק מקסימה 1 ל' סנו,"סנו מפעלי ברונוס בע""",IL,סנו מקסימה סופט סילק,,1000.00,100 גרם,false,,19.90,0.0199,true,1,89667
7290108351613,false,סנו ריצפז פרש הום 2 ליטר בניחוח מלון חלומי,"סנו מפעלי ברונוס בע""",IL,ריצפז פרש הום בניחוח,ליטרים,2.00,ליטר,false,,25.90,12.9500,true,1,136935
7290108351699,false,סנו - ג'ט מטליות לחות לניקוי כללי בתוספת חומץ לבנדר שלישיה,סנו מפעלי ברונוס על,IL,מגבוני ניקוי ג'ט +חו,יחידה,0.00,יחידה,false,,21.90,0.0000,true,1,157746
7290108351804,false,סנו - מקסימה מרכך כביסה מרוכז ג'נטל בריז 1 ליטר,מיוצר עי קונדיטוריית,IL,סנו מקסימה סופר מרוכ,,1000.00,,false,,19.90,0.0199,true,1,149211
7290108351811,false,מקסימה מרכך כביסה סופר מרוכז פלור טאצ' 1 ליטר,מיוצר עי קונדיטוריית,IL,סנו מקסימה סופר מרוכ,,1000.00,,false,,19.90,0.0199,true,1,149212
7290108352207,false,קפסולות כביסה מקסימה פלורל 40 יח' סנו,טרופיקל דגיל תעשיות,IL,סנו מקסימה 40 קפסולו,,40.00,,false,,35.90,0.8975,true,1,159560
7290108352825,false,ספוג הפלא נירוסטה סנו סושי 3יח',s.k.a.t ltdסנו מפעלי,CN,ספוג הפלא נירוסטה סנ,יחידה,0.00,יחידה,false,,11.90,0.0000,true,1,158175
7290108353686,false,מטלית חלומית לריצפה מיקרופייבר,נינגבו סנבנג,CN,מטלית חלומית לרצפה ס,יחידה,0.00,יחידה,false,,11.90,0.0000,true,1,161817
7290108357653,false,סבון ג'ל לאסלה בניחוח אוקיינוס 3 יח' סנו,קריות זול,,סנובון באבלס בניחוח,,0.00,,false,,17.90,0.0000,true,1,167979
7290108359060,false,כריות לניקוי כלים לשבת סנו סושי 4 יח',סנו,IL,סנו סושי כריות ניקוי,,4.00,,false,,12.90,3.2250,true,1,164762
7290108359176,false,סופט ממחטות אף 3 שכבות 200יח,סנו,,סופט ממחטות אף 3 שכב,,0.00,,false,,16.90,0.0000,true,1,167977
7290108501346,false,גבינה מגורדת גאודה 500 גר',Euro יורו מחלבות אירופה,IL,גבינת גאודה מגורדת 2,,500.00,100 גרם,false,,25.90,0.0518,true,1,138235
7290108503043,false,תפוחונים חטיף פלחים מיובשים מארז 22X4ג',ינטאי זונגקאן פוד קו,CN,מארז תפוחונים 4*22 ג,,88.00,,false,,15.90,0.1807,true,1,140262
7290108503975,false,קנלוני פסטה איטליאנה,ויליפוד,IT,קנלוני ויליפוד 250 ג,,250.00,,false,,10.90,0.0436,true,1,141458
7290108504293,false,גבינה מנצ'גו צ'אנק 150 גר',ג.וילי פוד אינטרנשיו,ES,מנצ'גו צ'אנק יורו צי,,150.00,100 גרם,false,,15.90,0.1060,true,1,142277
7290108505726,false,גבינה חצי קשה-אצבעות,סאסו פטוראגס קומטויס,TR,אצבעות גבינה חצי קשה,,200.00,100 גרם,false,,14.90,0.0745,true,1,159459
7290108505733,false,צמות - גבינה חצי קשה 25% שומן 200 ג',אונטד גידה,TR,צמות גבינה חצי קשה 2,,200.00,100 גרם,false,,14.90,0.0745,true,1,159458
7290108505740,false,גבינת קשקבל קשה למחצה 25% שומן,Euro יורו מחלבות אירופה,TR,גבינת קשקבל חצי קשה,,200.00,,false,,14.90,0.0745,true,1,159461
7290108506709,false,גבינת פרמג'יאנו רג'יאנו 150 גר' רבנות,וילי פוד,IT,גבינת פרמג'נו רג'אנו,,150.00,100 גרם,false,,24.90,0.1660,true,1,159462
7290108507652,false,ביסקויט פריך בשוקולד לבן 100 גרם -קהילות,מודרן צוקולטה,TR,ביסקויט פריך בשוקולד,,100.00,100 גרם,false,,7.90,0.0790,true,1,165898
7290108509267,false,ארוחת פסטה עם רוטב גבינה,הנסיך- מפעל לייצור ט,UA,ארוחת פסטה עם רוטב ע,,206.00,,false,,9.90,0.0481,true,1,167891
7290108509700,false,אורז פרסי דאווט 1 קג,אל טי פוד,IN,"אורז פרסי דאווט 1 ק""",,1000.00,,false,,10.90,0.0109,true,1,165506
7290109352916,false,פריכיות דגנים פיטנס מצופות שוקולד לבן,נסטלה Nestle,IL,פריכיות שוקולד לבן פ,,84.00,100 גרם,false,,14.90,0.1774,true,1,131382
7290109355504,false,שלגון קראנץ' וניל ליבת נוגט 72 ג',נטו מלינדה-בשר,IL,קראנץ' וניל ליבת נוג,,100.00,100 גרם,false,,11.90,0.1190,true,1,154249
7290109358482,false,עוגיות קרמוגית במילוי קרם בטעם חלבה,היינץ צפון אמריקה מק,IL,קרמוגית במילוי חלווה,,200.00,100 גרם,false,,12.90,0.0645,true,1,140637
7290109580043,false,"שניצל תירס קלאסי זוגלובק 1.75 ק""ג",זוגלובק,IL,"שניצל תירס 1.75ק""ג ז",,1750.00,100 גרם,false,,49.90,0.0285,true,1,161437
7290109580135,false,פרימיום קורנדביף זוגלובק 180 ג',זוגלובק,IL,קורנדביף 180 גרם פרי,,180.00,100 גרם,false,,25.90,0.1439,true,1,162523
7290109580166,false,פרימיום סרוולד קלאסי זוגלובק 150 ג',זוגלובק,IL,סרוולדקלאסי 150ג פרי,,150.00,100 גרם,false,,25.90,0.1727,true,1,162520
7290109580241,false,נאגטס מן הצומח 500 ג' זוגלובק,זוגלובק טבע,IL,נאגטס מן הצומח 500גר,,500.00,100 גרם,false,,25.90,0.0518,true,1,166855
7290109580432,false,פסטרמה חזה הודו מעושן 120 גר' זוגלובק,זוגלובק,IL,פסטרמה בדחזה הודו מע,,120.00,,false,,14.90,0.1242,true,1,166853
7290109920597,false,"אסטוניש - מרסס לניקוי המקלחון 750 מ""ל",יעקבי- אסטוניש Astonish,,אסטוניש מרסס למקלחון,,750.00,,false,,16.90,0.0225,true,1,143726
7290109920665,false,"אסטוניש - מרסס מסיר אוכל שרוף במטבח 750 מ""ל",יעקבי- אסטוניש Astonish,,אסטוניש מסיר אוכל שר,,750.00,,false,,16.90,0.0225,true,1,143728
7290109921587,false,מיוחד לרצפות גרניט פורצלן 1.25 ליטר,וונדפוט,BE,הפי לרצפית גרנית פור,,1250.00,,false,,15.90,0.0127,true,1,152108
7290109923147,false,"פלא של אקונומיקה 750 מ""ל אסטוניש",יעקבי- אסטוניש Astonish,,אסטוניש מרסס פלא של,,750.00,,false,,15.90,0.0212,true,1,166613
7290110110024,false,"פאנטה תות פחית סליק 330מ""ל",,,פאנטה תות סליק 330מל,,330.00,100 גרם,false,,7.00,0.0212,true,1,136566
7290110110659,false,"ספרייט לימון ליים פחית 330מ""ל",החברה המרכזית לייצור,IL,"ספרייט סליק 330 מ""ל",,330.00,,false,,7.00,0.0212,true,1,138239
7290110114787,false,נביעות + תפוח 1.5 ליטר פיקדון,נביעות טבע הגליל בעמ,IL,נביעות+ תפוח 1.5ליטר,,1500.00,,false,,9.90,0.0066,true,1,165218
7290110114794,false,נביעות + אפרסק 1.5 ליטר פיקדון,"נביעות טבע הגליל בע""",IL,נביעות+ אפרסק 1.5ליט,,1500.00,,false,,9.90,0.0066,true,1,165219
7290110114800,false,נביעות + ענבים 1.5 ליטר פיקדון,"נביעות טבע הגליל בע""",IL,נביעות+ ענבים 1.5ליט,,1500.00,,false,,9.90,0.0066,true,1,165220
7290110114855,false,"נביעות מים מינרליים, שישיה 6 * 1.5 ליטר פקדון",נביעות טבע הגליל בעמ,IL,נביעות שישייה 6*1.5ל,,9000.00,100 גרם,false,,14.70,0.0016,true,1,165089
7290110114893,false,מיץ סחוט תפוז 2 ל' פריגת,פריגת,IL,סחוט תפוז 2ליטר,,2000.00,100 גרם,false,,29.90,0.0150,true,1,165083
7290110114954,false,מיץ תפוזים מתקתקים 100% 2 ל' פריגת,פריגת,IL,סחוט 2ליטר מתקתק 100,,2000.00,,false,,25.90,0.0130,true,1,165086
7290110114961,false,מיץ בטעם תפוזים 1.5ל' פריגת,מבשלות בירה בינלאומי,IL,משקה קל בטעם תפוזים,,1500.00,100 גרם,false,,9.90,0.0066,true,1,165225
7290110114985,false,פריגת אשכולית 1.5 ליטר פיקדון,מבשלות בירה בינלאומי,IL,משקה קל בטעם אשכוליו,,1500.00,,false,,9.90,0.0066,true,1,165227
7290110114992,false,פריגת light אשכולית 1.5 ליטר פיקדון,מבשלות בירה בינלאומי,IL,פריגת אשכולית לייט 1,,1500.00,,false,,9.90,0.0066,true,1,165228
7290110115005,false,פריגת ענבים 1.5 ליטר פיקדון,מבשלות בירה בינלאומי,IL,משקה קל בטעם ענבים פ,,1500.00,100 גרם,false,,9.90,0.0066,true,1,165229
7290110115012,false,מיץ ענבים בניחוח מרלו 1.5 ל' פריגת,פריגת,IL,משקה קל בטעם מרלו ענ,,1500.00,,false,,9.90,0.0066,true,1,165230
7290110115029,false,"פריגת משק""ל תפוח 1.5 ליטר פיקדון",מבשלות בירה בינלאומי,IL,פריגת משקה קל תפוחים,,1500.00,,false,,9.90,0.0066,true,1,165231
7290110115036,false,פריגת מנגו 1.5 ליטר פיקדון,מבשלות בירה בינלאומי,IL,פריגת משקה קל מנגו,,1500.00,100 גרם,false,,9.90,0.0066,true,1,165232
7290110115043,false,פריגת לימונענע 1.5 ליטר פיקדון,מבשלות בירה בינלאומי,IL,משקה קל בטעם לימונענ,,1500.00,100 גרם,false,,9.90,0.0066,true,1,165233
7290110115050,false,פריגת מיקס תות בננה 1.5 ליטר פיקדון,מבשלות בירה בינלאומי,IL,פריגת משקה קל תות-בנ,,1500.00,100 גרם,false,,9.90,0.0066,true,1,165234
7290110115074,false,פריגת תפוח דובדבן 1.5 ליטר פיקדון,מבשלות בירה בינלאומי,IL,פריגת תפוח דובדבן 1.,,1500.00,,false,,9.90,0.0066,true,1,165236
7290110115104,false,פריגת צלול אפרסק 1.5 ליטר פיקדון,מבשלות בירה בינלאומי,IL,פריגת צלול אפרסק 1.5,,1500.00,,false,,9.90,0.0066,true,1,165241
7290110115180,false,מים מינרליים נביעות,"נביעות טבע הגליל בע""",IL,נביעות 1.5 ליטר,,1500.00,100 גרם,false,,2.90,0.0019,true,1,165321
7290110115203,false,קוקה קולה 1.5 ליטר פיקדון,קוקה קולה Coca Cola,IL,קוקה קולה 1.5 ליטר,,1500.00,100 גרם,false,,9.50,0.0063,true,1,165095
7290110115210,false,דיאט קוקה קולה 1.5 ליטר פיקדון,קוקה קולה Coca Cola,IL,קוקה קולה דיאט 1.5ל,,1500.00,100 גרם,false,,9.50,0.0063,true,1,165096
7290110115227,false,קולה ZERO 1.5 ליטר פיקדון,קוקה קולה Coca Cola,IL,קוקה קולה זירו בקבוק,,1500.00,100 גרם,false,,9.50,0.0063,true,1,165097
7290110115234,false,קולה ZERO נטול 1.5 ליטר פיקדון,החברה המרכזית לייצור,IL,קוקה קולה זירו נטול,,1500.00,100 גרם,false,,9.50,0.0063,true,1,165098
7290110115241,false,קוקה קולה זירו לימון 1.5 ליטר,החברה המרכזית לייצור,IL,קוקה קולה זירו לימון,,1500.00,100 גרם,false,,9.50,0.0063,true,1,165099
7290110115265,false,ספרייט 1.5 ליטר LIME פיקדון,החברה המרכזית לייצור,IL,ספרייט ליים 1.5ליטר,,1500.00,100 גרם,false,,9.50,0.0063,true,1,165193
7290110115272,false,ZERO ספרייט זירו 1.5 ליטר פיקדון,החברה המרכזית לייצור,IL,ספרייט זירו 1.5 ליטר,,1500.00,100 גרם,false,,9.50,0.0063,true,1,165194
7290110115296,false,פאנטה אורנג' 1.5 ליטר פיקדון,החברה המרכזית לייצור,IL,פאנטה אורנג׳ 1.5 ליט,,1500.00,100 גרם,false,,9.50,0.0063,true,1,165246
7290110115302,false,פאנטה ZERO אורנג' 1.5 ליטר פיקדון,החברה המרכזית לייצור,IL,פאנטה אורנג׳ זירו 1.,,1500.00,100 גרם,false,,9.50,0.0063,true,1,165247
7290110115357,false,קינלי סודה 1.5 ליטר פיקדון,קריות זול,,קינלי סודה 1.5ליטר,,1500.00,,false,,4.80,0.0032,true,1,165198
7290110115364,false,קוקה קולה שישיות 1.5 ליטר פיקדון,החברה המרכזית לייצור,IL,קוקה קולה שישייה 6*1,,9000.00,,false,,53.90,0.0060,true,1,165101
7290110115371,false,דיאט קוקה קולה שישיות 1.5 ליטר פיקדון,החברה המרכזית לייצור,IL,קוקה קולה דיאט שישיי,,9000.00,,false,,53.90,0.0060,true,1,165102
7290110115395,false,ZERO ספרייט שישיות 1.5 ליטר פיקדון,החברה המרכזית לייצור,IL,ספרייט זירו שישייה 6,,9000.00,,false,,53.90,0.0060,true,1,165245
7290110115401,false,קינלי סודה שישייה 1.5 ליטר פיקדון,החברה המרכזית לייצור,IL,קינלי סודה מארז שישי,,9000.00,100 גרם,false,,21.70,0.0024,true,1,165253
7290110115418,false,מארז שישייה קוקה קולה זירו 1.5 ל',החברה המרכזית לייצור,IL,קוקה קולה זירו שישיי,,9000.00,100 גרם,false,,53.90,0.0060,true,1,165192
7290110115425,false,FUZE TEA גרין לימונענע -נענע 1.5 ליטר פיקדון,מבשלות בירה בינלאומי,IL,פיוז טי גרין לימון נ,,1500.00,,false,,10.90,0.0073,true,1,165200
7290110115449,false,אייס תה בטעם מנגו אננס 1.5ל' FUZE TEA,מבשלות בירה בינלאומי,IL,פיוז טי תה קר בטעם מ,,1500.00,,false,,10.90,0.0073,true,1,165202
7290110115463,false,אייס תה בטעם אפרסק 1.5ל' FUZE TEA,מבשלות בירה בינלאומי,IL,פיוז תה 1.5 ליטר בטע,,1500.00,100 גרם,false,,10.90,0.0073,true,1,165204
7290110115593,false,פריגת אשכוליות 40% פחות סוכר 1.5 ליטר פיקדון,מבשלות בירה בינלאומי,IL,פריגת אשכולית 40% פח,,1500.00,,false,,9.90,0.0066,true,1,165237
7290110115609,false,פריגת ענבים 40% פחות סוכר 1.5 ליטר פיקדון,מבשלות בירה בינלאומי,IL,פריגת ענבים 40% פחות,,1500.00,,false,,9.90,0.0066,true,1,165239
7290110115616,false,FUZE tea zero גרין אננס 1.5 ליטר פיקדון,מבשלות בירה בינלאומי,IL,פיוז טי זירו גרין אנ,,1500.00,,false,,10.90,0.0073,true,1,165209
7290110115623,false,משקה פיוז טי זירו ZERO בטעם אפרסק,מבשלות בירה בינלאומי,IL,פיוז טי זירו אפרסק 1,,1500.00,100 גרם,false,,10.90,0.0073,true,1,165210
7290110115777,false,מים מינרלים נביעות 1.5 ל,נביעות,,נביעות 1.5 ליטר,,1500.00,100 גרם,false,,2.90,0.0019,true,1,165322
7290110115821,false,"ספרייט לימון, 1.5 ליטר פקדון",כלורוקס אוקלנד,IL,ספרייט ליים 1.5ליטר,,1500.00,,false,,9.50,0.0063,true,1,165339
7290110115838,false,"ספרייט זירו, 1.5 ליטר פקדון","אינסטנטה בע""מ",IL,ספרייט זירו 1.5 ליטר,,1500.00,100 גרם,false,,9.50,0.0063,true,1,165340
7290110115845,false,קוקה קולה 1.5 ליטר פיקדון,"אינסטנטה בע""מ",IL,קוקה קולה 1.5 ליטר,,1500.00,100 גרם,false,,9.50,0.0063,true,1,165317
7290110115852,false,קוקה קולה דיאט בקבוק,תות תעשיות מזון (201,IL,קוקה קולה דיאט 1.5ל,,1500.00,100 גרם,false,,9.50,0.0063,true,1,165341
7290110115869,false,קוקה קולה זירו 1.5 ליטר פיקדון,תות תעשיות מזון (201,IL,קוקה קולה זירו בקבוק,,1500.00,100 גרם,false,,9.50,0.0063,true,1,165318
7290110115876,false,סודה קינלי 1.5 ליטר,"אינסטנטה בע""מ",IL,קינלי סודה 1.5ליטר,,1500.00,,false,,4.80,0.0032,true,1,165342
7290110115968,false,קוקה קולה 1ליטר,קוקה קולה,,קוקה קולה 1ליטר,,1000.00,100 גרם,false,,7.70,0.0077,true,1,165931
7290110115975,false,קוקה קולה זירו בקבוק,החברה המרכזית לייצור,IL,קוקה קולה זירו 1ליטר,,1000.00,100 גרם,false,,7.70,0.0077,true,1,165936
7290110116552,false,ספרייט לימון היט 1.5 ליטר LIME פיקדון,החברה המרכזית לייצור,IL,ספרייט למון היט 1.5ל,,1500.00,,false,,9.50,0.0063,true,1,168188
7290110320850,false,פתיתים גבינה חצי קשה מגורדת 28% שומן,תנובה מרכז שיתופי לש,IL,פתיתי עמק 28% שומן 2,,200.00,,false,,16.90,0.0845,true,1,136543
7290110320867,false,פתיתים גבינה חצי קשה מגורדת 28% שומן,תנובה מרכז שיתופי לש,IL,פתיתי עמק 28% שומן 5,,500.00,,false,,37.90,0.0758,true,1,137513
7290110320935,false,גבינת מוצרלה תנובה 150ג' פרוסות,תנובה מרכז שיתופי לש,IL,פרוסות מוצרלה 150גר,,200.00,,false,,17.70,0.0885,true,1,136323
7290110321031,false,מעדן חלב GO יוגורט מועשר בחלבון טבעי 200 ג' יופלה,"תנובה, מחלבת אלון תב",IL,יוגורט גו טבעי 200 מ,,200.00,100 גרם,false,,5.90,0.0295,true,1,136320
7290110321277,false,קוטג' בקטנה % 5 100 ג' תנובה,פארייפאבה אגרואינדוס,IL,קוטג בקטנה 5% מהדרין,,100.00,,false,,2.90,0.0290,true,1,137474
7290110321284,false,קוטג' בקטנה 9% 100 ג' תנובה,פארייפאבה אגרואינדוס,IL,קוטג בקטנה 9% מהדרין,,100.00,,false,,2.90,0.0290,true,1,137475
7290110321680,false,יוגורט GO בטעם תות 20 גרם חלבון בגביע,מיוצר עי קונדיטוריית,IL,יוגורט גו תות 200 מל,,200.00,100 גרם,false,,6.40,0.0320,true,1,137661
7290110321703,false,יוגורט GO בטעם פירות יער 20 גרם חלבון בגביע,מיוצר עי קונדיטוריית,IL,יוגורט גו פירות יער,,200.00,,false,,6.40,0.0320,true,1,139225
7290110322014,false,טופו בטעם טבעי תנובה ALTERNATIVE,שוורצקוף& הנקל דיסלד,IL,טופו טבעי 300 גרם,,300.00,100 גרם,false,,13.70,0.0457,true,1,139226
7290110322038,false,טופו פיקנטי תנובה ALTERNATIVE,תנובה Alternative,IL,טופו פיקנטי 300 גרם,,300.00,100 גרם,false,,13.70,0.0457,true,1,139228
7290110322946,false,יופלה טיוב יוגורט במרקם חלק בטעם תות בננה כשרות רבנות 348 ג',,,יוגורט טיוב תות בננה,,348.00,,false,,13.20,0.0379,true,1,140172
7290110323585,false,יופלה יוגורט עם דובדבן מופחת קלוריות 200 ג' GO,יופלה Yoplait,,יוגורט גו לייט דובדב,,200.00,,false,,6.40,0.0320,true,1,140412
7290110323592,false,יופלה יוגורט עם אפרסק מופחת קלוריות 200 ג' GO,יופלה Yoplait,,יוגורט גו לייט אפרסק,,200.00,,false,,6.40,0.0320,true,1,140413
7290110324353,false,יוגורט GO לייט בטעם אננס 20 גרם חלבון בגביע,"תנובה בע""מ",IL,יוגורט גו לייט אננס,,200.00,100 גרם,false,,6.40,0.0320,true,1,141610
7290110324551,false,יופלה טיוב יוגורט במרקם חלק בטעם תות 348 ג',יופלה Yoplait,IL,יוגורט טיוב תות מהדר,,348.00,,false,,13.20,0.0379,true,1,141283
7290110324841,false,מעדן שקדים עם שוקולד מריר אלטרנטיב,מיוצר עי קונדיטוריית,IL,מעדן שקדים עם שוקולד,,125.00,,false,,4.70,0.0376,true,1,152404
7290110324872,false,גבינה צהובה גלבוע 5% שומן 200 גרם,גלבוע - תנובה,IL,גבינה צהובה גלבוע 5%,,200.00,100 גרם,false,,18.90,0.0945,true,1,152400
7290110324926,false,משקה סויה ללא תוספת סוכר E אלטרנטיב,תנובה מרכז שיתופי לש,IL,משקה סויה ללא תוספת,,1000.00,,false,,12.90,0.0129,true,1,152150
7290110325084,false,מאגדת שמינייה מיני קרלו שוניל 8*100גרם,קריות זול,,מאגדת שמינייה מיני ק,,800.00,,false,,14.90,0.0186,true,1,148970
7290110325114,false,"משקה יוגורט יופלה גו לייט תות בננה 250 מ""ל - רבנות",מיוצר עי קונדיטוריית,IL,משקה גו לייט תות בננ,,250.00,,false,,7.00,0.0280,true,1,148971
7290110325121,false,משקה יוגורט יופלה גו לייט מנגו אננס,"תנובה בע""מ",IL,משקה גו לייט מנגו אנ,,250.00,,false,,7.00,0.0280,true,1,148972
7290110325169,false,פרוסות גבינת גאודה 30%,תנובה,IL,פרוסות גאודה 170 גרם,,170.00,100 גרם,false,,20.90,0.1229,true,1,159001
7290110325312,false,מעדן סויה GO מועשר בחלבון בטעם תות,"תנובה בע""מ",IL,מעדן גו סויה בטעם תו,,200.00,,false,,6.50,0.0325,true,1,152407
7290110325619,false,משקה שיבולת שועל תנובה E אלטרנטיב,מיוצר עי קונדיטוריית,IL,משקה שיבולת שועל 1 ל,,1000.00,,false,,13.50,0.0135,true,1,157666
7290110325879,false,פתיתי גאודה 200 ג' תנובה,תנובה- השף הלבן,IL,פתיתי גאודה 200 גרם,,200.00,100 גרם,false,,18.50,0.0925,true,1,159051
7290110325893,false,משקה חלב GO מועשר בחלבון בטעם אייס קפה,מיוצר עי קונדיטוריית,IL,משקה חלב גו אייס קפה,,340.00,,false,,8.90,0.0262,true,1,157664
7290110326210,false,יופלה און טופ פצפוצים 157 גרם.,מיוצר עי קונדיטוריית,IL,יוגורט און טופ פצפוצ,,157.00,100 גרם,false,,5.40,0.0344,true,1,158994
7290110326227,false,יוגורט און טופ קורנפלקס 157 ג' יופלה,מיוצר עי קונדיטוריית,IL,יופלה און טופ קורנפל,,157.00,100 גרם,false,,5.40,0.0344,true,1,159000
7290110326234,false,יוגורט און טופ כוכבים 157 ג' יופלה,מיוצר עי קונדיטוריית,IL,יופלה און טופ כוכבים,,157.00,100 גרם,false,,5.40,0.0344,true,1,158996
7290110326241,false,יופלה און טופ גרנולה 157 גרם.,מיוצר עי קונדיטוריית,IL,יופלה און טופ גרנולה,,157.00,,false,,5.40,0.0344,true,1,158997
7290110326333,false,פרוסות גבינה בסגנון סקנדינבי 31%,פ.פ.ח. שאביט,IL,פרוסות גבינה סקנדינב,,170.00,100 גרם,false,,20.90,0.1229,true,1,161248
7290110326876,false,לאבנה עיזים פיראוס 2,,,לאבנה עיזים 250 גרם,,250.00,100 גרם,false,,18.90,0.0756,true,1,168666
7290110327514,false,משקה שיבולת שועל בטעם אגוזי לוז 1 ליטר אלטרנטיב,תנובה מרכז שיתופי לש,IL,משקה שיבולת שועל בטע,,1000.00,,false,,13.50,0.0135,true,1,163873
7290110327545,false,מעדן און טופ תות פצפוצים מצופים שוקולד 157ג' יופלה,מיוצר עי קונדיטוריית,IL,יופלה און טופ בטעם ת,,157.00,100 גרם,false,,4.90,0.0312,true,1,161688
7290110327804,false,חטיף חלבון GO - עוגיות 60 ג' חלב נוכרי - רבנות,"בלמונט קונפקציות בע""",US,חטיף חלבון גו בטעם ע,יחידה,0.00,יחידה,false,,12.90,0.0000,true,1,163574
7290110327828,false,חטיף חלבון GO - חמאת בוטנים 60 ג' חלב נוכרי - רבנות,"בלמונט קונפקציות בע""",US,חטיף חלבון גו בטעם ח,יחידה,0.00,יחידה,false,,12.90,0.0000,true,1,163576
7290110328092,false,פיראוס פטה יוונית קוביות 21% שומן 150 ג',דודוני תעשיית החלב ה,GR,פיראוס פטה יוונית קו,,150.00,100 גרם,false,,21.50,0.1433,true,1,163501
7290110328221,false,יוגורט תנובה נטול לקטוז 200 ג',מיוצר עי קונדיטוריית,IL,יוגורט לבן נטול לקטו,,200.00,100 גרם,false,,4.60,0.0230,true,1,162332
7290110328580,false,יוגורט ביו 5% 200 ג' תנובה,מיוצר עי קונדיטוריית,IL,יוגורט טבעי 5% תנובה,,200.00,100 גרם,false,,3.30,0.0165,true,1,164943
7290110328627,false,יוגורט יופלה GO במרקם סמיך בטעם בננה קרמל 0%,מיוצר עי קונדיטוריית,IL,יוגורט גו סמיך בננה,,200.00,,false,,6.40,0.0320,true,1,163489
7290110328764,false,יוגורט יופלה GO במרקם סמיך עם תות 0%,מיוצר עי קונדיטוריית,IL,יוגורט גו סמיך תות 0,,200.00,,false,,6.40,0.0320,true,1,163490
7290110328771,false,יוגורט יופלה GO במרקם סמיך עם פירות יער 0%,מיוצר עי קונדיטוריית,IL,יוגורט גו סמיך פירות,,200.00,,false,,6.40,0.0320,true,1,163491
7290110328788,false,יוגורט יופלה GO במרקם סמיך בטעם אפרסק 0%,תנובה מרכז שיתופי לש,IL,יוגורט גו סמיך אפרסק,,200.00,,false,,6.40,0.0320,true,1,163492
7290110329303,false,פרוסות צהובה 200 גרם אלטרנטיב אלטרנטיב,תנובה Alternative,IL,פרוסות בטעם גבינה צה,,200.00,,false,,22.90,0.1145,true,1,163874
7290110329686,false,"משקה חלב בטעם עוגיות 340 מ""ל GO",מיוצר עי קונדיטוריית,IL,משקה חלב גו בטעם עוג,,340.00,,false,,8.90,0.0262,true,1,164872
7290110329716,false,משקה קפה קר בטעם קפוצ'ינו 230 ג' תנובה,תנובה מרכז שיתופי לש,IL,משקה קפה קר בטעם קפו,,230.00,100 גרם,false,,7.90,0.0343,true,1,166499
7290110329792,false,יוגורט סויה BIO Alternative אפרסק 150 ג' תנובה,מיוצר עי קונדיטוריית,IL,סויה ביו אפרסק 150 ג,,150.00,,false,,5.20,0.0347,true,1,165393
7290110329808,false,יוגורט סויה BIO Alternative תות 150 ג' תנובה,מיוצר עי קונדיטוריית,IL,סויה ביו תות 150 ג א,,150.00,100 גרם,false,,5.20,0.0347,true,1,165390
7290110329822,false,יוגורט סויה BIO Alternative פירות יער 150 ג' תנובה,מיוצר עי קונדיטוריית,IL,סויה ביו פירות יער ג,,150.00,100 גרם,false,,5.20,0.0347,true,1,165389
7290110329846,false,יוגורט סויה BIO Alternative בטעם טבעי 150 ג' תנובה,תנובה Alternative,IL,סויה ביו טבעי 150 גר,,150.00,100 גרם,false,,5.20,0.0347,true,1,165394
7290110329914,false,מאגדת משקה שיבולת שועל ושקדים 100 גרם*6 יח' ביו אלטרנטיב,תנובה מרכז שיתופי לש,IL,מאגדת משקה שיבולת שו,,600.00,100 גרם,false,,21.70,0.0362,true,1,166602
7290110550219,false,מטבעות שוקולד לבן לאפיה 400 ג עלית,שטראוס,IL,מטבעות שוקולד לבן לא,,400.00,100 גרם,false,,32.90,0.0822,true,1,166353
7290110552817,false,צנצנת מסטיק - גלידה לימון 58 גרם וועסטהיים,STRAUSS-ISRAEL,,מסטיק מאסט קוביות גל,,58.00,100 גרם,false,,10.90,0.1879,true,1,166878
7290110553098,false,"אנרג'י מיקס תערובת צימוקים, אגוזים ושוקולד חלב",אנרג'י Energy - שטראוס,,אנרג'י מיקס צימוקים,,100.00,100 גרם,false,,17.90,0.1790,true,1,167212
7290110553173,false,אנרג'י - פריכיות בטעם קרמל 40 גרם,סאנורייס בלגיום,IL,פריכיות אנרגי בטעם כ,,40.00,100 גרם,false,,7.90,0.1975,true,1,167527
7290110553180,false,אנרג'י - פריכיות בטעם תפוח קינמון 40 גרם,סאנורייס בלגיום,IL,פריכיות אנרגי בטעם ת,,40.00,100 גרם,false,,7.90,0.1975,true,1,167528
7290110554583,false,מארז חטיפי צ'יטוס פאפס בטעם גבינה - 10 יחידות,שטראוס,IL,מארז ציטוס PUFFS בטע,,200.00,100 גרם,false,,14.50,0.0725,true,1,165299
7290110556242,false,"שוקולד מריר פרווה 100 גר' בד""ץ תוצרת חוץ","שטראוס גרופ בע""מ.",IL,שוקולד מריר פרווה בד,,100.00,100 גרם,false,,7.30,0.0730,true,1,167529
7290110557027,false,חומוס עשיר 50% טחינה גולמית 400 ג' אחלה,מיוצר עי קונדיטוריית,IL,חומוס 50% טחינה 400,,400.00,,false,,14.90,0.0373,true,1,164928
7290110557102,false,מעדן חלב עם שוקולד מועשר בחלבון 150 ג' שטראוס,מיוצר עי קונדיטוריית,IL,מעדן חלב עם שוקולד 1,,150.00,100 גרם,false,,5.90,0.0393,true,1,164304
7290110557133,false,מעדן הגולן וניל 125 ג' שטראוס,מיוצר עי קונדיטוריית,IL,מעדן הגולן וניל 125,,125.00,100 גרם,false,,3.70,0.0296,true,1,164815
7290110557645,false,אנרג'י מיקס צימוקים חמוציות וש.לבן 100 גר שטראוס,Unknown,,אנרג'י מיקס צימוקים,,100.00,100 גרם,false,,17.90,0.1790,true,1,167213
7290110558284,false,יוגורט ביו מולטי 200 ג' דנונה,"שטראוס בריאות בע""מ",IL,דנונה ביו מולטי 200,,200.00,,false,,4.90,0.0245,true,1,167073
7290110558307,false,יוגורט דנונה PRO עם שיבולת שועל במתיקות מעודנת,"שטראוס בריאות בע""מ",IL,דנונה פרו שיבולת שוע,,200.00,100 גרם,false,,7.30,0.0365,true,1,166291
7290110558314,false,דנונה פרו 20 ג' חלבון ללא סוכר פיסטוק 200 גרם,"שטראוס בריאות בע""מ",IL,דנונה פרו 20 גרם חלב,,200.00,100 גרם,false,,6.90,0.0345,true,1,167168
7290110558666,false,מעדן גבינה בטעם תפוח 88 ג' דניאלה,"שטראוס בריאות בע""מ",IL,מעדן דניאלה תפוח 150,,150.00,,false,,4.30,0.0287,true,1,167988
7290110558741,false,"גמדים פאוץ תפוח בננה, 100 ג' שטראוס","שטראוס בריאות בע""מ",IL,גמדים סקוויז תפוח בנ,יחידה,0.00,יחידה,false,,5.90,0.0000,true,1,168303
7290110559014,false,שעועית שחורה טעם הטבע 380ג שטראוס,,,שעועית שחורה 380 גרם,,380.00,100 גרם,false,,7.90,0.0208,true,1,167217
7290110560317,false,"הפריכיות הטעימות חומוס, עדשים שחורות, קינואה ומלח ים","פרח תעשיו מזון בע""מ",IL,פריכיות משולשות-מלח,,30.00,,false,,6.50,0.2167,true,1,140506
7290110560324,false,"הפריכיות הטעימות תפו""א, אורז, אפונה ומלח ים","פרח תעשיו מזון בע""מ",IL,פריכיות משולשות-אפונ,,30.00,100 גרם,false,,6.50,0.2167,true,1,140507
7290110561352,false,דנונה יוגורט ביו פרוביוטי 3% דל לקטוז 150ג',"שטראוס בריאות בע""מ",IL,דנונה ביו דל לקטוז 2,,200.00,100 גרם,false,,4.70,0.0235,true,1,138657
7290110563431,false,"משקה קפה קר בסגנון קלאסי 230 מ""ל 1.6% יוטבתה",האי נאם סי או אל.טי.,AT,משקה קפה קר בסיגנון,,230.00,100 גרם,false,,8.70,0.0378,true,1,140881
7290110563448,false,"משקה קפה קר בסגנון מעודן 230 מ""ל 1.6% יוטבתה",האי נאם סי או אל.טי.,AT,משקה קפה קר בסיגנון,,230.00,100 גרם,false,,8.70,0.0378,true,1,140882
7290110563462,false,חלב בבקבוק נטול לקטוז 2% יטבתה 1 ל',מחלבת יטבתה,IL,חלב 2% בבקבוק נטול ל,,1000.00,,false,,9.90,0.0099,true,1,141235
7290110564339,false,חומוס אחלה הסידרה המובחר 30% טחינה 400 גר',מיוצר עי קונדיטוריית,IL,חומוס אבי עשיר ב30%,,400.00,100 גרם,false,,14.90,0.0373,true,1,137676
7290110564360,false,חומוס אחלה הסידרה המובחר 40% טחינה 400 גר',מיוצר עי קונדיטוריית,IL,חומוס אבי עשיר ב40%,,400.00,100 גרם,false,,14.90,0.0373,true,1,137677
7290110564414,false,חומוס אחלה הסידרה המובחר 30% טחינה 600 גר',מיוצר עי קונדיטוריית,IL,חומוס עשיר ב 30% טחי,,600.00,,false,,15.90,0.0265,true,1,159396
7290110565527,false,יוגורט PRO פרו 1.5% 20 גרם חלבון בגביע,"שטראוס בריאות בע""מ",IL,דנונה פרו 20 גרם חלב,,200.00,100 גרם,false,,6.90,0.0345,true,1,136883
7290110565572,false,מנות אישיות קפה טורקי לדרך עם הל,שטראוס קפה בי.וי,IL,קפה טורקי לדרך עם הל,,168.00,100 גרם,false,,19.90,0.1185,true,1,152118
7290110566975,false,דנונה פרו יוגורט 0% תות עשיר בחלבון 200ג',"שטראוס בריאות בע""מ",IL,דנונה פרו 20 גרם חלב,,200.00,100 גרם,false,,6.90,0.0345,true,1,138658
7290110568238,false,"קצפת צמחית 21% שומן 250 מ""ל יוטבתה",מחלבת יטבתה,IL,קצפת צמחית 21% שומן,,250.00,,false,,9.50,0.0380,true,1,139357
7290110568276,false,משקה וניל פרו Pro מועשר בחלבון 1.5%,מילקוורק,IL,משקה יוטבתה פרו וניל,,350.00,100 גרם,false,,7.70,0.0220,true,1,139054
7290110568627,false,עלית - פסק זמן רול שוקולד חלב עם קרם אגוזים 26 גרם,STRAUSS-ISRAEL,,פסק זמן רול שוקולד ח,,28.00,100 גרם,false,,5.00,0.1786,true,1,158567
7290110568924,false,עלית - פסק זמן רול שוקולד חלב עם קרם חלב וקוקוס 26 גרם,STRAUSS-ISRAEL,,פסק זמן רול שוקולד ח,,26.00,100 גרם,false,,5.00,0.1923,true,1,158568
7290110570125,false,"משקה קפה קר בטעם אייריש קרים230 מ""ל יוטבתה",אנסטל מילק kg,AT,משקה קפה קר בטעם איי,,230.00,,false,,8.70,0.0378,true,1,167984
7290110571375,false,"אנרג'י מיקס תערובת צימוקים, תמרים, טופי ושברי פקאן",אנרג'י Energy - שטראוס,,אנרג'י מיקס צימוקים,,100.00,,false,,17.90,0.1790,true,1,167214
7290110571382,false,מעדן חלב בטעם וניל מעושר בחלבון 150 ג' שטראוס,"שטראוס בריאות בע""מ",IL,מעדן חלב בטעם וניל 1,,150.00,100 גרם,false,,5.90,0.0393,true,1,166193
7290110571405,false,עלית - מיני פינוקיות בגביע פסק זמן 180 גרם,עלית,IL,מיני פינוקיות בגביע,,180.00,100 גרם,false,,11.90,0.0661,true,1,167813
7290110572129,false,כיף כף מקלות שוקולד לבן 40 ג' עלית,עלית,,כיף כיף מקלות שוקולד,,40.00,100 גרם,false,,6.50,0.1625,true,1,167808
7290110572969,false,כיף כף פצפצים עקרם לבן 40ג' עלית,שולן צ'יקולטה גידה ס,TR,כיף כף פצפצים קרם לב,,40.00,100 גרם,false,,6.50,0.1625,true,1,167208
7290110574413,false,עלית - פופקורן בטעם טעמי 70 גרם,סראנו עבור שטראוס,קפריסין,פופקורן בטעם טעמי על,,70.00,100 גרם,false,,8.50,0.1214,true,1,167809
7290110576370,false,מארז שלישייה שוקולד מריר חלבי עם אגוזי לוז,עלית,FR,מארז שלישייה שוקולד,,300.00,,false,,25.90,0.0863,true,1,167533
7290110576752,false,טבלאות שוקולד ספלנדיד מריר 70% 100 ג' עלית,קימ'ס גריפלנן,BE,שוקולד ספלנדיד 70% מ,,100.00,,false,,11.90,0.1190,true,1,167811
7290110576776,false,טבלאות שוקולד ספלנדיד מריר 85% 100 ג' עלית,קימ'ס גריפלנן,BE,שוקולד ספלנדיד 85% מ,,100.00,100 גרם,false,,11.90,0.1190,true,1,167812
7290110576790,false,סקי בטעם מוקה 125 ג' שטראוס,"שטראוס בריאות בע""מ",IL,סקי גבינת מוקה 125גר,,125.00,100 גרם,false,,4.50,0.0360,true,1,167989
7290110576851,false,"גמדים לשתיה סלט פירות 8 יח' *100מ""ל",קריות זול,IL,גמדים לשתיה שמינייה,,864.00,,false,,22.90,0.0265,true,1,167985
7290110577728,false,"משקה שייק חלבון מי גבינה עם פירות יער 350מ""ל יטבתה",מחלבת יטבתה,IL,שייק חלבון מי גבינה,,350.00,100 גרם,false,,8.50,0.0243,true,1,168305
7290111010194,false,מגבוני תינוקות בייבי,,,מגבוני תינוקות בייבי,יחידה,0.00,יחידה,false,,11.90,0.0000,true,1,141417
7290111010200,false,תיק רב סל,,,תיק רב סל,יחידה,0.00,יחידה,false,,4.90,0.0000,true,1,141206
7290111010248,false,"שמן זית בורגתא 750מ""",Unknown,,"שמן זית בורגתא 750מ""",,750.00,100 גרם,false,,29.90,0.0399,true,1,142311
7290111010279,false,מגבונים לניקוי כללי,,,מגבונים לניקוי כללי,יחידה,0.00,יחידה,false,,10.00,0.0000,true,1,153023
7290111010439,false,יין פרינס רויאל גוור,,,יין פרינס רויאל גוור,,750.00,,false,,39.90,0.0532,true,1,161942
7290111010613,false,"שמן זית בשן 750מ""ל",,,"שמן זית בשן 750מ""ל",,750.00,,false,,29.90,0.0399,true,1,164989
7290111010668,false,יין לוטן בלנד אדום75,,,יין לוטן בלנד אדום75,,750.00,,false,,29.90,0.0399,true,1,165752
7290111010682,false,יין לוטן שיראז קברנה,,,יין לוטן שיראז קברנה,,750.00,,false,,29.90,0.0399,true,1,165753
7290111010699,false,יין יערה קברנה סובינ,,,יין יערה קברנה סובינ,,750.00,,false,,29.90,0.0399,true,1,165755
7290111010705,false,יין יערה אמרלד ריזלי,,,יין יערה אמרלד ריזלי,,750.00,,false,,29.90,0.0399,true,1,165756
7290111010712,false,יין יערה שיראז קברנה,,,יין יערה שיראז קברנה,,750.00,,false,,29.90,0.0399,true,1,165757
7290111010767,false,אקונומיקה סן רמו מבו,,,אקונומיקה סן רמו מבו,,4000.00,100 גרם,false,,14.90,0.0037,true,1,166971
7290111010941,false,נוזל רצפות מרוכז לבנ,,,נוזל רצפות מרוכז לבנ,,2000.00,,false,,16.90,0.0084,true,1,166989
7290111010972,false,נוזל רצפות מאסק 4 לי,,,נוזל רצפות מאסק 4 לי,,4000.00,,false,,12.90,0.0032,true,1,166994
7290111010989,false,נוזל רצפות מרענן 4 ל,,,נוזל רצפות מרענן 4 ל,,4000.00,100 גרם,false,,12.90,0.0032,true,1,166995
7290111011085,false,מטליות לחות לרצפה לב,,,מטליות לחות לרצפה לב,יחידה,0.00,יחידה,false,,10.90,0.0000,true,1,167674
7290111093982,false,טרופיקל תחליב רחצה פסיפלורה ואינקה אינצ'י דר עור,,,"תחליב רחצה ד""ר עור פ",,700.00,,false,,16.90,0.0241,true,1,167500
7290111094392,false,"טרופיקל תחליב רחצה קוקוס וליים 700 מ""ל דר עור",,,"תחליב רחצה ד""ר עור ק",,700.00,,false,,16.90,0.0241,true,1,167501
7290111340185,false,מטליות לחות ניקול לניקוי רצפות בניחוח מרכך 10 יח',ניקול,,מטליות לחות לרצפה בנ,,10.00,,false,,12.90,1.2900,true,1,135901
7290111341984,false,לילי - מגבוני נייר טואלט לח פיור רביעייה,קימברלי,GB,לילי נייר טואלט לח מ,יחידה,0.00,יחידה,false,,22.90,0.0000,true,1,152235
7290111343797,false,מטליות לחות לניקוי חלונות 48 יח' ניקול,עלבד,IL,מטליות לניקוי חלונות,יחידה,0.00,יחידה,false,,10.90,0.0000,true,1,159940
7290111344824,false,קוטקס - מגן תחתון אנטיבקטראלי לארג' 52 יח',,CN,קוטקס מגן תחתון אנטי,יחידה,0.00,יחידה,false,,19.90,0.0000,true,1,165629
7290111344879,false,קוטקס - מגן תחתון 2 ב-1 לארג' 44 יח',,CN,קוטקס מגן תחתון 2 ב,יחידה,0.00,יחידה,false,,19.90,0.0000,true,1,165632
7290111344930,false,מטליות לחות לרצפה בניחוח מרכך כביסה 10 יח' ניקול,עלבד,,מטליות לחות לרצפה בנ,,10.00,,false,,12.90,1.2900,true,1,164616
7290111346125,false,מארז שלישייה מגבוני דיילי קר ללא בישום *56 יח' האגיס,קימברלי,IL,מגבוני האגיס דיילי ק,יחידה,0.00,יחידה,false,,18.90,0.0000,true,1,167108
7290111346132,false,מארז שלישייה מגבוני סנסטיב קר ללא בישום *56 יח' האגיס,עלבד,IL,מגבוני האגיס סנסטיב,יחידה,0.00,יחידה,false,,18.90,0.0000,true,1,167109
7290111350740,false,הוט פופ קידס טבעי+מלח 500 ג' +5 גביעים,פופז בעמ,US,פופקורן הוט פופ ילדי,,500.00,100 גרם,false,,17.90,0.0358,true,1,159619
7290111352959,false,מקלות חמוצים ממולאות בטעם פירות,יוגטה yogueta,,יוגטה מקלות חמוצים 8,,80.00,100 גרם,false,,4.90,0.0613,true,1,159733
7290111563492,false,סלט מטבוחה חריפה מרובע 400 ג' צבר,סלטי צבר,IL,מטבוחה חריפה צבר מרו,,400.00,100 גרם,false,,13.90,0.0348,true,1,138388
7290111564277,false,פריכיות דקות ונימוחות 3 דגנים פיטנס Fitness,פרח תעשיות,IL,פריכיות 3 דגנים דקות,,120.00,100 גרם,false,,11.90,0.0992,true,1,135911
7290111565038,false,"לה קרמריה וניל קוקילידה בד""צ 1.4 ל'",המאפיה של הרמן,IL,לה קרמריה וניל קוקיל,,1400.00,,false,,23.90,0.0171,true,1,138597
7290111565502,false,ארטיק אוראו וניל ועוגיות סנדוויץ נסטלה 80 ג',ג'נרל מילס סאן אדריא,IT,גלידה סנדוויץ' אוראו,,80.00,100 גרם,false,,11.90,0.1488,true,1,137566
7290111566226,false,טבעול שניצל ברוקולי 667 גר',עיצובים 2020 (4.8),IL,שניצל ברוקולי טבעול,,667.00,100 גרם,false,,35.90,0.0538,true,1,137550
7290111566271,false,טבעול חטיפי תירס 657 גר',עיצובים 2020 (4.8),IL,חטיפי תירס טבעול 657,,657.00,100 גרם,false,,35.90,0.0546,true,1,137547
7290111566332,false,טבעול נקניקיות וינר צמחוניות 680 גר',עיצובים 2020 (4.8),IL,נקניקיות וינר צמחוני,,680.00,100 גרם,false,,35.90,0.0528,true,1,137549
7290111566417,false,טחון צמחוני עם המון חלבון,עיצובים 2020 (4.8),IL,טחון צמחוני טבעול 50,,500.00,100 גרם,false,,35.90,0.0718,true,1,137561
7290111566547,false,טבעול חזה בגריל צמחוני 99 קלוריות 560ג',עיצובים 2020 (4.8),IL,חזה בגריל צמחוני 99,,560.00,100 גרם,false,,35.90,0.0641,true,1,137559
7290111566585,false,טבעול שניצל צמחוני 99 קלוריות 650 גר',עיצובים 2020 (4.8),IL,שניצל צמחוני 99 קלור,,650.00,100 גרם,false,,35.90,0.0552,true,1,137557
7290111566738,false,טבעול מיני המבורגר פטריות 585 ג',טבעול ישראל,IL,מיני המבורגר פטריות,,585.00,100 גרם,false,,35.90,0.0614,true,1,138894
7290111568275,false,אטריות נודלס אורז רחבות אסם אסייתי 300גרם,תאי פרזידנט,TH,נודלס איטריות אורז ר,,300.00,,false,,10.90,0.0363,true,1,138687
7290111568299,false,אטריות נודלס עם תרד אסם אסייתי 300 גר',אסם,,נודלס איטריות עם תרד,,300.00,100 גרם,false,,10.90,0.0363,true,1,138688
7290111568961,false,בייגלה טבעות מלח 400 ג' אסם,אסם,IL,בייגלה טבעות מלח אסם,,400.00,100 גרם,false,,12.50,0.0313,true,1,138986
7290112000842,false,דטול מגבונים לניקוי כללי בניחות לימון 60 יח',דטול Dettol,,מטליות לחות מנקה ומח,יחידה,0.00,יחידה,false,,15.90,0.0000,true,1,140220
7290112002099,false,ג'ל כביסה מרוכז קולון 101 קלאסי,רקיט בנקיזר,IL,קולון גל מרוכז רגיל,ליטרים,2.50,ליטר,false,,26.90,10.7600,true,1,152371
7290112002105,false,ג'ל כביסה מרוכז קולון 101 בניחוח לילך,זוהר דליה,IL,קולון ג'ל מרוכז לילך,ליטרים,2.50,ליטר,false,,26.90,10.7600,true,1,152372
7290112002129,false,ג'ל כביסה מרוכז קולון 101 בניחוח פריחה מרענן,קולון Colon,,קולון ג'ל מרוכז פריח,ליטרים,2.50,ליטר,false,,26.90,10.7600,true,1,152374
7290112004208,false,טבליות למדיח בניחוח לימון 50 יח' פיניש,,,פיניש טבליות למדיח,יחידה,0.00,יחידה,false,,35.90,0.0000,true,1,166556
7290112005052,false,וניש תוסף כביסה רב תכליתי לבגדים לבנים,קליה וניש Kalia Vanish,IT,וניש אבקה לכביסה לבנ,,1500.00,100 גרם,false,,39.90,0.0266,true,1,166868
7290112330352,false,"יוגורט PRO בטעם וניל 0% , 20 גרם חלבון בגביע","שטראוס בריאות בע""מ",IL,דנונה פרו וניל 0% שו,,200.00,100 גרם,false,,6.90,0.0345,true,1,141451
7290112330390,false,יוגורט PRO בטעם פירות יער 0% 20 גרם חלבון בגביע,"שטראוס בריאות בע""מ",IL,דנונה פרו 20 גרם פיר,,200.00,100 גרם,false,,6.90,0.0345,true,1,141452
7290112330420,false,דנונה פרו לבן 2.9% שומן 150 ג',מיוצר עי קונדיטוריית,IL,דנונה פרו לבן 150 ג,,150.00,100 גרם,false,,5.30,0.0353,true,1,140886
7290112332585,false,"פריכיות תפו""א, אורז בתיבול סלק ומלח חי 30 גר'","פרח תעשיו מזון בע""מ",IL,"פריכיות תפו""א/אורז/ב",,30.00,100 גרם,false,,6.50,0.2167,true,1,141936
7290112332691,false,עוגיות קרם אגוזים פסק זמן 200 ג' עלית,הגביע מוצרי ופלים בע,IL,עוגיות קרם פסק זמן א,,200.00,100 גרם,false,,11.90,0.0595,true,1,148939
7290112334305,false,סלט כרובית בטחינה אחלה 330 ג',STRAUSS-ISRAEL,IL,סלט כרובית בטחינה 33,,330.00,100 גרם,false,,17.50,0.0530,true,1,140877
7290112335043,false,כשלפ מרשמלו בזוקה ווסטהיים 150 ג',תות תעשיות מזון (201,IL,מרשמלו בזוקה 150 גרם,,150.00,,false,,6.50,0.0433,true,1,140871
7290112335487,false,פריכיות טעימות קצח ודגנים 135 ג' שטראוס,אנרג'י Energy - שטראוס,IL,פריכיות הטעימות קצח,,135.00,100 גרם,false,,14.50,0.1074,true,1,141932
7290112335494,false,הפריכיות הטעימות תפוחי אדמה בטעם פוטטוס,"פרח תעשיות מזון בע""מ",IL,פריכיות הטעימות פוטט,,135.00,100 גרם,false,,14.50,0.1074,true,1,141933
7290112335500,false,"הפריכיות הטעימות חומוס, אורז, עדשים שחורות וקינואה",אנרג'י Energy - שטראוס,IL,פריכיות הטעימות חלבו,,135.00,100 גרם,false,,14.50,0.1074,true,1,141934
7290112336644,false,סוכריות מאסט ללא סוכר לימון 80 ג' עלית,MIESZKO S.A - MS. JO,PL,מאסט סוכריות לימון ל,,80.00,100 גרם,false,,9.40,0.1175,true,1,152204
7290112336651,false,סוכריות מאסט ללא סוכר ריבת חלב 80 ג' עלית,MIESZKO S.A - MS. JO,PL,מאסט סוכריות ריבת חל,,80.00,100 גרם,false,,9.40,0.1175,true,1,152206
7290112336712,false,יוגורט PRO לבן 0% 21 גרם חלבון בגביע,"שטראוס בריאות בע""מ",IL,דנונה פרו 21 עשיר בח,,200.00,100 גרם,false,,6.90,0.0345,true,1,141234
7290112337474,false,סוכריות מאסט ללא סוכר פטל לימון 80 ג' עלית,MIESZKO S.A - MS. JO,PL,מאסט סוכריות פטל לימ,,80.00,100 גרם,false,,9.40,0.1175,true,1,152205
7290112337481,false,סוכריות מאסט ללא סוכר קפצ''ינו 80 ג' עלית,MIESZKO S.A - MS. JO,PL,מאסט סוכריות קפוצ'ינ,,80.00,100 גרם,false,,9.40,0.1175,true,1,152207
7290112339171,false,מעדן מילקי מוס שוקול,מיוצר עי קונדיטוריית,IL,מילקי מוס 81גר,,81.00,100 גרם,false,,3.90,0.0481,true,1,140699
7290112339867,false,גמדים לדרך גבינה לבנה עם מחית תות,שטראוס,IL,גמדים סקוויז תות 100,,100.00,,false,,5.90,0.0590,true,1,140879
7290112339874,false,גמדים לדרך גבינה לבנה עם מחיות תות ובננה,שטראוס,IL,גמדים סקוויז תות בננ,,100.00,100 גרם,false,,5.90,0.0590,true,1,140880
7290112340122,false,הפריכיות הטעימות 3 דגנים 135 גרם.,אנרג'י Energy - שטראוס,IL,פריכיות הטעימות 3 דג,,135.00,100 גרם,false,,14.50,0.1074,true,1,141935
7290112341686,false,מארז שמיניה אקטיביה 3% 150 ג',מיוצר עי קונדיטוריית,IL,אקטיביה 3% מארז שמינ,,1200.00,100 גרם,false,,22.90,0.0191,true,1,152164
7290112342102,false,סימפוניה גבינה במרקם שמנת בצל מקורמל 5%,"שטראוס בריאות בע""מ",IL,גבינת סימפוניה בצל מ,,200.00,100 גרם,false,,12.50,0.0625,true,1,157710
7290112342508,false,דוריטוס קול ראנץ Cool Ranch,STRAUSS-ISRAEL,IL,דוריטוס קול ראנצ' 70,,70.00,100 גרם,false,,5.60,0.0800,true,1,152991
7290112343260,false,"יטבתה רוטב שמנת קלאסי 9% שומן 260 מ""ל",STRAUSS-ISRAEL,IL,רוטב שמנת קלאסי 9% י,,250.00,,false,,12.50,0.0500,true,1,153134
7290112343420,false,"משקה חלב עם דגנים מלאים ובננה פרו יטבתה 350מ""ל",מחלבת יטבתה,IL,שייק פרו ארוחת בוקר,,350.00,,false,,8.50,0.0243,true,1,153137
7290112343499,false,חטיף צ'יטוס פאפס אפוי בטעם גבינה,"שטראוס פריטו ליי בע""",IL,ציטוס פופס 55גרם,,55.00,100 גרם,false,,4.30,0.0782,true,1,164534
7290112344755,false,מילקי שוקולד 26% פחות סוכר 135 גרם,מיוצר עי קונדיטוריית,IL,מילקי עם 26% פחות סו,,135.00,100 גרם,false,,3.20,0.0237,true,1,161918
7290112346360,false,בפלות אחת אחת ופל בטעם שוקולד מצופה שוקולד,הגביע מוצרי וופלים ב,GR,בפלות בציפוי שוקולד,,180.00,100 גרם,false,,15.90,0.0883,true,1,157735
7290112346537,false,עוגיות פינוקיות בטעם טורטית 200 ג' עלית,הגביע מוצרי ופלים בע,IL,עוגיות פינוקיות בטעם,,200.00,100 גרם,false,,11.90,0.0595,true,1,153113
7290112346629,false,דנונה בר יוגורט+קורנפלקס מצופה שוקולד חלב ולבן 172 גרם,דנונה - שטראוס,IL,דנונה עם קורנפלקס מצ,,172.00,100 גרם,false,,5.50,0.0320,true,1,159453
7290112347008,false,גמדים לדרך גבינה לבנה עם מחית תות ושיבולת שועל,מיוצר עי קונדיטוריית,IL,גמדים סקוויז ארוחת ב,,100.00,100 גרם,false,,5.90,0.0590,true,1,153139
7290112348142,false,שעועית לבנה 380 גר' בקופסה טעם הטבע,שטראוס טעם הטבע,,שעועית לבנה ט.הטבע ק,,380.00,100 גרם,false,,7.90,0.0208,true,1,159256
7290112349606,false,מעדן גבינה ויוגורט תות בננה 88 ג' דניאלה,"שטראוס בריאות בע""מ",IL,דניאלה בטעם תות בננה,,88.00,100 גרם,false,,4.40,0.0500,true,1,165351
7290112350312,false,קפסולות 15 קפה יותר למכונות נספרסו עלית 10יח',הנסיך- מפעל לייצור ט,IL,קפסולות מס' 15למכונו,,50.00,100 גרם,false,,19.90,0.3980,true,1,161075
7290112351104,false,שוקולד פרה ממולא פיצפוצי אורז 100 ג' עלית,STRAUSS-ISRAEL,IL,שוקולד פרה פיצפוצי א,,100.00,100 גרם,false,,7.30,0.0730,true,1,159193
7290112351128,false,שוקולד פרה סוכריות קופצות 100 ג' עלית,"שטראוס גרופ בע""מ",IL,שוקולד פרה סוכריות ק,,100.00,100 גרם,false,,7.30,0.0730,true,1,159753
7290112351470,false,סוכריות ללא סוכר בטעם תות רימון מאסט פרש,עלית,,שלישיית סוכריות פרש,,45.00,100 גרם,false,,10.90,0.2422,true,1,159505
7290112353887,false,"משקה קפה קר בטעם אגוזים יטבתה 230 מ""ל",אנסטל מילק kg,AT,משקה קפה קר בטעם אגו,,230.00,,false,,8.70,0.0378,true,1,159696
7290112355027,false,יוגורט פרו בטעם קרמל מלוח 200 ג' דנונה,"שטראוס בריאות בע""מ",IL,דנונה פרו 20 בטעם קר,,200.00,100 גרם,false,,6.90,0.0345,true,1,161915
7290112355102,false,גמדים פאוץ סלט פירות 100 ג' שטראוס,"שטראוס בריאות בע""מ",IL,גמדים סקוויז סלט פיר,,100.00,,false,,5.90,0.0590,true,1,162500
7290112355393,false,"יטבתה רוטב שמנת+בטטה 9% שומן 250 מ""ל",מחלבת יטבתה,IL,רוטב שמנת עם בטטה 2,,257.00,,false,,12.50,0.0486,true,1,167982
7290112355812,false,מעדן מילקי עם טופ קורנפלקס מצופה שוקולד,"שטראוס גרופ בע""מ",IL,מילקי טופ קורנפלקס 1,,141.00,100 גרם,false,,5.50,0.0390,true,1,166866
7290112355867,false,מילקי קצפת טופ פיצפוץ 86 גרם,"שטראוס גרופ בע""מ",IL,מילקי טופ קצפת פצפוצ,,86.00,100 גרם,false,,4.90,0.0570,true,1,164816
7290112357045,false,עגבניות איטלקיות מרוסקות 390 גר' בקופסה טעם הטבע,שטראוס טעם הטבע,IT,עגבניות איטלקיות מרו,,390.00,100 גרם,false,,7.90,0.0203,true,1,159253
7290112357069,false,מחית עגבניות איטלקיות בקופסה 500 גר' טעם הטבע,שטראוס טעם הטבע,IT,מחית עגבניות איטלקיו,,500.00,100 גרם,false,,8.90,0.0178,true,1,159252
7290112357892,false,סוכריות ללא סוכר בטעם מנטה מאסט פרש,עלית,,שלישיית סוכריות פרש,,45.00,,false,,10.90,0.2422,true,1,159507
7290112358127,false,דנונה פרו חלבון+מגנזיום- וניל ועוגיות 200 גרם,מיוצר עי קונדיטוריית,IL,דנונה פרו 20גר חלבון,,200.00,100 גרם,false,,7.30,0.0365,true,1,161534
7290112358233,false,יד מרדכי רוטב צילי חריף 300גרם,יד מרדכי,,רוטב צילי חריף 300 ג,,300.00,100 גרם,false,,15.90,0.0530,true,1,160966
7290112490216,false,נמס בכוס מרק עוף עם קרוטונים רכיבים טבעיים,יוניליוור,,נמס בכוס קנור עוף קר,,48.00,100 גרם,false,,7.90,0.1646,true,1,140050
7290112490230,false,נמס בכוס אפונה רכיבים טבעיים 50 ג' קנור,יוניליוור,,נמס בכוס קנור אפונה,,50.00,100 גרם,false,,7.90,0.1580,true,1,140051
7290112492593,false,"פינוק - תחליב רחצה ניחוח פינוק 700 מ""ל",יוניליוור,IL,פינוק תחליב רחצה קלא,,700.00,,false,,13.90,0.0199,true,1,152966
7290112492982,false,"אבקת מרק פטריות כשל""פ 100% רכיבים טבעיים 400 גרם",יוניליוור ישראל מזון,IL,קנור א.מרק פטריות רכ,,400.00,100 גרם,false,,25.90,0.0647,true,1,152959
7290112493293,false,קנור - נמס ירקות וקרוטונים ר.טבעי 44 גרם,יוניליוור,IL,נמס בכוס קנור ירקות,,44.00,100 גרם,false,,7.90,0.1795,true,1,142367
7290112493965,false,גלידה מסטיגם 1.33ל'קרמיסימו,"גלידת שטראוס בע""מ, ר",IL,קרמיסימו מסטיגם 1.33,,1300.00,,false,,22.90,0.0176,true,1,152974
7290112495433,false,דגני דליפקאן תוספת אגוזי פקאן ושקדים 400 גר,יוניליור שפע ישראל ב,IL,דליפקאן בתוספת אגוזי,,400.00,100 גרם,false,,23.90,0.0597,true,1,149403
7290112496027,false,"סירופ שוקולד 580 מ""ל אפיכל",יוניליוור ישראל מזון,IL,אפיכל סירופ שוקולד 5,,580.00,100 גרם,false,,16.90,0.0291,true,1,157843
7290112497123,false,תערובת להכנת מעדן בטעם סחלב,יוניליוור ישראל מזון,IL,סחלב תערובת להכנה 11,,112.00,100 גרם,false,,14.90,0.1330,true,1,161413
7290112498748,false,מאגדת מיני סולרו ותות 350ג',"מיוצר ע""י גלידת שטרא",IL,מאגדת מיני סולרו וני,יחידה,0.00,יחידה,false,,25.90,0.0000,true,1,162871
7290112960115,false,אסם שקדי מרק 30% קמח חיטה מלא 12*350גרם,אסם,IL,שקדי מרק 30% קמח חיט,,350.00,100 גרם,false,,15.90,0.0454,true,1,139588
7290112961372,false,פיטנס חטיפי פריכיות דגנים עם קינמון,"פרח תעשיות מזון בע""מ",IL,פיטנס חטיפי פריכיות,,60.00,100 גרם,false,,8.90,0.1483,true,1,140984
7290112961464,false,פיטנס חטיפי פריכיות דגנים וחומוס מתובלות,"פרח תעשיות מזון בע""מ",IL,פיטנס חטיפי פריכיות,,60.00,100 גרם,false,,8.90,0.1483,true,1,140985
7290112962287,false,טבעול שווארמה טבעונית 6*450 גרם,מיוצר עי קונדיטוריית,IL,טבעול שווארמה טבעוני,,450.00,100 גרם,false,,35.90,0.0798,true,1,157863
7290112962751,false,שלגון אוראו בטעם וני,שוורצקוף& הנקל דיסלד,IL,אוראו שלגון אימפלס 6,,65.00,100 גרם,false,,11.90,0.1831,true,1,142207
7290112963321,false,בייגלה שטוח ללא גלוטן 300 גר',מיוצר עי קונדיטוריית,IL,גרטיפי בייגלה שטוח ל,,300.00,,false,,17.90,0.0597,true,1,159154
7290112963918,false,חטיפי קרקר דק רוזמרין 140 ג' פיטנס,נסטלה Nestle,IL,פיטנס קרקר דק רוזמרי,,140.00,,false,,12.90,0.0921,true,1,148832
7290112964434,false,רוטב לסלט קיסר 295 ג' אוסם,אסם,IL,רוטב קיסר לסלט אסם 2,,295.00,100 גרם,false,,12.90,0.0437,true,1,142092
7290112964564,false,רוטב אלף האיים לייט לסלט 310 ג' אסם,אסם,IL,רוטב אלף האיים לייט,,295.00,,false,,12.90,0.0437,true,1,142095
7290112964601,false,רוטב בנוסח סצ'ואן הסדרה האסייתית,"אסם השקעות בע""מ",IL,אסם רוטב בנוסח סצואן,,290.00,,false,,15.90,0.0548,true,1,141555
7290112964724,false,טבעול המבורגרטבעוני 580 גר',מיוצר עי קונדיטוריית,IL,טבעול המבורגר טבעוני,,580.00,,false,,34.90,0.0602,true,1,148875
7290112965141,false,תבשיל פתיתים אפויים עם ירקות 130 גר',אסם,IL,תבשיל פתיתים אפויים,,130.00,100 גרם,false,,12.50,0.0962,true,1,153068
7290112965288,false,אוסם - מרק נמס ירקות זוג 28 גרם * 2,Unknown,IL,זוג מרק נמס ירקות בד,,56.00,100 גרם,false,,6.90,0.1232,true,1,161513
7290112965301,false,זוג מרק נמס בטעם עוף עם שקדי מרק רגע חם,Unknown,IL,זוג מרק נמס טעם עוף,,38.00,100 גרם,false,,6.90,0.1816,true,1,149004
7290112965660,false,פיטנס - חטיף מולטיגריין מלח פלפל 25 גרם,מיוצר עי קונדיטוריית,IL,פיטנס חטיף מולטיגריי,,25.00,100 גרם,false,,5.90,0.2360,true,1,161147
7290112965745,false,אוסם - ביסלי פריסטייל בצל מעושן 60 גרם,"אסם השקעות בע""מ",IL,ביסלי פריסטייל בצל מ,,60.00,,false,,5.60,0.0933,true,1,163249
7290112965783,false,אוסם - ביסלי פריסטייל על האש 60 גרם,"אסם השקעות בע""מ",IL,ביסלי פריסטייל על הא,,60.00,100 גרם,false,,5.60,0.0933,true,1,163250
7290112965967,false,טבעול נאגטס ירקות כתומים 500 גר',טבעול תעשיות מזון בע,IL,נאגטס ירקות כתומים 5,,500.00,100 גרם,false,,34.90,0.0698,true,1,159652
7290112966094,false,עוגת הבית בטעם תפוז - פחות סוכר,מיוצר עי קונדיטוריית,IL,עוגת הבית תפוז מופחת,,400.00,,false,,15.90,0.0398,true,1,153091
7290112967381,false,פיטנס חטיפי פריכיות קטניות ומלח ים 60 גר',"פרח תעשיות מזון בע""מ",IL,פיטנס חטיפי פריכיות,,60.00,100 גרם,false,,9.50,0.1583,true,1,158229
7290112967572,false,"אסם רוטב ברביקיו 290 מ""ל אסם",אסם,IL,רוטב ברבקיו אוסם 290,,290.00,100 גרם,false,,12.90,0.0445,true,1,153064
7290112967824,false,אסם בישולים מיקס קלאסי 200 ג',,,אבקת מרק אסם בישולים,,200.00,100 גרם,false,,19.90,0.0995,true,1,161520
7290112968449,false,סלט כרוב אדום צבר 250 גר',שוורצקוף& הנקל דיסלד,IL,סלט כרוב אדום צבר 25,,250.00,100 גרם,false,,10.90,0.0436,true,1,158235
7290112968807,false,פיטנס - קרקר דק סלק 140 גרם,מפעל אסם יקנעם,IL,פיטנס קרקר דק סלק 14,,140.00,100 גרם,false,,12.90,0.0921,true,1,161144
7290112968821,false,פיטנס - קרקר דק בטטה 140 גרם,מפעל אסם יקנעם,IL,פיטנס קרקר דק בטטה 1,,140.00,100 גרם,false,,12.90,0.0921,true,1,161146
7290112969286,false,אסם בישולים רוטב חרדל ודבש 330 גר'.,"אסם השקעות בע""מ",IL,רוטב חרדל ודבש אסם 3,,330.00,100 גרם,false,,17.70,0.0536,true,1,161523
7290113192232,false,תערובת להכנה מהירה פנקייק'ס 400 גר',קריות זול,,תערובת להכנת פנקייקס,,400.00,,false,,13.90,0.0348,true,1,159767
7290113192300,false,זיתים חרוזית מושחר A2 בית השיטה 275 גר',בית השיטה,IL,חרוזית מושחר 275גרם,,275.00,100 גרם,false,,11.90,0.0433,true,1,159021
7290113192324,false,זיתים ירוקים שלמים בינוניים,בית השיטה,IL,זית ירוק 340גרם בית,,340.00,100 גרם,false,,10.90,0.0321,true,1,158629
7290113192331,false,זיתים ירוק גדול A2 בית השיטה 340ג',בית השיטה,IL,זיתים ירוקים שלמים ג,,560.00,100 גרם,false,,11.50,0.0205,true,1,160916
7290113192348,false,זיתים ירוקים שלמים גדולים מאוד בטעם שום,בית השיטה,IL,זית ירוק טעם שום 17-,,340.00,100 גרם,false,,11.50,0.0338,true,1,159023
7290113192355,false,חרוזית זיתים ירוקים ללא גלעין 275 ג' בית השיטה,בית השיטה,IL,חרוזית ירוק 275גרם ב,,275.00,100 גרם,false,,11.50,0.0418,true,1,159024
7290113192362,false,טבעות זיתים ירוקים 280 ג' בית השיטה,בית השיטה,IL,טבעות זיתים ירוקים 2,,280.00,,false,,11.90,0.0425,true,1,159025
7290113192386,false,זיתים סורי מבוקע A2 בית השיטה 340ג',בית השיטה,IL,זית סורי מבוקע 340גר,,340.00,100 גרם,false,,11.90,0.0350,true,1,159027
7290113192393,false,בית השיטה קוקטייל זיתים א2 336גר',בית השיטה,IL,קוקטייל זיתים 336גרם,,336.00,100 גרם,false,,12.70,0.0378,true,1,159028
7290113192478,false,בית השיטה מלפפונים במלח בינוני 10-12 320 גרם,בית השיטה,IL,מלפפון במלח בינוניים,,320.00,,false,,9.90,0.0309,true,1,159035
7290113192485,false,בית השיטה מלפפונים בחומץ בינוני 10-12 290 גרם,בית השיטה,IL,מלפפון בחומץ 10-12 2,,290.00,100 גרם,false,,9.90,0.0341,true,1,159036
7290113192492,false,בית השיטה מלפפונים בחומץ קטנים 1317 290 גרם,בית השיטה,IL,מלפפון בחומץ קטנים 1,,290.00,100 גרם,false,,10.90,0.0376,true,1,159037
7290113192508,false,בית השיטה מלפפונים במלח קטן 1317 320 גרם,בית השיטה,IL,מלפפון במלח קטנים 13,,320.00,100 גרם,false,,10.90,0.0341,true,1,159038
7290113192515,false,בית השיטה מלפפונים במלח קטן מאוד 1825 320 גרם,בית השיטה,IL,מלפפון במלח 18-25 קט,,320.00,100 גרם,false,,13.90,0.0434,true,1,159042
7290113192522,false,בית השיטה מלפפונים בחומץ קטן מאוד 1825 290 גרם,בית השיטה,IL,מלפפון בחומץ 18-25 ק,,290.00,,false,,13.90,0.0479,true,1,159043
7290113192546,false,בית השיטה מלפפונים בחומץ גדול 79 290 גרם,בית השיטה,IL,מלפפון בחומץ גדולים,,290.00,,false,,7.90,0.0272,true,1,159046
7290113192553,false,בית השיטה מלפפונים במלח 13-17 בלדי 320 גר',בית השיטה,IL,מלפפון במלח בלדי 13-,,320.00,100 גרם,false,,10.90,0.0341,true,1,159047
7290113192577,false,בית השיטה כרוב כבוש חתוך 430 גרם,בית השיטה,IL,כרוב כבוש א2 430 גרם,,430.00,100 גרם,false,,8.80,0.0205,true,1,160002
7290113192881,false,"טורטיה חיטה מופחת קלוריות, קוטר 20 ס""מ - 6 יח'",דין שיווק,IL,טורטיה חיטה מופחתת ק,,270.00,,false,,9.90,0.0367,true,1,159775
7290113193017,false,בית השיטה קוקטייל זיתים 275 גר',בית השיטה,IL,קוקטייל זיתים חרוזית,,275.00,,false,,14.90,0.0542,true,1,160005
7290113193031,false,חרוזית קלמטה - זיתים שחורים ללא גלעין קלמטה,שוורצקוף& הנקל דיסלד,IL,חרוזית קלמטה 275 גרם,,275.00,,false,,14.90,0.0542,true,1,160006
7290113193406,false,"קוקטייל טבעות זיתים - זיתים ירוקים, שחורים מרינד",בית השיטה,IL,קוקטייל זיתים טבעות,,280.00,100 גרם,false,,14.90,0.0532,true,1,160007
7290113193666,false,זיתים ירוקים שלמים סדוקים במי מלח 700 ג',,,זיתים ירוקים שלמים ס,,700.00,,false,,10.90,0.0156,true,1,159770
7290113193888,false,חצילים מוחמצים בית השיטה 320 גר',שוורצקוף& הנקל דיסלד,IL,חצילים מוחמצים 320 ג,,320.00,100 גרם,false,,12.50,0.0391,true,1,162560
7290113195196,false,רסק תפוחי עץ 710 גרם,,,רסק תפוחי עץ 710 גרם,,710.00,100 גרם,false,,10.90,0.0154,true,1,162415
7290113195363,false,שמן חמניות מזוכך בית,בית השיטה,,שמן חמניות מזוכך בית,,1000.00,,false,,11.90,0.0119,true,1,164227
7290113196513,false,פריכיות כוסמת בתוספת שקדים שקדיה 150 ג',דין שיווק,IL,פריכיות כוסמת בתוספת,,150.00,100 גרם,false,,11.90,0.0793,true,1,164684
7290113197169,false,חמאת בוטנים טבעית שק,,,חמאת בוטנים טבעית 51,,510.00,,false,,17.90,0.0351,true,1,167104
7290113198562,false,סוכריות גומי בטעם תות שדה 200 ג' שקדיה,טופ גלוב,IL,סוכריות גומי בטעם תו,,200.00,100 גרם,false,,10.00,0.0500,true,1,166062
7290113198579,false,סוכריות גומי דובונים בטעמי פירות 200 ג' שקדיה,טופ גלוב,IL,סוכריות גומי דובונים,,200.00,100 גרם,false,,10.00,0.0500,true,1,166063
7290113199675,false,גרנולה שיבולת שועל עם צימוק אגוז ושקד 500ג' שקדיה,,,גרנולה שיבולת שועל ע,,500.00,100 גרם,false,,10.90,0.0218,true,1,166653
7290113199781,false,ממרח 100% מיקס אגוזי,פפאיינס,TW,ממרח 100 % אגוזים ו,,300.00,100 גרם,false,,15.90,0.0530,true,1,166659
7290113199927,false,סוכריות חמצוצים בטעם פירות 180 ג' שקדיה,דין שיווק,IL,סוכריות חמצוצים בטעמ,,200.00,100 גרם,false,,10.00,0.0500,true,1,166068
7290114310215,false,"**טרה שמנת מתוקה 38% 250 מ""ל בקבוק.",מילקו תעשיות בעמ,IL,שמנת מתוקה 38% בקבוק,,250.00,,false,,6.47,0.0259,true,1,159017
7290114310222,false,חלב 1.5 ליטר 3% מועשר בסידן וויטמין D.,מילקו תעשיות בעמ,IL,חלב טרה 1.5ל 3ֵ% מעו,,1500.00,100 גרם,false,,13.50,0.0090,true,1,167603
7290114310239,false,חלב טרה נטול לקטוז מועשר בוויטמין D 2% 1.5 ל',מילקו תעשיות בעמ,IL,חלב נטול לקטוז 1.5 ל,,1500.00,,false,,13.50,0.0090,true,1,167602
7290114310383,false,מולר קציפת יוגורט בטעם וניל צרפתי 97 גרם,מולר Muller,IL,מולר פרופ קציפת יוג,,97.00,,false,,5.40,0.0557,true,1,167720
7290114310390,false,"מולר פרופ קציפת יוגורט בננה לוטי 5% 150 מ""ל",מולר Muller,IL,מולר פרופ קציפת יוג,,97.00,100 גרם,false,,5.40,0.0557,true,1,167722
7290114310406,false,"מולר פרופ קציפת יוגורט תות 5% 150 מ""ל",מולר Muller,IL,מולר פרופ קציפת יוג,,97.00,,false,,5.40,0.0557,true,1,167721
7290114310536,false,יוגורט לייט מעושר בחלבון בטעם וניל מולר 200 ג',מולר Muller,IL,מולר אקטיב לייט יוגו,,200.00,100 גרם,false,,6.90,0.0345,true,1,163189
7290114310673,false,גבינת לאבנה 9% 250 גרם,טרה,IL,לאבנה 9% 250גרם,,250.00,,false,,13.90,0.0556,true,1,165103
7290114311014,false,"משקה חלב אייס קפוצ'ינו בבקבוק 250 מ""ל",Unknown,IL,משקה אייס קפוצינו טר,,250.00,,false,,5.90,0.0236,true,1,166373
7290114311038,false,שמנת מתוקה עמידה 32% 250מל בקבוק,Unknown,IL,שמנת להקצפה טרה 32%,,250.00,,false,,7.90,0.0316,true,1,166412
7290114311069,false,יוגורט לבן מועשר בחלבון 0% שומן 200 גרם muller active,מולר Muller,IL,מולר אקטיב 25ג חלבון,,200.00,100 גרם,false,,5.70,0.0285,true,1,165759
7290114311076,false,"חמאת מולר צהובה עם שום, 200 גרם",מולר Muller,IL,מולר חמאה צהובה עם ש,,200.00,100 גרם,false,,12.90,0.0645,true,1,166415
7290114311298,false,יוגורט קציפת תות בננה מלון 150 ג' מולר,מולר Muller,IL,מולר פרופ קציפת תות,,150.00,100 גרם,false,,5.60,0.0373,true,1,166857
7290114311304,false,יוגורט קציפת מנגו פסיפלורה בננה 150 ג' מולר,מולר Muller,IL,מולר פרופ קציפת מנגו,,150.00,100 גרם,false,,5.60,0.0373,true,1,166858
7290114311328,false,חלב נטול לקטוז 2% שומן מועשר בויטמין D,ג'י.אר.אמ.גרופו אלימ,IL,חלב נטול לקטוז מועשר,,1000.00,100 גרם,false,,8.70,0.0087,true,1,167227
7290114311359,false,יוגורט עם קציפת מנגו 3% שומן פרופ 150 ג' מולר,מולר Muller,IL,מולר פרופ קציפת מנגו,,150.00,100 גרם,false,,5.60,0.0373,true,1,166959
7290114311458,false,"חלב מועשר 3% וויטמין קרטון, 1 ל טרה",Unknown,IL,חלב 3% מועשר ויטמין-,,1000.00,100 גרם,false,,8.10,0.0081,true,1,167453
7290115190014,false,סיגריות מרלבורו רד קצר בוקס,פיליפ מוריס,,מרלבורו אדום קצר,יחידה,0.00,יחידה,false,,35.50,0.0000,false,1,161399
7290115190090,false,סיגריות מרלבורו גולד קצר בוקס,פיליפ מוריס,,מרלבורו גולד קצר,יחידה,0.00,יחידה,false,,35.50,0.0000,false,1,161375
7290115190113,false,סיגריות מלברו לייט סופט,פיליפ מוריס,,מרלבורו גולד סופט,יחידה,0.00,יחידה,false,,35.50,0.0000,false,1,161370
7290115190137,false,מלברו עדין פיין טאץ 7.1,פיליפ מוריס,,מרלבורו פיין טאצ,יחידה,0.00,יחידה,false,,35.50,0.0000,false,1,161395
7290115190151,false,סיגריות מרלבורו טאץP,פיליפ מוריס,,מרלבורו כחול טאצ,יחידה,0.00,יחידה,false,,35.50,0.0000,false,1,161392
7290115190250,false,סיגריות פרלמנט נייטP,פיליפ מוריס,,פרלמנט קצר,יחידה,0.00,יחידה,false,,42.00,0.0000,false,1,161174
7290115190519,false,סיגריות נקסט פיין חפ,פיליפ מוריס,,נקסט פיין,יחידה,0.00,יחידה,false,,30.00,0.0000,false,1,161385
7290115190595,false,סיגריות נקסט אוריגינ,פיליפ מוריס,,נקסט אוריג'ינל,יחידה,0.00,יחידה,false,,30.00,0.0000,false,1,161374
7290115200003,false,פתי בר פינוקי וניל 220 גר' אסם,תאי פרזידנט פוד פאבל,PL,פתי בר פינוקי וניל 2,,220.00,100 גרם,false,,12.90,0.0586,true,1,159708
7290115200027,false,פתי בר פינוקי שוקו 220 גר' אסם.,קריות זול,PL,פתי בר פינוקי שוקו 2,,220.00,100 גרם,false,,12.90,0.0586,true,1,159709
7290115201031,false,אסם פתיבר דובי שוקולד 175 גר',טרופיקל דגיל תעשיות,PL,פתי בר דובי שוקולד 1,,175.00,100 גרם,false,,12.90,0.0737,true,1,162902
7290115201680,false,ביסלי ברביקיו אסם 70,"אסם השקעות בע""מ",IL,ביסלי ברביקיו אסם 70,,70.00,,false,,5.00,0.0714,true,1,161145
7290115201703,false,ביסלי בטעם ברביקיו 200 ג' אסם,מיוצר עי קונדיטוריית,IL,ביסלי ברביקיו אסם 20,,200.00,,false,,9.90,0.0495,true,1,161142
7290115201727,false,ביסלי בטעם בצל 200 ג' אסם,מיוצר עי קונדיטוריית,IL,ביסלי בטעם בצל אסם 2,,200.00,100 גרם,false,,9.90,0.0495,true,1,161140
7290115202236,false,טבעול טופו קראנצים 470 גר',עיצובים 2020 (4.8),IL,טבעול טופו קראנצ'ים,,470.00,100 גרם,false,,35.90,0.0764,true,1,163893
7290115202762,false,פרפקטו מיני ניוקי טריקולור 500 גרם - רבנות,Grandi Pastai Italia,IT,פרפקטו ניוקי טריקול,,500.00,100 גרם,false,,11.90,0.0238,true,1,162890
7290115203134,false,פופקו פופקורן במבה - פופקורן בציפוי קרמל ובוטנים,"אסם השקעות בע""מ",IL,פופקו פופקורן במבה א,,80.00,100 גרם,false,,5.90,0.0738,true,1,163251
7290115203172,false,במבה PRO מכיל 18 גרם חלבון בשקית,"אסם השקעות בע""מ",IL,במבה פרו 80 גרם,,80.00,100 גרם,false,,5.60,0.0700,true,1,167188
7290115203486,false,פירורית בטעם ביסלי גריל אסם 200 גר',קיבוץ עינת,IL,פירורית אסם בטעם ביס,,200.00,100 גרם,false,,6.50,0.0325,true,1,166317
7290115204018,false,מנה חמה איטלקי פסטה בסגנון אלפרדו 60 ג' אסם,נסטלה,IL,מנה חמה איטלקי פסטה,,60.00,100 גרם,false,,7.50,0.1250,true,1,167851
7290115204056,false,אסם קטשופ מופחת סוכר 690 גר',קריות זול,IL,אסם קטשופ מופחת סוכר,,690.00,,false,,10.90,0.0158,true,1,163963
7290115204155,false,צבר סחוג אדום 6*190גרם חדש,צבר,,סחוג אדום צבר 190גר,,190.00,100 גרם,false,,13.90,0.0732,true,1,166489
7290115204186,false,פסטו המעדינה של צבר,צבר,,צבר ממרח פסטו 190 גר,,190.00,100 גרם,false,,16.90,0.0889,true,1,165498
7290115205022,false,אוסם - שקדי מרק מקלונים 350 גרם,אסם,IL,שקדי מרק מקלונים אסם,,350.00,100 גרם,false,,15.90,0.0454,true,1,165355
7290115205176,false,פיטנס - קרקר דק כפרי פיטנס 140 גרם,נסטלה Nestle,IL,פיטנס קרקר דק כפרי 1,,140.00,,false,,12.90,0.0921,true,1,164584
7290115205251,false,פיטנס בר פריכיות קרמל מלוח 84 גרם,כרמית,IL,פיטנס בר פריכיות קרמ,,84.00,100 גרם,false,,14.90,0.1774,true,1,167535
7290115205312,false,קרקר פיטנס דק עם זיתי קלמטה ועשבי תיבול,"אסם השקעות בע""מ",IL,פיטנס קרקר דק זיתים,,140.00,100 גרם,false,,12.90,0.0921,true,1,166322
7290115205527,false,פיטנס חטיף מולטגריין עם עדשים 25גר,פיטנס,IL,פיטנס חטיף מולטיגריי,,25.00,100 גרם,false,,5.90,0.2360,true,1,166668
7290115207620,false,"רוטב בסגנון סויה קלאסי 290 מ""ל אסם",,,רוטב בסגנון סויה קלא,,290.00,,false,,15.90,0.0548,true,1,166327
7290115207682,false,"רוטב בסגנון סויה סיני 290 מ""ל",Unknown,,רוטב בסגנון סויה סינ,,290.00,,false,,13.50,0.0466,true,1,166325
7290115207941,false,סירופ אננס 1 ל' ויטמינצ'יק,בית-השיטה עסיס תעשיו,IL,ויטמינציק אננס 1 ליט,,1000.00,,false,,21.90,0.0219,true,1,165540
7290115208009,false,סירופ ענבים 1ל' ויטמינצ'יק,בית-השיטה עסיס תעשיו,IL,ויטמינציק ענבים 1 ל,,1000.00,,false,,21.90,0.0219,true,1,165542
7290115208047,false,סירופ פטל 1 ל' ויטמינצ'יק,בית-השיטה עסיס תעשיו,IL,ויטמינציק פטל 1 ליטר,,1000.00,,false,,21.90,0.0219,true,1,165539
7290115208320,false,אפרופו חטיף בטעם ביסלי בצל 50 גרם,"אסם השקעות בע""מ",IL,אפרופו בטעם ביסלי בצ,,50.00,100 גרם,false,,5.50,0.1100,true,1,167857
7290115208801,false,לחמית דבש ואגוזים 190ג אסם,Unknown,IL,לחמית דבש ואגוזים 19,,190.00,100 גרם,false,,11.90,0.0626,true,1,167191
7290115208849,false,"מנה חמה פסטה מוקרמת ט.עוף בד""צ 55גר",קריות זול,IL,מנה חמה אסם פירה עם,,51.00,100 גרם,false,,7.50,0.1471,true,1,167852
7290115209235,false,אסם פתי בר קפה 500 גרם,קריות זול,IL,פתי בר קפה 500 גרם א,,500.00,100 גרם,false,,14.90,0.0298,true,1,167537
7290115209358,false,במבה במילוי קרם בטעם בראוניז,"אסם השקעות בע""מ",IL,במבה במילוי בראוניז,,60.00,100 גרם,false,,5.60,0.0933,true,1,167854
7290115209372,false,במבה במילוי בראוניז 150ג' אסם,"אסם השקעות בע""מ",IL,במבה במילוי בראוניז,,150.00,,false,,10.90,0.0727,true,1,167855
7290115480009,false,"מרכך כביסה מרוכז פרש קונטרול ירוק 900 מ""ל סוד",הנקל סוד,IL,סוד מרכך מרוכז פרש ק,,900.00,,false,,14.90,0.0166,true,1,164912
7290115671308,false,מסטיק מאסט פאן בצנצנת תות דובדבן,אסקום קונפשטיין,DE,מסטיק מאסט פאן תות ד,,58.00,100 גרם,false,,11.50,0.1983,true,1,165324
7290115676082,false,משקה דנונה פרו 20 יוגורט תות 255 ג' רבנות,"שטראוס בריאות בע""מ.",IL,דנונה פרו משקה בטעם,,255.00,100 גרם,false,,7.90,0.0310,true,1,163294
7290115676099,false,משקה דנונה פרו 20 יוגורט וניל 255 ג' רבנות,"שטראוס בריאות בע""מ.",IL,דנונה פרו משקה בטעם,,255.00,100 גרם,false,,7.90,0.0310,true,1,163295
7290115678376,false,מעדן הגולן שוקולד 125 גרם,מיוצר עי קונדיטוריית,IL,מעדן הגולן שוקולד 12,,125.00,100 גרם,false,,3.70,0.0296,true,1,163929
7290115678383,false,מעדן הגולן שוקולד מריר 125 גר,מיוצר עי קונדיטוריית,IL,מעדן הגולן שוקולד מר,,125.00,100 גרם,false,,3.70,0.0296,true,1,163930
7290115678598,false,חסה אייסברג חיתוך גס,קריות זול,,חסה אייסברג חיתוך גס,,300.00,,false,,10.90,0.0363,true,1,164821
7290116531762,false,בדין - דפים למייבש כביסה ורוד 40 יחידות,קריות זול,US,בדין דפים למייבש וור,יחידה,0.00,יחידה,false,,19.90,0.0000,true,1,165768
7290116531779,false,בדין - דפים למייבש כביסה כחול 40 יחידות,קריות זול,US,בדין דפי מרכך כחול 4,יחידה,0.00,יחידה,false,,19.90,0.0000,true,1,165769
7290116911816,false,בקבוק 500 מל פלסטיק עם צמידים - LOL עיצוב חדש,,,בקבוק פלסטיק עם צמיד,,500.00,,false,,19.90,0.0398,true,1,166711
7290116930282,false,ארוחה בקטנה לאבנה עם קרקרים 150ג' תנובה,תנובה,IL,ארוחה בקטנה לאבנה עם,,150.00,,false,,8.90,0.0593,true,1,167486
7290116930459,false,"משקה SHAKE בננה אננס וקוקוס 230 מ""ל יופלה",יופלה Yoplait,IL,יופלה שייק בננה אננ,,230.00,,false,,8.90,0.0387,true,1,166599
7290116930480,false,"משקה SHAKE בננה קיווי תפוח 230 מ""ל יופלה",יופלה Yoplait,IL,יופלה שייק בננה קיו,,230.00,,false,,8.90,0.0387,true,1,166601
7290116930718,false,מעדן תנובה דיאט בטעם שוקולד וקרמל מלוח 0% 150ג' תנובה,"תנובה בע""מ",IL,מעדן תנובה דיאט שוקו,,150.00,,false,,4.50,0.0300,true,1,166998
7290116931104,false,יופלה גו במרקם סמיך עם אננס 0% שומן 200ג',תנובה בעמ,IL,יוגורט גו סמיך עם אנ,,200.00,100 גרם,false,,5.90,0.0295,true,1,167207
7290116931289,false,יוגורט GO סמיך אלפחורס 200 גרם,תנובה מרכז שיתופי לש,IL,יוגורט גו סמיך אלפחו,,200.00,100 גרם,false,,6.40,0.0320,true,1,168673
7290117260456,false,גבינה בולגרית מעודנת למריחה עם זיתים 5% שומן 200 ג' יורו,,,גבינה בולגרית מעודנת,,200.00,100 גרם,false,,10.90,0.0545,true,1,166628
7290117261521,false,סלמון אטלנטי בשמן קנולה 120 גרם,קריות זול,LV,סלמון אטלנטי בשמן קנ,,120.00,100 גרם,false,,12.90,0.1075,true,1,167457
7290117261538,false,סלמון אטלנטי בשמן קנולה וצ'ילי 120 גרם,קריות זול,LV,סלמון אטלנטי בשמן קנ,,120.00,100 גרם,false,,12.90,0.1075,true,1,167460
7290117383179,false,מארז משחות שיניים 3 טריפל אקשן 3 מברשות שיניים אקסטרה קלין,,,קולגייט מארז 3 טריפל,,150.00,,false,,19.90,0.1327,true,1,168334
7290118420477,false,בייגלה שטוחים בטעם ביסלי בצל 300ג' אסם,אסם,IL,בייגלה שטוחים בטעם ב,,300.00,100 גרם,false,,12.50,0.0417,true,1,167858
7296058000526,false,פרח פרכיות כוסמת 130 גרם,פרח תעשיות,IL,פריכיות כוסמת 130גר,,130.00,100 גרם,false,,7.90,0.0608,true,1,129596
7296058110010,false,"פריכיות אורז פרח כשל""פ 110 גר'",,,פריכיות אורז מלא 110,,110.00,100 גרם,false,,4.90,0.0445,true,1,162274
7296082000035,false,ביצים פלוס אומגה3 6י,המכון למיון ושיווק ב,IL,ביצים פלוס אומגה3 6י,,6.00,,false,,15.90,2.6500,true,1,87015
7296082000066,false,ביצים פלוס 12יח L,,,ביצים פלוס 12יח L,,12.00,,false,,17.90,1.4917,true,1,87016
7296082000080,false,ביצים חופש 12יח,המכון למיון ושיווק ב,IL,ביצים חופש 12יח,,12.00,,false,,21.90,1.8250,true,1,93151
7296082000103,false,ביצים סופר טריות מדי,,,ביצים סופר טריות מדי,,30.00,,false,,27.87,0.9290,true,1,93152
7296082000134,false,ביצים רגילות לארג' 1,המכון למיון ושיווק ב,IL,ביצים רגילות לארג' 1,,12.00,,false,,12.05,1.0042,true,1,93155
7296082000141,false,ביצים רגילות מדיום 1,המכון למיון ושיווק ב,IL,ביצים רגילות מדיום 1,יחידה,0.00,יחידה,false,,11.15,0.0000,true,1,93156
7296082000165,false,ביצים אורגניות 12יח,המכון למיון ושיווק ב,IL,ביצים אורגניות 12יח,,12.00,,false,,25.90,2.1583,true,1,93157
7296082000189,false,ביצים פלוס 30יח L,,,ביצים פלוס 30יח L,,30.00,100 גרם,false,,41.90,1.3967,true,1,87018
7296082000202,false,ביצים סופר טריה לארג,,,ביצים סופר טריה לארג,,18.00,,false,,18.07,1.0039,true,1,93158
7312040017683,false,וודקה אבסולוט בקבוק,חברת אבסולוט,SE,וודקה אבסולוט 700מל,,700.00,,false,,69.90,0.0999,true,1,86716
7394376616778,false,אוטלי משקה שיבולת שועל להקצפה בריסטה 1 ליטר,אוטלי OATLY,SE,משקה שיבולת שועל להק,,1000.00,100 גרם,false,,16.90,0.0169,true,1,159833
7501013122039,false,ג'ומקס מיץ מנגו קרטונית ליטר תריסר,חומקס קומר קומרסאליז,MX,נקטר ג'ומקס מנגו קרט,,1000.00,,false,,9.90,0.0099,true,1,152557
7501013122114,false,"נקטר משקה אננס בקרטונית ג'ומקס, 1 ל'",חומקס קומר קומרסאליז,MX,נקטר ג'ומקס אננס קרט,,1000.00,,false,,9.90,0.0099,true,1,152559
7501013122190,false,ג'ומקס מיץ תפוחים קרטונית ליטר תריסר,חומקס קומר קומרסאליז,MX,נקטר ג'ומקס תפוחים ק,,1000.00,,false,,9.90,0.0099,true,1,152560
7501013122992,false,ג'ומקס מיץ קוקוס אננס קרטונית ליטר תריסר,חומקס קומר קומרסאליז,MX,נקטר ג'ומקס קוקוס אנ,,1000.00,,false,,9.90,0.0099,true,1,152561
7501064191398,false,שישיית בירה קורונה אקסטרא *355 מל,קריניציה ויטמינה אס,MX,בירה קורונה בקבוק שי,,2130.00,,false,,36.90,0.0173,true,1,142803
7610008059080,false,טבלת שוקולד מריר רגוסה 100 ג',,,שוקולד רגוסה מריר 10,,100.00,100 גרם,false,,15.90,0.1590,true,1,161319
7610243004463,false,"דורגול - מרסס להסרת אבנית במקלחון 600 מ""ל",יעקבי- דורגול Durgol,CH,דורגול מסיר אבן מרסס,,500.00,,false,,21.90,0.0438,true,1,90613
7610400074155,false,שוקולד מריר במילוי קרם,"לינדט ושפרונגלי, CH-",CH,שוקולד לינדור 60% 10,,100.00,,false,,16.90,0.1690,true,1,93541
7613030979647,false,דגני בוקר טריקס פירות עולם היורה 480 ג',ג'נרל מילס סאן אדריא,IL,טריקס 480 גרם,,480.00,,false,,27.90,0.0581,true,1,139261
7613032045753,false,פיטנס - דגני בוקר שוקולד 375 גרם,נסטלה צרפת איטנקורט,FR,פיטנס שוקולד 375 גרם,,375.00,,false,,24.90,0.0664,true,1,141148
7613035548374,false,דגני בוקר גולדן מיניס מחיטה מלאה ותירס,נסטלה צרפת איטנקורט,FR,דגני גולדן מיניס נסט,,570.00,100 גרם,false,,27.90,0.0489,true,1,88569
7613035619050,false,שלגון חמשושים מפלצות,שוורצקוף& הנקל דיסלד,ES,שלגון חמשושים מפלצות,,80.00,,false,,9.90,0.1238,true,1,143769
7613035622623,false,פיטנס - גרנולה שקדים ודבש 300 גרם,שוורצקוף& הנקל דיסלד,LT,פיטנס גרנולה שקדים ו,,300.00,,false,,17.90,0.0597,true,1,88570
7613035635845,false,פיטנס גרנולה שוקולד 14*300 גרם,שוורצקוף& הנקל דיסלד,LT,פיטנס גרנולה שוקולד,,300.00,100 גרם,false,,17.90,0.0597,true,1,88571
7613035807778,false,פרפקטו רוטב עגבניות לבולונז 400 ג' אסם,אסם פרפקטו Perfecto,ES,רוטב עגבניות לבולונז,,400.00,100 גרם,false,,10.90,0.0273,true,1,131412
7613035809109,false,פרפקטו רוטב עגבניות ובזיליקום 400 ג'אסם,אסם פרפקטו Perfecto,ES,רוטב עגבניות ובזיליק,,400.00,100 גרם,false,,10.90,0.0273,true,1,131413
7613035809123,false,פרפקטו רוטב עגבניות עם פלפלים 400 ג' אסם,אסם פרפקטו Perfecto,ES,רוטב עגבניות עם פלפל,,400.00,,false,,10.90,0.0273,true,1,131414
7613036105606,false,דוגלי בקר לכלבים בוגרים,נסטלה פורינה באק הונ,HU,"דוגלי בוגר בקר 3ק""ג",קילוגרמים,3.00,"ק""ג",false,,49.90,16.6333,true,1,136365
7613036520492,false,פרפקטו רוטב עגבניות לפיצה 400 ג',אסם פרפקטו Perfecto,ES,רוטב עגבניות לפיצה פ,,400.00,100 גרם,false,,10.90,0.0273,true,1,138270
7613037012200,false,גרבר - מחית תפוח מנגו גזר פאוץ 90 גרם,כלורוקס אוקלנד,ES,גרבר מחית תפוח מנגו,,90.00,100 גרם,false,,6.20,0.0689,true,1,157859
7613037276091,false,נסטלה מיקס מיני אריזות דגני בוקר 200 ג',נסטלה Nestle,FR,נסטלה מיקס מיני אריז,יחידה,0.00,יחידה,false,,21.90,0.0000,true,1,148876
7613037811629,false,דגני בוקר קורנפלקס גו פרי 500 גר',שוורצקוף& הנקל דיסלד,IL,קורנפלקס גו פרי 500ג,,500.00,,false,,16.90,0.0338,true,1,158238
7613038268262,false,דגני בוקר צ'יריוס דבש ושקדים במתיקות מעודנת,נסטלה פולין דגני בוק,FR,דגני האני נאט צ'יריו,,410.00,100 גרם,false,,22.90,0.0559,true,1,157861
7613038451954,false,דגני בוקר שוקולד מופחת סוכר 410 ג' קראנץ',סי. פי. צרפת,FR,קראנץ שוקולד דגני בו,,410.00,,false,,24.90,0.0607,true,1,157862
7613039547632,false,גרבר מחית תפוח בננה תות פאוץ' 90 גר',שוורצקוף& הנקל דיסלד,ES,גרבר מחית תפוחבננה ת,,90.00,100 גרם,false,,6.20,0.0689,true,1,159997
7613039770450,false,סנסשיונל בורגר טבעול 226 ג',ג'נרל מילס סאן אדריא,IL,טבעול סנסשיונל בורגר,,226.00,,false,,39.90,0.1765,true,1,161159
7613287121783,false,חטיף סמרטיס מיני מאר,נסטלה Nestle,,סמארטיס מיני 187גרם,,187.00,100 גרם,false,,10.90,0.0583,true,1,163264
7613287155863,false,מטרנה מחית אגס פאוץ' 90 גר',גרבר Gerber,IL,גרבר מחית אגס פאוץ 9,,90.00,100 גרם,false,,6.20,0.0689,true,1,165911
7613287155924,false,מטרנה מחית תפוח וגזר פאוץ' 90 גר',גרבר Gerber,IL,גרבר מחית תפוח גזר פ,,90.00,100 גרם,false,,6.20,0.0689,true,1,165913
7613287394323,false,אסם מולטי צ'יריוס 14*600 גרם 2021,פרומבראפ - אנגליה,GB,דגני מולטי ציריוס 60,,600.00,100 גרם,false,,27.90,0.0465,true,1,163991
7622010001858,false,עוגיות אוראו ממולאות קרם וניל 176 ג',פי אר ג'יי אס אי מנד,UA,אוראו עוגיות ממולאות,,176.00,,false,,9.90,0.0563,true,1,89104
7622201137052,false,אוראו מיני קוקיס - עוגיות שוקולד צ'יפס ותחתית מצופה שוקולד חלב,מונדלז אספנה גלטאס פ,ES,מילקה מיני קוקיז 110,,110.00,100 גרם,false,,10.90,0.0991,true,1,163324
7622201401900,false,עוגיות מילקה סנסיישן אוראו 156 גר',מונדלז פולסקה פרודקש,PL,מילקה עוגיות סנסיישן,,156.00,100 גרם,false,,14.90,0.0955,true,1,161369
7622201808631,false,מיני עוגיות אוראו במילוי קרם בטעם וניל,פי.טי. מונדלז אינדונ,ID,אוראו מיני כוסות בטע,,67.00,,false,,9.90,0.1478,true,1,163859
7622201813390,false,וופל במילוי קרם קקאו בציפוי שוקולד חלב,מונדליז סי.אר. ביסקו,,מילקה וואפל במילוי ק,,150.00,100 גרם,false,,14.90,0.0993,true,1,163864
7622201823733,false,עוגיות ת`ינס דקות 151 ג' מילקה,,,עוגיות מילקה תינס דק,,151.00,100 גרם,false,,14.90,0.0987,true,1,168404
7622300270506,false,מילקה גריינס - עוגיות שיבולת שועל מצופות שוקולד 168 ג',מונדלז פולסקה פרודקש,PL,מילקה גריינס עוגיות,,168.00,100 גרם,false,,14.90,0.0887,true,1,89114
7622300489427,false,עוגיות אוראו בציפוי שוקולד לבן 246 גרם,מנדלז אספנה גאלטס פר,ES,אוראו עוגיות בציפוי,,246.00,100 גרם,false,,15.90,0.0646,true,1,138064
7622300489434,false,"עוגיות אוראו פאדג' בציפוי שוקולד חלב, 246 גרם",מנדלז אספנה גאלטס פר,ES,אוראו עוגיות בציפוי,,246.00,100 גרם,false,,15.90,0.0646,true,1,138063
7622300761363,false,עוגיות אוראו מיני כוסות בטעם שוקו 67 ג',פי.טי. מונדלז אינדונ,ID,אוראו מיני כוסות בטע,,67.00,,false,,9.90,0.1478,true,1,129718
7630477891592,false,קפסולות האוס בלנד לונגו עוצמה 8 - 10 יח',נסטלה שוויץ - קפה,CH,סטארבקס קפסולות האוס,יחידה,0.00,יחידה,false,,21.90,0.0000,true,1,159981
7630477891615,false,קפסולות קפה סומטרה עוצמה 10 - 10 יח',נסטלה שוויץ - קפה,IL,סטארבקס קפסולות סומט,יחידה,0.00,יחידה,false,,21.90,0.0000,true,1,159984
7702024258322,false,"חטיפי קרקר עם חיטה מלאה, צ'יה וזרעי פשתן פיטנס",נסטלה Nestle,CO,פיטנס חטיפי קרקר צ'י,,234.00,,false,,12.90,0.0551,true,1,160955
7702174066631,false,לקקן פין פופ 10 יח' 170 גר' וסטהיים,הדקלאים אגודת שיתופי,CO,לקקן פינפופ מהדרין י,,180.00,,false,,7.90,0.0439,true,1,93941
7702174068833,false,סוכריות לקקן במילוי טופי בטעמי גלידת פירות,יוגטה yogueta,CO,לקקן בטעם גלידה יוגט,יחידה,0.00,יחידה,false,,11.90,0.0000,true,1,93945
7702174070201,false,סוכריות לקקן במילוי טופי בטעם מסטיק,יוגטה yogueta,CO,לקקן מג'יק יוגטה 12י,יחידה,0.00,יחידה,false,,11.90,0.0000,true,1,93947
7702174073783,false,סוכריות על מקל בטעם קולה במילוי גומי לעיסה,הדקלאים אגודת שיתופי,CO,לקקן פינפופ קולה יוג,,180.00,100 גרם,false,,7.90,0.0439,true,1,93948
7792860006218,false,סוכריות לקקנים בייבי דול Baby Doll לריטר,גוד פוד פרודקטס S.p,AR,סוכריות לקקנים בייבי,,24.00,100 גרם,false,,2.70,0.1125,true,1,93543
7804667480006,false,אוכמניות יחידה,ביכורי שדה דרום,IL,אוכמניות 125 גרם,,125.00,100 גרם,false,,15.90,0.1272,true,1,162075
8000040001106,false,"קאמפרי ביטר אפרטיף 700 מ""ל",קמפרי,,"*מבצע* קמפרי 700 מ""ל",,700.00,,false,,79.90,0.1141,true,1,86782
8000300359992,false,טבלת שוקולד מריר פרו,,,טבלת שוקולד מריר פרו,,80.00,100 גרם,false,,4.90,0.0613,true,1,168395
8000300389067,false,באצ'י שוקולד מריר ש,,,באצ'י שוקולד מריר ש,,125.00,100 גרם,false,,10.90,0.0872,true,1,168393
8000380004676,false,קוביות וופל סנדוויץ Sandwich עם וניל וחלב,"א. לואקר, קונפקט ג'י",AT,וופל לואקר קוביות סנ,,200.00,100 גרם,false,,14.90,0.0745,true,1,93954
8000380004911,false,קוביות וופל קואדרטיני Quadratini קרם אגוזים,קריניציה ויטמינה אס,AT,וופל קואדרטיני אגוז,,250.00,100 גרם,false,,15.50,0.0620,true,1,93956
8000380005598,false,מארז וופל שוקולד טורטינה Tortina שוקולד מריר,לואקר Loacker,IT,טורטינה שישיה מריר 1,,125.00,100 גרם,false,,19.90,0.1592,true,1,93959
8000380007219,false,וופל לואקר אגוז קלאסי 175ג',קריות זול,AT,וופל לואקר אגוז 175ג,,175.00,100 גרם,false,,12.90,0.0737,true,1,93960
8000380007264,false,וופל עם קרם בטעם קקאו,קריניציה ויטמינה אס,AT,וופל לואקר קקאו 175ג,,175.00,100 גרם,false,,12.90,0.0737,true,1,93962
8000380007271,false,וופל לואקר קרם חלב 175ג',לואקר Loacker,AT,וופל לואקר חלב 175גר,,175.00,100 גרם,false,,12.90,0.0737,true,1,93963
8000380106028,false,טורטינה לואקר וופל שוקולד ואגוזים שישיה 125ג',קריניציה ויטמינה אס,IT,טורטינה שישיה חלב 12,,125.00,100 גרם,false,,19.90,0.1592,true,1,93964
8000380153534,false,מארז וופל שוקולד טורטינה Tortina שוקולד לבן,לואקר Loacker,IT,טורטינה לבן 125גר,,125.00,100 גרם,false,,19.90,0.1592,true,1,93974
8000380180721,false,וופל לואקר קקאו וקרם חלב 175ג',קריניציה ויטמינה אס,AT,וופל לואקר קלאסיק שו,,175.00,100 גרם,false,,12.90,0.0737,true,1,93979
8000380198221,false,וופלים לואקר מקסי דאבל שוקולד 200 גר',לואקר Loacker,AT,לואקר מקסי טעם דאבל,,200.00,,false,,13.90,0.0695,true,1,163555
8000380207183,false,טורטינה חמאת בוטנים לואקר 6*21גר,לואקר Loacker,,טורטינה חמאת בוטנים,,126.00,100 גרם,false,,19.90,0.1579,true,1,166275
8000500023976,false,בונבוניירת רפאלו Raffaello,קריות זול,PL,בונבוניירת רפאלו 150,,150.00,100 גרם,false,,18.90,0.1260,true,1,102086
8000500026731,false,שוקולד ביצי הפתעה קינדר שלישייה,קריות זול,IT,קינדר ביצי שוקולד 3*,,60.00,,false,,15.90,0.2650,true,1,102087
8000500028124,false,"קינדר ג'וי, שלישיה 3 * 20 גרם",קריות זול,,קינדר ג'וי שלישייה 3,,60.00,100 גרם,false,,15.90,0.2650,true,1,167568
8000500029350,false,מארז וופל מצופה 3יח' *43 גרם קינדר בואנו,קינדר Kinder,PL,קינדר בואנו שלישייה,,129.00,100 גרם,false,,12.90,0.1000,true,1,102088
8000500037874,false,בונבוניירה פררו רושה 200ג',קריות זול,IT,*מבצע* פררו רושר בונ,,200.00,100 גרם,false,,25.90,0.1295,true,1,102090
8000500071083,false,אצבעות שוקולד קינדר Kinder שש עשרה יחידות,קינדר Kinder,IT,קינדר אצבעות שוקולד,,200.00,100 גרם,false,,14.90,0.0745,true,1,102092
8000500267103,false,קינדר דליס שוקול' אישי מארז 10 יח' 420 גר',קינדר Kinder,,קינדר דליס 390 גרם,,390.00,100 גרם,false,,19.90,0.0510,true,1,140728
8000500269169,false,קינדר קארדס Kinder Cards - חמישייה,קריות זול,IT,קינדר קארדס חמישייה,,128.00,100 גרם,false,,15.90,0.1242,true,1,167219
8000500310397,false,נוטלה עוגיות נוטלה בגליל 12יח' - NUTELLA BISCUITTS,קריות זול,IT,נוטלה ביסקוויט גליל,,166.00,100 גרם,false,,16.90,0.1018,true,1,168400
8001090312150,false,אריאל קפסולות גל כבי,,,אריאל קפסולות גל כבי,יחידה,0.00,יחידה,false,,59.90,0.0000,true,1,168559
8001090318428,false,אריאל קפסולות גל כבי,,,אריאל קפסולות גל כבי,יחידה,0.00,יחידה,false,,59.90,0.0000,true,1,168560
8001090336491,false,טיטולי פמפרס בייבי דריי מידה 4+ 31 יח',פרוקטר אנד גמבל,DE,פמפרס בייבי דריי מיד,יחידה,0.00,יחידה,false,,35.90,0.0000,true,1,157445
8001090833136,false,אריאל ג'ל כביסה בייבי 2.255 ליטר,אריאל Ariel,FR,אריאל גל כביסה בייבי,ליטרים,2.26,ליטר,false,,36.90,16.3274,true,1,140492
8001090833198,false,אריאל ג'ל כביסה ניחוח מרענן 2.365 ליטר,פרוקטור אנד גמבל,FR,אריאל גל כביסה ניחוח,ליטרים,2.37,ליטר,false,,36.90,15.5696,true,1,140490
8001090833228,false,אריאל ג'ל כביסה קולור 2.365 ליטר,אריאל Ariel,FR,אריאל גל כביסה קולור,ליטרים,2.37,ליטר,false,,36.90,15.5696,true,1,140491
8001090988362,false,"שמפו לחות מוגברת פנטן 500 מ""ל","פרוקטר אנד גמבל, רומ",RO,פנטן שמפו לחות מוגבר,,500.00,,false,,19.90,0.0398,true,1,139721
8001090988843,false,"פנטן קונדישנר לחות מרכך מוגברת 500 מ""ל",פרוקטר אנד גמבל,,פנטן קונדישנר לחות מ,,500.00,,false,,19.90,0.0398,true,1,139722
8001250152015,false,פסטה דורום פפרדלה דה,דה צ'אקו DE CECCO,IT,פסטה דורום פפרדלה דה,,500.00,100 גרם,false,,15.90,0.0318,true,1,168074
8001250152336,false,פסטה דורום פטוציני ד,,,פסטה דורום פטוציני ד,,500.00,100 גרם,false,,15.90,0.0318,true,1,168075
8001620011935,false,מים מינרלים מוגזים שישייה בקבוק אישי,אקווה מינרלה סאן בנד,IT,סאן בנדטו מוגז שישיי,,3000.00,,false,,15.90,0.0053,true,1,86726
8001841625188,false,סבון כלים פלטינום לימון X3 פעולות להסרת שומנים,פרוקטר אנד גמבל,GB,פיירי פלטינום לימון,,515.00,,false,,11.90,0.0231,true,1,159187
8001841625461,false,סבון כלים פלטינום X3 פעולות להסרת שומנים,פרוקטר אנד גמבל,GB,פיירי פלטינום אורגינ,,515.00,100 גרם,false,,11.90,0.0231,true,1,159188
8001841912691,false,פיירי פלטיניום פלוס,,,פיירי פלטיניום פלוס,יחידה,0.00,יחידה,false,,32.90,0.0000,true,1,168561
8002960103199,false,CA70W 'רוטב פומודורינה בצנצנת 370 ג MENU,מנורה,IT,רוטב עגבניות איטלקי,,370.00,100 גרם,false,,13.90,0.0376,true,1,168069
8004030103399,false,טונה בשמן זית רביעיו,,,ריו מארז טונה בשמן,,320.00,100 גרם,false,,34.90,0.1091,true,1,167681
8004690052044,false,פסטה לאמוליזנה פנה ז,למוליזנה,IT,פסטה לאמוליזנה פנה ז,,500.00,,false,,8.90,0.0178,true,1,93548
8004690052846,false,פסטה פוסילי למוליזנה,למוליזנה,IT,פסטה לאמוליזנה פוסיל,,500.00,100 גרם,false,,8.90,0.0178,true,1,93549
8004690053195,false,פסטה לאמוליזנה ריגטו,למוליזנה,IT,פסטה לאמוליזנה ריגטו,,500.00,100 גרם,false,,8.90,0.0178,true,1,139538
8004690055601,false,פסטה לאמוליזנה צ'ינס,למוליזנה,IT,פסטה לאמוליזנה צ'ינס,,500.00,100 גרם,false,,8.90,0.0178,true,1,158519
8004690057308,false,פסטה לאמוליזנה רדיאט,למוליזנה,IT,פסטה לאמוליזנה רדיאט,,500.00,100 גרם,false,,8.90,0.0178,true,1,139541
8004690106600,false,פסטה לאמוליזנה פארפא,למוליזנה,IT,פסטה לאמוליזנה פארפא,,500.00,100 גרם,false,,8.90,0.0178,true,1,139289
8005110002243,false,רכז עגבניות Doppio Concentr בשפופרת 185 ג' MUTTI,"איי, בי, אינבוו",IT,רכז עגבניות מוטי בשפ,,185.00,,false,,10.90,0.0589,true,1,161549
8005110060007,false,עגבניות מקולפות 400 ג' MUTTI,,,עגבניות מקולפות מוטי,,400.00,100 גרם,false,,8.90,0.0223,true,1,167281
8005110170300,false,עגבניות מרוסקות חתוכות מוטי MUTTI שלישיה *400,מוטי Mutti,IT,עגבניות מרוסקות מוטי,,1200.00,,false,,19.90,0.0166,true,1,129824
8005110200014,false,רסק עגבניות בתוספת מלח,"איי, בי, אינבוו",IT,רכז עגבניות מוטי 210,,210.00,100 גרם,false,,10.90,0.0519,true,1,129826
8005110551253,false,רוטב עגבניות לפיצה MUTTI,"איי, בי, אינבוו",IT,רוטב לפיצה מוטי 400ג,,400.00,100 גרם,false,,9.90,0.0248,true,1,159219
8005200256587,false,משקה תה בטעם אפרסק 1.5ל' NESTEA,מפעל סאנפלגרינו S.P.,IT,נסטי אפרסק 1.5ליטר,,1500.00,,false,,9.90,0.0066,true,1,165075
8005803010357,false,אמור די פאן - קלאסי 125 גרם,"אינסטנטה בע""מ",IT,גריסיני אמור די פאן,,125.00,,false,,8.50,0.0680,true,1,135477
8005803010371,false,מקלות גריסיני עם רוזמרין,"אינסטנטה בע""מ",IT,גריסיני אמור די פאן,,125.00,100 גרם,false,,8.50,0.0680,true,1,135478
8005803010586,false,מקלות גריסיני בטעם פיצה,"הוסטה איטליה, ס.ר.ל.",IT,גריסיני אמור די פאן,,125.00,100 גרם,false,,8.50,0.0680,true,1,135479
8006540221068,false,מגן תחתון אלוויז וליופק לונג פלוס 40 יחי',פרוקטר,DE,אולוויז מגני תחתון ל,יחידה,0.00,יחידה,false,,19.90,0.0000,true,1,166755
8006540221341,false,אולוויז מגן תחתון וליופק לארג' 48 יחידות,,DE,אולוויז מגן תחתון אק,יחידה,0.00,יחידה,false,,19.90,0.0000,true,1,165764
8006540620403,false,"אבקת כביסה אפקט פיירי 7 ק""ג טייד",,,טייד אבקת כביסה אפקט,,7000.00,100 גרם,false,,59.90,0.0086,true,1,168563
8076800195033,false,ברילה - צ.א ספגטיני מס3 חדש 500 גרם,ברילה גי.אי.אר פרטלי,IT,פסטה ספגטי ברילה מס',,500.00,100 גרם,false,,9.90,0.0198,true,1,91683
8076800195057,false,ברילה - צ.א ספגטי מס5 חדש 500 גרם,ברילה גי.אי.אר פרטלי,IT,פסטה ספגטיני מס 5 בר,,500.00,100 גרם,false,,9.90,0.0198,true,1,91684
8076802085738,false,ברילה - צ.ק פנה רגטה חדש 500 גרם,ברילה גי.אי.אר פרטלי,IT,פסטה פנה רגטה ברילה,,500.00,,false,,9.90,0.0198,true,1,91687
8076802085981,false,ברילה - צ.ק פוזילי חדש 500 גרם,ברילה גי.אי.אר פרטלי,IT,פסטה פתיתי פוזליני ב,,500.00,100 גרם,false,,9.90,0.0198,true,1,91689
8076808060654,false,ברילה - צ.ק פרפלה חדש 500 גרם,ברילה גי.אי.אר פרטלי,IT,פסטה פתיתי פרפלה 65,,500.00,100 גרם,false,,9.90,0.0198,true,1,91691
8076808150072,false,ברילה - צ.א ספגטוני מס7 חדש 500 גרם,ברילה גי.אי.אר פרטלי,IT,פסטה ספגטי מס 7 בריל,,500.00,100 גרם,false,,9.90,0.0198,true,1,91693
8076809513388,false,ברילה - רוטב ארביאטה 400 גרם,ברילה גי.אי.אר פרטלי,IT,רוטב ארביאט ברילה 40,,400.00,100 גרם,false,,15.90,0.0398,true,1,91696
8076809513395,false,רוטב פסטה ברילה פורמודרו 400ג',ברילה גי.אי.אר פרטלי,IT,רוטב פורמודרו ברילה,,400.00,100 גרם,false,,15.90,0.0398,true,1,91697
8076809513654,false,בסיס רוטב עגבניות לבולונז 400 ג' ברילה,ברילה גי.אי.אר פרטלי,IT,רוטב עגבניות לבולונז,,400.00,100 גרם,false,,15.90,0.0398,true,1,91698
8076809513692,false,רוטב פסטה ברילה נפוליטנה 400ג',ברילה גי.אי.אר פרטלי,IT,רוטב נפוליטנה ברילה,,400.00,100 גרם,false,,15.90,0.0398,true,1,91699
8076809513739,false,רוטב פסטה ברילה בזיליקום 400 ג',ברילה גי.אי.אר פרטלי,IT,רוטב בזיליקום ברילה,,400.00,100 גרם,false,,15.90,0.0398,true,1,91700
8076809523561,false,רוטב עגבניות עם עשבי תיבול 400 ג' ברילה,ברילה גי.אי.אר פרטלי,IT,רוטב טוסקנה ברילה400,,400.00,,false,,15.90,0.0398,true,1,91703
8076809523738,false,פסטה ברילה לזניה 500ג',ברילה גי.אי.אר פרטלי,IT,לזניה ברילה 500 גר,,500.00,100 גרם,false,,25.90,0.0518,true,1,91706
8121300208780,false,תחליף סוכר לכל מטרה 360 ג' טרוביה,טרוביה Truvia,,*מבצע* טרוביה תחליף,,360.00,,false,,15.90,0.0442,true,1,168335
8121300209466,false,תחליף סוכר חום 320 ג' טרוביה,טרוביה Truvia,,*מבצע* טרוביה תחליף,,360.00,100 גרם,false,,15.90,0.0442,true,1,168336
8410076600622,false,חטיפי גרנולה Crunchy שיבולת שועל מלאה ושבבי שוקולד מריר,ג'נרל מילס סאן אדריא,ES,ניטשר וואלי חטיף קרא,,210.00,100 גרם,false,,22.90,0.1090,true,1,93990
8410104045111,false,"פיניש מלח למדיח כלים 2ק""ג",פ.פ.ח. שאביט,IL,"פיניש מלח למדיח 2 ק""",,2000.00,100 גרם,false,,15.90,0.0080,true,1,155641
8413376022965,false,גבינת עיזים רכה 29%שומן 110גרם,,,גבינת עיזים רכה 29%,,110.00,100 גרם,false,,14.90,0.1355,true,1,137604
8420822130600,false,"ספריי סופר מסיר שומנים 750מ""ל יעקבי",יעקבי,,סופר מסיר שומנים KH-,,750.00,,false,,15.90,0.0212,true,1,165966
8423207206488,false,מרבה סלים דליס שוקולד חלב חדש,אף.סי תבליני בגליל ב,ES,סלים דליס חטיף דגנים,,120.00,100 גרם,false,,15.90,0.1325,true,1,91715
8423207206501,false,מרבה סלים דליס חצי מצופה חדש,סלים דליס Slim Delis,ES,סלים דליס חטיף דגנים,,120.00,100 גרם,false,,15.90,0.1325,true,1,91717
8423207208871,false,פרכיות תירס בטעם טבעי סלים דליס 130ג',סלים דליס Slim Delis,,פריכיות תירס בטעם טב,,123.00,100 גרם,false,,11.90,0.0967,true,1,94395
8424842050016,false,חטיף צ'יפס בטעם כמהי,,,ציפס רוביו כמהין 125,,125.00,100 גרם,false,,13.90,0.1112,true,1,168638
8424842050030,false,ציפס רוביו מלח הימלא,,,ציפס רוביו מלח הימלא,,125.00,100 גרם,false,,13.90,0.1112,true,1,168639
8424842050085,false,ציפס רוביו חרדל ודבש,,,ציפס רוביו חרדל ודבש,,125.00,100 גרם,false,,13.90,0.1112,true,1,168640
8425206000081,false,ריבת חלב מרדל 450 גר,כלורוקס אוקלנד,ES,ריבת חלב מרדל 450גר,,450.00,,false,,19.90,0.0442,true,1,94399
8436575292205,false,ארטיק חמשושים מאגדת 15*12 גר',שוורצקוף& הנקל דיסלד,IL,חמשושים מאגדת 15יח,,180.00,100 גרם,false,,24.90,0.1383,true,1,142203
8445290341587,false,פנסי פיסט פטה דג לבן ועוף 85גר,נסטלה פורינה USA ג',US,פנסי פיסט פטה דג לבן,,85.00,100 גרם,false,,6.70,0.0788,true,1,167541
8445290341655,false,פנסי פיסט פטה עוף 85גר,נסטלה פורינה USA ג',US,פנסי פיסט פטה עוף 85,,85.00,100 גרם,false,,6.70,0.0788,true,1,167542
8683130008935,false,ממרח קטשיונז הלמנס ל,יוניליוור ישראל שיוו,TR,הלמנס קטשיונז 425 גר,,425.00,100 גרם,false,,16.90,0.0398,true,1,164888
8683130025581,false,"בדין - מרכך כביסה אקסטרא ענבר 960 מ""ל",יונילוור - תורכיה,TR,בדין אקסטרא ענבר 960,,960.00,,false,,19.90,0.0207,true,1,166206
8686868600211,false,"מטריה לילדים 47 ס""מ",,,"מטריה לילדים 47 ס""מ",יחידה,0.00,יחידה,false,,19.90,0.0000,true,1,161290
8690526019147,false,אי טי אי - וופל במילוי קרם אגוזי לוז 142 גרם,ETi,,וופל במילוי קרם אגוז,,142.00,100 גרם,false,,7.90,0.0556,true,1,158867
8690526019185,false,אי טי אי - וופל במילוי קרם שוקולד חלב 142 גרם,מולינו ניקולי s.p.a,TR,וופל במילוי קרם שוקו,,142.00,,false,,7.90,0.0556,true,1,158868
8690766156367,false,שוקולד גודייבה חלב מעולה 90 גר,"אולקר מקבוצת פלאדיס,",TR,שוקולד חלב מעולה 90,,90.00,100 גרם,false,,14.90,0.1656,true,1,157763
8690766156374,false,שוקולד גודייבה מריר 72% מוצרי קקאו 90 גר,"אולקר מקבוצת פלאדיס,",TR,שוקולד מריר מעולה 7,,90.00,,false,,14.90,0.1656,true,1,157764
8690766156381,false,שוקולד גודייבה מריר מעולה 90% קקאו 90 גר,"אולקר מקבוצת פלאדיס,",TR,שוקולד מריר מעולה 90,,90.00,100 גרם,false,,14.90,0.1656,true,1,157765
8690766156398,false,שוקולד חלב מעולה בתוספת שברי שקדים קלויים דבש ומלח 90ג',"אולקר מקבוצת פלאדיס,",TR,שוקולד חלב עם שקדים,,90.00,100 גרם,false,,14.90,0.1656,true,1,157766
8690777206051,false,חצילים קלויים על האש סארה 650 גר',קוראהן פזלרמה וי דיס,TR,חציל קלוי על האש ויל,,650.00,100 גרם,false,,13.90,0.0214,true,1,88746
8690777221405,false,פלפל אדום קלוי על האש סארה 650גרם,קוראהן פזלרמה וי דיס,TR,פלפל אדום קלוי על הא,,650.00,100 גרם,false,,13.90,0.0214,true,1,88747
8692440001086,false,כוסות פלסטיק חד פעמי 100 יח',"שניב תעשיות נייר בע""",,כוסות לשתיה קרה טאץ',יחידה,0.00,יחידה,false,,7.90,0.0000,true,1,145053
8693323085100,false,שטיחים חמוצים ממתק בטעם פירות,יוגטה yogueta,,ממתק חמוץ שטיחים חמו,,100.00,100 גרם,false,,4.90,0.0490,true,1,139938
8693323099107,false,מרשמלו לבבות בטעם תות ווניל,יוגטה yogueta,,מרשמלו לבבות 150 גרם,,150.00,100 גרם,false,,8.90,0.0593,true,1,138939
8697530910743,false,סיגריות פאל מאל כחול קצר מטאליק,Unknown,,פאל מאל כחול קצר,יחידה,0.00,יחידה,false,,28.00,0.0000,false,1,97427
8697530910750,false,סיגריות פאל מאל כחול ארוך האוס,Unknown,,פאל מאל כחול ארוך,יחידה,0.00,יחידה,false,,28.00,0.0000,false,1,97428
8697530911276,false,סיגריות קנט קצר חפיס,גלוברנדס,,קנט קצר חפיסה,יחידה,0.00,יחידה,false,,35.00,0.0000,false,1,97435
8697826469092,false,טורטיה קטנה 540 גר' 12יח,דין שיווק,TR,טורטיה קטנה 540גר,,540.00,100 גרם,false,,9.90,0.0183,true,1,96865
8710502064814,false,עוגיות שוקולד ציפס במרקם רך 175 ג',בנקטבקריי מרבה בי.וי,NL,עוגיות שוקולד ציפס ר,,175.00,100 גרם,false,,12.90,0.0737,true,1,91744
8710502279010,false,מרבה עוגיות שוקולד צ'יפס מצופות שוקולד 175 ג',"מרבה בע""מ",NL,עוגיות שוקולד צ'יפס,,175.00,100 גרם,false,,12.90,0.0737,true,1,162215
8710847860829,false,"רקסונה - דאודורנט רול און לאישה כותנה 50 מ""ל",יוניליוור,,רקסונה רול און כותנה,,50.00,,false,,15.90,0.3180,true,1,151927
8711327475663,false,פיינט וניל שוקולד לבן 260 ג' מגנום,"מפעל גלידות בווספרם,",HU,מגנום פיינט וניל שוק,,260.00,100 גרם,false,,21.90,0.0842,true,1,162317
8712000051099,false,"בירה הייניקן 0% אלכהול 330 מ""ל*6 יח'",פארייפאבה אגרואינדוס,NL,בירה היינקן שישייה 0,,1980.00,,false,,34.90,0.0176,true,1,142140
8712400802536,false,תרכובת מזון המשך לפעוטות על בסיס חלב שלב 3,פרוטרופיק סיה.,NL,נוטרילון -טבע שלב 3,,800.00,100 גרם,false,,64.90,0.0811,true,1,89157
8712561594240,false,"דאב תחליב רחצה להזנה עמוקה500 מ""ל-מרכז","יוניליוור גרמניה, Gm",DE,תחליב רחצה להזנה עמו,,500.00,,false,,15.90,0.0318,true,1,90521
8712561611183,false,"דאב - תחליב רחצה תה ירוק ומלפפון 500 מ""ל","יוניליוור גרמניה, Gm",DE,דאב תחליב רחצה תה יר,,500.00,,false,,15.90,0.0318,true,1,90523
8714599513866,false,"ג'ייקובס קרוננג מיובש בהקפאה כשל""פ 200 ג'",אל.אל.סי גייקובס דאו,UA,קפה נמס קרוננג ג׳יקו,,200.00,,false,,27.90,0.1395,true,1,89159
8714789402970,false,נוזל לניקוי כללי ולרצפה בניחוח פרחי אביב,הנסיך- מפעל לייצור ט,GR,אגקס חגיגת הפרחים יר,ליטרים,1.50,ליטר,false,,22.90,15.2667,true,1,91762
8714789582764,false,אג'קס ספריי לניקוי חלונות ומשטחים,"ש. שסטוביץ בע""מ",GR,אגקס לניקוי חלונות 7,,750.00,,false,,16.90,0.0225,true,1,91770
8715700110141,false,מיונז קרמי היינץ צנצנת 460ג',ה.י.היינץ הולדינג בי,NL,מיונז היינץ צנצנת 46,,460.00,100 גרם,false,,11.90,0.0259,true,1,136507
8715700110158,false,מיונז לייט היינץ צנצנת 490 גר',ה.י.היינץ הולדינג בי,NL,מיונז היינץ לייט צנצ,,490.00,,false,,11.90,0.0243,true,1,136508
8715700115641,false,ממרח מיונז לחיץ לייט במרקם קרמי 420 ג' היינץ,היינץ Heinz,,ממרח היינץ במרקם קרמ,,420.00,100 גרם,false,,15.90,0.0379,true,1,167557
8715700419732,false,מתבל עגבניות היינץ 7,ה.י. היינץ,NL,*מבצע* קטשופ היינץ 7,,700.00,100 גרם,false,,11.90,0.0170,true,1,89160
8715700422473,false,ממרח מיונז ללא חומרים משמרים 395 ג' היינץ,היינץ Heinz,NL,ממרח היינץ לחיץ 395,,395.00,100 גרם,false,,15.90,0.0403,true,1,167558
8715700423906,false,קטשופ מתובל עגבניות 50% פחות סוכר 555ג' היינץ,היינץ צפון אמריקה מק,NL,מתבל עגבניות היינץ 5,,555.00,100 גרם,false,,11.90,0.0214,true,1,138104
8718114734484,false,מיונז מיילי 320 גרם,MAILLE,,מיונז פיין 320 גר',,320.00,100 גרם,false,,15.90,0.0497,true,1,138484
8718951076402,false,"קולגייט משחת שיניים הרבל להלבנה 100 מ""ל",קולגייט פלמוליב,,קולגייט הרבל להלבנה,,100.00,,false,,12.90,0.1290,true,1,139717
8718951159402,false,"קולגייט משחת שיניים אופטיק וויט - אקסטרה פאוור 75 מ""ל",,,קולגיט אופטיק אקסטרא,,75.00,,false,,19.90,0.2653,true,1,165516
8718951226715,false,"משחת שיניים טוטל קלין מינט 75 מ""ל קולגייט",,,קולגייט טוטל אוריגינ,,75.00,,false,,10.90,0.1453,true,1,165655
8718951226807,false,"קולגייט משחת שיניים טוטל פסים הלבנה 75 מ""ל",,,קולגייט טוטל הלבנה 7,,75.00,,false,,10.90,0.1453,true,1,165656
8718951236806,false,"קולגייט טוטאל הלבנה להסרת כתמים מהשן 100 מ""ל",קולגייט Colgate,PL,קולגייט טוטל משחת שי,,100.00,,false,,19.50,0.1950,true,1,140923
8718951278851,false,"קולגייט הלבנה פחם 100 מ""ל",,,קולגייט הלבנה פחם 10,,100.00,,false,,14.90,0.1490,true,1,167285
8718951345119,false,"אג'קס לניקוי כללי עוצמת 7 היביסקוס, 2 ל'",הנסיך- מפעל לייצור ט,GR,אגקס לניקוי כללי עוצ,,2000.00,,false,,25.90,0.0129,true,1,162214
8718951382640,false,"פלמוליב ג'ל רחצה חימר דיטוקס 750 מ""ל",קולגייט פלמוליב,TR,*מבצע* פלמוליב סבון,,750.00,,false,,12.90,0.0172,true,1,168190
8719200997998,false,מרגרינה למריחה בישול וטיגון 200 ג' בלו בנד,יוניליוור,IL,בלו בנד לבישול וטיגו,,200.00,,false,,4.90,0.0245,true,1,152529
8719200998001,false,מרגרינה לאפיה ובישול בלי מלח 200 ג' בלו בנד,מיוצר עי קונדיטוריית,IL,בלו בנד בלי מלח 200ג,,200.00,100 גרם,false,,4.90,0.0245,true,1,152530
8719200998018,false,מחמאה מרגרינה בטעם חמאה 200 ג' בלו בנד,פארייפאבה אגרואינדוס,IL,מרגרינה מחמאה בטעם ח,,200.00,,false,,4.90,0.0245,true,1,152531
8719200998094,false,מרגרינה מזולה בטעם טבעי ללא תוספת מלח,"מיוצר ע""י יוניליוור",IL,מזולה אפייה ללא מלח,,200.00,100 גרם,false,,6.90,0.0345,true,1,152534
8801055707966,false,קפה טייסטר צו'יס נס קפה בריסטה 180ג',נסטלה קוריאה - קפה,IL,קפה טייסטרס צ׳ויס בר,,180.00,,false,,34.90,0.1939,true,1,88588
8801055709458,false,אבקה להכנת משקה קפה בטעם קפוצ'ינו קרמל,נסטלה קוריאה - קפה,,נסקפה קפוצינו קרמל 1,,170.00,100 גרם,false,,21.90,0.1288,true,1,166475
8801055709489,false,אבקה להכנת משקה קפה בטעם קפוצ'ינו אגוזים,נסטלה קוריאה - קפה,,נסקפה קפוצינו אגוזים,,180.00,100 גרם,false,,21.90,0.1217,true,1,166479
8850206250592,false,רוטב צ'ילי סריראצ'ה 540 גרם (מזרח ומערב),יאן וואל יון קו.לטד,TH,רוטב צ'ילי סריראצ'ה,,540.00,100 גרם,false,,19.90,0.0369,true,1,137512
8850389105832,false,משקה אלוורה בטעם תפוחים,סאפה פובליק קומפני ל,TH,סאפה משקה אלוורה תפו,,1000.00,100 גרם,false,,17.90,0.0179,true,1,86731
8850389105849,false,משקה אלוורה בטעם אפרסק,סאפה פובליק קומפני ל,TH,סאפה משקה אלוורה אפר,,1000.00,,false,,17.90,0.0179,true,1,86732
8850632604259,false,חיספוסים ממתק בטעם תות שדה בצורת מקלות,ג'נרל קנדי בעמ,TH,חמצוצים מקלות בטעם ת,,50.00,,false,,5.40,0.1080,true,1,94039
8850632604266,false,יוגטה מקלות חמוצות בטעם קולה 50 גרם 24 יח',ג'נרל קנדי בעמ,TH,חמצוצים מקלות בטעם ק,,50.00,,false,,5.40,0.1080,true,1,94040
8850632604372,false,יוגטה מקלות חמוצות שטיח - תות שדה 50 גרם,ג'נרל קנדי בעמ,TH,חמצוצים שטיח בטעם תו,,50.00,100 גרם,false,,5.40,0.1080,true,1,94041
8850632604402,false,יוגטה מקלות חמוצות שטיח בטעם מעורב24 יח',"ג'נרל קנדי בע""מ",TH,חמצוצים שטיח בטעם מע,,50.00,100 גרם,false,,5.40,0.1080,true,1,94042
8850632605201,false,חיספוסים ממתק בטעמי פירות בצורת שטיח,הדקלאים אגודת שיתופי,TH,חספוסים תות בננה תפו,,50.00,100 גרם,false,,5.40,0.1080,true,1,94043
8850632606390,false,חיספוסים ממתק חמוץ בטעם אבטיח בצורת שטיח,ג'נרל קנדי בעמ,TH,חיספוסים בטעם אבטיח,,50.00,100 גרם,false,,5.40,0.1080,true,1,94044
8858271002887,false,רוטב טריאקי מזרח ומע,דאנינג יוה פודס קו,TH,רוטב טריאקי 250מל,,250.00,,false,,12.90,0.0516,true,1,98493
8858271004799,false,רוטב צ'ילי מתוק מזרח,יאן ונזל יון,TH,רוטב צילי מתוק 700 מ,,700.00,,false,,12.90,0.0184,true,1,98501
8858271005451,false,רוטב סויה פורמולה מק,Yan Wal Yun Corpora,TH,רוטב סויה פורמולה מק,,250.00,,false,,12.90,0.0516,true,1,98502
8901537024014,false,"אורז בסמטי מובחר 1 ק""ג - דוואט) יורה דיעה",הנסיך- מפעל לייצור ט,IN,אורז בסמטי דאווט 1קג,,1000.00,,false,,14.90,0.0149,true,1,88750
9000101509069,false,ברף - סבון אסלה ג'ל גשם אביב שלשות,,,ברף בריליאנט ג'ל גשם,יחידה,0.00,יחידה,false,,16.90,0.0000,true,1,168024
9000101509151,false,ברף - סבון אסלה ג'ל אוקיינוס הקרח הצפוני שלשות,,,ברף בריליאנט ג'ל אוק,יחידה,0.00,יחידה,false,,16.90,0.0000,true,1,168025
9000101537550,false,פרסיל קאפסולות לכביסה לבנה וצבעונית 52 יח',הנקל סוד,HU,פרסיל פאוור קאפס יונ,יחידה,0.00,יחידה,false,,54.90,0.0000,true,1,166226
9000101537581,false,פרסיל קאפסולות לכביסה צבעונית 52 יחידו,הנקל סוד,HU,פרסיל פאוור קאפס לכב,יחידה,0.00,יחידה,false,,54.90,0.0000,true,1,166227
9002859100536,false,בונבוניירה אצבעות שו,,,בונבוניירה אצבעות שו,,200.00,100 גרם,false,,15.90,0.0795,true,1,137572
9044400851672,false,סוכריות פז סוגים שונים + 3 מילויים,פז פרודוקשיין,HU,*מבצע* סוכריות פז+3,,25.50,100 גרם,false,,12.90,0.5059,true,1,166330
9310072028743,false,טים טם Tim Tam וופל שוקולד קלאסי,"ארנוטס ביסקוויטס בע""",AU,ביסקויט טים טם במילו,,200.00,100 גרם,false,,21.90,0.1095,true,1,93559
9310072028750,false,טים טם Tim Tam וופל שוקולד ציפוי כפול,"ארנוטס ביסקוויטס בע""",AU,עוגיות טים טם דאבל 2,,200.00,100 גרם,false,,21.90,0.1095,true,1,93560
9322969000022,false,פריכיות תירס עם סויה וזרעי פשתן ללא גלוטן,אף.סי תבליני בגליל ב,AU,פריכיות תירס עם סויה,,150.00,100 גרם,false,,14.90,0.0993,true,1,99202
9720188050109,false,טופוטי ממרח טופו בטעם גבינה 227 ג`,טופוטי ברנדס אינק.ג',IL,טופוטי ממרח טופו בטע,,227.00,100 גרם,false,,22.90,0.1009,true,1,91355
9720188060108,false,טופוטי ממרח על בסיס סויה בסגנון שמנת 340ג',טופוטי ברנדס אינק.ג',IL,טופוטי ממרח טופו בטע,,340.00,100 גרם,false,,22.90,0.0674,true,1,91357
