code,internal_code,name,manufacturer_name,manufacture_country,manufacturer_item_description,unit_qty,quantity,unit_of_measure,weighted,qty_in_package,price,unit_of_measure_price,allow_discount,status,item_id
30074576,false,מייבלין - מסקרה קולוסאל שחור,,IL,מסקרה ווליום אקס,יחידה,1.00,יחידה,false,1,41.90,41.90,true,1,
30079847,false,מייבלין - מסקרה קולוסאל 100% שחור,,IL,מסקרה ווליום,יחידה,1.00,יחידה,false,1,39.90,39.90,true,1,
30095052,false,אססי - לק גוון3,לוריאל איפור,DE,לק גוון 03,יחידה,1.00,יחידה,false,1,41.90,41.90,true,1,
30095069,false,אססי - לק גוון4,לוריאל איפור,DE,לק גוון 04,יחידה,1.00,יחידה,false,1,41.90,41.90,true,1,
30095083,false,אססי - לק גוון6,לוריאל,DE,לק גוון 06,יחידה,1.00,יחידה,false,1,41.90,41.90,true,1,
30095113,false,אססי - לק גוון9,לוריאל,DE,לק גוון 09,יחידה,1.00,יחידה,false,1,41.90,41.90,true,1,
30095175,false,אססי - לק גוון15,לוריאל,DE,לק גוון 15,יחידה,1.00,יחידה,false,1,41.90,41.90,true,1,
30095182,false,אססי - לק גוון16,לוריאל,DE,לק גוון 16,יחידה,1.00,יחידה,false,1,41.90,41.90,true,1,
30095397,false,אססי - לק גוון37,לוריאל,DE,לק גוון 37,יחידה,1.00,יחידה,false,1,41.90,41.90,true,1,
30095472,false,אססי - לק גוון45,לוריאל,DE,לק גוון 45,יחידה,1.00,יחידה,false,1,41.90,41.90,true,1,
30095526,false,אססי - לק גוון50,לוריאל,DE,לק גוון 50,יחידה,1.00,יחידה,false,1,41.90,41.90,true,1,
30095816,false,אססי - לק גוון79,לוריאל,DE,לק גוון 79,יחידה,1.00,יחידה,false,1,41.90,41.90,true,1,
30095908,false,אססי - לק גוון88,לוריאל,DE,לק גוון 88,יחידה,1.00,יחידה,false,1,41.90,41.90,true,1,
30095946,false,אססי - לק גוון92,לוריאל,DE,לק גוון 92,יחידה,1.00,יחידה,false,1,41.90,41.90,true,1,
30096073,false,אססי - לק גוון203,לוריאל,DE,לק גוון 203,יחידה,1.00,יחידה,false,1,41.90,41.90,true,1,
30096585,false,מייבלין - פיט מי קונסילר 10,,IL,קונסילר פיט מי 0,מיליליטרים,6.00,"100 מ""ל",false,1,45.00,750.00,true,1,
30096622,false,"קונסילר פיט מי 30 6.8 מ""",,IL,קונסילר פיט מי 0,מיליליטרים,6.00,"100 מ""ל",false,1,45.00,750.00,true,1,
30102583,false,אססי - לק גוון101,לוריאל,DE,לק גוון 101,יחידה,1.00,יחידה,false,1,41.90,41.90,true,1,
30102590,false,אססי - לק גוון102,לוריאל,DE,לק גוון 102,יחידה,1.00,יחידה,false,1,41.90,41.90,true,1,
30114319,false,מייבלין - מסקרה קולוסאל גו אקס שחור חזק,מייבלין Maybelline,IL,מסקרה ווליום,יחידה,1.00,יחידה,false,1,41.90,41.90,true,1,
30118867,false,מייבלין - ליינר מסטר אינק שחור,סופרוג'ם,DE,ליינר מאסטר אינק,יחידה,1.00,יחידה,false,0,29.90,29.90,true,1,
30138230,false,לק ג'ל קוטור,לוריאל,DE,לק ג'ל קוטור 20,יחידה,1.00,יחידה,false,1,49.90,49.90,true,1,
30138261,false,אססי. ג'ל קוטור 50 יח',לוריאל איפור,DE,אססי. ג'ל קוטור,יחידה,1.00,יחידה,false,1,49.90,49.90,true,1,
30138544,false,אססי. ג'ל קוטור345 יח',לוריאל איפור,DE,אססי. ג'ל קוטור,יחידה,1.00,יחידה,false,1,49.90,49.90,true,1,
30145436,false,מייבלין - מסקרה קולוסל באונס,,IT,מסקרה קולוסאל בא,יחידה,1.00,יחידה,false,1,45.00,45.00,true,1,
30145535,false,מייבלין - שפתון ס.ס אינק וויניל 20,סופרוג'ם,FR,שפתון אינק וויני,יחידה,1.00,יחידה,false,1,45.00,45.00,true,1,
30147973,false,קולוריש סלים מאט 336 יח',,FR,קולוריש סלים מאט,יחידה,1.00,יחידה,false,1,55.00,55.00,true,1,
30148017,false,אססי אקספרסי 425 יח',לוריאל איפור,FR,אססי אקספרסי גוו,יחידה,1.00,יחידה,false,1,35.00,35.00,true,1,
30148116,false,מייבלין - שפתון ס.ס אינק וויניל 15,סופרוג'ם,FR,שפתון אינק וויני,יחידה,1.00,יחידה,false,1,45.00,45.00,true,1,
30150577,false,אססי אקספרסי 430 יח',לוריאל איפור,FR,אססי אקספרסי גוו,יחידה,1.00,יחידה,false,1,35.00,35.00,true,1,
30152526,false,לוריאל - ליינר אינפליבל וייניל,,IT,לוריאל ליינר אינ,יחידה,1.00,יחידה,false,1,55.00,55.00,true,1,
30152830,false,מייבלין - מסקרה סקיי היי שחור,סייפו,IT,סקיי היי מסקרה ק,יחידה,1.00,יחידה,false,1,45.00,45.00,true,1,
30153059,false,לוריאל - קולוריש סלים מאט 633,,FR,קולוריש סלים מאט,יחידה,1.00,יחידה,false,1,55.00,55.00,true,1,
30153080,false,לוריאל - קולוריש סלים מאט 346,,FR,קולוריש סלים מאט,יחידה,1.00,יחידה,false,1,55.00,55.00,true,1,
30153219,false,מייבלין - שפתון ס.ס אינק וויניל 35,סופרוג'ם,FR,שפתון אינק וויני,יחידה,1.00,יחידה,false,1,45.00,45.00,true,1,
30153332,false,אבסולו ריצ' קרם עשיר 15,,FR,אבסולו ריצ' קרם,מיליליטרים,15.00,"100 מ""ל",false,1,49.90,332.67,true,1,
30160903,false,לוריאל - מסקרה אייר 30 שעות,,IT,מסקרה מגה ווליום,יחידה,1.00,יחידה,false,1,50.00,50.00,true,1,
30162020,false,אססי - ג'ל קוטור 510,,CN,ג'ל קוטור 510,יחידה,1.00,יחידה,false,1,49.90,49.90,true,1,
30162525,false,אססי - אקספרסי 325,לוריאל איפור,FR,אססי אקספרסי גוו,יחידה,1.00,יחידה,false,1,35.00,35.00,true,1,
30164185,false,לוריאל - מסקרה במבי אוברסייז,,IT,מסקרה במבי אוברס,יחידה,1.00,יחידה,false,1,59.90,59.90,true,1,
30164581,false,אססי - ג'ל קוטור 150,,ES,ג'ל קוטור 150,יחידה,1.00,יחידה,false,1,49.90,49.90,true,1,
30166967,false,מייבלין - מסקרה סקיי היי,סייפו,IT,מסקרה HIGH SKY,יחידה,1.00,יחידה,false,1,45.00,45.00,true,1,
30171336,false,מייבלין - קונסילר פיט מי 08,,IL,קונסילר פיט מי 0,מיליליטרים,6.00,"100 מ""ל",false,1,45.00,750.00,true,1,
30173040,false,קולור קווין 06 יח',,IT,קולור קווין 06,יחידה,1.00,יחידה,false,1,35.00,35.00,true,1,
30173149,false,קולור קווין 16 יח',,IT,קולור קווין 16,יחידה,1.00,יחידה,false,1,35.00,35.00,true,1,
30173385,false,קולור קווין 40יח',,IL,קולור קווין 40,יחידה,1.00,יחידה,false,1,35.00,35.00,true,1,
30173408,false,לק ג'ל קוטור יח' 514,לוריאל,ES,לק ג'ל קוטור514,יחידה,1.00,יחידה,false,1,49.90,49.90,true,1,
30173422,false,לוריאל - קונסילר אינפליבל 332,לוריאל,IL,קונסילר אינפליבל,יחידה,1.00,יחידה,false,1,67.90,67.90,true,1,
30173453,false,קונסילר אינפלבל 335 יח',,IL,קונסילר אינפלבל,יחידה,1.00,יחידה,false,1,67.90,67.90,true,1,
30173477,false,קונסילר אינפליבל 337,לוריאל,FR,קונסילר אינפליבל,יחידה,1.00,יחידה,false,1,67.90,67.90,true,1,
30173637,false,קונסילר אינפלבל 328 יח',,IL,קונסילר אינפלבל,יחידה,1.00,יחידה,false,1,67.90,67.90,true,1,
30174078,false,מייבלין - עיפרון שפתון אינק 30,,FR,שפתון עפרון אינק,יחידה,1.00,יחידה,false,1,40.00,40.00,true,1,
30175525,false,מייבלין - קונסילר סופרסטיי 05,,IL,קונסילר סופר סטי,יחידה,1.00,יחידה,false,1,40.00,40.00,true,1,
30175563,false,מייבלין - קונסילר סופרסטיי 20,,IL,קונסילר סופר סטי,מיליליטרים,6.00,"100 מ""ל",false,1,40.00,666.67,true,1,
30175792,false,מסקרה במבי שחור יח',,IL,מסקרה במבי שחור,יחידה,1.00,יחידה,false,1,59.90,59.90,true,1,
30177154,false,אססי - אקספרסי 10,לוריאל איפור,FR,אססי אקספרסי גוו,יחידה,1.00,יחידה,false,1,35.00,35.00,true,1,
30177291,false,אססי - אקספרסי 190,לוריאל איפור,FR,אססי אקספרסי גוו,יחידה,1.00,יחידה,false,1,35.00,35.00,true,1,
30177307,false,אססי - אקספרסי 200,לוריאל איפור,FR,אססי אקספרסי גוו,יחידה,1.00,יחידה,false,1,35.00,35.00,true,1,
30177413,false,אססי - אקספרסי 340,לוריאל איפור,FR,אססי אקספרסי גוו,יחידה,1.00,יחידה,false,1,35.00,35.00,true,1,
30177437,false,אססי - אקספרסי 380,לוריאל איפור,FR,אססי אקספרסי גוו,יחידה,1.00,יחידה,false,1,35.00,35.00,true,1,
30178052,false,אססי לק 680 יח',,IL,אססי לק 680,יחידה,1.00,יחידה,false,1,41.90,41.90,true,1,
30179158,false,עפרון שפתון אינק 90 יח',,IL,עפרון שפתון אינק,יחידה,1.00,יחידה,false,1,40.00,40.00,true,1,
40052403,false,קיט קט 4 אצבעות שוקולד חלב,נסטלה Nestle,DE,חטיף קיט קאט,גרמים,41.00,100 גרם,false,1,4.90,11.95,true,1,
40084107,false,ביצת שוקולד הפתעה קינדר,פרדי קונדטוריה אס פי,IT,ביצת הפתעה,גרמים,20.00,100 גרם,false,1,5.90,29.50,true,1,
40144061,false,קנופרס חטיף וופל 25 גרם 24 יח,ליימן שליסל,DE,חטיף וופל,גרמים,25.00,100 גרם,false,1,3.60,14.40,true,1,
42182115,false,אורביט פייב ספירמינט 12 סטיקס 29 גר,ריגלי צרפת,FR,5 מנטה עדינה,גרמים,40.00,100 גרם,false,0,6.90,17.25,true,1,
42188889,false,אורביט פייב אבטיח 12 סטיקס 29 גר,ריגלי צרפת,FR,מסטיק 5 אבטיח,גרמים,40.00,100 גרם,false,0,6.90,17.25,true,1,
42299363,false,"ניוואה - דאודורנט רול און לגבר פרש פאוור 50 מ""ל",ביירסדורץ,DE,דאודורנט ניוואה,מיליליטרים,50.00,"100 מ""ל",false,1,23.90,47.80,true,1,
50398904,false,"קרם חמצן 6% אינדולה 60 מ""ל",גדעון קוסמטיקס,IL,קרם חמצן 6%,מיליליטרים,60.00,"100 מ""ל",false,0,4.90,8.17,true,1,
59079378,false,"אקס - דאודורנט רול און לגבר אייס צ'יל 50 מ""ל","יוניליוור אנגליה, דרך קו",GB,דאודורנט אקס,מיליליטרים,50.00,"100 מ""ל",false,1,21.90,43.80,true,1,
59079774,false,"רקסונה - דאודורנט רול און לאישה אלוורה 50 מ""ל",יוניליוור,GB,דאודורנט רקסונה,מיליליטרים,50.00,"100 מ""ל",false,1,17.90,35.80,true,1,
59079798,false,"רקסונה - דאודורנט רול און לאישה אנטי פרספירנט שאוור 50 מ""ל","יוניליוור אנגליה, דרך קו",GB,דאו.רקסונה,מיליליטרים,50.00,"100 מ""ל",false,1,17.90,35.80,true,1,
59081630,false,"דאב רולאון קוקוס ויסמין 50 מ""ל",יוניליוור,GB,דאב דאו.רולאון,מיליליטרים,50.00,"100 מ""ל",false,1,12.90,25.80,true,1,
59082637,false,"רקסונה - דאודורנט רולאון לגבר אקסטרא קול 50 מ""ל",יוניליוור פיליפינים,GB,רקסונה רול און,מיליליטרים,50.00,"100 מ""ל",false,1,17.90,35.80,true,1,
59085645,false,דאב דאודורנט רול און בניחוח אסאי 50 מל,"יוניליוור אנגליה, דרך קו",GB,דאודורנט דאב,מיליליטרים,50.00,"100 מ""ל",false,1,12.90,25.80,true,1,
72918388,false,חטיף טויסט 28 גרם,"שטראוס גרופ בע""מ",IL,חטיף טוויסט,גרמים,28.00,100 גרם,false,0,4.90,17.50,true,1,
72993767,false,פסק זמן גלילית אגוזים40ג,מיוצר עי קונדיטוריית,IL,פסק זמן גלילית,גרמים,40.00,100 גרם,false,0,5.00,12.50,true,1,
72994061,false,חטיף פסק זמן GOOD גלילית לבן 40 גרם,שולן צ'\יקולטה גידה סאן.,TR,פסק זמן 2 גוד,גרמים,36.00,100 גרם,false,0,5.00,13.89,true,1,
80001287,false,וופל חטיף לואקר אגוז 38 גר',ליימן מותגים,AT,חטיף גרדנה,גרמים,38.00,100 גרם,false,0,4.90,12.89,true,1,
80001461,false,חטיף גרנדה שוקולד 38 גרם,"א. לואקר קונפקט בע""מ",AT,חטיף גרנדה שוקול,גרמים,38.00,100 גרם,false,0,4.90,12.89,true,1,
80050124,false,סוכריות טיק טק מנטה 16 גרם,פררו - אלבה,ZA,סוכריות טיק טק,גרמים,16.00,100 גרם,false,0,3.90,24.38,true,1,
80176800,false,נוטלה ממרח שוקולד 750 גרם,פררו תעשיות איטליה ס,IT,ממרח נוטלה,גרמים,750.00,100 גרם,false,0,23.90,3.19,true,1,
80177173,false,ממרח שוקולד נוטלה 350 גרם,פררו - אלבה,IT,ממרח נוטלה,גרמים,350.00,100 גרם,false,0,15.90,4.54,true,1,
80177609,false,אצבעות שוקולד קינדר Kinder ארבע יחידות,פררו - אלבה,IT,אצבעות קינדר,גרמים,50.00,100 גרם,false,0,5.00,10.00,true,1,
80761761,false,קינדר בואנו חטיף לבן בודד,ליימן שליסל,PL,קינדר בואנו לבן,גרמים,39.00,100 גרם,false,0,5.00,12.82,true,1,
80773429,false,מנטוס בקבוק מעוגל - מסטיק ללא סוכר בטעם תות 60 גרם,"פרפטי ואן מלה ג'\ידה,סאן",TR,מנטוס בקבוק,גרמים,60.00,100 גרם,false,1,9.90,16.50,true,1,
80773443,false,מנטוס בקבוק מעוגל - מסטיק ללא סוכר בטעם מנטה 60 גרם,"פרפטי ואן מלה ג'\ידה,סאן",TR,מסטיק מנטוס,גרמים,60.00,100 גרם,false,1,9.90,16.50,true,1,
80790990,false,מסטיק מנטוס בבקבוק מעוגל בטעם פירות -מנטה 60 ג',"פרפטי ואן מלה ג'\ידה,סאן",TR,מסטיק מנטוס,גרמים,60.00,100 גרם,false,1,9.90,16.50,true,1,
80804697,false,מסטיק וויט White בטעם מנטה מתוקה ללא סוכר,פרפטי ואן מלה,TR,מסטיק מנטוס,גרמים,105.00,100 גרם,false,1,19.90,18.95,true,1,
80828174,false,מסטיק מנטוס וויט בטעם מנטה מתוקה,"פרפטי ואן מלה ג'ידה,סאן",TR,מנטוס וויט,גרמים,60.00,100 גרם,false,0,10.90,18.17,true,1,
80831402,false,סוכרית מנטוס מנטה עדינה ללא סוכר 21 גרם Clean Breath,פרפטי ואן מלה,NL,סוכריות מנטה,גרמים,21.00,100 גרם,false,1,6.90,32.86,true,1,
80843184,false,מנטוס מסטיק פיור פרש בטעם ענבים 60גר,פרפטי ואן מלה הולנד,TR,מסטיק מנטוס,גרמים,60.00,100 גרם,false,1,9.90,16.50,true,1,
80854753,false,סוכרית מנטוס מנטה ללא סוכר 21 גרם Clean Breath,פרפטי ואן מלה,NL,סוכריות מנטוס,גרמים,21.00,100 גרם,false,1,6.90,32.86,true,1,
80864295,false,סוכריות פיור וויט טעם מנטה עדינה 60 ג' מנטוס,"פרפטי ואן מלה ג'ידה,סאן",TR,מנטוס פיור וויט,גרמים,60.00,100 גרם,false,1,10.90,18.17,true,1,
80874652,false,קינדר קלפים בודד 25.6 גר',פררו,IT,קינדר קארדס,גרמים,26.00,100 גרם,false,1,4.30,16.54,true,1,
80896081,false,מנטוס בקבוק מעוגל - מסטיק ללא סוכר בטעם אבטיח 60 גרם,"פרפטי ואן מלה ג'\ידה,סאן",TR,מנטוס בקבוק,גרמים,60.00,100 גרם,false,1,9.90,16.50,true,1,
80913467,false,מנטוס בקבוק מעוגל - מסטיק ללא סוכר בטעם מנטה,פרפטי ואן מלה הולנד,TR,מסטיק מנטוס,גרמים,60.00,100 גרם,false,1,9.90,16.50,true,1,
80945468,false,סוכריות פיור וויט טעם מנטה מתוקה 60 ג' מנטוס,"פרפטי ואן מלה ג'ידה,סאן",TR,מנטוס פיור וויט,גרמים,60.00,100 גרם,false,1,10.90,18.17,true,1,
80974482,false,קינדר ג'וי Joy ביצת הפתעה כחול,פררו - אלבה,ZA,ביצת הפתעה קינדר,גרמים,20.00,100 גרם,false,0,6.40,32.00,true,1,
80979128,false,מנטוס מסטיק בקבוק מעוגל בטעם דובדבן,פרפטי ואן מלה הולנד,TR,מסטיק מנטוס,גרמים,60.00,100 גרם,false,1,9.90,16.50,true,1,
80982470,false,מסטיק מנטוס פיור פרוסט בטעם מנטה חזק 60 גר',פרפטי ואן מלה ברדה,TR,מסטיק מנטוס,גרמים,60.00,100 גרם,false,1,9.90,16.50,true,1,
80986348,false,סוכריות פיור וויט טעם מנטה 60 ג' מנטוס,"פרפטי ואן מלה ג'ידה,סאן",TR,מנטוס פיור וויט,גרמים,60.00,100 גרם,false,1,10.90,18.17,true,1,
87108538,false,סוכריות בטעם תות מנטוס 37.5 גרם,הדקלאים אגודת שיתופי,NL,מנטוס תות,גרמים,37.00,100 גרם,false,0,3.90,10.54,true,1,
96033531,true,דאודורנט רול-און רימונים,"יוניליוור אנגליה, דרך קו",GB,דאו רולאון רימון,מיליליטרים,50.00,"100 מ""ל",false,1,12.90,25.80,true,1,
96130339,true,דאו.דאב 0% אלומיניום 50מ,"יוניליוור אנגליה, דרך קו",IT,דאודורנט דאב,מיליליטרים,50.00,"100 מ""ל",false,1,12.90,25.80,true,1,
96137130,true,דאב רולאון ניחוח אגס50מל,"יוניליוור אנגליה, דרך קו",GB,דאב רולאון,מיליליטרים,50.00,"100 מ""ל",false,1,12.90,25.80,true,1,
9531112220,false,אקסטרה בודי קונדישינ500מ,פול מיטשל,US,אקסטרה קונדישינר,מיליליטרים,500.00,"100 מ""ל",false,0,99.00,19.80,true,1,
16000281684,false,חטיפי גרנולה קראנצ'י עם פקאן נייצ'ר ואלי 5*42 גרם,ליימן מותגים,US,חטיף נייטשר ואלי,גרמים,210.00,100 גרם,false,0,15.90,7.57,true,1,
16000423534,false,חטיפי גרנולה קראנצ'י עם שיבולת שועל ושוקולד מריר נייצ'ר ואלי 5*42 גרם,ג'נרל מילס סאן אדריאן,ES,חטיף נייצ'ר ואלי,גרמים,210.00,100 גרם,false,0,15.90,7.57,true,1,
16000548404,false,חטיפי גרנולה קראנצ'י עם שיבולת שועל ודבש נייצ'ר ואלי 5*42 גרם,ג'נרל מילס סאן אדריאן,ES,חטיף נייטשר ואלי,גרמים,210.00,100 גרם,false,0,15.90,7.57,true,1,
16000548503,false,חטיפי גרנולה קראנצ'י עם מייפל וסוכר חום נייצ'ר ואלי 5*42 גרם,ג'נרל מילס סאן אדריאן,ES,חטיף נייטשר ואלי,גרמים,210.00,100 גרם,false,0,15.90,7.57,true,1,
16000548602,false,חטיפי גרנולה קראנצ'י קינמון נייצ'ר ואלי 5*24 גרם,ג'נרל מילס סאן אדריאן,ES,חטיף נייטשר ואלי,גרמים,210.00,100 גרם,false,0,15.90,7.57,true,1,
20714001940,false,ארומטיקס קליניק אדפ 45מ,קליניק בישום,US,ארומטיקס קליני,מיליליטרים,45.00,"100 מ""ל",false,0,189.00,420.00,true,1,
20714004507,false,שפתון מראה טבעי שחור דבש,אסתי לאודר,BE,שפתון מראה טבעי,יחידה,1.00,יחידה,false,1,109.00,109.00,true,1,
20714009502,false,קל.אייל.קוויק06 ויולט,קליניק,IL,קל.אייל.קוויק06,יחידה,1.00,יחידה,false,0,125.00,125.00,true,1,
20714009519,false,קויקלינר עפרון עיניים 07,קליניק,DK,עפרון עיניים 07,יחידה,1.00,יחידה,false,0,125.00,125.00,true,1,
20714009526,false,קל.אייל.קוויק08 בלו גריי,קליניק,DK,קל.אייל.קוויק08,יחידה,1.00,יחידה,false,0,125.00,125.00,true,1,
20714012786,false,ארומטיק אלקסיר ק.גוף200מ,קליניק,BE,ארומטיק אלקסיר ב,מיליליטרים,200.00,"100 מ""ל",false,0,99.00,49.50,true,1,
20714045159,false,קליניק סבן דייס סקראב,קליניק,BE,7 דיי רינס אוף פ,מיליליטרים,100.00,"100 מ""ל",false,0,165.00,165.00,true,1,
20714066109,false,פודרה סטיי מאט שיר01,קליניק,US,פודרה סטיי מאט ש,יחידה,1.00,יחידה,false,0,180.00,180.00,true,1,
20714066116,false,פודרה Stay-Matte 02,קליניק,US,פודרה סטיי מט 02,יחידה,1.00,יחידה,false,0,180.00,180.00,true,1,
20714066376,false,סופר דאבל פודרה07,קליניק,IL,פודרה דאבל פייס,יחידה,1.00,יחידה,false,0,180.00,180.00,true,1,
20714156893,false,הפי אדפ לאשה 100מל,קליניק בישום,US,הפי אדפ,מיליליטרים,100.00,"100 מ""ל",false,0,179.00,179.00,true,1,
20714157647,false,קל.ע.ש.קוויק05 טוני טולי,קליניק,IL,עפרון קוויק05 ט,יחידה,1.00,יחידה,false,0,109.00,109.00,true,1,
20714227661,false,קליניק סבון נוזלי לפנים לעור מעורב,קליניק,BE,סבון פנים לעור,מיליליטרים,200.00,"100 מ""ל",false,0,115.00,57.50,true,1,
20714227685,false,קליניק סבון נוזלי לפנים לעור שמן,קליניק,GB,Facial Liquid,מיליליטרים,200.00,"100 מ""ל",false,0,115.00,57.50,true,1,
20714235871,false,סומק בלאשינג בלאש07,קליניק,US,סומק בלאשינג 07,יחידה,1.00,יחידה,false,0,189.00,189.00,true,1,
20714236946,false,קל.ע.ע.קרם שייפר103,קליניק,IL,קל.ע.ע.קרם שייפר,יחידה,1.00,יחידה,false,0,110.00,110.00,true,1,
20714251055,false,קל.סומ.בלאשינג בלאש20,קליניק,US,קל.סומ.בלאשינג ב,יחידה,1.00,יחידה,false,0,189.00,189.00,true,1,
20714303426,false,מסקרה היי אימפקט01,קליניק,IL,מסקרה היי אימפקט,יחידה,1.00,יחידה,false,0,109.00,109.00,true,1,
20714324650,false,BETTER EVEN מייק אפ 06,קליניק,BE,מ.אפ אבן בתר06,יחידה,1.00,יחידה,false,0,180.00,180.00,true,1,
20714324759,false,מייק אפ איבן בטר 16,קליניק,BE,מייק אפ איבן בטר,מיליליטרים,30.00,"100 מ""ל",false,0,180.00,600.00,true,1,
20714353353,false,קליניק טינט פייס ברוזנינג גל,קליניק,BE,ג'ל שיזוף עצמי ל,מיליליטרים,50.00,"100 מ""ל",false,0,115.00,230.00,true,1,
20714394769,false,מייק אפ לטיפול באקנה 01,קליניק,IL,מ.אפ אקנה 01,יחידה,1.00,יחידה,false,0,180.00,180.00,true,1,
20714394806,false,מייק אפ אנטי בלמיש פרש05,קליניק,BE,מייק אפ אנטי בלמ,מיליליטרים,30.00,"100 מ""ל",false,0,180.00,600.00,true,1,
20714462772,false,קליניק קליריפיינג לושן 03 200 מל,קליניק,GB,מי הסרה-עור מעור,מיליליטרים,200.00,"100 מ""ל",false,0,115.00,57.50,true,1,
20714463724,false,שפתון צ'אבי סטיק טינטד08,קליניק,CA,שפתון צ'אבי סטיק,יחידה,1.00,יחידה,false,0,109.00,109.00,true,1,
20714598907,false,תחליב לחות עור יבש125מל,קליניק,GB,תחליב לחות DDML,מיליליטרים,125.00,"100 מ""ל",false,0,259.00,207.20,true,1,
20714602093,false,שפתון צ'אבי אינסטנס 07,קליניק,CA,שפתון צ'אבי אינס,יחידה,1.00,יחידה,false,0,109.00,109.00,true,1,
20714620523,false,1C קל.צל.סופט שימר,קליניק,IL,1C קל.צל.סופט שי,יחידה,1.00,יחידה,false,0,99.00,99.00,true,1,
20714620820,false,קל.צל.סופט מט,קליניק,IL,קל.צל.סופט מט,יחידה,1.00,יחידה,false,0,99.00,99.00,true,1,
20714653651,false,קליניק אנטי בלמיש גל לטיפול באקנה 30 מל,קליניק,GB,ג'ל לטיפול נקודת,מיליליטרים,30.00,"100 מ""ל",false,0,149.00,496.67,true,1,
20714678210,false,קליניק קרם לחות SMART MD SPF15,אסתי לאודר,US,SMART קרם לחות ל,מיליליטרים,50.00,"100 מ""ל",false,1,385.00,770.00,true,1,
20714682422,false,קליניק סמארט קרם לילה שמן,קליניק,UA,קרם לחות SMART,מיליליטרים,50.00,"100 מ""ל",false,0,405.00,810.00,true,1,
20714687977,false,קליניק אנטי בלמיש סולושיין גל ניקוי 125,קליניק,BE,אנטי בלמיש ג',יחידה,1.00,יחידה,false,0,135.00,135.00,true,1,
20714698911,false,קליניק סמארט סרום 50 מל,קליניק,GB,סרום SMART,מיליליטרים,50.00,"100 מ""ל",false,0,499.00,998.00,true,1,
20714739294,false,קל.שפ.פופ קולור04,קליניק,BE,קל.שפ.פופ קולור0,יחידה,1.00,יחידה,false,0,119.00,119.00,true,1,
20714739393,false,קליניק שפתון פופ קולור14,קליניק,BE,קליניק שפתון פופ,יחידה,1.00,יחידה,false,0,119.00,119.00,true,1,
20714739492,false,קל.שפ.פופ קולור24,קליניק,IL,קל.שפ.פופ קולור2,יחידה,1.00,יחידה,false,0,119.00,119.00,true,1,
20714755317,false,עפרון שפתיים קוויק03,קליניק,IL,עפרון שפתיים קוו,יחידה,1.00,יחידה,false,0,109.00,109.00,true,1,
20714755966,false,קל.מ.א.ביונד פרפ606.,קליניק,IL,קל.מ.א.ביונד פרפ,יחידה,1.00,יחידה,false,0,205.00,205.00,true,1,
20714769987,false,ארומטיק בלאק אמבר100מל,קליניק בישום,IL,ארומטיק בלאק אמב,מיליליטרים,100.00,"100 מ""ל",false,0,320.00,320.00,true,1,
20714774127,false,FPS30 מינרל סאן סקרין,קליניק,IL,FPS30 מינרל סאן,יחידה,1.00,יחידה,false,0,114.00,114.00,true,1,
20714777647,false,קליניק קרם עיניים לתיקון קמטים,קליניק,GB,ריפרוור רינקל,מיליליטרים,15.00,"100 מ""ל",false,0,258.00,1720.00,true,1,
20714783129,false,קליניק סמארט לחות יבש SPF15,קליניק,UA,SMART קרם לחות,מיליליטרים,50.00,"100 מ""ל",false,0,385.00,770.00,true,1,
20714790837,false,קל.שפ.פופ גלייז שיר07,קליניק,IL,קל.שפ.פופ גלייז,יחידה,1.00,יחידה,false,0,108.00,108.00,true,1,
20714832964,false,שפתון פופ מאט01,קליניק,US,שפתון פופ מאט01,יחידה,1.00,יחידה,false,0,119.00,119.00,true,1,
20714832971,false,שפתון פופ מאט02,קליניק,IL,שפתון פופ מאט02,יחידה,1.00,יחידה,false,0,119.00,119.00,true,1,
20714838621,false,קל.שפ.פופ מאט08,קליניק,IL,קל.שפ.פופ מאט08,יחידה,1.00,יחידה,false,0,119.00,119.00,true,1,
20714841546,false,קל.ביו בלנד טיפות פיג06.,קליניק,IL,קל.ביו בלנד טיפו,יחידה,1.00,יחידה,false,0,128.00,128.00,true,1,
20714880927,false,ביונד פרפקטינג קונסילר,קליניק,BE,ביונד פרפקטינג,יחידה,1.00,יחידה,false,1,119.00,119.00,true,1,
20714914868,false,סופרפיין עפרון גבות 3 יח,קליניק,DE,סופרפיין עפרון ג,יחידה,1.00,יחידה,false,1,115.00,115.00,true,1,
20714915049,false,קליניק מויסטר סרג קרם לחות לכל סוגי העור,General,IL,מויסטר סרג' 72 ש,מיליליטרים,50.00,"100 מ""ל",false,1,145.00,290.00,true,1,
20714918453,false,"איבן בטר ריפרש 69 30 מ""ל",קליניק,CA,איבן בטר ריפרש,מיליליטרים,30.00,"100 מ""ל",false,1,205.00,683.33,true,1,
20714918477,false,"איבן בטר ריפרש 74 30 מ""ל",קליניק,CA,איבן בטר ריפרש,מיליליטרים,30.00,"100 מ""ל",false,1,205.00,683.33,true,1,
20714922504,false,שפתון די די ליפ 26יח',קליניק,CA,שפתון די די ליפ,יחידה,1.00,יחידה,false,1,119.00,119.00,true,1,
20714949525,false,קליניק ID בסיס תחליב לחות,קליניק,GB,בסיס תחליב לחות,מיליליטרים,115.00,"100 מ""ל",false,1,185.00,160.87,true,1,
20714949549,false,קליניק ID בסיס לחות במרקם גלי,קליניק,GB,ID בסיס לחות במר,מיליליטרים,115.00,"100 מ""ל",false,1,185.00,160.87,true,1,
20714968878,false,קונסילר טיפולי Alabaster,,CA,קונסילר טיפולי A,יחידה,1.00,יחידה,false,1,145.00,145.00,true,1,
20714977085,false,מייק אפ איבן בטר 48 30 מ,קליניק,FR,מייק אפ איבן בטר,מיליליטרים,30.00,"100 מ""ל",false,1,180.00,600.00,true,1,
20714985011,false,קליניק קרם לחות במרקם גל+מבחנה-עייפות,קליניק,GB,קרם לחות במרקם ג,מיליליטרים,125.00,"100 מ""ל",false,1,249.00,199.20,true,1,
20714985509,false,קליניק קרם לחות SMART MD לפיסול מיצוק וה,אלקליל,US,קרם לחות לפיסול,מיליליטרים,50.00,"100 מ""ל",false,1,399.00,798.00,true,1,
20714999346,false,"ארומטיק אלקסיר א.ד.פ לאישה 100 מ""ל- קליניק",קליניק בישום,US,ELIXIR AROMATICS,מיליליטרים,100.00,"100 מ""ל",false,0,269.00,269.00,true,1,
22099567585,false,אוקסיפרש מי פה מינט 1 יח,כמיפל,IL,אוקסיפרש מי פה מ,יחידה,1.00,יחידה,false,1,53.50,53.50,true,1,
22200956949,false,דאודורנט ג'ל כתום לגבר ספיד סטיק 85 גרם,קולגייט-פלמוליב,US,דאודורנט,גרמים,85.00,100 גרם,false,0,17.90,21.06,true,1,
22548155073,false,"בי דלישס 100% 100 מ""ל",,CH,בי דלישס 100%,מיליליטרים,100.00,"100 מ""ל",false,1,299.00,299.00,true,1,
22548181089,false,בי דלישס פרש בלוסום,דונה קארן,IL,בי דלישס פרש בלו,מיליליטרים,30.00,"100 מ""ל",false,0,119.00,396.67,true,1,
22548289655,false,Amber Sexyאדפ אשה 100 מל,מייקל קורס,IL,Amber Sexy א.ד.פ,מיליליטרים,100.00,"100 מ""ל",false,0,378.00,378.00,true,1,
22548386286,false,מייקל קורוס אסנס אדפ 100,מייקל קורס,IL,מייקל קורוס אסנס,מיליליטרים,100.00,"100 מ""ל",false,0,399.00,399.00,true,1,
22548386903,false,נקטר לאב,דונה קארן,IL,נקטר לאב,מיליליטרים,100.00,"100 מ""ל",false,0,329.00,329.00,true,1,
22548417768,false,"בי דלישס סקוויז 50 מ""ל",,IL,בי דלישס סקוויז,מיליליטרים,50.00,"100 מ""ל",false,1,199.00,398.00,true,1,
22548417898,false,wonderlust מארז א.ד.פ,,FR,wonderlust מארז,יחידה,1.00,יחידה,false,1,399.00,399.00,true,1,
22548423325,false,"מיסטיק שימר א.ד.פ 100 מ""",,FR,מיסטיק שימר א.ד.,מיליליטרים,100.00,"100 מ""ל",false,1,399.00,399.00,true,1,
22548426616,false,מייקל קורס אקסטרים ג'ורנ,,CN,מייקל קורס אקסטר,מיליליטרים,100.00,"100 מ""ל",false,1,319.00,319.00,true,1,
22548434017,false,מארז וונדרלסט אדפ יח',,FR,מארז וונדרלסט אד,יחידה,1.00,יחידה,false,1,399.00,399.00,true,1,
25700005698,false,זיפלוק שקיות אחסון בינוניות 24 יחידות,אס.סי.גונסון ובניו,US,שקיות אחסון,יחידה,1.00,יחידה,false,1,13.90,13.90,true,1,
27131006534,false,Knowing א.ד.פ לאשה,אסתי לאודר בישו,CN,Knowing לאשה,מיליליטרים,75.00,"100 מ""ל",false,0,299.00,398.67,true,1,
27131017752,false,"YOUTH-DEW אדפ 65 מ""ל",אסתי לאודר בישו,CH,YOUTH-DEW אדפ,מיליליטרים,65.00,"100 מ""ל",false,1,159.00,244.62,true,1,
27131019091,false,ESTEE LINEN WHITE אדפ30,אסתי לאודר בישו,CH,אדפ LINEN WHITE,מיליליטרים,30.00,"100 מ""ל",false,1,129.00,430.00,true,1,
27131043317,false,Pleasures אדפ לאשה 100מל,אסתי לאודר בישו,CN,Pleasures אדפ לא,מיליליטרים,100.00,"100 מ""ל",false,0,269.00,269.00,true,1,
27131392392,false,WEAR DOUBLE מייק אפ 3N2,אסתי לאודר,BE,מייק אפ 3N2,מיליליטרים,30.00,"100 מ""ל",false,0,235.00,783.33,true,1,
27131669029,false,עפרון שפתיים דאבל סטיי01,אסתי לאודר,DE,עפרון שפתיים דאב,יחידה,1.00,יחידה,false,0,120.00,120.00,true,1,
27131771944,false,Extreme Sumptuous מסקרה,אסתי לאודר,BE,Sumptuous מסקרה,יחידה,1.00,יחידה,false,0,160.00,160.00,true,1,
27131821953,false,WEAR DOUBLE מייק אפ 2C5,אסתי לאודר,BE,מייק אפ 2C5,מיליליטרים,30.00,"100 מ""ל",false,0,235.00,783.33,true,1,
27131934998,false,WEAR DOUBLE מייק אפ 2C1,אסתי לאודר,BE,מייק אפ 2C1,מיליליטרים,30.00,"100 מ""ל",false,0,235.00,783.33,true,1,
27131935353,false,אסתי פרפקטיוניסט CP+ סרום 50 מל,אסתי לאודר,GB,פרפקציונסט סרום,מיליליטרים,50.00,"100 מ""ל",false,0,650.00,1300.00,true,1,
27131963387,false,דאבל וואר קונסילר 07 יח',,IL,דאבל וואר קונסיל,יחידה,1.00,יחידה,false,1,145.00,145.00,true,1,
27131969853,false,WEAR DOUBLE מייק אפ 2W2,אסתי לאודר,BE,מייק אפ 2W2,מיליליטרים,30.00,"100 מ""ל",false,0,235.00,783.33,true,1,
35000458476,false,קולגייט מברשת שיניים ילדים מארז רביעייה,קולגייט פלמוליב,VN,מברשת קולגייט,יחידה,1.00,יחידה,false,1,39.90,39.90,true,1,
35000689535,false,קולגייט מברשת שיניים מקס וייט סופט זוג,קולגייט-פלמוליב,CN,מברשות שיניים2X,יחידה,1.00,יחידה,false,0,23.90,23.90,true,1,
36000183399,false,"ליטל סווימרס בגד-ים חד פעמי 7-15 ק""ג M האגיס",חוגלה קימברלי,CZ,חיתול שחיה האגיס,יחידה,1.00,יחידה,false,0,39.90,39.90,true,1,
36000516876,false,ממחטות נייר קלינקס לושן 3 שכבות 75 דף,חוגלה קימברלי,US,קלינקס לושן,יחידה,1.00,יחידה,false,1,12.90,12.90,true,1,
36000516890,false,ממחטות אף עם אלוורה + ויטמין E תלת שכבתי,חוגלה קימברלי,US,קלינקס לושן,יחידה,1.00,יחידה,false,1,19.90,19.90,true,1,
37977004038,false,שקיות ריחניות לטיטול50יח,ננובבה,IL,שקיות אשפה ריחני,יחידה,1.00,יחידה,false,1,21.90,21.90,true,1,
37977005288,false,מאם מוצצים סיליקון 6+ תכלת לבן,מאם Mam,HU,זוג מוצצים,יחידה,1.00,יחידה,false,0,38.90,38.90,true,1,
37977005455,false,מאמ מחזיק מוצץ כחול,General,HU,מאמ מחזיק למוצץ,יחידה,1.00,יחידה,false,0,29.90,29.90,true,1,
37977006780,false,סינר עם כיס זברה .,ססי,IL,סינר עם כיס זברה,יחידה,1.00,יחידה,false,1,39.90,39.90,true,1,
38000232176,false,פרינגלס ביג שמנת בצל 158 גרם,פרינגלס מנופקצ'ורינג קונ,US,פרינגלס שמנת בצל,גרמים,158.00,100 גרם,false,1,9.90,6.27,true,1,
38000232183,false,פרינגלס ביג אורגינל 149 גרם,פרינגלס מנופקצ'ורינג קונ,US,פרינגלס אורגינל,גרמים,149.00,100 גרם,false,1,9.90,6.64,true,1,
39800013613,false,סוללת אנרג'ייזר V9,אנרג'\ייזר,US,סוללת V9,יחידה,1.00,יחידה,false,0,30.00,30.00,true,1,
40000513568,false,סוכריות אם אנד אמס M&M שוקולד חלב,M&M אם אנד אם,US,עדשים מ&מ'ס,גרמים,156.00,100 גרם,false,1,12.50,8.01,true,1,
40000513629,false,M&M's חמאת בוטנים אריזה גדולה 152 גרם,מארס,US,עדשים מ&מ'ס,גרמים,142.00,100 גרם,false,1,12.50,8.80,true,1,
40000514480,false,M&M אריזה קטנה's שוקולד אריזה קטנה 48 גרם,M&M אם אנד אם,US,עדשי מ&מ'ס,גרמים,48.00,100 גרם,false,1,5.00,10.42,true,1,
40000514510,false,M&M אריזה קטנה's בוטנים אריזה קטנה 49 גרם,M&M אם אנד אם,US,עדשי מ&מ'ס,גרמים,49.00,100 גרם,false,1,5.00,10.20,true,1,
41554220186,false,מייבלין - ליינר ג'ל שחור,,IL,ליינר ג'ל שחור,יחידה,1.00,יחידה,false,1,35.00,35.00,true,1,
46214731552,false,עוגיות שוקולד צ'יפס 37% גודיס 225 גרם,קריניציה ויטמינה אס,NL,עוגיות ש.צ'יפס,גרמים,225.00,100 גרם,false,0,13.90,6.18,true,1,
46688400015,false,ג'ולן קרם הבהרה 112 גר',General,US,ג'ולן קרם הבהרה,גרמים,112.00,100 גרם,false,0,134.90,120.45,true,1,
56594009998,false,ניוואה סבון מוצק מטפח קרם קר רביעייה,ביירסדורף,DE,ניוואה סבון מוצק,גרמים,360.00,100 גרם,false,1,19.00,5.28,true,1,
74170353198,false,ס.ה.מניעת ציפורניים שבור,סאלי הנסן,IL,ס.ה.מניעת ציפורנ,יחידה,1.00,יחידה,false,0,44.90,44.90,true,1,
74170368413,false,ס.ה.מירקל מחזק ציפורניים,סאלי הנסן,IL,ס.ה.מירקל מחזק צ,יחידה,1.00,יחידה,false,0,44.90,44.90,true,1,
74170398359,false,איירברש לרגליים לושן,סאלי הנסן,US,איירברש לרגליים,מיליליטרים,118.00,"100 מ""ל",false,0,149.00,126.27,true,1,
74170444308,false,ס.ה.לק.קומפלט סלונד170,סאלי הנסן,IL,ס.ה.לק.קומפלט סל,יחידה,1.00,יחידה,false,0,39.90,39.90,true,1,
74170444421,false,ס.ה.לק.קומפלט סלונד360,סאלי הנסן,IL,ס.ה.לק.קומפלט סל,יחידה,1.00,יחידה,false,0,39.90,39.90,true,1,
74170444438,false,ס.ה.לק.קומפלט סלונד370,סאלי הנסן,IL,ס.ה.לק.קומפלט סל,יחידה,1.00,יחידה,false,0,39.90,39.90,true,1,
74170444575,false,ס.ה.לק סלון545,סאלי הנסן,IL,ס.ה.לק סלון545,יחידה,1.00,יחידה,false,0,39.90,39.90,true,1,
74170451092,false,מחזק טופ קוד יח',,IL,מחזק טופ קוד,יחידה,1.00,יחידה,false,1,59.90,59.90,true,1,
74764600820,false,ערכת ריסים משולבת 101,מג'יק,US,ערכת ריסים משולב,יחידה,1.00,יחידה,false,0,70.00,70.00,true,1,
74764614841,false,חבילת ריסים בודדים Doubl,,US,חבילת ריסים בודד,יחידה,1.00,יחידה,false,1,44.90,44.90,true,1,
74764626165,false,ריסים Effect Lift 744 יח,,US,ריסים Effec Lift,יחידה,1.00,יחידה,false,1,49.90,49.90,true,1,
74764650160,false,רצועות ריסים אירועים יח',,US,רצועות ריסים איר,יחידה,1.00,יחידה,false,1,41.90,41.90,true,1,
74764679512,false,ארדל ריסים מגנטיים אספיס,מג'יק,US,ארדל ריסים מגנטי,יחידה,1.00,יחידה,false,1,119.90,119.90,true,1,
74764750105,false,ג'ל שקוף לעיצוב גבו,מג'יק,IL,ג'ל שקוף לע,יחידה,1.00,יחידה,false,0,59.90,59.90,true,1,
77245110610,false,סוכריות מאסט ללא סוכר בטעם מנטה 80 ג'עלית,MIESZKO S.A - MS. JO,PL,סוכריות מאסט,גרמים,80.00,100 גרם,false,0,8.90,11.13,true,1,
77975094761,false,סניידרס חטיפים על בסיס קמח חיטה בטעם גבינת צ'דר,סניידרס אוף האנובר,US,חטיף סניידרס,גרמים,340.00,100 גרם,false,1,16.90,4.97,true,1,
77975094778,false,שברי בייגלה סניידרס בטעם דבש חרדל 340 גר,סניידרס אוף האנובר,US,סניידרס דבש חרדל,גרמים,340.00,100 גרם,false,1,16.90,4.97,true,1,
78300081098,false,פלייטקס ספורט עם מוליך רגולר 18 יח,פלייטקס מניפאקטורינג בעמ,US,טמפוני פלייטקס,יחידה,1.00,יחידה,false,1,22.90,22.90,true,1,
78300081357,false,פלייטקס ספורט עם מוליך סופר פלוס 18 יח,פלייטקס,US,טמפוני פלייטקס,יחידה,1.00,יחידה,false,1,22.90,22.90,true,1,
78300098362,false,פלייטקס טמפונים רגולר/סופר סימפלי גנטל גלייד,פלייטקס מניפאקטורינג בעמ,US,טמפונים עם מוליך,יחידה,1.00,יחידה,false,1,22.90,22.90,true,1,
78300098393,false,פלייטקס טמפונים סופר פלוס סימפלי גנטל גלייד,פלייטקס מניפאקטורינג בעמ,US,טמפונים עם מוליך,יחידה,1.00,יחידה,false,1,22.90,22.90,true,1,
79400461704,false,"אקס - שמפו גבר 2 ב-1 מנטה ורוזמרין 473 מ""ל","יוניליוור ארהב, רייפורד,",US,שמפו אקס,מיליליטרים,473.00,"100 מ""ל",false,1,21.90,4.63,true,1,
79625018943,false,ספוגית להנחת פודרה יח',,IL,ספוגית להנחת פוד,יחידה,1.00,יחידה,false,1,40.00,40.00,true,1,
79625018974,false,מברשת קונטור מתכווננת,,IL,מברשת קונטור מתכ,יחידה,1.00,יחידה,false,1,65.00,65.00,true,1,
79625018981,false,מברשת להנחת סומק והייליי,,IL,מברשת להנחת סומק,יחידה,1.00,יחידה,false,1,65.00,65.00,true,1,
79625915297,false,מארז זוג מברשות לעיניים,,IL,מארז זוג מברשות,יחידה,1.00,יחידה,false,1,50.00,50.00,true,1,
79625915426,false,מברשת להנחת קונסילר יח',,IL,מברשת להנחת קונס,יחידה,1.00,יחידה,false,1,40.00,40.00,true,1,
79625915662,false,ספוגית מייק אפ יח',,IL,ספוגית מייק אפ,יחידה,1.00,יחידה,false,1,40.00,40.00,true,1,
85715163158,false,"אברקומבי פירסט אינסטינקט א.ד.פ 100 מ""ל",רבלון בישום,US,Abercrombie,מיליליטרים,100.00,"100 מ""ל",false,1,249.00,249.00,true,1,
85715165503,false,אברקרומבי אותנטיק מארז י,,IL,אברקרומבי אותנטי,יחידה,1.00,יחידה,false,1,279.00,279.00,true,1,
85715166012,false,"אברקומבי אוטנטיק א.ד.ט 100 מ""ל Abercrombie Fitch Authentic",ש.שסטוביץ,FR,אמברקומבי אוטנטי,מיליליטרים,100.00,"100 מ""ל",false,1,279.00,279.00,true,1,
85715166067,false,"אותנטיק גבר אדט 15 מ""ל",אברקומבי בישום,US,אותנטיק גבר אדט,מיליליטרים,15.00,"100 מ""ל",false,1,39.90,266.00,true,1,
85715167019,false,"פירסט אינסטינקט בלו אדט לגבר 100 מ""ל - אברקומבי",רבלון בישום,IL,INSTINCT FIRST א,מיליליטרים,100.00,"100 מ""ל",false,1,298.00,298.00,true,1,
85715167217,false,INSTINCT FIRST בלו אדפ50,ש.שסטוביץ,US,פירסט אינסטינקט,מיליליטרים,50.00,"100 מ""ל",false,1,199.00,398.00,true,1,
85715169624,false,אותנטיק מומנט אשה 100מל,אינטר פרמיום,US,אברקומבי אשה אדפ,מיליליטרים,100.00,"100 מ""ל",false,1,209.00,209.00,true,1,
85715169709,false,בושם אברקומבי אווי א.ד.ט 100 מ''ל,אינטר פרמיום,US,אברקרומבי AWAY ג,מיליליטרים,100.00,"100 מ""ל",false,1,319.00,319.00,true,1,
85715169808,false,אברקרומבי אווי אישה אדפ 100מל,,US,אברקרומבי AWAY א,מיליליטרים,100.00,"100 מ""ל",false,1,319.00,319.00,true,1,
85715261038,false,הוליסטר וויב א.אדפ50מל,הוליסטר שסטוביץ,IL,הוליסטר וויב א.א,מיליליטרים,50.00,"100 מ""ל",false,0,259.00,518.00,true,1,
85715323002,false,גאס בלה ויטה אישה אדפ 100 מל,,US,גאס בלה ויטה אדפ,מיליליטרים,100.00,"100 מ""ל",false,1,219.00,219.00,true,1,
85715326607,false,גאס אומו אדט לגבר 100 מ''ל,,US,גאס אומו אדט לגב,מיליליטרים,100.00,"100 מ""ל",false,1,199.00,199.00,true,1,
85715806406,false,דנהיל אייקון רייסניג100מ,דנשר,IL,דנהיל אייקון,מיליליטרים,100.00,"100 מ""ל",false,1,399.00,399.00,true,1,
85805205966,false,tea white אדט מארז,אלפא בישום,FR,tea white מארז א,יחידה,1.00,יחידה,false,1,249.00,249.00,true,1,
85805219741,false,"פיפט אבניו 5th Avenue אדפ לאישה 100 מ""ל - אליזבת ארדן",,US,מיי פיפט אבניו א,מיליליטרים,100.00,"100 מ""ל",false,1,249.00,249.00,true,1,
85805247904,false,וואיט תה בושם+ק.גוף אדט,אליזבט ארדן,US,וואיט תה מארז,יחידה,1.00,יחידה,false,1,289.00,289.00,true,1,
85805248437,false,גרין תה מארז,,,גרין תה מארז,יחידה,1.00,יחידה,false,0,129.00,129.00,true,1,
85805445713,false,דאודורנט גרין תה 43גרם,אליזבט ארדן,US,דאודורנט גרין תה,יחידה,1.00,יחידה,false,1,99.00,99.00,true,1,
85805558420,false,"רד דור אדט לאישה 100 מ""ל - אליזבת ארדן",,US,רד דור אדט,מיליליטרים,100.00,"100 מ""ל",false,0,219.00,219.00,true,1,
88300107438,false,"קלווין קליין וואן א.ד.ט 200 מ""ל",קלווין קליין,US,סי קיי אוון אדט,מיליליטרים,200.00,"100 מ""ל",false,1,179.00,89.50,true,1,
88300162505,false,"אופוריה Euphoria א.ד.פ לאישה 100 מ""ל",קלווין קליין Calvin Klein,IL,אופוריה א.ד.פ,מיליליטרים,100.00,"100 מ""ל",false,1,279.00,279.00,true,1,
88300162581,false,קלווין אופריה מיניאטורה,קלווין קליין,GR,קלווין אופריה,מיליליטרים,15.00,"100 מ""ל",false,1,10.00,66.67,true,1,
88300178285,false,euphoria א.ד.ט לגבר100מל,קלווין קליין,FR,euphoria א.ד.ט ל,מיליליטרים,100.00,"100 מ""ל",false,0,189.00,189.00,true,1,
88300604432,false,"be CK א.ד.ט 200 מ""ל",קלווין קליין,FR,be CK א.ד.ט,מיליליטרים,200.00,"100 מ""ל",false,0,179.00,89.50,true,1,
90891131006,false,PREVAIL סדיניות חד פעמיות,QUALITY FIRST,US,"סדיניות ח""פ",יחידה,1.00,יחידה,false,1,31.90,31.90,true,1,
90891248513,false,פדים לבריחת שתן לנשים שימוש יום/לילה Max. Long,QUALITY FIRST,US,סופגן נשים מקסי,יחידה,1.00,יחידה,false,1,19.90,19.90,true,1,
90891248520,false,פדים לבריחת שתן לנשים שימוש יום/לילה Ultimate,QUALITY FIRST,US,סופגן אולטימייט,יחידה,1.00,יחידה,false,1,19.90,19.90,true,1,
90891248537,false,פדים לבריחת שתן לנשים שימוש יום/לילה OVER NIGHT,QUALITY FIRST,US,סופגן נשים אובר,יחידה,1.00,יחידה,false,1,19.90,19.90,true,1,
90891500079,false,PREVAIL תחתונים (שימוש יום/לילה) M,QUALITY FIRST,US,תחתונים סופגים M,יחידה,1.00,יחידה,false,1,44.90,44.90,true,1,
90891500086,false,PREVAIL תחתונים (שימוש יום/לילה) L,נובל חייגיאן,US,תחתונים סופגים L,יחידה,1.00,יחידה,false,1,44.90,44.90,true,1,
90891800001,false,סופגן לגבר 14 יחידות,QUALITY FIRST,US,סופגן לגבר,יחידה,1.00,יחידה,false,1,34.90,34.90,true,1,
90891949083,false,PREVAIL תחתונים סופגים (שימוש יום/לילה)XL,נובל חייגיאן,US,תחתונים סופגים,יחידה,1.00,יחידה,false,1,54.90,54.90,true,1,
96086001338,false,"מצות הגדה - אביב 1 ק""ג",מצות אביב 2014 מאפה בעמ,IL,מצות הגדה-אביב,קילוגרמים,1.00,"ק""ג",false,0,14.90,14.90,true,1,
98691047718,false,JUICY LA VIVA א.ד.פ לאשה,אלפא בישום,US,JUICY LA VIVA,מיליליטרים,100.00,"100 מ""ל",false,0,299.00,299.00,true,1,
192333011980,false,קליניק ID ג'ל לחות בעל גוון עדין 50 מל,אלקליל,US,ג'ל לחות בעל גוו,מיליליטרים,50.00,"100 מ""ל",false,1,139.00,278.00,true,1,
192333013359,false,קליניק חלב פנים עדין לעור מעורב עד שמן,General,IT,חלב פנים להסרת א,מיליליטרים,200.00,"100 מ""ל",false,1,135.00,67.50,true,1,
192333015490,false,קליניק ID ג'ל לחות בעל גוון עדין + מבחנה,אלקליל,US,ג'ל לחות בעל גוו,מיליליטרים,125.00,"100 מ""ל",false,1,249.00,199.20,true,1,
192333016381,false,שפתון 3 ב fruit Dragon 1,,CA,שפתון 3 ב Drag 1,יחידה,1.00,יחידה,false,1,119.00,119.00,true,1,
192333034521,false,קליניק סמארט מארז אנטי אייגינג,אלקליל,GB,סט חכם לטיפול בא,יחידה,1.00,יחידה,false,1,419.00,419.00,true,1,
192333042328,false,קליניק מבחנה עם סרום המכיל חומר מרוכז פע,אלקליל,US,בסיס לחות,מיליליטרים,115.00,"100 מ""ל",false,1,185.00,160.87,true,1,
192333060148,false,קליניק סמארט מארז סופר דיפנס לעור עייף,אסתי לאודר,US,מארז סופר דיפנס,יחידה,1.00,יחידה,false,1,269.00,269.00,true,1,
192333066928,false,קליניק מויסטר סרג קרם לחות 100 שעות 30 מ,General,GB,מויסטר סרג' 100,מיליליטרים,30.00,"100 מ""ל",false,1,95.00,316.67,true,1,
192333066935,false,קליניק מויסטר סרג קרם לחות 100 שעות 50 מ,General,GB,מויסטר סרג' 100,מיליליטרים,50.00,"100 מ""ל",false,1,155.00,310.00,true,1,
192333074725,false,מייק-אפ נטול שומן Alab 3,,BE,מייק-אפ נטול שומ,מיליליטרים,30.00,"100 מ""ל",false,1,180.00,600.00,true,1,
192333081020,false,קליניק תכשיר ניקוי ופילינג במוצר אחד במר,General,BE,תכשיר ניקוי ופיל,מיליליטרים,150.00,"100 מ""ל",false,1,129.00,86.00,true,1,
192333097823,false,תיק 4 פריטים במתנה יח',,PL,תיק 4 פריטים במת,יחידה,1.00,יחידה,false,1,49.90,49.90,true,1,
192333100653,false,מארז לחות כפול יח',,US,מארז לחות כפול,יחידה,1.00,יחידה,false,1,289.00,289.00,true,1,
192333100677,false,זוג מסירי איפור IT TAKE,,PL,זוג מסירי איפור,יחידה,1.00,יחידה,false,1,159.00,159.00,true,1,
192333120651,false,סט OVERLOAD MOISTURE יח',,US,סט OVER MOISTURE,יחידה,1.00,יחידה,false,1,285.00,285.00,true,1,
192333125298,false,סט למראה עיניים רענן,אסתי לאודר,US,סט למראה עיניים,יחידה,1.00,יחידה,false,1,125.00,125.00,true,1,
192333128671,false,עיפרון גבות ללא חידוד יח,,DE,עיפרון גבות ללא,יחידה,1.00,יחידה,false,1,125.00,125.00,true,1,
192333128695,false,עיפרון גבות ללא חידוד יח,,DE,עיפרון גבות ללא,יחידה,1.00,יחידה,false,1,125.00,125.00,true,1,
192333128787,false,קליניק קרם לחות אנטי אייגינג SMART SPF15,אלקליל,GB,קרם לחות יום א א,מיליליטרים,75.00,"100 מ""ל",false,1,470.00,626.67,true,1,
192333129272,false,אייליינר נוזלי יח',,JP,אייליינר נוזלי,יחידה,1.00,יחידה,false,1,125.00,125.00,true,1,
192333138410,false,מייק אפ איבן בטר דבש10מל,אסתי לאודר,BE,מייק אפ איבן בטר,מיליליטרים,10.00,"100 מ""ל",false,1,14.90,149.00,true,1,
192333138427,false,מייק אפ איבן בטר וניל10מ,אסתי לאודר,BE,מייק אפ איבן בטר,מיליליטרים,10.00,"100 מ""ל",false,1,14.90,149.00,true,1,
305210043596,false,"וזלין - תחליב לחות עם תמצית לוונדר 600 מ""ל","יוניליוור, ג'פרסון סיטי,",US,וזלין תחליב לחות,מיליליטרים,600.00,"100 מ""ל",false,1,25.90,4.32,true,1,
305210256712,false,וזלין מיני לשפתיים אורגינל 9 גר,"יוניליוור ג'ונסבורו,",US,וזלין לשפתיים או,יחידה,1.00,יחידה,false,1,14.90,14.90,true,1,
305210317079,false,וזלין מיני לשפתיים חמאת קקאו 9 גר,"יוניליוור ג'ונסבורו,",US,וזלין לשפתיים,יחידה,1.00,יחידה,false,1,14.90,14.90,true,1,
305210464728,false,וזלין מיני לשפתיים בטעם קרם ברולה,"יונילוור ארה""ב - HPC",US,וזלין לשפתיים קר,יחידה,1.00,יחידה,false,1,14.90,14.90,true,1,
305213079004,false,"תחליב גוף להזנה עמוקה צהוב וזלין 600 מ""ל","יוניליוור, ג'פרסון סיטי,",US,קרם גוף ואלין,מיליליטרים,600.00,"100 מ""ל",false,1,25.90,4.32,true,1,
309970001698,false,קנדיד קונסילר 040יח',רבלון,US,קנדיד קונסילר40,יחידה,1.00,יחידה,false,1,51.90,51.90,true,1,
309970039059,false,קולור סטיי לוק בוק 940 3,רבלון,FR,קולור סטיי לוק ב,יחידה,1.00,יחידה,false,1,69.90,69.90,true,1,
309970039738,false,שפתון סופר לסטרוס מאט 23,,US,שפתון סופר לסטרו,יחידה,1.00,יחידה,false,1,49.90,49.90,true,1,
309970041236,false,אנדלס גלואו נוזלי 002 .8,,FR,אנדלס גלואו נוזל,מיליליטרים,8.00,"100 מ""ל",false,1,69.90,873.75,true,1,
309970047948,false,רבלון עפרון עיניים סו פירס שחור,,US,עפרון עיניים סופ,יחידה,1.00,יחידה,false,1,49.90,49.90,true,1,
309970047986,false,עפרון עיניים סופירס בורד,,US,עפרון עיניים סופ,יחידה,1.00,יחידה,false,1,49.90,49.90,true,1,
309970050580,false,מסקרה ג'ל לגבות306יח',,US,מסקרה ג'ל לגבות,יחידה,1.00,יחידה,false,1,59.90,59.90,true,1,
309970060053,false,HD היפר מאט 810 יח',,FR,HD היפר מאט 810,יחידה,1.00,יחידה,false,1,69.90,69.90,true,1,
309970064501,false,שמן שפתיים קיס גלואו 10,,FR,שמן שפתיים קיס ג,יחידה,1.00,יחידה,false,1,58.00,58.00,true,1,
309970086749,false,עפרון ע. קריסטלייז211 יח,רבלון,US,עפרון ע. קריסטלי,יחידה,1.00,יחידה,false,1,49.90,49.90,true,1,
309970093297,false,סקין לייט הייליטר 201 יח,,US,סקין לייט הייליט,יחידה,1.00,יחידה,false,1,69.90,69.90,true,1,
309970093631,false,פוטורדי פריימר פלוס 30מל,,US,פוטורדי פריימר פ,מיליליטרים,30.00,"100 מ""ל",false,1,99.00,330.00,true,1,
309970126476,false,מסקרה סו פירס ביג בד לאש,,IT,מסקרה סו פירס בי,יחידה,1.00,יחידה,false,1,69.90,69.90,true,1,
309971879203,false,שפתון קיס באלם25 יח',רבלון,US,שפתון קיס באלם25,יחידה,1.00,יחידה,false,0,20.90,20.90,true,1,
309971879357,false,שפתון קיס באלם35 יח',רבלון,US,שפתון קיס באלם35,יחידה,1.00,יחידה,false,0,20.90,20.90,true,1,
309972924759,false,שפתון סופר לסטרוס865 יח',רבלון,IL,שפתון סופר לסטרו,יחידה,1.00,יחידה,false,0,51.90,51.90,true,1,
309973025073,false,שפתון סופר לסטרוס מאט 53,,US,שפתון סופר לסטרו,יחידה,1.00,יחידה,false,1,49.90,49.90,true,1,
309973103078,false,קיס פלאמפין 535יח',רבלון,FR,קיס פלאמפין535,יחידה,1.00,יחידה,false,1,46.90,46.90,true,1,
309974103077,false,קיס קושיין 290 יח',רבלון,US,קיס קושיין 290,יחידה,1.00,יחידה,false,1,57.90,57.90,true,1,
309974172226,false,עיפרון שפתיים ק.סטיי675,רבלון,,עיפרון שפתיים ק.,יחידה,1.00,יחידה,false,0,41.90,41.90,true,1,
309974244602,false,שפתון ק.סטיי אוברטיים060,רבלון,US,שפתון ק.סטיי אוב,יחידה,1.00,יחידה,false,0,72.90,72.90,true,1,
309974784061,false,סומק פוודר בלאש006 יח',רבלון,US,סומק פוודר בלאש0,יחידה,1.00,יחידה,false,0,69.90,69.90,true,1,
309974784146,false,סומק 14 טיקלד פינק יח',,US,סומק 14 טיקלד פי,יחידה,1.00,יחידה,false,1,69.90,69.90,true,1,
309974784207,false,סומק חדש 24 ברונזה ביוטי,רבלון,IL,סומק רבלון,יחידה,1.00,יחידה,false,0,74.90,74.90,true,1,
309974792028,false,פלטת הארות 20 יח',רבלון,US,פלטת הארות 20,יחידה,1.00,יחידה,false,0,84.90,84.90,true,1,
309975210187,false,קולור סטיי צללית805יח',רבלון,MX,קולור סטיי צללית,יחידה,1.00,יחידה,false,1,72.90,72.90,true,1,
309975316742,false,שפתון ק.סטיי אוברטיים510,רבלון,FR,שפתון ק.סטיי אוב,יחידה,1.00,יחידה,false,1,72.90,72.90,true,1,
309975410112,false,מייק אפ Tan Natural 330,רבלון,US,מייק אפ,מיליליטרים,30.00,"100 מ""ל",false,0,104.90,349.67,true,1,
309975415063,false,מייק אפ קולורסטיי 240,רבלון,US,מייק אפ קולורסטי,מיליליטרים,30.00,"100 מ""ל",false,0,104.90,349.67,true,1,
309975415070,false,COLORSTAY מייק אפ משאבה,רבלון,US,מייק אפ 250,מיליליטרים,30.00,"100 מ""ל",false,0,104.90,349.67,true,1,
309975415087,false,מייק אפ קולורסטיי 320,רבלון,US,מייק אפ קולורסטי,מיליליטרים,30.00,"100 מ""ל",false,0,104.90,349.67,true,1,
309975420609,false,מברשת סומק *,רבלון,IL,רבמברשת סומק,יחידה,1.00,יחידה,false,0,74.90,74.90,true,1,
309975822144,false,עיפרון שפתיים ק.סטיי660,רבלון,US,עיפרון שפתיים ק.,יחידה,1.00,יחידה,false,0,41.90,41.90,true,1,
309975969016,false,איילינר סקיני שחור יח',רבלון,US,איילינר סקיני שח,יחידה,1.00,יחידה,false,0,75.90,75.90,true,1,
309976047041,false,פודרה דחוסה Medium 840,רבלון,US,פודרה דחוסה 840,יחידה,1.00,יחידה,false,0,106.90,106.90,true,1,
309976182018,false,מסקרה ווליומיזינג שחורה,רבלון,US,מסקרה ווליומיזינ,יחידה,1.00,יחידה,false,1,69.90,69.90,true,1,
309976414201,false,מייק אפ פוטורדי סטיק120,רבלון,IL,מייק אפ פוטורדי,יחידה,1.00,יחידה,false,0,84.90,84.90,true,1,
309976414805,false,מייק אפ פוטורדי סטיק180,רבלון,IL,מייק אפ פוטורדי,יחידה,1.00,יחידה,false,0,84.90,84.90,true,1,
309976740058,false,עפרון עיניים ק.סטיי205,רבלון,US,עפרון עיניים ק.ס,יחידה,1.00,יחידה,false,0,55.90,55.90,true,1,
309976790091,false,עיפרון עיניים ק.סטיי09,רבלון,,עיפרון עיניים ק.,יחידה,1.00,יחידה,false,0,55.90,55.90,true,1,
309977563014,false,מסקרה סופיירס שחורה יח',,US,מסקרה סופיירס שח,יחידה,1.00,יחידה,false,1,69.90,69.90,true,1,
309977641040,false,צללית קולורסטיי קרם705,רבלון,MX,צללית,יחידה,1.00,יחידה,false,0,72.90,72.90,true,1,
309977862117,false,שפתון אולטרה HD ג'ל725,רבלון,IL,שפתון אולטרה HD,יחידה,1.00,יחידה,false,0,72.90,72.90,true,1,
309978161103,false,שפתון HD מאט 625 יח',רבלון,IL,שפתון HD מאט 625,יחידה,1.00,יחידה,false,0,76.90,76.90,true,1,
309978392750,false,שפתון אולטימייט סוויד 75,רבלון,US,שפתון אולטימייט,יחידה,1.00,יחידה,false,0,74.90,74.90,true,1,
309978431565,false,מייק אפ קולורסטיי2ב490-1,רבלון,IL,מייק אפ קולורסטי,יחידה,1.00,יחידה,false,0,108.90,108.90,true,1,
309978535010,false,רבלון צללית 500 אדיקטיב,רבלון,IL,רבלון צללית 500,יחידה,1.00,יחידה,false,1,61.90,61.90,true,1,
309978767015,false,VOLUME ULTRA מסקרה שחור,רבלון,IL,ULTRA מסקרה,יחידה,1.00,יחידה,false,0,85.00,85.00,true,1,
309978914013,false,מסקרה LENGTH VOLUME שחור,רבלון,IL,מסקרה VOLUME,יחידה,1.00,יחידה,false,0,78.90,78.90,true,1,
309979380046,false,שפתון ק.סטיי אוברטיים040,רבלון,US,שפתון ק.סטיי אוב,יחידה,1.00,יחידה,false,0,72.90,72.90,true,1,
309979380220,false,שפתון ק.סטיי אוברטיים220,רבלון,US,שפתון ק.סטיי אוב,יחידה,1.00,יחידה,false,0,72.90,72.90,true,1,
309979380282,false,שפתון ק.סטיי אוברטיים280,רבלון,US,שפתון ק.סטיי אוב,יחידה,1.00,יחידה,false,0,72.90,72.90,true,1,
309979380367,false,שפתון ק.סטיי אוברטיים036,רבלון,US,שפתון ק.סטיי אוב,יחידה,1.00,יחידה,false,0,72.90,72.90,true,1,
309979380381,false,שפתון ק.סטיי אוברטיים038,רבלון,US,שפתון ק.סטיי אוב,יחידה,1.00,יחידה,false,0,72.90,72.90,true,1,
309979380527,false,שפתון ק.סטיי אוברטיים270,רבלון,US,שפתון ק.סטיי אוב,יחידה,1.00,יחידה,false,0,72.90,72.90,true,1,
309979380541,false,שפתון ק.סטיי אוברטיים370,רבלון,US,שפתון ק.סטיי אוב,יחידה,1.00,יחידה,false,0,72.90,72.90,true,1,
309979632398,false,שפתון סופר לסטרוס 477 יח,רבלון,US,שפתון סופר לסטרו,יחידה,1.00,יחידה,false,0,51.90,51.90,true,1,
350007641028,false,משחת שיניים קולגייט משחה 2ב1 הלבנה 130 גרם,קולגייט Colgate,MX,מ.שיניים ומי פה,גרמים,130.00,100 גרם,false,1,21.90,16.85,true,1,
371687320744,false,סאן אין למון פרש-בניחוח לימון,מדיטרנד כללי,US,סאן אין למון פרש,מיליליטרים,138.00,"100 מ""ל",false,1,59.90,43.41,true,1,
371687320751,false,סאן אין טרופיקל בריז-בניחוח טרופי,מדיטרנד כללי,US,סאן אין טרופיקל,מיליליטרים,138.00,"100 מ""ל",false,1,59.90,43.41,true,1,
602652257834,false,בי קיינד פקאן במייפל 40ג,שטראוס,US,חטיף בי קיינד,גרמים,40.00,100 גרם,false,1,7.90,19.75,true,1,
603531176512,false,"פייר קרדן לאישה 50 מ""ל",,FR,פייר קרדן לאישה,מיליליטרים,50.00,"100 מ""ל",false,1,89.00,178.00,true,1,
603531176598,false,"פייר קרדן מונסייר 75 מ""ל",,FR,פייר קרדן מונסיר,מיליליטרים,75.00,"100 מ""ל",false,1,89.00,118.67,true,1,
608940543313,false,"ריהנה REB'L FLEUR(א) אדפ 100מ""ל",אלפא בישום,US,Fleur Reb'l לאשה,מיליליטרים,100.00,"100 מ""ל",false,0,99.00,99.00,true,1,
608940553893,false,בלאק אדט לגבר100מל,,US,בלאק אדט,מיליליטרים,100.00,"100 מ""ל",false,0,129.00,129.00,true,1,
608940560358,false,"רירי אדפ לאישה 100 מ""ל - ריהאנה",אלפא בישום,US,Rihanna by RiRi,מיליליטרים,100.00,"100 מ""ל",false,1,199.00,199.00,true,1,
608940573341,false,רוז ראש אדפ אשה100מל,,US,רוז ראש אדפ,מיליליטרים,100.00,"100 מ""ל",false,0,129.00,129.00,true,1,
608940577752,false,רוז ראש פרגרנס מיסט236מל,,US,רוז ראש,מיליליטרים,236.00,"100 מ""ל",false,0,39.00,16.52,true,1,
608940578643,false,פנסי פוראבר אדפ אשה100מל,,US,פנסי פוראבר אדפ,מיליליטרים,100.00,"100 מ""ל",false,0,129.00,129.00,true,1,
608940580561,false,פינק ראש אדפ אשה100מל,,US,פינק ראש אדפ,מיליליטרים,100.00,"100 מ""ל",false,0,129.00,129.00,true,1,
608940583845,false,בילי אייליש אדפ100מל,,US,Eilish Billieאדפ,מיליליטרים,100.00,"100 מ""ל",false,1,219.00,219.00,true,1,
619098000863,false,טרבלו בקבוק מילוי זהב יח,,IL,טרבלו בקבוק מילו,יחידה,1.00,יחידה,false,1,59.90,59.90,true,1,
638102532817,false,חטיף על בסיס חלבון סויה עם שוקולד מריר,"אבוט נוטרישן, מעבדות",US,חטיף זון דארק,גרמים,45.00,100 גרם,false,0,13.90,30.89,true,1,
643540760401,false,מב.שיניים+מש.שיניים דיסנ,פארמה דיל,CN,מב.שיניים+מש.שינ,יחידה,1.00,יחידה,false,1,19.90,19.90,true,1,
645692556239,false,עוג.מצה עשירה קטן400גרם,"אחים פפושדו ובניהם בע""\מ",IL,עוגיות מצה עשירה,גרמים,400.00,100 גרם,false,1,11.90,2.98,true,1,
651080161510,false,פלקרס פולסר לשיניים צפופות-מנטה 35 יחידו,מיוצר עי קונדיטוריית,CN,קיסם עם חוט,יחידה,1.00,יחידה,false,1,13.50,13.50,true,1,
651080366519,false,פלקרס פלוסר כפול טווין ליין,דנטלון,CN,פלאקרס טווין ליי,יחידה,1.00,יחידה,false,0,13.90,13.90,true,1,
651080647519,false,קיסמים עם חוט דנטלי פלאקרס מנטה 35 יחידות,"פלקרס רנור ארה""ב",US,קיסם עם חוט,יחידה,1.00,יחידה,false,1,13.50,13.50,true,1,
667538086144,false,"ויקטוריה סיקרט - בודי מיסט לאב ספל 250 מ""ל",ויקטוריה סיקרט,US,לאב ספל פרגרנס,מיליליטרים,250.00,"100 מ""ל",false,1,59.00,23.60,true,1,
667548099158,false,"מיי גוף ספריי לאב ספל ויקטוריה סיקרט - 250 מ""ל",ויקטוריה סיקרט,IL,לאב ספל פרגרנס,מיליליטרים,250.00,"100 מ""ל",false,1,59.00,23.60,true,1,
667548099172,false,"ו.סיקרט בודי ספריי באר ונילה 250מ""ל",ויקטוריה סיקרט,IL,באר ונילה,מיליליטרים,250.00,"100 מ""ל",false,1,59.00,23.60,true,1,
667548099219,false,"ויקטוריה סיקרט - בודי ספריי אמבר רומאנס 250 מ""ל",ויקטוריה סיקרט,IL,אמבר רומנס,מיליליטרים,250.00,"100 מ""ל",false,1,59.00,23.60,true,1,
667548879347,false,"מיי גוף ספריי אקווה קיס ויקטוריה סיקרט - 250 מ""ל",ויקטוריה סיקרט,US,אקווה קיס פרגרנ,מיליליטרים,250.00,"100 מ""ל",false,1,59.00,23.60,true,1,
667548879354,false,"ו.סיקריט (א.חדשה) בודי ספריי לאב אדיקט 250מ""ל",ויקטוריה סיקרט,FR,לאב אדיקט,מיליליטרים,250.00,"100 מ""ל",false,1,59.00,23.60,true,1,
667549011548,false,"ויקטוריה סיקרט - בודי ספריי טמפטיישן 250 מ""ל",ויקטוריה סיקרט,US,טמפטיישן פרגרנס,מיליליטרים,250.00,"100 מ""ל",false,1,59.00,23.60,true,1,
667549011562,false,"מיי גוף ספריי ראש ויקטוריה סיקרט - 250 מ""ל",ויקטוריה סיקרט,IL,ראש פרגרנס,מיליליטרים,250.00,"100 מ""ל",false,1,59.00,23.60,true,1,
681619700521,false,סומק/צללית Boy Cabana,BALM THE,US,סומק/צללית Cab,יחידה,1.00,יחידה,false,0,9.90,9.90,true,1,
681619805172,false,ליפגלוס Loyal,,TR,ליפגלוס Loyal,יחידה,1.00,יחידה,false,0,9.90,9.90,true,1,
688575134490,false,"צ'רוטי 1881 אדט לאישה 100 מ""ל - צ'רוטי",לילית בישום,FR,צ'רוטי 1881 אשה,מיליליטרים,100.00,"100 מ""ל",false,0,169.00,169.00,true,1,
690251080977,false,ווד סאג סה סלט 100מל,,GB,ווד סאג & סה סלט,מיליליטרים,100.00,"100 מ""ל",false,0,599.00,599.00,true,1,
690251081011,false,"בלקברי אנד ביי 100 מ""ל",,GB,בלקברי אנד ביי,מיליליטרים,100.00,"100 מ""ל",false,1,599.00,599.00,true,1,
693102160293,false,Cocoa Hot ברונזר יח',,IL,Cocoa Hot ברונזר,יחידה,1.00,יחידה,false,1,155.00,155.00,true,1,
693102300019,false,קונסילר נוזליים Dawn יח',,IL,קונסילר נוזליים,יחידה,1.00,יחידה,false,1,96.00,96.00,true,1,
693102300033,false,קונסילר נוזליים Sunset י,,IL,קונסילר נוזליים,יחידה,1.00,יחידה,false,1,96.00,96.00,true,1,
693102350113,false,Highli Lights The Of All,,IL,Light The Of All,יחידה,1.00,יחידה,false,1,155.00,155.00,true,1,
693102350212,false,RIVER DUO BRONZER יח',,IL,RIVE DUO BRONZER,יחידה,1.00,יחידה,false,1,162.90,162.90,true,1,
693102400054,false,פריימר קיוקאמבר,OFRA,US,פריימר קיוקאמבר,גרמים,30.00,100 גרם,false,0,90.00,300.00,true,1,
693102500419,false,שפתון נוזלי-אטלנטיק סיטי,OFRA,US,שפתון-אטלנטיק ס.,יחידה,1.00,יחידה,false,0,89.00,89.00,true,1,
693102500594,false,שפתון נוזלי-סנטה אנה,OFRA,US,שפתון-סנטה אנה,יחידה,1.00,יחידה,false,0,89.00,89.00,true,1,
693102500631,false,שפתון נוזלי-מיאמי פיבר,OFRA,US,שפתון-מיאמי פיבר,יחידה,1.00,יחידה,false,0,89.00,89.00,true,1,
693102500914,false,שפתון נוזלי-טוסקני יח',OFRA,US,שפתון-טוסקני,יחידה,1.00,יחידה,false,0,89.00,89.00,true,1,
693102590816,false,BELLINI BLUSH יח',,IL,BELLINI BLUSH,יחידה,1.00,יחידה,false,1,155.00,155.00,true,1,
693102657137,false,שפתון נוזלי-בריקל יח',OFRA,US,שפתון-בריקל,יחידה,1.00,יחידה,false,0,89.00,89.00,true,1,
693102657182,false,שפתון נוזלי VERMILION יח,,IL,שפתון נוזלי VERM,יחידה,1.00,יחידה,false,1,89.00,89.00,true,1,
693102660021,false,פלקסי ליפ גלוס יח',,IL,פלקסי ליפ גלוס,יחידה,1.00,יחידה,false,1,80.00,80.00,true,1,
693102800090,false,פלאטת ברונזרים וסמקים יח,,IL,פלאטת ברונזרים ו,יחידה,1.00,יחידה,false,1,218.90,218.90,true,1,
693102800199,false,פאלטת 5 צלליות לוקס יח',,IL,פאלטת 5 צלליות ל,יחידה,1.00,יחידה,false,1,135.00,135.00,true,1,
693102800359,false,מארז חגיגי פלטת היילטרים,,IL,פלטת 5 היילטרים,יחידה,1.00,יחידה,false,1,224.00,224.00,true,1,
693493017589,false,אודם עמיד EXPOSED ERY,,IL,אודם עמיד EX ERY,יחידה,1.00,יחידה,false,1,90.00,90.00,true,1,
693493017596,false,אודם עמיד בגוון CHE VERY,,IL,אודם עמיד בגוון,יחידה,1.00,יחידה,false,1,90.00,90.00,true,1,
693493017640,false,אודם עמיד FABULOUS VERY,,IL,אודם עמיד F VERY,יחידה,1.00,יחידה,false,1,90.00,90.00,true,1,
693493017916,false,SKIN MY כרית מיקרופייבר,,IL,SKIN MY כרית מיק,יחידה,1.00,יחידה,false,1,90.00,90.00,true,1,
693493017923,false,SKIN MY באלם להסרת איפור,,IL,SKIN MY באלם להס,יחידה,1.00,יחידה,false,1,135.00,135.00,true,1,
693493017930,false,SKIN MY סבון קצף,,IL,SKIN MY סבון קצף,יחידה,1.00,יחידה,false,1,110.00,110.00,true,1,
693493017954,false,סומק BARE TO DARE יח',,IL,סומק BAR TO DARE,יחידה,1.00,יחידה,false,1,135.00,135.00,true,1,
693493053525,false,Fleur Reb'l אדפ לאשה100מ,,IL,Fleur Reb'l לאשה,מיליליטרים,100.00,"100 מ""ל",false,1,99.00,99.00,true,1,
693493053570,false,פירסט אינסטינקט אדט100מל,,IL,פירסט אינסטינקט,מיליליטרים,100.00,"100 מ""ל",false,1,298.00,298.00,true,1,
693493053662,false,INTENSO א.ד.פ לגבר 125,,IL,INTENSO א.ד.פ לג,מיליליטרים,125.00,"100 מ""ל",false,1,449.00,359.20,true,1,
693493053723,false,INSTINCT FIRST א.ד.פ 50,,IL,פירסט אינסטינקט,מיליליטרים,50.00,"100 מ""ל",false,1,198.00,396.00,true,1,
693493053808,false,"אנג'ל אדפ 100 מ""ל",,IL,אנג'ל אדפ,מיליליטרים,100.00,"100 מ""ל",false,1,459.00,459.00,true,1,
693493053921,false,נרסיסיו פור הר פלור מאסק,פרסטיג' שיסיידו,FR,נרסיסיו פור הר פ,מיליליטרים,150.00,"100 מ""ל",false,1,429.00,286.00,true,1,
714324104107,false,24 קאראט קרם גוף 200 מל,ג'יוואגו,IL,24 קאראט קרם גוף,מיליליטרים,200.00,"100 מ""ל",false,0,189.00,94.50,true,1,
714324204135,false,24 קראט זהב לבן אדט100מל,ג'יוואגו,IL,24 קראט זהב לבן,מיליליטרים,100.00,"100 מ""ל",false,0,249.00,249.00,true,1,
714324206108,false,24 קראט דיימונד אדפ 75מל,ג'יוואגו,IL,24 קראט דיימונד,מיליליטרים,75.00,"100 מ""ל",false,0,369.00,492.00,true,1,
714324206207,false,24קראט דיימונד א.אדפ50מל,ג'יוואגו,IL,24 קראט דיימונד,מיליליטרים,50.00,"100 מ""ל",false,0,338.00,676.00,true,1,
714324901102,false,גיוואגו סרום לפנים,ג'יווגו טיפוח,IL,סרום לפנים,מיליליטרים,30.00,"100 מ""ל",false,0,228.00,760.00,true,1,
714324901232,false,Gold Magnetic א.ד.פ לגבר,ג'יוואגו,IL,Gold Magnetic,מיליליטרים,100.00,"100 מ""ל",false,0,319.00,319.00,true,1,
714324901362,false,"קרם גוף יוניסקס 150 מ""ל קוקוס משובח",ג'יוואגו,IL,קרם גוף קוקוס,מיליליטרים,150.00,"100 מ""ל",false,0,99.00,66.00,true,1,
714324901454,false,"גולד אדיקט 100 מ""ל",,FR,גולד אדיקט,מיליליטרים,100.00,"100 מ""ל",false,1,359.00,359.00,true,1,
714324901478,false,"סטטוס לאשה 100 מ""ל",,FR,סטטוס לאשה,מיליליטרים,100.00,"100 מ""ל",false,1,239.00,239.00,true,1,
714324901539,false,סט גולדן אלמנטס לאישה יח,,FR,סט גולדן אלמנטס,יחידה,1.00,יחידה,false,1,499.00,499.00,true,1,
719346065405,false,"פנטזי אדפ לאישה 100 מ""ל - בריטני ספירס",בריטני ספירס BRITNEY SPEARS,US,fantasy א.ד.פ,מיליליטרים,100.00,"100 מ""ל",false,0,99.00,99.00,true,1,
719346117722,false,ביליב אדפ,,US,ביליב אדפ,מיליליטרים,100.00,"100 מ""ל",false,0,299.00,299.00,true,1,
719346167062,false,גוסי ויוה נואיר אדפ100מל,אלפא בישום,US,גוסי ויוה נואיר,מיליליטרים,100.00,"100 מ""ל",false,0,299.00,299.00,true,1,
719346192118,false,ג'וסי איי אם קוטור א100מ,אלפא בישום,IL,ג'וסי איי אם קוט,מיליליטרים,100.00,"100 מ""ל",false,0,198.00,198.00,true,1,
719346227537,false,ב.ספירס סנסט פנטזי אדט 1,אלפא בישום,IL,ב.ספירס סנסט פנט,מיליליטרים,100.00,"100 מ""ל",false,1,149.00,149.00,true,1,
719346639347,false,"פנטזי ב.ספירס בלום100מ""ל",אלפא בישום,US,פנטזי ב.ספירס בל,מיליליטרים,100.00,"100 מ""ל",false,0,99.00,99.00,true,1,
719346641838,false,"לוב אנד וייט 100 מ""ל",אלפא בישום,IL,לוב אנד וייט,מיליליטרים,100.00,"100 מ""ל",false,1,199.00,199.00,true,1,
719565382697,false,פרוזן נייל ארט,,CN,ניל ארט,יחידה,1.00,יחידה,false,0,47.90,47.90,true,1,
719565424724,false,פרוזן ליפ גלוסים,,CN,ליפ גלוסים,יחידה,1.00,יחידה,false,0,47.90,47.90,true,1,
719565448454,false,סט LOL לציפורן,,,סט LOL לציפורן,יחידה,1.00,יחידה,false,0,48.90,48.90,true,1,
719565463914,false,פרוזן סט 3 גלוסים,,CN,סט 3 גלוסים,יחידה,1.00,יחידה,false,0,30.90,30.90,true,1,
719565465338,false,סט פרוזן 15 לקים,,CN,סט 15 לקים,יחידה,1.00,יחידה,false,0,79.90,79.90,true,1,
719565466793,false,פרוזן 4 לקים בקלמר,,CN,סט 4 בקלמר,יחידה,1.00,יחידה,false,0,47.90,47.90,true,1,
729238103214,false,שיסיידו ב.פ.אדוונס סופר רויטליזינג קרם75,שסייאדו,IL,שיס.אדוונס סופר,מיליליטרים,75.00,"100 מ""ל",false,0,530.00,706.67,true,1,
729238139367,false,טוטל רדיאנס מייק אפ יח',שיסיידו איפור,FR,טוטל רדיאנס מייק,יחידה,1.00,יחידה,false,1,514.90,514.90,true,1,
729238139381,false,טוטל רדיאנס מייק אפ יח',שיסיידו איפור,FR,טוטל רדיאנס מייק,יחידה,1.00,יחידה,false,1,514.90,514.90,true,1,
729238147331,false,מיקרו איילנר 01 יח',שיסיידו איפור,FR,מיקרו איילנר,יחידה,1.00,יחידה,false,1,120.00,120.00,true,1,
729238147348,false,מיקרו איילנר 02 יח',שיסיידו איפור,FR,מיקרו איילנר,יחידה,1.00,יחידה,false,1,120.00,120.00,true,1,
729238147362,false,מיקרו איילנר 04 יח',שיסיידו איפור,FR,מיקרו איילנר,יחידה,1.00,יחידה,false,1,120.00,120.00,true,1,
729238147904,false,ליפסטיק מודרן מאט 514יח,שיסיידו איפור,FR,ליפסטיק מודרן מא,יחידה,1.00,יחידה,false,1,157.90,157.90,true,1,
729238148017,false,ליפסטיק ג'ל 201 יח',שיסיידו איפור,FR,ליפסטיק ג'ל 201,יחידה,1.00,יחידה,false,1,157.90,157.90,true,1,
729238148031,false,ליפסטיק ג'ל 203 יח',שיסיידו איפור,FR,ליפסטיק ג'ל 203,יחידה,1.00,יחידה,false,1,157.90,157.90,true,1,
729238148086,false,ליפסטיק ג'ל 208 יח',שיסיידו איפור,FR,ליפסטיק ג'ל 208,יחידה,1.00,יחידה,false,1,157.90,157.90,true,1,
729238151932,false,ליפסטיק ג'ל 216יח',שיסיידו איפור,FR,ליפסטיק ג'ל 216,יחידה,1.00,יחידה,false,1,157.90,157.90,true,1,
729238151963,false,ליפסטיק ג'ל 219יח',שיסיידו איפור,FR,ליפסטיק ג'ל 219,יחידה,1.00,יחידה,false,1,157.90,157.90,true,1,
729238151987,false,ליפסטיק ג'ל 221יח',שיסיידו איפור,FR,ליפסטיק ג'ל 221,יחידה,1.00,יחידה,false,1,157.90,157.90,true,1,
729238151994,false,ויזיונרי שפתון ג'ל 222,שיסיידו איפור,FR,ויזיונרי שפתון ג,יחידה,1.00,יחידה,false,1,150.00,150.00,true,1,
729238152021,false,1 יחידה,שיסיידו איפור,FR,ליפסטיק ג'ל 225,יחידה,1.00,יחידה,false,1,157.90,157.90,true,1,
729238164154,false,עפרון שפתיים דו צדדי יח',,JP,עפרון שפתיים דו,יחידה,1.00,יחידה,false,1,120.00,120.00,true,1,
729238164222,false,עפרון שפתיים דו צדדי יח',,JP,עפרון שפתיים דו,יחידה,1.00,יחידה,false,1,120.00,120.00,true,1,
729238164239,false,עפרון שפתיים דו צדדי יח',,JP,עפרון שפתיים דו,יחידה,1.00,יחידה,false,1,120.00,120.00,true,1,
729238164994,false,שיסיידו פיוצר סולושיין קרם אולטימטיבי ל,לילית,JP,פיוצ'ר סולושן,מיליליטרים,50.00,"100 מ""ל",false,1,2130.00,4260.00,true,1,
729238182875,false,שיסיידו קרם לחות לשעות היום עם חומצה היא,שיסיידו איפור,FR,אסנשיאל אנרג'י ק,מיליליטרים,50.00,"100 מ""ל",false,1,270.00,540.00,true,1,
729238500631,false,I20שיס.פוד.סמק אדוונסד ח,שסייאדו,IL,I20שיס.פוד.סמק א,יחידה,1.00,יחידה,false,0,240.00,240.00,true,1,
730852103023,false,שיס.באלאנסינג ספתנר150 מ,שסייאדו,IL,שיס.באלאנסינג ספ,מיליליטרים,150.00,"100 מ""ל",false,0,360.00,240.00,true,1,
730852103153,false,בניפאנס קרם עיניים 15מל,שסייאדו,IL,שיס.בניפאנס קרם,מיליליטרים,15.00,"100 מ""ל",false,0,455.00,3033.33,true,1,
730852108547,false,מייק אפ ליפטינג,לוריאל,IL,מייק אפ ליפטינג,יחידה,1.00,יחידה,false,1,271.90,271.90,true,1,
730852108608,false,.B40שיס.מ.א.ליפטינג פאו,שסייאדו,IL,.B40שיס.מ.א.ליפט,יחידה,1.00,יחידה,false,0,271.90,271.90,true,1,
730852147263,false,עפרון עיניים 05יח',שיסיידו איפור,FR,עפרון עיניים,יחידה,1.00,יחידה,false,1,130.00,130.00,true,1,
730852147386,false,פלטת צלליות 01 יח',שיסיידו איפור,FR,מיקרו פלטת צלליו,יחידה,1.00,יחידה,false,1,199.00,199.00,true,1,
730852148253,false,לאקר אינק ליפ שיין302 יח,שיסיידו איפור,FR,לאקר אינק ליפ שי,יחידה,1.00,יחידה,false,1,150.00,150.00,true,1,
730852148321,false,לאקר אינק ליפ שיין309 יח,שיסיידו איפור,FR,לאקר אינק ליפ שי,יחידה,1.00,יחידה,false,1,150.00,150.00,true,1,
730852148352,false,לאקר אינק ליפ שיין312 יח,שיסיידו איפור,FR,לאקר אינק ליפ שי,יחידה,1.00,יחידה,false,1,150.00,150.00,true,1,
730852148826,false,סומק 1 יחידה,שיסיידו איפור,FR,סומק,יחידה,1.00,יחידה,false,1,190.00,190.00,true,1,
730852148833,false,סומק 02 1 יחידה,שיסיידו איפור,FR,סומק 02,יחידה,1.00,יחידה,false,1,190.00,190.00,true,1,
730852148840,false,סומק 03 1 יחידה,שיסיידו איפור,FR,סומק 03,יחידה,1.00,יחידה,false,1,190.00,190.00,true,1,
730852157163,false,קונסילר ג'ל סטיק 203 יח',,JP,קונסילר ג'ל סטיק,יחידה,1.00,יחידה,false,1,160.00,160.00,true,1,
730852164086,false,ג'ל גלוס מבריק 06 יח',,JP,ג'ל גלוס מבריק 0,יחידה,1.00,יחידה,false,1,135.00,135.00,true,1,
730852167629,false,סינקרו סקין פריימר לטשטו,,FR,סינקרו סקין פריי,מיליליטרים,30.00,"100 מ""ל",false,1,169.00,563.33,true,1,
730852177062,false,POWDERGEL POP צללית יח',,JP,POWDERGEL POP צל,יחידה,1.00,יחידה,false,1,125.00,125.00,true,1,
730852177192,false,POWDERGEL POP צללית יח',,JP,POWDERGEL POP צל,יחידה,1.00,יחידה,false,1,125.00,125.00,true,1,
730852191082,false,שיסיידו בנפיאנס טיפול מתקן לשפתיים,שסייאדו,IL,שיס.קורקשן ליפ ט,מיליליטרים,15.00,"100 מ""ל",false,0,270.00,1800.00,true,1,
730870175248,false,"רוזה אקסלסה 75 מ""ל",דולצ'ה&גב.שסטוב,IL,רוזה אקסלסה,מיליליטרים,75.00,"100 מ""ל",false,0,502.00,669.33,true,1,
733854997393,false,טופ קואט,רבלון,IL,טופ קואט,יחידה,1.00,יחידה,false,0,9.90,9.90,true,1,
735282174223,false,"כוס הפלא 360 חיות 266 מ""",מנצ'קין,IL,כוס הפלא 360 חיו,יחידה,1.00,יחידה,false,1,59.90,59.90,true,1,
737052006468,false,בוס סלקשיין א.ד.ט גבר90מ,לילית בישום,IL,בוס סלקשיין לגבר,מיליליטרים,90.00,"100 מ""ל",false,1,148.00,164.44,true,1,
737052041353,false,"פאם אדפ לאישה 75 מ""ל - הוגו בוס",לילית-בוס,GR,Femme א.ד.פ.,מיליליטרים,75.00,"100 מ""ל",false,0,179.00,238.67,true,1,
737052338262,false,גוצ'י ג'לטי א.אדט75,P&G לילית,IL,גוצ'י ג'לטי א.אד,מיליליטרים,75.00,"100 מ""ל",false,0,399.00,532.00,true,1,
737052483214,false,"אסנשייל אדט לגבר 125 מ""ל - לקוסט",לילית בישום,GB,לה קוסט אדט לגבר,מיליליטרים,125.00,"100 מ""ל",false,0,198.00,158.40,true,1,
737052495613,false,"פרמייר אדפ 75 מ""ל",P&G לילית,IL,פרמייר אדפ,מיליליטרים,75.00,"100 מ""ל",false,0,394.00,525.33,true,1,
737052640709,false,הוגו בוס מן ג'ל רחצה50מ,,NL,הוגו בוס הוגו מן,מיליליטרים,50.00,"100 מ""ל",false,1,39.90,79.80,true,1,
737052662664,false,או דה לקוסט נואר אדט100מ,לילית-לקוסט,IL,או דה לקוסט נואר,מיליליטרים,100.00,"100 מ""ל",false,0,228.00,228.00,true,1,
737052746890,false,דולצ'ה לאישה אדפ 50 מל,דולצ'ה&גב.שסטוב,IL,דולצ'ה לאישה אדפ,מיליליטרים,50.00,"100 מ""ל",false,0,379.00,758.00,true,1,
737052783451,false,intenso א.ד.ט לגבר,דולצ'ה&גב.שסטוב,GB,intenso אדט לגבר,מיליליטרים,125.00,"100 מ""ל",false,1,399.00,319.20,true,1,
737052884134,false,דולצ'ה פלורל דרופ אדט50,דולצ'ה&גב.שסטוב,IL,דולצ'ה פלורל דרו,מיליליטרים,50.00,"100 מ""ל",false,0,332.00,664.00,true,1,
763511101238,false,דונה קארן ג.אדט100,דונה קארן,IL,דונה קארן ג.אדט1,מיליליטרים,100.00,"100 מ""ל",false,0,169.00,169.00,true,1,
768614102021,false,"ZEN א.ד.פ לאשה 100 מ""ל",שיסיידו בישום,IL,ZEN א.ד.פ לאשה,מיליליטרים,100.00,"100 מ""ל",false,0,359.00,359.00,true,1,
768614103202,false,שיסיידו ביו פרפורמנס סופר רויטליזינג קרם,שסייאדו,FR,שיס.בופ אדוונס ר,מיליליטרים,50.00,"100 מ""ל",false,0,455.00,910.00,true,1,
768614119586,false,שיסיידו ביו פרפורמנס קרם עיניים 15 מל,שסייאדו,US,שיס.ביו פרפורמנס,מיליליטרים,15.00,"100 מ""ל",false,0,520.00,3466.67,true,1,
768614119678,false,שייסדו ביו פרפורנס ליפטדינמיק סרום 30 מל,שסייאדו,IL,ביו פורפרמנס סרו,מיליליטרים,30.00,"100 מ""ל",false,0,730.00,2433.33,true,1,
768614139218,false,שיסיידו פיוצר קרם לילה 50 מל,שסייאדו,FR,קרם מזין לילה,מיליליטרים,50.00,"100 מ""ל",false,0,1615.00,3230.00,true,1,
768614143451,false,שיסיידו SGS קלינזינג קרם אמולסיון,שסייאדו,FR,קלינסינג ניקוי,מיליליטרים,200.00,"100 מ""ל",false,1,325.00,162.50,true,1,
768614145295,false,שיסיידו קצף ניקוי עשיר המכיל אבקה 125 מל,שיסיידו איפור,FR,CLENS CLARIFYING,מיליליטרים,125.00,"100 מ""ל",false,1,260.00,208.00,true,1,
768614149378,false,שיסיידו ויטאל פרפקשן קרם יום למיצוק והרמ,לילית,FR,ויטאל פרפקשן יום,מיליליטרים,50.00,"100 מ""ל",false,1,530.00,1060.00,true,1,
768614149385,false,שיסיידו ויטאל פרפקשן קרם יום במרקם קליל,לילית,FR,ויטאל פרפקשן קרם,מיליליטרים,75.00,"100 מ""ל",false,1,530.00,706.67,true,1,
768614149408,false,שיסיידו ויטאל פרפקשן קרם יום ולילה למיצו,לילית,FR,ויטאל פרפקשן יום,מיליליטרים,50.00,"100 מ""ל",false,1,530.00,1060.00,true,1,
768614168713,false,שיסיידו ויטל פרפקשן סרום פנים וצוואר למי,לילית,FR,סרום פנים וצוואר,מיליליטרים,40.00,"100 מ""ל",false,1,659.00,1647.50,true,1,
768614172857,false,שיסיידו אולטימון פאוור סרום עוצמתי 75 מל,לילית,FR,אולטימיון סרום ע,מיליליטרים,75.00,"100 מ""ל",false,1,630.00,840.00,true,1,
768614191117,false,שיסSBN. ניוטריפרפקט נייט,שסייאדו,IL,שיסSBN. ניוטריפר,מיליליטרים,50.00,"100 מ""ל",false,0,725.00,1450.00,true,1,
783320402852,false,"בולגרי אומניה קריסטלין אדט 65 מ""ל",,FR,CRYSTALLIN OMNIA,מיליליטרים,65.00,"100 מ""ל",false,1,359.00,552.31,true,1,
783320403897,false,"ווד נארולי 100 מ""ל",,IT,ווד נארולי,מיליליטרים,100.00,"100 מ""ל",false,1,429.00,429.00,true,1,
788434104821,false,חטיף חלבון וואן בטעם חמאת בוטנים 60 גרם,בלמונט קונפקשנס,US,חטיף וואן חמאת ב,גרמים,60.00,100 גרם,false,1,18.90,31.50,true,1,
788434108782,false,וואן חטיף חמאת בוטנים 60 גרם,בלמונט קונפקשנס,US,חטיף וואן חמאת ב,גרמים,60.00,100 גרם,false,0,18.90,31.50,true,1,
809217830864,false,מייבש לק מיני טופקוט 3.5,,US,מייבש לק טופקוט,יחידה,1.00,יחידה,false,1,5.90,5.90,true,1,
809217831052,false,"מייבש לק טופקוט 14 מ""ל",,US,מייבש לק טופקוט,מיליליטרים,14.00,"100 מ""ל",false,1,49.90,356.43,true,1,
810905030893,false,ראש מסלסל 19 ממ + קליפס,,IL,ראש מסלסל 19 ממ,יחידה,1.00,יחידה,false,1,149.00,149.00,true,1,
810905031036,false,מיני פן יח,,CN,מיני פן,יחידה,1.00,יחידה,false,1,399.00,399.00,true,1,
810905033344,false,beach Bushwick ספריי150מ,,IL,beach Bushwick,מיליליטרים,150.00,"100 מ""ל",false,1,99.00,66.00,true,1,
810905034662,false,"קרם תלתלים 400 מ""ל",,IL,קרם תלתלים,מיליליטרים,400.00,"100 מ""ל",false,1,89.00,22.25,true,1,
810905036826,false,Perfect Strand מחליק קרמ,,IL,Perfect Strand מ,יחידה,1.00,יחידה,false,1,349.00,349.00,true,1,
810905037335,false,RAW -מחליק טיטניום גולמי,,IL,RAW -מחליק טיטני,יחידה,1.00,יחידה,false,1,479.00,479.00,true,1,
810905037410,false,מרכך 3D לנפח יח',,IL,מרכך 3D לנפח,מיליליטרים,300.00,"100 מ""ל",false,1,89.00,29.67,true,1,
810905038332,false,מייבש שיער מקצועי סגול י,,IL,מייבש שיער מקצוע,יחידה,1.00,יחידה,false,1,599.00,599.00,true,1,
810905039018,false,מסלסל גלים יח',,IL,מסלסל גלים,יחידה,1.00,יחידה,false,1,449.00,449.00,true,1,
812256021674,false,"אריאנה גרנדה ARI(א) בודי ספריי 236מ""ל",,US,ארי בודי מיסט לא,מיליליטרים,236.00,"100 מ""ל",false,1,49.90,21.14,true,1,
812256022381,false,"אריאנה גרנדה SWEET LIKE CANDY(א) בודי ספריי 236מ""ל",,US,סוויט לייק קנדי,מיליליטרים,236.00,"100 מ""ל",false,1,49.90,21.14,true,1,
812256024194,false,קלאוד פרגרנס מיסט236מל,,US,קלאוד פרגרנס מיס,מיליליטרים,236.00,"100 מ""ל",false,1,49.90,21.14,true,1,
812256025269,false,"אריאנה גרנדה THANK U NEXT(א) בודי ספריי 236מ""ל",,US,NEXT U THANK,מיליליטרים,236.00,"100 מ""ל",false,1,49.90,21.14,true,1,
812256028475,false,גאד איז אה וומן אדפ100מל,,US,גאד איז אה וומן,מיליליטרים,100.00,"100 מ""ל",false,1,399.00,399.00,true,1,
815151024849,false,"סרום מגן חום 100 מ""ל",,IL,סרום מגן חום,מיליליטרים,100.00,"100 מ""ל",false,1,179.00,179.00,true,1,
815151025488,false,"דריי שמפו 232 מ""ל",,IL,דריי שמפו 232 מ,מיליליטרים,232.00,"100 מ""ל",false,1,99.00,42.67,true,1,
815151025686,false,נומוקור שמפו לשיער 300 מ,,IL,נומוקור שמפו לשי,מיליליטרים,300.00,"100 מ""ל",false,1,99.00,33.00,true,1,
815151025747,false,ספריי ברוקלין בומשל 200מ,,IL,bombshe Brooklyn,מיליליטרים,200.00,"100 מ""ל",false,1,109.00,54.50,true,1,
815151028106,false,סט דוגמיות color-l VAULT,,IL,סט דוגמיות VAULT,יחידה,1.00,יחידה,false,1,5.00,5.00,true,1,
815151028113,false,סט דוגמיות שמפו+קונדישנר,,IL,סט דוגמיות שמפו+,יחידה,1.00,יחידה,false,1,5.00,5.00,true,1,
815151028892,false,"מסיכה נגד קשקשים 250 מ""ל",,IL,מסיכה נגד קשקשים,מיליליטרים,250.00,"100 מ""ל",false,1,139.00,55.60,true,1,
840117803695,false,BRASS YOUR BUST - מסכה 2,,IL,BRASS YOUR BUST,מיליליטרים,250.00,"100 מ""ל",false,1,159.00,63.60,true,1,
840117803725,false,דיפיוזר הקסם אמיקה יח',,US,דיפיוזר הקסם אמי,יחידה,1.00,יחידה,false,1,99.00,99.00,true,1,
840117804647,false,"סולפוד מסכת הזנה 500 מ""ל",,IL,סולפוד מסכת הזנה,מיליליטרים,500.00,"100 מ""ל",false,1,149.00,29.80,true,1,
840117805545,false,מייבש שיער מקצועי2300ואט,,IL,מייבש שיער מקצוע,יחידה,1.00,יחידה,false,1,599.00,599.00,true,1,
840117805736,false,שמפו לשיקום השיער 275 מל,HMS,US,שמפו לשיקום השיע,מיליליטרים,275.00,"100 מ""ל",false,1,109.00,39.64,true,1,
840117805743,false,מרכך לשיקום השיער 275 מל,HMS,US,מרכך לשיקום השיע,מיליליטרים,275.00,"100 מ""ל",false,1,99.00,36.00,true,1,
840117806986,false,מברשת להתרת קשרי,,,מברשת להתרת קשרי,יחידה,1.00,יחידה,false,0,69.00,69.00,true,1,
842185115861,false,סנטל 33 אדפ יוניסקס 100 מ״ל,,US,SANTAL Labo Le,מיליליטרים,100.00,"100 מ""ל",false,1,1389.00,1389.00,true,1,
850018802215,false,טיפול אינטנסיבי 155מל,,US,טיפול אינטנסיבי,מיליליטרים,155.00,"100 מ""ל",false,0,149.00,96.13,true,1,
861940000006,false,"ג'סיקה מקלינטוק א.ד.פ 100 מ""ל",,US,ג'סיקה מקלינטוק,מיליליטרים,100.00,"100 מ""ל",false,1,109.00,109.00,true,1,
873824001184,false,ג'ון וורטוס ארטיזן,וורוטוס,IL,ג'ון וורטוס ארטי,מיליליטרים,125.00,"100 מ""ל",false,0,199.00,159.20,true,1,
874034010447,false,וורם קוטון אדפ לאשה60מל,,US,וורם קוטון אדפ ל,מיליליטרים,60.00,"100 מ""ל",false,1,219.00,365.00,true,1,
874034010508,false,"ריין אדפ לאישה 60 מ""ל",,US,ריין אדפ לאישה,מיליליטרים,60.00,"100 מ""ל",false,1,219.00,365.00,true,1,
884912301642,false,דגני בוקר אוראו פוסט311ג,פוסט,US,דגני בוקר אוראו,גרמים,311.00,100 גרם,false,1,25.90,8.33,true,1,
887167014350,false,WEAR DOUBLE מייק אפ 2W2,אסתי לאודר,BE,מייק אפ 2W2,מיליליטרים,30.00,"100 מ""ל",false,0,235.00,783.33,true,1,
887167016590,false,שפתון פיור קולור אנבי320,אסתי לאודר,IL,שפתון פיור קולור,יחידה,1.00,יחידה,false,0,160.00,160.00,true,1,
887167016699,false,שפתון פיור קולור אנבי410,אסתי לאודר,BE,שפתון פיור קולור,יחידה,1.00,יחידה,false,0,160.00,160.00,true,1,
887167031272,false,עפרון עיניים ד.וור סמוק,אסתי לאודר,IL,עפרון עיניים ד.ו,יחידה,1.00,יחידה,false,0,125.00,125.00,true,1,
887167055896,false,עפרון עיניים ד.ו אלקטריק,אסתי לאודר,DE,עפרון עיניים ד.ו,יחידה,1.00,יחידה,false,0,125.00,125.00,true,1,
887167072961,false,שפתון פיור קולור אנבי260,אסתי לאודר,IL,שפתון פיור קולור,יחידה,1.00,יחידה,false,0,160.00,160.00,true,1,
887167109605,false,מודרן מיוז שיק אדפ לאישה,אסתי לאודר בישו,IL,מודרן מיוז שיק א,מיליליטרים,100.00,"100 מ""ל",false,0,349.00,349.00,true,1,
887167172630,false,אייליינר דאבל וור אוטומט,אסתי לאודר,DE,אייליינר דאבל וו,יחידה,1.00,יחידה,false,0,135.00,135.00,true,1,
887167178694,false,WEAR DOUBLEמייק אפ 3w1.5,אסתי לאודר,BE,WEAR DOUBLEמייק,מיליליטרים,30.00,"100 מ""ל",false,1,235.00,783.33,true,1,
887167257658,false,STICK CUSHION מייק אפ 4N,אסתי לאודר,IL,מייק אפ 4N,מיליליטרים,14.00,"100 מ""ל",false,0,169.00,1207.14,true,1,
887167292376,false,"פריימר למראה מאט 30 מ""ל",אסתי לאודר,IL,פריימר למראה מאט,מיליליטרים,30.00,"100 מ""ל",false,0,200.00,666.67,true,1,
887167308039,false,אסתי לאודר רויטאליזינג סופרים קרם לחות,אסתי לאודר,US,קרם אנטי אייגיני,מיליליטרים,50.00,"100 מ""ל",false,1,520.00,1040.00,true,1,
887167316096,false,אסתי רזיליאנס ליפט קרם לילה לפנים ולצואר,אסתי לאודר,BE,רזיליאנס ליפט צו,מיליליטרים,50.00,"100 מ""ל",false,1,575.00,1150.00,true,1,
887167322134,false,קרם עיניים רנוטריב 15 מל,אסתי לאודר,GB,קרם עיניים רנוטר,מיליליטרים,15.00,"100 מ""ל",false,1,950.00,6333.33,true,1,
887167332089,false,WEAR DOUBLE מייק אפ 4N1,אסתי לאודר,IL,מייק אפ ניוד 4N1,מיליליטרים,30.00,"100 מ""ל",false,0,235.00,783.33,true,1,
887167332126,false,WEAR DOUBLE מייק אפ 1N2,אסתי לאודר,IL,מייק אפ 1N2,מיליליטרים,30.00,"100 מ""ל",false,0,235.00,783.33,true,1,
887167332157,false,WEAR DOUBLE מייק אפ 1W2,אסתי לאודר,IL,מייק אפ 1W2,מיליליטרים,30.00,"100 מ""ל",false,0,235.00,783.33,true,1,
887167332164,false,WEAR DOUBLE מייק אפ 3W1,אסתי לאודר,IL,מייק אפ 3W1,מיליליטרים,30.00,"100 מ""ל",false,0,235.00,783.33,true,1,
887167341890,false,שפתון פיור קולור מאט408,אסתי לאודר,IL,שפתון פיור קולור,יחידה,1.00,יחידה,false,0,150.00,150.00,true,1,
887167341999,false,220א.ל.שפ.אנבי מטאלי,אסתי לאודר,IL,220א.ל.שפ.אנ,יחידה,1.00,יחידה,false,0,135.00,135.00,true,1,
887167383531,false,שפתון נוזלי פיינט און,אסתי לאודר,IL,שפתון נוזלי פיינ,יחידה,1.00,יחידה,false,1,160.00,160.00,true,1,
887167383630,false,שפתון נוזלי פיינט און יח,אסתי לאודר,IL,שפתון נוזלי פיינ,יחידה,1.00,יחידה,false,1,160.00,160.00,true,1,
887167414754,false,אסתי לאודר רויטאליזינג סופרים תחליב עדין,אסתי לאודר,US,רויטליזינג סופרי,מיליליטרים,100.00,"100 מ""ל",false,1,485.00,485.00,true,1,
887167443495,false,ליפ ריפר פיור קולור אנבי,,FR,ליפ ריפר פיור קו,יחידה,1.00,יחידה,false,1,160.00,160.00,true,1,
887167446304,false,מייק אפ פודרה מאט 4N1,,US,מייק אפ פודרה מא,גרמים,63.00,100 גרם,false,1,220.00,349.21,true,1,
887167446373,false,מייק אפ פודרה מאט 3W1,,US,מייק אפ פודרה מא,גרמים,63.00,100 גרם,false,1,220.00,349.21,true,1,
887167446502,false,מייק אפ פודרה מאט 2C1,,US,מייק אפ פודרה מא,גרמים,63.00,100 גרם,false,1,220.00,349.21,true,1,
887167455443,false,סט קרם רזיליאנס מולטי אפ,,IL,סט קרם רזיליאנס,יחידה,1.00,יחידה,false,1,300.00,300.00,true,1,
887167455467,false,אדוונס נייט ריפר ורויטלי,,FR,אדוונס נייט ריפר,יחידה,1.00,יחידה,false,1,310.00,310.00,true,1,
887167466739,false,מייק-אפ Ecr 1N2 Futurist,,FR,מייק-אפ Futurist,מיליליטרים,35.00,"100 מ""ל",false,1,230.00,657.14,true,1,
887167466753,false,מייק-אפ Taw 3W1 Futurist,,FR,מייק-אפ Futurist,מיליליטרים,35.00,"100 מ""ל",false,1,230.00,657.14,true,1,
887167485471,false,אסתי אדוונס נייט ריפר סרום מתקדם 30 מל,אלקליל,US,סרום תיקון מתקדם,מיליליטרים,30.00,"100 מ""ל",false,1,350.00,1166.67,true,1,
887167485488,false,אסתי אדוונס נייט ריפר סרום מתקדם 50 מל,אלקליל,US,סרום תיקון מתקדם,מיליליטרים,50.00,"100 מ""ל",false,1,520.00,1040.00,true,1,
887167500273,false,עפרון עינ. דאבל וור עמיד,אסתי לאודר,DE,עפרון עיניים,יחידה,1.00,יחידה,false,1,135.00,135.00,true,1,
887167533295,false,"מייק-אפ בגימור מאט 30מ""ל",אסתי לאודר,BE,מייק אפ מאט,מיליליטרים,30.00,"100 מ""ל",false,0,235.00,783.33,true,1,
887167539525,false,אסתי לאודר סופרים+ קרם לחות לפנים 75 מל,אסתי לאודר,US,קרם לחות לפנים,מיליליטרים,75.00,"100 מ""ל",false,1,640.00,853.33,true,1,
887167539594,false,אסתי לאודר סופרים+ קרם לילה לשיקום אינטי,אסתי לאודר,US,קרם לילה לשיקום,מיליליטרים,50.00,"100 מ""ל",false,1,540.00,1080.00,true,1,
887167560581,false,מייק-אפ Futurist2C1Porc,,CA,מייק-אפ Futurist,מיליליטרים,35.00,"100 מ""ל",false,1,230.00,657.14,true,1,
887167565685,false,Goddess Bronze לייט 01 י,,US,Goddess Bronze ל,יחידה,1.00,יחידה,false,1,250.00,250.00,true,1,
887167570092,false,אסתי לאודר רה נוטריב קרם לחות עשיר ויוקר,אסתי לאודר,GB,קרם לחות,מיליליטרים,50.00,"100 מ""ל",false,0,1575.00,3150.00,true,1,
887167575943,false,תיק טיפוח יוקרתי 4 פריטי,,FR,תיק טיפוח יוקרתי,יחידה,1.00,יחידה,false,1,59.90,59.90,true,1,
887167617513,false,תיק מתנה 4 פריטים .,אסתי לאודר,CN,תיק מתנה 4 פריטי,יחידה,1.00,יחידה,false,1,49.00,49.00,true,1,
888066075114,false,Blanc Soleil Deאדט100מל,,US,Bl Soleil De Eau,מיליליטרים,100.00,"100 מ""ל",false,1,685.00,685.00,true,1,
888066077446,false,"מבשם גוף לגבר 150 מ""ל",טום פורד,FR,"מבשם גוף 150 מ""ל",מיליליטרים,150.00,"100 מ""ל",false,1,195.00,130.00,true,1,
888066089272,false,"מטאליק אדפ 50 מ""ל",,IL,מטאליק אדפ,מיליליטרים,50.00,"100 מ""ל",false,1,570.00,1140.00,true,1,
888849000005,false,חטיף חלבון בטעם עוגיות עם קרם,סיטי תוספי מזון,US,קווסט חטיף חלבון,גרמים,60.00,100 גרם,false,1,19.90,33.17,true,1,
888849001224,false,קווסט חטיף חלבון סמורס,סיטי תוספי מזון,IL,קווסט חטיף חלבון,גרמים,60.00,100 גרם,false,1,19.90,33.17,true,1,
889809000554,false,הפינוק האולטימטיבי יח',,PL,הפינוק האולטימטי,יחידה,1.00,יחידה,false,1,249.00,249.00,true,1,
889809001407,false,גלאם גלואו מסכת לחות שיקום והרגעה 50 גרם,גלאם גלואו,US,מסכת לחות שיקום,גרמים,50.00,100 גרם,false,1,209.00,418.00,true,1,
889809008529,false,קרם לחות עשיר באומגה יח',גלאם גלואו,US,קרם לחות עשיר בא,מיליליטרים,50.00,"100 מ""ל",false,1,219.00,438.00,true,1,
896364002763,false,מרכך לשיקום השיער250מל,,US,מרכך לשיקום כל ס,מיליליטרים,250.00,"100 מ""ל",false,1,149.00,59.60,true,1,
3014260007867,false,מברשות שיניים אורל ב,פרוקטר & גמבל,IL,מ. שיניים סופט P,יחידה,1.00,יחידה,false,1,24.90,24.90,true,1,
3014260100667,false,אורל בי מברשת שיניים ילדים 3-5 שנים,פרוקטר אנד גמבל,IE,מברשת השיניים,יחידה,1.00,יחידה,false,1,13.90,13.90,true,1,
3014260100698,false,אורל בי מברשת שיניים ילדים 6-12 שנים,פרוקטר אנד גמבל,IE,אורל בי לילדים,יחידה,1.00,יחידה,false,1,13.90,13.90,true,1,
3014260102043,false,אורל בי זוג מברשות לניקיון החניכיים,פרוקטר אנד גמבל,DE,מב.שיניים לטיהור,יחידה,1.00,יחידה,false,1,35.90,35.90,true,1,
3014260201753,false,סכיני גילוח ג'ילט בלו 2 להבים - מארז 5 יח',פרוקטר אנד גמבל,PL,"סכיני גילוח ח""פ",יחידה,1.00,יחידה,false,0,13.90,13.90,true,1,
3014260228842,false,"קצף גילוח ג'ילט לעור רגיל 200 מ""ל",מולינו ניקולי s.p.a,GB,קצף גילוח ג'ילט,מיליליטרים,200.00,"100 מ""ל",false,0,14.90,7.45,true,1,
3014260240226,false,"קצף גילוח ג'ילט לעור רגיש 200 מ""ל",מולינו ניקולי s.p.a,GB,קצף גילוח ג'ילט,מיליליטרים,200.00,"100 מ""ל",false,0,14.90,7.45,true,1,
3014260243531,false,ג'ילט מאך 3 סכינים 4 יח',פרוקטר אנד גמבל,PL,סכיני גילוח מא,יחידה,1.00,יחידה,false,0,58.90,58.90,true,1,
3014260262709,false,סכיני גילוח לאישה 3 להבים,ג'ילט ונוס Gillette Venus,DE,סכיני גילוח ונ,יחידה,1.00,יחידה,false,0,49.90,49.90,true,1,
3014260280772,false,אורל בי חוט דנטלי אסנשיאל מנטה שעווה 50מ',פרוקטר אנד גמבל,IE,חוט דנטלי אורלB-,מטרים,50.00,מטר,false,0,17.90,0.36,true,1,
3014260289287,false,סכין גילוח גילט בלו 2 לנשים-חמישייה,פרוקטר אנד גמבל,RU,סכיני גילוח,יחידה,1.00,יחידה,false,0,15.90,15.90,true,1,
3014260836665,false,אורל בי פרו אקספרט להגנה מקיפה 35 רך זוג,פרוקטר אנד גמבל,IE,מברשת אורל בי,יחידה,1.00,יחידה,false,1,34.90,34.90,true,1,
3045140105502,false,שוקולד מילקה חלב 100 גרם,מנדלז דויצ'\לנד סנקס פרו,DE,שוקולד חלב מילקה,גרמים,100.00,100 גרם,false,0,8.90,8.90,true,1,
3045140105526,false,מילקה מאגדת שוקולד מילקה חלב 5*100 גרם,מנדלז דויצ'\לנד סנקס פרו,DE,שוקולד מילקה 5יח,גרמים,500.00,100 גרם,false,1,30.90,6.18,true,1,
3059944021197,false,"ויט קרם להסרת שיער לעור רגיש (אריזת חיסכון) 400 מ""ל",רקיט בנקיזר צרפת,FR,מסיר שיער ויט,מיליליטרים,400.00,"100 מ""ל",false,0,58.90,14.73,true,1,
3059944022415,false,רצועות שעווה מוכנות לשימוש מועשרת בתמציות ובניחוח ורדים,רקיט בנקיזר צרפת,FR,ויט רצועות,יחידה,1.00,יחידה,false,0,38.90,38.90,true,1,
3137370180760,false,נינה א.אדט80 מ'ל,PUIG בישום,ES,נינה א.אדט80 מ'ל,מיליליטרים,80.00,"100 מ""ל",false,0,209.00,261.25,true,1,
3137370310099,false,נינה ריצ'י-ריצ'י בי 80מל,PUIG בישום,IL,נינה ריצ'י-ריצ'י,מיליליטרים,80.00,"100 מ""ל",false,0,249.00,311.25,true,1,
3141360054405,false,פיניש מפיץ ריח למדיח בניחוח לימון וליים,הדקלאים אגודת שיתופי,HU,מפיץ ריח למדיח,יחידה,1.00,יחידה,false,1,10.90,10.90,true,1,
3145891074505,false,"בלו דה שאנל פיור פרפיום לגבר 50 מ""ל- שאנל",שאנל בישום,IL,בלו דה שאנל ג.אד,מיליליטרים,50.00,"100 מ""ל",false,0,369.00,738.00,true,1,
3145891112603,false,קריסטל או וורט א.אדט100,שאנל בישום,IL,קריסטל או וורט א,מיליליטרים,100.00,"100 מ""ל",false,0,635.00,635.00,true,1,
3145891164602,false,קוקו מדמואזל אדט ספריי,שאנל בישום,IL,קוקו מדמואזל אדט,מיליליטרים,100.00,"100 מ""ל",false,0,589.00,589.00,true,1,
3145891165203,false,שאנל מדמוזאל א.ד.פ (א) 100 מ''ל,שאנל,US,קוקו מדמוזל שאנל,מיליליטרים,100.00,"100 מ""ל",false,1,689.00,689.00,true,1,
3145891165708,false,"שאנל מדמוזל א.ד.פ 200 מ""ל",שאנל בישום,IL,קוקו מדמואזל אדפ,מיליליטרים,200.00,"100 מ""ל",false,0,1100.00,550.00,true,1,
3145891168303,false,קוקו מדמואזל קרם גוף 150,שאנל בישום,IL,קוקו מדמואזל קרם,גרמים,150.00,100 גרם,false,0,385.00,256.67,true,1,
3145891169508,false,קוקו מדמואזל,שאנל בישום,IL,קוקו מדמואזל,מיליליטרים,200.00,"100 מ""ל",false,0,270.00,135.00,true,1,
3145891204254,false,שאנל גבריאל אשה אדפ50מל,שאנל בישום,IL,שאנל גבריאל א.אד,מיליליטרים,50.00,"100 מ""ל",false,0,499.00,998.00,true,1,
3145891205251,false,שאנל גבריאל אשה אדפ100מל,שאנל בישום,FR,שאנל גבריאל א.אד,מיליליטרים,100.00,"100 מ""ל",false,0,689.00,689.00,true,1,
3145891206203,false,"גבריאל אסנס אדפ 50 מ""ל",,FR,גבריאל אסנס אדפ,מיליליטרים,50.00,"100 מ""ל",false,1,499.00,998.00,true,1,
3145891206302,false,"גבריאל אסנס אדפ 100 מ""ל",,FR,גבריאל אסנס אדפ,מיליליטרים,100.00,"100 מ""ל",false,1,689.00,689.00,true,1,
3145891236408,false,"אלור הום ספורט 150 מ""ל",שאנל בישום,IL,אלור הום ספורט,מיליליטרים,150.00,"100 מ""ל",false,0,589.00,392.67,true,1,
3145891263107,false,"שאנל צאנס או טנדר 50 מ""ל",שאנל בישום,IL,שאנל צאנס או טנד,מיליליטרים,50.00,"100 מ""ל",false,0,425.00,850.00,true,1,
3145891264203,false,"צ'אנס א.אדפ ספריי 50מ""ל",שאנל בישום,IL,צ'אנס א.אדפ ספרי,מיליליטרים,50.00,"100 מ""ל",false,0,498.00,996.00,true,1,
3145891265507,false,"צ'אנס או ויו אדט 50מ""ל",שאנל בישום,IL,צ'אנס או ויו אדט,מיליליטרים,50.00,"100 מ""ל",false,0,425.00,850.00,true,1,
3145891364200,false,"שאנל צ'אנס א.ד.פ ירוק פריץ' 100 מ""ל",שאנל בישום,IL,צ'אנס או פראש אד,מיליליטרים,100.00,"100 מ""ל",false,0,589.00,589.00,true,1,
3147758029383,false,Miracle א.ד.פ לאשה 100מל,לנקום בישום,,Miracle א.ד.פ,מיליליטרים,100.00,"100 מ""ל",false,0,319.00,319.00,true,1,
3147758030297,false,לנקום קונפורט טוניק מ.פנים 400 מל,General,FR,אבסולו סופט,מיליליטרים,400.00,"100 מ""ל",false,1,239.00,59.75,true,1,
3147758034929,false,Tresor א.ד.פ לאשה 100מל,לנקום בישום,FR,E.D.P Tresor,מיליליטרים,100.00,"100 מ""ל",false,1,319.00,319.00,true,1,
3147758155112,false,Poeme אדפ ספריי אשה100מל,לנקום,FR,Poeme אדפ ספריי,מיליליטרים,100.00,"100 מ""ל",false,0,309.00,309.00,true,1,
3147758180510,false,עיניים קוהל ווטרפרוף 01,לנקום,IL,עיניים קוהל ווטר,יחידה,1.00,יחידה,false,0,129.00,129.00,true,1,
3147758235500,false,לנקום היפנוז א.ד.פ 75 מ''ל,לנקום בישום,FR,Hypnose א.ד.פ,מיליליטרים,75.00,"100 מ""ל",false,1,319.00,425.33,true,1,
3147758873016,false,ארטליינר 01,לנקום,IL,ארטליינר 01,יחידה,1.00,יחידה,false,0,189.00,189.00,true,1,
3274870373251,false,"אנג' או דמון אדפ 50 מ""ל",ג'יבנשי בישום,IL,אנג' או דמון אדפ,מיליליטרים,50.00,"100 מ""ל",false,0,349.00,698.00,true,1,
3274870373268,false,אנג' או דמון אדפ100 מל,ג'יבנשי בישום,IL,אנג' או דמון אדפ,מיליליטרים,100.00,"100 מ""ל",false,0,409.00,409.00,true,1,
3274872272897,false,ג'נטלמן אונלי אינטנס ג10,ג'יבנשי בישום,IL,ג'נטלמן אונלי אי,מיליליטרים,100.00,"100 מ""ל",false,0,369.00,369.00,true,1,
3274872297739,false,קנזו אינטנס ג.אדפ100,אלפא בישום,IL,קנזו אינטנס ג.אד,מיליליטרים,100.00,"100 מ""ל",false,0,349.00,349.00,true,1,
3274872311985,false,קנזו אלקסיר א.אדפ50,אלפא בישום,IL,קנזו אלקסיר א.אד,מיליליטרים,50.00,"100 מ""ל",false,0,349.00,698.00,true,1,
3274872311992,false,קנזו אלקסיר א.אדפ100,אלפא בישום,IL,קנזו אלקסיר א.אד,מיליליטרים,100.00,"100 מ""ל",false,0,479.00,479.00,true,1,
3274872313132,false,וי.אי.גי לייב א.אדפ 75מל,ג'יבנשי בישום,IL,וי.אי.גי לייב א.,מיליליטרים,75.00,"100 מ""ל",false,0,349.00,465.33,true,1,
3274872323483,false,קנזו וורלד א.אדפ50,אלפא בישום,IL,קנזו וורלד א.אדפ,מיליליטרים,50.00,"100 מ""ל",false,0,329.00,658.00,true,1,
3274872323872,false,קנזו הום אדפ לגבר100מל,קנזו,FR,קנזו הום אדט,מיליליטרים,100.00,"100 מ""ל",false,0,384.00,384.00,true,1,
3274872350847,false,דליה דיווין ניוד,ג'יבנשי בישום,IL,דליה דיווין ניוד,מיליליטרים,75.00,"100 מ""ל",false,0,493.00,657.33,true,1,
3274872365933,false,דליה דיווין אינציאל אדט,אלפא בישום,IL,דליה דיווין אינצ,מיליליטרים,50.00,"100 מ""ל",false,1,299.00,598.00,true,1,
3274872368026,false,"ג'נטלמן אדפ 100 מ""ל",אלפא בישום,IL,ג'נטלמן אדפ,מיליליטרים,100.00,"100 מ""ל",false,1,379.00,379.00,true,1,
3274872372146,false,"לאינטדריט ג'יבנשי 50 מ""ל",ג'יבנשי בישום,FR,לאינטדריט ג'יבנש,מיליליטרים,50.00,"100 מ""ל",false,1,359.00,718.00,true,1,
3274872388246,false,"לאינטרדי אדט 80 מ""ל",ג'יבנשי בישום,FR,"לאינטרדי 80 מ""ל",מיליליטרים,80.00,"100 מ""ל",false,1,439.00,548.75,true,1,
3274872400726,false,"אירזיסטיבל אדפ 50 מ""ל",,IL,אירזיסיטבל אדפ,מיליליטרים,50.00,"100 מ""ל",false,1,349.00,698.00,true,1,
3274872419308,false,גיבנשי אירזיסטיבל אדט 50,,FR,גיבנשי אירזיסטיב,מיליליטרים,50.00,"100 מ""ל",false,1,359.00,718.00,true,1,
3274872441057,false,"גנטלמן אדפ בואיזה לגבר 100 מ""ל",,FR,ג'נטלמן בואיזה,מיליליטרים,100.00,"100 מ""ל",false,1,459.00,459.00,true,1,
3346130013457,false,"טר דה הרמס אדט200מ""ל",,FR,D'HERMES TERRE,מיליליטרים,200.00,"100 מ""ל",false,1,599.00,299.50,true,1,
3346130013501,false,"הרמס אדפ 200 מ""ל",,FR,"הרמס אדפ 200 מ""ל",מיליליטרים,200.00,"100 מ""ל",false,1,799.00,399.50,true,1,
3346131400003,false,"הרמס ג.אדט 100 מ""ל",רוסמן-קוסמטיקה,FR,D'hermes Terre,מיליליטרים,100.00,"100 מ""ל",false,0,369.00,369.00,true,1,
3346131796861,false,"הרמס מרווליס אדט 100 מ""ל",,FR,הרמס אדט לאשה,מיליליטרים,100.00,"100 מ""ל",false,1,499.00,499.00,true,1,
3346132301149,false,"זיור אדט לאישה 90 מ""ל",,FR,זיור אדט לאישה,מיליליטרים,90.00,"100 מ""ל",false,1,390.00,433.33,true,1,
3346470114746,false,"פטיט רוב נואר אדט 100מ""ל",גרלן בישום,IL,פטיט רוב נואר אד,מיליליטרים,100.00,"100 מ""ל",false,0,601.00,601.00,true,1,
3346470132900,false,גרלן אינסולנס א.ד.ט100מל,גרלן בישום,FR,גרלן אינסולנס א.,מיליליטרים,100.00,"100 מ""ל",false,0,617.00,617.00,true,1,
3346470301863,false,"הום אידאל ג.אדט 100 מ""ל",גרלן בישום,IL,הום אידאל ג.אדט,מיליליטרים,100.00,"100 מ""ל",false,0,513.00,513.00,true,1,
3348900012219,false,"דיור פרהנייט א.ד.ט 100 מ""ל",כריסטיאן דיור,FR,פרנהייט א.ד.ט,מיליליטרים,100.00,"100 מ""ל",false,0,429.00,429.00,true,1,
3348900417878,false,דיור ז'אדור (א) א.ד.פ 100 מ''ל,כריסטיאן דיור,FR,בושם ז'אדור,מיליליטרים,100.00,"100 מ""ל",false,0,587.00,587.00,true,1,
3348900627482,false,"סוואזי אדט לגבר 200 מ""ל",,FR,סוואזי אדט לגבר,מיליליטרים,200.00,"100 מ""ל",false,1,620.00,310.00,true,1,
3348901237116,false,"זאדור אדפ 150 מ""ל",,IL,זאדור אדפ,מיליליטרים,150.00,"100 מ""ל",false,1,749.00,499.33,true,1,
3348901486385,false,"דיור סוואג' *פרפיום 100 מ""ל",כריסטיאן דיור,FR,SAUVAGE פרפיום,מיליליטרים,100.00,"100 מ""ל",false,0,609.90,609.90,true,1,
3348901487528,false,"ג'וי אינטס אדפ 90 מ""ל",,FR,ג'וי אינטס אדפ,מיליליטרים,90.00,"100 מ""ל",false,1,549.00,610.00,true,1,
3348901507653,false,מיס דיור רוז רוזס 100מל,,FR,מיס דיור רוז,מיליליטרים,100.00,"100 מ""ל",false,1,489.00,489.00,true,1,
3349666007921,false,וואן מיליון One Million א.ד.ט לגבר,פאקו רבאן Paco Rabanne,IL,MILLION 1 א.ד.ט,מיליליטרים,100.00,"100 מ""ל",false,0,249.00,249.00,true,1,
3349668021246,false,Homme Pour א.ד.ט לגבר,לילית בישום,,Homme Pour א.ד.ט,מיליליטרים,200.00,"100 מ""ל",false,0,179.00,89.50,true,1,
3349668508488,false,MILLION Lady א.ד.פ אשה50,PUIG בישום,IL,MILLION Lady,מיליליטרים,50.00,"100 מ""ל",false,0,239.00,478.00,true,1,
3349668515660,false,"אינוויקטוס Invictus א.ד.ט לגבר 100 מ""ל",פאקו רבאן Paco Rabanne,FR,INVICTUS א.ד.ט,מיליליטרים,100.00,"100 מ""ל",false,0,289.00,289.00,true,1,
3349668528660,false,Olympea א.ד.פ לאשה 50 מל,לילית בישום,IL,Olympea א.ד.פ,מיליליטרים,50.00,"100 מ""ל",false,0,259.00,518.00,true,1,
3349668543113,false,אולימפייה אינ.אדפ א50.מל,PUIG בישום,IL,אולימפייה אינ.אד,מיליליטרים,50.00,"100 מ""ל",false,0,329.00,658.00,true,1,
3349668545667,false,"פיור אקסס 50 מ""ל",,FR,פיור אקסס,מיליליטרים,50.00,"100 מ""ל",false,1,269.00,538.00,true,1,
3349668559558,false,מארז ליידי מיליון יח',,FR,מארז ליידי מיליו,יחידה,1.00,יחידה,false,1,329.00,329.00,true,1,
3349668562169,false,סט ליידי מיליון 1 יחידה,,FR,סט ליידי מיליון,יחידה,1.00,יחידה,false,1,349.00,349.00,true,1,
3349668563227,false,אולימפיה אקווה אדפ 50 מל,,FR,אולימפיה אקווה,מיליליטרים,50.00,"100 מ""ל",false,1,269.00,538.00,true,1,
3349668573844,false,NIGHT XS PURE א.ד.פ 100מ,לילית בישום,FR,ed night xs pure,מיליליטרים,100.00,"100 מ""ל",false,1,299.00,299.00,true,1,
3349668576111,false,"בלאק אקסס אדט 100 מ""ל",,FR,בלאק אקסס אדט,מיליליטרים,100.00,"100 מ""ל",false,1,229.00,229.00,true,1,
3349668581139,false,ליידי מיליון מארז,,FR,ליידי מיליון מאר,יחידה,1.00,יחידה,false,1,369.00,369.00,true,1,
3349668582679,false,אולימפיה מארז,,ES,אולימפיה מארז,יחידה,1.00,יחידה,false,1,429.00,429.00,true,1,
3349668585694,false,"ליידי מיליון אדפ 80 מ""ל",,IL,ליידי מיליון אדפ,מיליליטרים,80.00,"100 מ""ל",false,1,279.00,348.75,true,1,
3349668589678,false,"INVICTUS אדט 200 מ""ל",,FR,INVICTUS אדט,מיליליטרים,200.00,"100 מ""ל",false,1,379.00,189.50,true,1,
3349668594412,false,PACO RABANNE - FAME EDP 80ML WOMEN,PUIG בישום,FR,FAME א.ד.פ לאשה,מיליליטרים,80.00,"100 מ""ל",false,1,450.00,562.50,true,1,
3349668597093,false,מארז אינויקטוס לגבר,,FR,מארז אינויקטוס ל,יחידה,1.00,יחידה,false,1,349.00,349.00,true,1,
3349668599417,false,"אולימפיה סולאראדפ 80 מ""ל",,FR,SOLAR OLYMPEA אד,מיליליטרים,80.00,"100 מ""ל",false,1,349.00,436.25,true,1,
3349668603671,false,million lady א.ד.פ. אישה,PUIG בישום,FR,million lady א.ד,יחידה,1.00,יחידה,false,1,390.00,390.00,true,1,
3351500001606,false,"אזארו מדמוזל אדט 50 מ""ל",P&G לילית,FR,אזארו מדמוזל אדט,מיליליטרים,50.00,"100 מ""ל",false,1,149.00,298.00,true,1,
3351500011469,false,"azzarro אדט 200 מ""ל",,FR,azzarro אדט,מיליליטרים,200.00,"100 מ""ל",false,1,279.00,139.50,true,1,
3351500011476,false,"אזארו אדט 100 מ""ל",,FR,azzarro אדט,מיליליטרים,100.00,"100 מ""ל",false,1,199.00,199.00,true,1,
3351500016617,false,"אזארו וואנטד 100 מ""ל",,IL,אזארו וואנטד,מיליליטרים,100.00,"100 מ""ל",false,1,199.00,199.00,true,1,
3355991002319,false,בוגארט (ג) סילבר סנט אדט 100מל,אלפא בישום,FR,סילבר סנט אדט,מיליליטרים,100.00,"100 מ""ל",false,0,129.00,129.00,true,1,
3355991004924,false,pure scent silver אדט100,אלפא בישום,FR,scent silver,מיליליטרים,100.00,"100 מ""ל",false,1,99.00,99.00,true,1,
3355991004979,false,בוגרט קלאב 75 ג.אדט100מל,בוגרט בישום,IL,בוגרט קלאב 75 ג.,מיליליטרים,100.00,"100 מ""ל",false,0,149.00,149.00,true,1,
3355991005402,false,"קאלב VIP 75 100 מ""ל",,FR,קאלב VIP 75,מיליליטרים,100.00,"100 מ""ל",false,1,149.00,149.00,true,1,
3355991005440,false,"bay santa אדט 100 מ""ל",,IL,bay santa אדט,מיליליטרים,100.00,"100 מ""ל",false,1,149.00,149.00,true,1,
3355992000260,false,לפידוס (ג) אדט 100מל,אלפא בישום,FR,Lapidus Ted אדט,מיליליטרים,100.00,"100 מ""ל",false,0,99.00,99.00,true,1,
3355992008341,false,פוקר פייס טד לפידוס 100,אליזבת ארדן,FR,פוקר פייס טד,מיליליטרים,100.00,"100 מ""ל",false,1,178.00,178.00,true,1,
3355992008488,false,א.ד.ט לגבר200מHOMME POUR,אלפא בישום,FR,LAPIDUS TED,מיליליטרים,200.00,"100 מ""ל",false,1,169.00,84.50,true,1,
3355992008839,false,"INTENSE LUI POUR 100 מ""ל",,FR,INTENSE LUI POUR,מיליליטרים,100.00,"100 מ""ל",false,1,199.00,199.00,true,1,
3360370512044,false,"אנאיס אדט 30מ""ל",אינטרביוטי-בישו,IL,אנאיס אדט,מיליליטרים,30.00,"100 מ""ל",false,0,149.00,496.67,true,1,
3360372078500,false,Gio Di Acqua אדט גבר200מ,לנקום בישום,FR,Gio Di Acqua אדט,מיליליטרים,200.00,"100 מ""ל",false,1,499.00,249.50,true,1,
3360373063680,false,קשארל אמור אמור א.ד.ט 100 מ''ל,קשארל,FR,AMOR AMOR א.ד.ט,מיליליטרים,100.00,"100 מ""ל",false,0,209.00,209.00,true,1,
3360374533205,false,קשארל אנאיס א.ד.ט 100 מ''ל,לנקום בישום,FR,Anais Anais אדט,מיליליטרים,100.00,"100 מ""ל",false,1,219.00,219.00,true,1,
3360375006432,false,"ארמני קוד אדט לגבר 125 מ""ל - ג'ורג'יו ארמני",לנקום בישום,FR,Code Armani אדט,מיליליטרים,125.00,"100 מ""ל",false,1,399.00,319.20,true,1,
3360377002968,false,"ראלף לורן רומנס אדפ 100 מ""ל לאישה",אלפא בישום,US,ROMANCE א.ד.פ לא,מיליליטרים,100.00,"100 מ""ל",false,1,299.00,299.00,true,1,
3365440375079,false,לום ג.לה ניוט אדט100,לנקום בישום,FR,l'hmme nuit la,מיליליטרים,100.00,"100 מ""ל",false,1,339.00,339.00,true,1,
3386460032704,false,מונבלאן לגנד לגבר אדט30מ,מונבלאן,FR,מונבלאן לגנד,מיליליטרים,30.00,"100 מ""ל",false,1,89.00,296.67,true,1,
3386460036528,false,"HOME JAIPUR אדפ 100 מ""ל",רבלון בישום,FR,HOME JAIPUR אדפ,מיליליטרים,100.00,"100 מ""ל",false,1,399.00,399.00,true,1,
3386460058728,false,"אמבלם אדט לגבר 100 מ""ל - מונט בלאנק",רבלון בישום,IL,EMBLEM אדט לגבר,מיליליטרים,100.00,"100 מ""ל",false,1,298.00,298.00,true,1,
3386460064118,false,ג'ימי צ'ו לגבר אדט 100 מ,דקלאור בישום,IL,ג'ימי צ'ו ג. אדט,מיליליטרים,100.00,"100 מ""ל",false,0,314.00,314.00,true,1,
3386460066181,false,מונבלאנק אמבלם ליידי א.75,מונבלאן,FR,EMBLEM Lady לאשה,מיליליטרים,75.00,"100 מ""ל",false,1,298.00,397.33,true,1,
3386460078870,false,ג'ימי צ'ו אינטנס ג.אדט100,דקלאור בישום,FR,INTENSE א.ד.ט.,מיליליטרים,100.00,"100 מ""ל",false,0,259.00,259.00,true,1,
3386460095341,false,קואץ פלורל אישה אדפ 90מל,רבלון בישום,IL,קואץ פלורל אדפ90,מיליליטרים,90.00,"100 מ""ל",false,1,363.00,403.33,true,1,
3386460098144,false,"רושס אדט 100 מ""ל",,IL,רושס אדט,מיליליטרים,100.00,"100 מ""ל",false,1,319.00,319.00,true,1,
3386460101035,false,"מון בלאן אקספלורר אדפ 100 מ""ל לגבר",אינטר פרמיום,FR,Explorer א.ד.פ,מיליליטרים,100.00,"100 מ""ל",false,1,259.00,259.00,true,1,
3386460103657,false,לנוון גירל אין קפרי אדט,,FR,לנוון גירל אין ק,מיליליטרים,90.00,"100 מ""ל",false,1,249.00,276.67,true,1,
3386460103688,false,"גימי צו פלורל 90 מ""ל",,FR,גימי צו פלורל,מיליליטרים,90.00,"100 מ""ל",false,1,249.00,276.67,true,1,
3386460104388,false,מארז גימי צו' יח',,IL,מארז גימי צו' בל,יחידה,1.00,יחידה,false,1,299.00,299.00,true,1,
3386460104623,false,גירל אין קפרי ופאוץ יח',,FR,גירל אין קפרי ופ,יחידה,1.00,יחידה,false,1,19.90,19.90,true,1,
3386460105941,false,קואץ פלטינום מארז יח',,IL,קואץ קואץ פלטינו,יחידה,1.00,יחידה,false,1,249.00,249.00,true,1,
3386460108157,false,קואץ פלורל בלאש אישה מתנ,,FR,קואץ פלורל בלאש,יחידה,1.00,יחידה,false,1,49.90,49.90,true,1,
3386460113588,false,"מונט בלאנק סיגנצ'ר א.ד.פ 90 מ""ל",,FR,מונבלאן סיגנצ'ר,מיליליטרים,90.00,"100 מ""ל",false,1,249.00,276.66,true,1,
3386460114226,false,E.DARPEG LANVIN מארז יח',,FR,E.DARPEG LANVIN,יחידה,1.00,יחידה,false,1,329.00,329.00,true,1,
3386460117500,false,מארז קואץ פלטינום לגבר,,FR,מארז קואץ פלטינו,יחידה,1.00,יחידה,false,1,310.00,310.00,true,1,
3386460121514,false,"אקספלורר אולטרה בלו אדפ לגבר 100 מ""ל",,FR,מונבלאן אקספלורר,מיליליטרים,100.00,"100 מ""ל",false,1,249.00,249.00,true,1,
3386460124652,false,מארז קואץ דרים אדפ לאשה,אינטר פרמיום,FR,קואץ דרים סט,יחידה,1.00,יחידה,false,1,269.00,269.00,true,1,
3386460127219,false,לה פלר סאני מגנוליה אדט,,FR,לה פלר סאני מגנו,מיליליטרים,90.00,"100 מ""ל",false,1,179.00,198.89,true,1,
3386460128308,false,ECLAT LANVIN מארז לאשה,,FR,ECLAT LANVIN מאר,יחידה,1.00,יחידה,false,1,259.00,259.00,true,1,
3386460130370,false,מארז לג'נד לגבר אדפ,אינטר פרמיום,FR,LEGEND סט לגבר,יחידה,1.00,יחידה,false,1,299.00,299.00,true,1,
3386460130813,false,מארז ג'ימי צ'ו אדפ מארז,אינטר פרמיום,FR,מארז ג'ימי צ'ו א,יחידה,1.00,יחידה,false,1,309.00,309.00,true,1,
3386460130851,false,מארז ג'ימי צ'ו אדפ מארז,אינטר פרמיום,FR,מארז ג'ימי צ'ו א,יחידה,1.00,יחידה,false,1,359.00,359.00,true,1,
3386461517033,false,קרם גוף לנוון אקלט 150מל,,FR,קרם גוף לנוון אק,מיליליטרים,150.00,"100 מ""ל",false,1,69.90,46.60,true,1,
3390150560019,false,פאיו.איוני סקין קרם יום,פאיו,IL,פאיו.איוני סקין,מיליליטרים,50.00,"100 מ""ל",false,0,178.00,356.00,true,1,
3390150561603,false,קוניסלר ליבוש פצעים,לילית,FR,קוניסלר ליבוש פצ,יחידה,1.00,יחידה,false,1,79.00,79.00,true,1,
3390150568688,false,פאיו סרום הידרה 24+ לחות ליום ולילה,לילית,FR,סרום הידרה 24 +,מיליליטרים,125.00,"100 מ""ל",false,1,109.00,87.20,true,1,
3390150569463,false,פאיו בלו טכני ליס סרום 30 מל,לילית,FR,בלו טכני ליס סרו,מיליליטרים,30.00,"100 מ""ל",false,1,165.00,550.00,true,1,
3390150570681,false,פאיו מסיר איפור עיניים 125 מל,לילית,FR,מסיר איפור,מיליליטרים,400.00,"100 מ""ל",false,1,69.00,17.25,true,1,
3412242508027,false,נאוטיקה בלו אדט גבר100מל,סופטאץ בישום,IL,נאוטיקה בלו אדט,מיליליטרים,100.00,"100 מ""ל",false,0,79.00,79.00,true,1,
3414202011752,false,"קול ווטר Cool Water לאישה א.ד.ט 100 מ""ל",דווידוף Davidoff,,דוידוף לאישה א,מיליליטרים,100.00,"100 מ""ל",false,0,189.00,189.00,true,1,
3414202011769,false,דוידוף קול ווטר אשה אדט 50 מל,לנקסט.ביש.לילית,IL,קול ווטר אדט,מיליליטרים,50.00,"100 מ""ל",false,0,149.00,298.00,true,1,
3414204200949,false,"ניקוס סקלפצ'ר פיור הום - א.ד.ט 100 מ""ל",סקלפצ'ר SCULPTURE,IL,SCULPTURE א.ד.ט,מיליליטרים,100.00,"100 מ""ל",false,0,98.00,98.00,true,1,
3414206000608,false,"ג'ופ (יופ!) הום (ג) א.ד.ט 125 מ""ל",לילית בישום,FR,יופ א.ד.ט לגבר,מיליליטרים,125.00,"100 מ""ל",false,0,98.00,78.40,true,1,
3423222009816,false,זדיג דיס איז אס אדט 100מ,,FR,זדיג דיס איז אס,מיליליטרים,100.00,"100 מ""ל",false,1,319.00,319.00,true,1,
3423222010690,false,מיאקי לאו דיסי סט לגבר,,FR,מיאקי לאו דיסי ס,יחידה,1.00,יחידה,false,1,330.00,330.00,true,1,
3423222012700,false,"נרסיסו רודריגז מאסק נואר א.ד.פ 100 מ""ל",פרסטיג' שיסיידו,FR,נרסיסו פור הר מא,מיליליטרים,100.00,"100 מ""ל",false,1,399.00,399.00,true,1,
3423222012816,false,"נרולי אמברה אדט לאישה 90 מ""ל נרסיסו רודריגז",,FR,נרסיסו אומברה אד,מיליליטרים,90.00,"100 מ""ל",false,1,459.00,510.00,true,1,
3423222015763,false,"דה וואן גולד אדפ לאישה 75 מ""ל",,FR,GOLD ONE THE א.,מיליליטרים,75.00,"100 מ""ל",false,1,428.00,570.66,true,1,
3423222015961,false,"לייט בלו פוראבר אדפ50מ""ל",,FR,לייט בלו פוראבר,מיליליטרים,50.00,"100 מ""ל",false,1,259.00,518.00,true,1,
3423222048020,false,מגנוליה אינטנס אדט 100מל,,FR,מגנוליה אינטנס א,מיליליטרים,100.00,"100 מ""ל",false,1,299.00,299.00,true,1,
3423222048310,false,זדיג וייבס אוף פרידו100מ,,FR,זדיג וייבס אוף פ,מיליליטרים,100.00,"100 מ""ל",false,1,269.00,269.00,true,1,
3423222048358,false,זדיג וייבס אוף פרידו100מ,,FR,זדיג וייבס אוף פ,מיליליטרים,100.00,"100 מ""ל",false,1,239.00,239.00,true,1,
3423222048556,false,זדיג וייבס אוף קיט יח',,FR,זדיג וייבס אוף ק,יחידה,1.00,יחידה,false,1,19.90,19.90,true,1,
3423222055639,false,קריסטל נרסיסו לאישה 90 מל,פרסטיג' שיסיידו,FR,נרסיסו קריסטל,מיליליטרים,90.00,"100 מ""ל",false,1,399.00,443.33,true,1,
3423222055660,false,נרסיסו קריסטל אדפ רולאון,פרסטיג' שיסיידו,FR,נרסיסו קריסטל רו,יחידה,1.00,יחידה,false,1,4.90,4.90,true,1,
3423222055912,false,נרסיסו פור הר אדפ מארז,פרסטיג' שיסיידו,FR,מארז נרסיסו פור,יחידה,1.00,יחידה,false,1,499.00,499.00,true,1,
3423222055998,false,נרסיסו פור הר זהב 100 מל,פרסטיג' שיסיידו,FR,נרסיסיו פור הר,מיליליטרים,100.00,"100 מ""ל",false,1,499.00,499.00,true,1,
3423222066000,false,דה וואן אדפ אשה מארז,פרסטיג' שיסיידו,FR,דה וואן אדפ מארז,יחידה,1.00,יחידה,false,1,569.00,569.00,true,1,
3423222067472,false,מארז זדיג דיס איז הר אדפ,,FR,זדיג דיס איז הר,מיליליטרים,110.00,"100 מ""ל",false,1,339.00,308.18,true,1,
3423470300161,false,"לאו דאיסי אדט לאישה 100 מ""ל - איסי מיאקי",איסימיאקי.,FR,D'ISSEY L'EAU,מיליליטרים,100.00,"100 מ""ל",false,1,269.00,269.00,true,1,
3423470311365,false,"לאו דאיסי אדט לגבר 125 מ""ל - איסי מיאקי",איסימיאקי.,FR,HOMME POUR לגבר,מיליליטרים,125.00,"100 מ""ל",false,1,319.00,255.20,true,1,
3423470890075,false,נרסיסו פור הר א.בודי קרם,נרסיסו רדריגז,IL,נרסיסו פור הר א.,מיליליטרים,150.00,"100 מ""ל",false,0,249.00,166.00,true,1,
3423473020165,false,"פלורל דרופ 75 מ""ל",דקלאור,IL,פלורל דרופ,מיליליטרים,75.00,"100 מ""ל",false,1,432.00,576.00,true,1,
3423473020233,false,"לייט בלו אדט לאישה 100 מ""ל - דולצ'ה וגבאנה",דולצ'ה&גב.שסטוב,IL,blue light א.ד.ט,מיליליטרים,100.00,"100 מ""ל",false,0,299.00,299.00,true,1,
3423473020509,false,"לייט בלו אדט 75 מ""ל",דולצ'ה&גב.שסטוב,IL,לייט בלו אדט,מיליליטרים,75.00,"100 מ""ל",false,0,189.00,252.00,true,1,
3423473020516,false,"לייט בלו אדט לגבר 125 מ""ל - דולצ'ה וגבאנה",דולצ'ה&גב.שסטוב,IL,לייט בלו ג.אדט,מיליליטרים,125.00,"100 מ""ל",false,0,239.00,191.20,true,1,
3423473020653,false,בושם דולצה וגבאנה אדפ 50,דולצ'ה&גב.שסטוב,IL,בושם דולצה אדפ,מיליליטרים,50.00,"100 מ""ל",false,1,355.00,710.00,true,1,
3423473020820,false,INTENSO א.ד.פ לגבר 125מל,דולצ'ה&גב.שסטוב,IL,INTENSO א.ד.פ לג,מיליליטרים,125.00,"100 מ""ל",false,1,449.00,359.20,true,1,
3423473032816,false,לייט בלו אינטנס אדפ,דולצ'ה&גב.שסטוב,FR,לייט בלו אינטנס,מיליליטרים,100.00,"100 מ""ל",false,1,319.00,319.00,true,1,
3423473034445,false,סט דולצה דה וון אדפ יח',דולצ'ה&גב.שסטוב,IL,סט דולצה דה וואן,יחידה,1.00,יחידה,false,1,429.00,429.00,true,1,
3423473047957,false,דה וואן אדט מארז יח',דולצ'ה גבאנה,FR,דה וואן אדט מארז,יחידה,1.00,יחידה,false,1,429.00,429.00,true,1,
3423473048053,false,דולצה דן וון,דולצ'ה גבאנה,FR,דולצה דן וון גבר,מיליליטרים,50.00,"100 מ""ל",false,1,303.00,606.00,true,1,
3423473049456,false,"דולצ'ה גבאנה KING אדט 100 מ""ל לגבר",,FR,K דולצה גבנה,מיליליטרים,100.00,"100 מ""ל",false,1,369.00,369.00,true,1,
3423473053859,false,"נרסיסו אמברה אדפ 50 מ""ל",,IL,נרסיסו אמברה אדפ,מיליליטרים,50.00,"100 מ""ל",false,1,369.00,738.00,true,1,
3423473057154,false,נרסיסו אומברה מארז יח',,FR,נרסיסו אומברה מא,יחידה,1.00,יחידה,false,1,519.00,519.00,true,1,
3423473060857,false,"דיז איז לאב אדפ 100 מ""ל",,IL,דיז איז לאב אדפ,מיליליטרים,100.00,"100 מ""ל",false,1,359.00,359.00,true,1,
3423473095750,false,"גירל אוף נאו שיין 90 מ""ל",,FR,גירל אוף נאו שיי,מיליליטרים,90.00,"100 מ""ל",false,1,329.00,365.56,true,1,
3423473146858,false,דולצ'ה לייט בלו מארז גבר,,FR,דולצ'ה וגבאנה לי,יחידה,1.00,יחידה,false,1,279.00,279.00,true,1,
3423474886258,false,איסימיאקי נואי לגבר,איסימיאקי.,IL,איסימיאקי נואי ל,יחידה,1.00,יחידה,false,0,299.00,299.00,true,1,
3423474891856,false,"דיז איז היר זאדיג אנד וולטר - א.ד.פ 100 מ""ל",זדיג&וולטייר,FR,IS THIS א.ד.פ,מיליליטרים,100.00,"100 מ""ל",false,0,279.00,279.00,true,1,
3423474898053,false,קפסולה קולקשיין אדט 100,רבלון בישום,IL,קפסולה קולקשיין,מיליליטרים,100.00,"100 מ""ל",false,1,269.00,269.00,true,1,
3423478305359,false,anything do can girls 50,זדיג&וולטייר,FR,any do can girls,מיליליטרים,50.00,"100 מ""ל",false,1,248.00,496.00,true,1,
3423478452657,false,א.ד.פ ONE ONLY THE 100,דולצ'ה גבאנה,FR,ONE ONLY THE,מיליליטרים,100.00,"100 מ""ל",false,1,559.00,559.00,true,1,
3423478459458,false,"נו רולז אדט 100 מ""ל",זדיג&וולטייר,FR,נו רולז אדט,מיליליטרים,100.00,"100 מ""ל",false,1,269.00,269.00,true,1,
3423478467712,false,דולצ'ה פאוץ יוקרתי לגבר,שיסיידו בישום,FR,דולצ'ה פאוץ לגבר,יחידה,1.00,יחידה,false,1,49.90,49.90,true,1,
3423478493155,false,מיאקי מארז אדפ יח',,FR,מיאקי מארז אדפ,יחידה,1.00,יחידה,false,1,299.00,299.00,true,1,
3423478502451,false,נרסיסו פודרה מארז,,FR,נרסיסו פודרה,מיליליטרים,90.00,"100 מ""ל",false,1,565.00,627.78,true,1,
3423478504158,false,"פיור מאסק 50 מ""ל",נרסיסו רדריגז,FR,פיור מאסק,מיליליטרים,50.00,"100 מ""ל",false,1,399.00,798.00,true,1,
3423478515956,false,"פיור מאסק אדפ לאישה 100 מ""ל - נרסיסו רודריגז",נרסיסו רדריגז,FR,פיור מאסק נרסיסו,מיליליטרים,100.00,"100 מ""ל",false,1,399.00,399.00,true,1,
3423478563650,false,וואן גריי אינטנס אדט 100,,FR,וואן גריי אינטנס,מיליליטרים,100.00,"100 מ""ל",false,1,428.00,428.00,true,1,
3423478604650,false,ג'נרוס ספריי פלור מאסק,נרסיסו רדריגז,FR,ג'נרוס ספריי פלו,מיליליטרים,75.00,"100 מ""ל",false,1,399.00,532.00,true,1,
3423478818651,false,נרסיסו פלור מאסק א.אדפ50,נרסיסו רדריגז,IL,נרסיסו פלור מאסק,מיליליטרים,50.00,"100 מ""ל",false,0,458.00,916.00,true,1,
3423478845251,false,נרסיסיו פודרה סט 2018 1,נרסיסו רדריגז,IL,נרסיסיו אדפ,יחידה,1.00,יחידה,false,1,582.00,582.00,true,1,
3423478968851,false,דולצה מארז דה וואן 150 מ,,IL,דולצה מארז דה וו,יחידה,1.00,יחידה,false,1,389.00,389.00,true,1,
3423478971752,false,איסימיאקי לאו דיסי 80 מל,,IL,איסימיאקי לאו די,מיליליטרים,80.00,"100 מ""ל",false,1,415.00,518.75,true,1,
3423478973251,false,איסימיאקי מארז יח',,IL,איסימיאקי מארז,יחידה,1.00,יחידה,false,1,389.00,389.00,true,1,
3423478975453,false,מיאקי לאו דיסי אישה מארז,,FR,מיאקי לאו דיסי א,יחידה,1.00,יחידה,false,1,319.00,319.00,true,1,
3430750034333,false,אמור מיו פוראוור אדפ100מ,אלפא בישום,FR,אמור מיו א.ד.פ,מיליליטרים,100.00,"100 מ""ל",false,0,99.00,99.00,true,1,
3439600019568,false,"אליאן קרם גוף 200 מ""ל",,FR,טרי מוגלר אליאן,מיליליטרים,200.00,"100 מ""ל",false,0,249.00,124.50,true,1,
3439600029758,false,"אלייאן אדט לגבר 100 מ""ל",טרי מוגלר בישום,FR,אלייאן אדט,מיליליטרים,100.00,"100 מ""ל",false,1,419.00,419.00,true,1,
3439600037449,false,"אליאן פיוזן אדפ 60 מ""ל",,FR,אליאן פיוזן אדפ,מיליליטרים,60.00,"100 מ""ל",false,1,369.00,615.00,true,1,
3439600056259,false,"ALIEN קרם גוף 200 מ""ל",,IL,ALIEN קרם גוף,מיליליטרים,200.00,"100 מ""ל",false,1,329.00,164.50,true,1,
3439600056815,false,אנג'ל תחליב גוף מבושם,,FR,אנג'ל תחליב גוף,מיליליטרים,200.00,"100 מ""ל",false,1,239.00,119.50,true,1,
3439600056921,false,אליין אדפ ניתן למילוי 60 מל,,FR,אליאן א.ד.פ,מיליליטרים,60.00,"100 מ""ל",false,1,359.00,598.33,true,1,
3439600056969,false,"ALIEN א.ד.פ לאשה 90 מ""ל",,FR,ALIEN א.ד.פ לאשה,מיליליטרים,90.00,"100 מ""ל",false,1,449.00,498.89,true,1,
3439600204094,false,"אנג'ל לאשה א.ד.פ 50 מ""ל",טרי מוגלר,FR,בושם אנג'ל לאשה,מיליליטרים,50.00,"100 מ""ל",false,1,399.00,798.00,true,1,
3439601204611,false,"GODDESS ALIEN אדפ 60 מ""ל",,FR,GODDESS ALIEN אד,מיליליטרים,60.00,"100 מ""ל",false,1,379.00,631.66,true,1,
3439602807613,false,"אליאן אקס.אורדינרי 90מ""ל",אור ברקת בישום,IL,אליאן אקס.אורדינ,מיליליטרים,90.00,"100 מ""ל",false,0,470.00,522.22,true,1,
3439602807699,false,"אליאן אקס.אורדינרי 90מ""ל",אור ברקת בישום,IL,אליאן אקס.אורדינ,מיליליטרים,90.00,"100 מ""ל",false,0,400.00,444.44,true,1,
3473311961006,false,או דה סוואר אדפ50מל,סיסלי בישום,FR,או דה סוואר אדפ5,מיליליטרים,50.00,"100 מ""ל",false,0,799.00,1598.00,true,1,
3473311962003,false,"או דה סוואר אדפ 100מ""ל",סיסלי בישום,FR,או דה סוואר אדפ,מיליליטרים,100.00,"100 מ""ל",false,0,995.00,995.00,true,1,
3473311985002,false,איזיה סיסלי א.אדפ100 מל,סיסלי בישום,FR,איזיה סיסלי א.אד,מיליליטרים,100.00,"100 מ""ל",false,0,764.00,764.00,true,1,
3473311985507,false,IZIA SISLEY א.ד.פ לאשה,סיסלי בישום,FR,IZIA SISLEY א.ד,מיליליטרים,50.00,"100 מ""ל",false,0,519.00,1038.00,true,1,
3494800017028,false,"מרינה קריסטל פאשן 50 מ""ל",ש.שסטוביץ,FR,מרינה קריסטל פאש,מיליליטרים,50.00,"100 מ""ל",false,1,99.00,198.00,true,1,
3494800240037,false,מרינה גולדן דיסטני100מל,רבלון בישום,FR,מרינה גולדן דיסט,מיליליטרים,100.00,"100 מ""ל",false,0,129.00,129.00,true,1,
3494800240785,false,מארז גולדן דיינסטי יח',,FR,מארז גולדן דיינס,יחידה,1.00,יחידה,false,1,159.00,159.00,true,1,
3494800240884,false,מארז גולדן דיינסטי אדפ י,,FR,מארז גולדן דיינס,יחידה,1.00,יחידה,false,1,169.90,169.90,true,1,
3508441001169,false,"ויקינג אדפ גבר 100 מ""ל",,FR,ויקינג אדפ גבר,מיליליטרים,100.00,"100 מ""ל",false,1,1499.00,1499.00,true,1,
3508441104662,false,"אוונטוס אדפ לאישה 75 מ""ל - קריד",,IL,קריד אוונטוס אדפ,מיליליטרים,75.00,"100 מ""ל",false,1,1290.00,1720.00,true,1,
3562700373084,false,"יגואר כחול אדט לגבר 100 מ""ל - יגואר",לילית בישום,FR,יגואר אדט לגבר,מיליליטרים,100.00,"100 מ""ל",false,0,89.00,89.00,true,1,
3574660089547,false,טמפונים נורמל קלאסי אובה 32 יחידות,ג'\ונסון אנד ג'\ונסון,GR,טמפוני או בה,יחידה,1.00,יחידה,false,0,24.90,24.90,true,1,
3574660115154,false,או-בה טמפונים קלאסי סופר 32יח',ג'\ונסון אנד ג'\ונסון,GR,טמפוני או בה,יחידה,1.00,יחידה,false,0,24.90,24.90,true,1,
3574660239829,false,קרם ידיים קל סדרה נורבגית נוטרוגינה 50 מ,ניוטרוג'ינה Neutrogena,FR,קרם ידיים קליל,מיליליטרים,75.00,"100 מ""ל",false,0,28.90,38.53,true,1,
3574660239973,false,או-בה פרוקומפורט 32 יח נורמל,גונסון אנד גונסון,GR,טמפוני או בה,יחידה,1.00,יחידה,false,0,33.90,33.90,true,1,
3574660269635,false,נטרוגינה דיפ קלין תרחיץ גרגירים 150 מל,שסטוביץ,FR,ג'ל לפנים c deep,מיליליטרים,150.00,"100 מ""ל",false,1,59.90,39.93,true,1,
3574660276558,false,"שמפו לפני השינה גונסונס בייבי 750 מ""ל",ג'ונסון,IT,שמפו ג'ונסון,מיליליטרים,750.00,"100 מ""ל",false,1,25.90,3.45,true,1,
3574660333466,false,טמפונים מיני פרו קומפורט אובה 32 יחידות,הנסיך- מפעל לייצור ט,DE,טמפוני או-בה,יחידה,1.00,יחידה,false,0,33.90,33.90,true,1,
3574660342291,false,נטרוגינה ס.נורבגית קרם ידיים&ציפורניים75,ניוטרוג'ינה Neutrogena,FR,קרם ידיים,מיליליטרים,75.00,"100 מ""ל",false,0,28.90,38.53,true,1,
3574660514643,false,נטרוגינה קרם לחות מרגיע לגוף ולפנים 300,ניוטרוג'ינה Neutrogena,IT,"קרם רב""ש",מיליליטרים,300.00,"100 מ""ל",false,0,26.90,8.97,true,1,
3574661003924,false,שטיפת פה טוטאל קר בטעם מנטה צלול,ג'\ונסון אנד ג'\ונסון,IT,מי פה ליסטרין,מיליליטרים,500.00,"100 מ""ל",false,0,19.90,3.98,true,1,
3574661098531,false,ניוטרוגינה תחליב גוף מועשר לעור יבש/רגיש,ניוטרוג'ינה Neutrogena,GR,תחליב גוף,מיליליטרים,400.00,"100 מ""ל",false,1,29.90,7.48,true,1,
3574661098937,false,נטרוגינה תחליב גוף-יבש סדרה נורווגית,ניוטרוג'ינה Neutrogena,FR,תחליב גוף,מיליליטרים,400.00,"100 מ""ל",false,1,29.90,7.48,true,1,
3574661114620,false,"ליסטרין שטיפת פה זירו ללא אלכוהול 250 מ""",ג'\ונסון אנד ג'\ונסון,IT,מי פה ליסטרין,מיליליטרים,250.00,"100 מ""ל",false,0,9.90,3.96,true,1,
3574661114637,false,ליסטרין שטיפת פה קול מינט טעם מעודן 500,ג'\ונסון אנד ג'\ונסון,IT,מי פה ליסטרין,מיליליטרים,500.00,"100 מ""ל",false,1,19.90,3.98,true,1,
3574661136356,false,OBפרוקומפורט +Nמוליך16יח,ג'ונסון,FR,טמפוני או-בה,יחידה,1.00,יחידה,false,0,23.90,23.90,true,1,
3574661184159,false,תחליב גוף שיאה שקד 400מל,,IT,תחליב גוף,מיליליטרים,400.00,"100 מ""ל",false,1,26.90,6.73,true,1,
3574661199894,false,"נוטרוגינה קרם ידיים ויזבלי ריניו 75 מ""ל",ניוטרוג'ינה Neutrogena,GR,קרם ידיים,מיליליטרים,75.00,"100 מ""ל",false,1,28.90,38.53,true,1,
3574661287225,false,BOOST HYDRO ג'ל מים50מל,ג'ונסון,PL,BOOST HYDRO ג'ל,מיליליטרים,50.00,"100 מ""ל",false,1,80.90,161.80,true,1,
3574661287232,false,נטרוגינה היידרובוסט גל קרם 50 מל,שסטוביץ,PL,BOOST HYDRO קרם,מיליליטרים,50.00,"100 מ""ל",false,1,80.90,161.80,true,1,
3574661288345,false,נטרוגינה היידרובוסט גל ניקוי לפנים 200,שסטוביץ,PL,ג'ל ניקוי לפנים,מיליליטרים,200.00,"100 מ""ל",false,1,58.90,29.45,true,1,
3574661292014,false,חלב פנים גל הידרובוס200מ,ג'ונסון,PL,חלב פנים,מיליליטרים,200.00,"100 מ""ל",false,1,48.90,24.45,true,1,
3574661293509,false,נטרוגינה היידרו תרחיץ גל לפנים 150 מל,שסטוביץ,PL,תרחיץ ג'ל פנים,מיליליטרים,150.00,"100 מ""ל",false,0,59.00,39.33,true,1,
3574661332505,false,נטרוגינה קליר&דיפנד תרחיץ גרגירים 150 מל,ניוטרג'ינה,IL,תרחיץ פנים גרגרי,מיליליטרים,150.00,"100 מ""ל",false,1,58.90,39.27,true,1,
3574661333601,false,ויזבלי קליר מי פנים,ניוטרג'ינה,IL,ויזבלי קליר מי פ,מיליליטרים,200.00,"100 מ""ל",false,0,57.90,28.95,true,1,
3574661352275,false,ליסטירין מי פה פירות יער 250 מל,ג'\ונסון אנד ג'\ונסון,IT,מי פה ליסטרין,מיליליטרים,250.00,"100 מ""ל",false,1,12.90,5.16,true,1,
3574661352527,false,נטרוגינה היידרובוסט קרם עיניים 15 מל,שסטוביץ,FR,קרם עיניים,מיליליטרים,15.00,"100 מ""ל",false,1,80.90,539.33,true,1,
3574661363981,false,"ליסטרין גרין תה 250 מ""ל",ג'\ונסון אנד ג'\ונסון,IT,מי פה ליסטרין גר,מיליליטרים,250.00,"100 מ""ל",false,1,9.90,3.96,true,1,
3574661363998,false,"מי פה ליסטרין תה ירוק 500 מ""ל",ג'\ונסון אנד ג'\ונסון,IT,מי פה ליסטרין,מיליליטרים,500.00,"100 מ""ל",false,1,19.90,3.98,true,1,
3574661392486,false,"ניוטרוגינה קרם ידיים הידרו בוסט 75 מ""ל",ניוטרוג'ינה Neutrogena,GR,קרם ידיים הידרו,מיליליטרים,75.00,"100 מ""ל",false,1,28.70,38.27,true,1,
3574661419435,false,תחבושות הגייניות וניה מקסי 12 יחידות,Johnson Vania - BL,BE,תחבושות וניה,יחידה,1.00,יחידה,false,1,25.90,25.90,true,1,
3574661464053,false,"דיטוקס קרם לחות 50 מ""ל",,ES,דיטוקס קרם לחות,מיליליטרים,50.00,"100 מ""ל",false,1,81.90,163.80,true,1,
3574661471181,false,ניוטרוגינה הידרובוסט מים מיסלריים 400 מל,שסטוביץ,GR,הידרה בוסט מים מ,מיליליטרים,400.00,"100 מ""ל",false,1,49.90,12.48,true,1,
3574661476230,false,"קרם לילה סלולרבוסט 50 מ""",,FR,קרם לילה סלולרבו,מיליליטרים,50.00,"100 מ""ל",false,1,125.00,250.00,true,1,
3574661487328,false,קרפרי מגני תחתון אורגינל פלוס 56 יח',הדקלאים אגודת שיתופי,IT,מגני תחתון קרפרי,יחידה,1.00,יחידה,false,1,14.90,14.90,true,1,
3574661487618,false,קרפרי מגן תחתון מקסי לארג'' מבושם 48 יח'',ג'ויה מעבדות לקוסמטי,IT,קרפרי מגני תחתון,יחידה,1.00,יחידה,false,1,14.90,14.90,true,1,
3574661487625,false,מגני תחתון פלוס לארג' בניחוח עדין L,הדקלאים אגודת שיתופי,IT,מגן תחתון קרפרי,יחידה,1.00,יחידה,false,1,14.90,14.90,true,1,
3574661491806,false,מי פה אדבנס וויט מנטה מסירה כתמים קשים,ג'\ונסון אנד ג'\ונסון,IT,מי פה ליסטרין,מיליליטרים,500.00,"100 מ""ל",false,1,19.90,3.98,true,1,
3574661500355,false,קרפרי מגן תחתון מקסי לונג רגיל 40 יח',ג'ויה מעבדות לקוסמטי,IT,מגני תחתון קרפרי,יחידה,1.00,יחידה,false,1,14.90,14.90,true,1,
3574661501901,false,שטיפה אינטימית יומיומית מכיל תה ירוק ואלוורה,קולגייט פלמוליב,IT,שטיפה אינטימית,מיליליטרים,200.00,"100 מ""ל",false,1,19.90,9.95,true,1,
3574661504162,false,מוס לשטיפה אינטימית יומיומית מכיל תה ירוק ואלוורה,קולגייט פלמוליב,IT,שטיפה אינטימית,מיליליטרים,150.00,"100 מ""ל",false,1,20.90,13.93,true,1,
3574661527086,false,נטרוגינה כורכום מוס ניקוי 150 מל,שסטוביץ,GR,כורכום מוס ניקוי,מיליליטרים,150.00,"100 מ""ל",false,1,59.90,39.93,true,1,
3574661543666,false,נטרוגינה אשכולית ורודה קרם לחות 50 מל,שסטוביץ,IL,קרם לחות אשכולית,מיליליטרים,50.00,"100 מ""ל",false,1,68.90,137.80,true,1,
3574661552576,false,קרפרי מגן תחתון רגיל טנגה לבן 56 יח חדש,הדקלאים אגודת שיתופי,GR,מגני תחתון קרפרי,יחידה,1.00,יחידה,false,1,14.90,14.90,true,1,
3574661552804,false,מגן תחתון קרפרי אלוורה 56 יחידות,הדקלאים אגודת שיתופי,IT,מגני תחתון קרפרי,יחידה,1.00,יחידה,false,1,14.90,14.90,true,1,
3574661552811,false,מגן תחתון קרפרי כותון אוורירי 56 יחידות,הדקלאים אגודת שיתופי,GR,מגן תחתון קרפרי,יחידה,1.00,יחידה,false,1,14.90,14.90,true,1,
3574661554877,false,מגן תחתון קרפרי כותון מבושם 56 יחידות,הנסיך- מפעל לייצור ט,GR,מגני תחתון קרפרי,יחידה,1.00,יחידה,false,1,14.90,14.90,true,1,
3574661554884,false,קרפרי מגן תחתון רגיל טנגה מבושם 56 יח,הדקלאים אגודת שיתופי,IT,מגני תחתון קרפרי,יחידה,1.00,יחידה,false,1,14.90,14.90,true,1,
3574661560489,false,נטרוגינה דיפ קלין מגבונים להסרת איפור 25,שסטוביץ,FR,CLEAN DEEP מגבונ,יחידה,1.00,יחידה,false,1,28.90,28.90,true,1,
3574661593838,false,נטרוגינה בוסט ברייט גל לחות נוזלי SPF 30,שסטוביץ,FR,Bright Boost ג'ל,מיליליטרים,50.00,"100 מ""ל",false,1,89.90,179.80,true,1,
3574661643359,false,ליסטרין נטורלס שטיפת פה אנאמל פרוטקט,ג'\ונסון אנד ג'\ונסון,IT,מי פה ליסטרין,מיליליטרים,500.00,"100 מ""ל",false,1,19.90,3.98,true,1,
3574661646510,false,נטרוגינה קליר דפנד+ סרום יומי 200 מל,שסטוביץ,GR,קליר&דפנד סרום,מיליליטרים,30.00,"100 מ""ל",false,1,59.90,199.67,true,1,
3574661650029,false,ליסטרין שטיפת פה להגנה על החניכיים בטעם מעודן,ג'\ונסון אנד ג'\ונסון,IT,מי פה ליסטרין,מיליליטרים,500.00,"100 מ""ל",false,1,19.90,3.98,true,1,
3574669907392,false,ג'ונסון שמפו לתינוק 750,ג'ונסון,IT,ג'ונסון שמפו לתי,מיליליטרים,750.00,"100 מ""ל",false,1,19.90,2.65,true,1,
3574669907637,false,ג'ונסון שמפו לפ.שינה750מ,ג'ונסון,IT,ג'ונסון שמפו,מיליליטרים,750.00,"100 מ""ל",false,1,28.90,3.85,true,1,
3574669907682,false,גונסונס בייבי טלק 500 גרם חדש,גונסון אנד גונסון,IT,טלק ג'ונסון,גרמים,500.00,100 גרם,false,1,37.90,7.58,true,1,
3574669907767,false,גונסונס בייבי שמפו קמומיל 750 מל חדש,ג'ונסונס בייבי,IT,ג'ונסון שמפו,מיליליטרים,750.00,"100 מ""ל",false,1,28.90,3.85,true,1,
3574669907972,false,"גונסונס שמפו טיפות של ברק 750 מ""ל חדש",ג'ונסונס Johnson's,IT,ג'ונסון שמפו,מיליליטרים,750.00,"100 מ""ל",false,1,28.90,3.85,true,1,
3574669908481,false,גונסונס בייבי אל סבון אמבט 750 מל חדש,ג'ונסונס Johnson's,IT,ג'ונסון אל סבון,מיליליטרים,750.00,"100 מ""ל",false,1,24.90,3.32,true,1,
3574669908665,false,גונסונס בייבי אל סבון לפני השינה 750 מל,גונסון אנד גונסון,IT,ג'ונסון אל סבון,מיליליטרים,750.00,"100 מ""ל",false,1,24.90,3.32,true,1,
3574669908948,false,"גונסונס בייבי אל סבון לרחצה עדינה 750 מ""ל",גונסון אנד גונסון,IT,ג'ונסון אל סבון,מיליליטרים,750.00,"100 מ""ל",false,1,24.90,3.32,true,1,
3574669909075,false,גונסון בייבי שמן מגע כותנה 300 מל חדש,שסטוביץ,IT,ג'ונסון שמן,מיליליטרים,300.00,"100 מ""ל",false,1,28.90,9.63,true,1,
3574669909822,false,גונסונס ספריי קשרים טיפות של ברק 200 חדש,ג'ונסונס Johnson's,IT,ג'ונסון ספריי,מיליליטרים,200.00,"100 מ""ל",false,1,23.90,11.95,true,1,
3595471021151,false,מרצדס לגבר אדט ספורט 75,,FR,מרצדס לגבר אדט,מיליליטרים,75.00,"100 מ""ל",false,1,119.00,158.67,true,1,
3595471041012,false,"club אדט 100 מ""ל",רבלון בישום,FR,club אדט,מיליליטרים,100.00,"100 מ""ל",false,1,249.00,249.00,true,1,
3595471061010,false,"מרצדס כחול א.ד.ט לגבר 100 מ""ל",רבלון בישום,IL,מרסדס מון סטאר ג,מיליליטרים,100.00,"100 מ""ל",false,0,259.00,259.00,true,1,
3595471091017,false,"מרצדס דה מוב אדט 100 מ""ל",ש.שסטוביץ,FR,מרצדס דה מוב אדט,מיליליטרים,100.00,"100 מ""ל",false,1,219.00,219.00,true,1,
3595471091086,false,"MOVE THE א.ד.ט 200 מ""ל",,FR,MOVE THE א.ד.ט,מיליליטרים,200.00,"100 מ""ל",false,1,265.00,132.50,true,1,
3595471111012,false,"מרצדס מן SIGN אדפ100 מ""ל",,FR,מרצדס מן SIGN,מיליליטרים,100.00,"100 מ""ל",false,1,275.00,275.00,true,1,
3595472061262,false,מרצדס-בנץ מן ברייט 100מל,,FR,מרצדס-בנץ מן ברי,מיליליטרים,100.00,"100 מ""ל",false,1,239.00,239.00,true,1,
3598380036988,false,ערכת טיפוח בנפיינס יח',,FR,ערכת טיפוח בנפיי,יחידה,1.00,יחידה,false,1,290.00,290.00,true,1,
3598380037190,false,שיסיידו פיוטשר סולושן אל אקס ערכת טיפוח,לילית,FR,ערכת טיפוח עיניי,יחידה,1.00,יחידה,false,1,390.00,390.00,true,1,
3598380352316,false,שיסיידו ביו פרפורמנס סט קרם ליפט דמינאק,שיסיידו בישום,JP,מארז ביו פרפורמנ,יחידה,1.00,יחידה,false,1,718.00,718.00,true,1,
3598381106901,false,שיסיידו ויטל פרפקשן ערכת טיפוח למיצוק ומ,לילית,FR,ערכת טיפוח למיצו,יחידה,1.00,יחידה,false,1,520.00,520.00,true,1,
3598381106918,false,שיסיידו בנפיאנס ערכת טיפוח לטיפול בקמטים,לילית,FR,ערכת טיפוח לטיפו,יחידה,1.00,יחידה,false,1,430.00,430.00,true,1,
3600520051789,false,לוריאל - שפתון קולוריש 362,סייפו,FR,שפתון קולור ריש,יחידה,1.00,יחידה,false,0,58.90,58.90,true,1,
3600520772011,false,לוריאל - פודרה טרומאצ W1,סייפו,IT,פודרה דחוסה,יחידה,1.00,יחידה,false,0,49.90,49.90,true,1,
3600520772028,false,לוריאל - פודרה טרומאצ C3,סייפו,IT,MATCH TRUE פודרה,יחידה,1.00,יחידה,false,0,49.90,49.90,true,1,
3600520772035,false,לוריאל - פודרה טרומאצ W3,סייפו,IT,פודרה דחוסה,יחידה,1.00,יחידה,false,0,49.90,49.90,true,1,
3600520881799,false,לוריאל - מסקרה טלסקופיק שחור,לוריאל פריז L'OREAL PARIS,IT,TELESCOPIC מסקרה,יחידה,1.00,יחידה,false,0,63.90,63.90,true,1,
3600521094341,false,קסטינג קרם גלוס מס200',לוריאל פריז,BE,צבע שיער קסטינג,יחידה,1.00,יחידה,false,0,34.90,34.90,true,1,
3600521094358,false,קסטינג קרם גלוס מס210',לוריאל פריז,BE,צבע שיער קסטינג,יחידה,1.00,יחידה,false,0,34.90,34.90,true,1,
3600521094389,false,קסטינג קרם גלוס מס400',לוריאל פריז,BE,צבע שיער קסטינג,יחידה,1.00,יחידה,false,0,34.90,34.90,true,1,
3600521094471,false,קסטינג קרס גלוס מס600',לוריאל פריז,BE,צבע לשיער קסטינג,יחידה,1.00,יחידה,false,0,34.90,34.90,true,1,
3600521341988,false,לוריאל - שפתון קולוריש 255 סאטן,לוריאל,IT,שפתון קולור ריש,יחידה,1.00,יחידה,false,0,58.90,58.90,true,1,
3600521342015,false,לוריאל - שפתון קולוריש 258,סייפו,FR,שפתון קולור ריש,יחידה,1.00,יחידה,false,0,58.90,58.90,true,1,
3600521605936,false,ג'ל גילוח לעור רגיש 200מ,SOPROCOS,FR,ג'ל גילוח אקספרט,מיליליטרים,200.00,"100 מ""ל",false,1,21.90,10.95,true,1,
3600521627365,false,לוריאל - סומק טרו מאץ' 120,לוריאל,IT,טרו מאץ סומק 120,יחידה,1.00,יחידה,false,1,56.90,56.90,true,1,
3600521627419,false,סומק 150 טרו מאץ,לוריאל,IT,סומק טרו מאץ,יחידה,1.00,יחידה,false,0,56.90,56.90,true,1,
3600521674550,false,PERFECT AGE קרם יום50מל,"קרלסרו, גרמניה",DE,RE-PERFEC יום,מיליליטרים,50.00,"100 מ""ל",false,0,125.00,250.00,true,1,
3600521720219,false,קרם פנים לילה עם פעולה משולשת לכל סוגי העור,"קרלסרו, גרמניה",DE,קרם לילה,מיליליטרים,50.00,"100 מ""ל",false,0,49.90,99.80,true,1,
3600521821152,false,לוריאל - מסקרה מ.לאשס שחור,סייפו,FR,מסקרה ווליום,יחידה,1.00,יחידה,false,0,49.90,49.90,true,1,
3600521846292,false,לוריאל - מסקרה ווליום מיליון חום,לוריאל,FR,מסקרה קולגן,יחידה,1.00,יחידה,false,0,49.90,49.90,true,1,
3600521992111,false,לוריאל אייג פרפקט נוטרישן לילה,"קרלסרו, גרמניה",DE,PERFECT AGE קרם,מיליליטרים,50.00,"100 מ""ל",false,0,125.00,250.00,true,1,
3600522029946,false,לוריאל נוטרישן קרם יום 50 מל,לוריאל פרודקשן דויטשלנד,DE,אייג' פרפקט קרם,מיליליטרים,50.00,"100 מ""ל",false,1,125.00,250.00,true,1,
3600522107385,false,"לוריאל - דאודורנט לגבר מן אקספרט קרבון פרוטקט 150 מ""ל",לוריאל,FR,דאודורנט אקספרט,מיליליטרים,150.00,"100 מ""ל",false,1,21.90,14.60,true,1,
3600522236450,false,לוריאל - אקסלנס קרם 6.46 אדום בהיר נחושתי,לוריאל פריז,BE,אקסלנס6.46אדום,יחידה,1.00,יחידה,false,1,34.90,34.90,true,1,
3600522251750,false,לוריאל - דרמו רויטליפט לייזר עיניים,לוריאל,FR,קרם עיניים,מיליליטרים,15.00,"100 מ""ל",false,0,109.00,726.67,true,1,
3600522323303,false,לוריאל - דרמו אייג' פרפקט רנסנס לילה,"לוריאל פרודקשן דויטשלנד,",DE,PERFECT AGE קרם,מיליליטרים,50.00,"100 מ""ל",false,0,124.00,248.00,true,1,
3600522344032,false,לוריאל - אלביב מסכה טוטאל ריפר 300,kozmetik canan,DE,מסכת אלביב,מיליליטרים,300.00,"100 מ""ל",false,0,29.90,9.96,true,1,
3600522344155,false,אלביב מסכה ארגנין 300 מל,kozmetik canan,DE,מסכת אלביב,מיליליטרים,300.00,"100 מ""ל",false,0,29.90,9.96,true,1,
3600522832089,false,אקסלנס קרם 7.7 בלונד דבש מהגוני,לוריאל פריז,BE,אקסלנס 7.77 חום,יחידה,1.00,יחידה,false,1,34.90,34.90,true,1,
3600522838586,false,לוריאל רויטליפט לייזר X3 קרם-מסכה לילה,KARLSRUHE GERMANY,DE,קרם מסכה לילה,מיליליטרים,50.00,"100 מ""ל",false,0,109.00,218.00,true,1,
3600522851196,false,שפתון קולוריש 364 יח,פרדיס,FR,שפתון קולוריש,יחידה,1.00,יחידה,false,1,58.90,58.90,true,1,
3600522862390,false,לוריאל - מייקאפ טרומאצ N2,לוריאל פריז L'OREAL PARIS,FR,N2 MATCH TRUE,מיליליטרים,30.00,"100 מ""ל",false,1,64.90,216.34,true,1,
3600522862437,false,לוריאל - מייקאפ טרו מאץ' 6N,לוריאל,FR,MATCH TRUE,מיליליטרים,30.00,"100 מ""ל",false,1,64.90,216.34,true,1,
3600522862482,false,לוריאל - מייקאפ טרומאצ C2,לוריאל פריז L'OREAL PARIS,FR,מייק אפ C2,מיליליטרים,30.00,"100 מ""ל",false,1,64.90,216.34,true,1,
3600522862543,false,לוריאל - מייקאפ טרומאצ W3,לוריאל פריז L'OREAL PARIS,FR,W3 MATCH TRUE,מיליליטרים,30.00,"100 מ""ל",false,1,64.90,216.34,true,1,
3600522862574,false,מייק אפ 30מל טרו מאץW6.5,לוריאל,FR,מייק אפ,מיליליטרים,30.00,"100 מ""ל",false,1,64.90,216.34,true,1,
3600522875338,false,מייק אפ אינפלבל מאט עמיד,סופרוג'ם,FR,מייק אפ אינפלבל,מיליליטרים,35.00,"100 מ""ל",false,1,103.90,296.86,true,1,
3600522875369,false,MATTE INFALLIBLE מייק אפ,סופרוג'ם,FR,MATTE INFALLIBLE,מיליליטרים,35.00,"100 מ""ל",false,1,103.90,296.86,true,1,
3600522877301,false,לוריאל - פריימר אינפלבל,סופרוג'ם,FR,פריימר אינפליבל,מיליליטרים,35.00,"100 מ""ל",false,1,78.90,225.43,true,1,
3600522943419,false,"לוריאל - דאודורנט לגבר מן אקספרט קול פאוור 150 מ""ל",לוריאל,FR,דאו.מן אקספרט,מיליליטרים,150.00,"100 מ""ל",false,1,21.90,14.60,true,1,
3600523192717,false,לוריאל - מג'יק ריטאצ' גוון 4 בלונד בז',לוריאל ליברמו,BE,מג'יק ריטאצ' 4 ב,מיליליטרים,75.00,"100 מ""ל",false,1,29.90,39.87,true,1,
3600523192724,false,לוריאל - מג'יק ריטאצ' גוון 5 בלונד,לוריאל ליברמו,BE,לוריאל מגיק,מיליליטרים,75.00,"100 מ""ל",false,1,29.90,39.87,true,1,
3600523193141,false,תרסיס לכיסוי שורשי השיער Magic Retouch שחור,לוריאל ליברמו,BE,ספריי צבע שיער,מיליליטרים,75.00,"100 מ""ל",false,1,29.90,39.87,true,1,
3600523193158,false,תרסיס לכיסוי שורשי השיער Magic Retouch חום,לוריאל ליברמו,BE,ספריי לצביעה שיע,מיליליטרים,75.00,"100 מ""ל",false,1,29.90,39.87,true,1,
3600523193165,false,תרסיס לכיסוי שורשי השיער Magic Retouch חום בהיר,לוריאל ליברמו,BE,ספריי צבע לשיער,מיליליטרים,75.00,"100 מ""ל",false,1,29.90,39.87,true,1,
3600523201310,false,לוריאל - דרמו רויטליפט פילר עיניים,לוריאל,FR,קרם עיניים,מיליליטרים,15.00,"100 מ""ל",false,1,84.90,566.00,true,1,
3600523215577,false,מסקרה מיס היפי לוריאל,לוריאל,IL,מסקרה מיס היפי,יחידה,1.00,יחידה,false,1,53.90,53.90,true,1,
3600523242641,false,לוריאל - דרמו אייג' פרפקט גולדן לילה,"קרלסרו, גרמניה",DE,קרם לילה,מיליליטרים,50.00,"100 מ""ל",false,1,124.00,248.00,true,1,
3600523294985,false,לוריאל - מסקרה אקס פייבר שחור,סייפו,IT,XFIBER מסקרה,יחידה,1.00,יחידה,false,0,79.90,79.90,true,1,
3600523305957,false,לוריאל מסיכה שחורה לניקוי עמוק חימר,"קרלסרו, גרמניה",DE,מסכה לפנים,מיליליטרים,50.00,"100 מ""ל",false,1,59.90,119.80,true,1,
3600523305964,false,CLAY PURE מסכת חימר,"קרלסרו, גרמניה",DE,מסכה לפנים,מיליליטרים,50.00,"100 מ""ל",false,1,59.90,119.80,true,1,
3600523305971,false,לוריאל מסיכה אדומה עם גרגירים,"קרלסרו, גרמניה",DE,מסכה לפנים,מיליליטרים,50.00,"100 מ""ל",false,1,59.90,119.80,true,1,
3600523334506,false,לוריאל - עפרון גבות אייג 01,לוריאל איפור,DE,פרפקט גבות 01 בל,יחידה,1.00,יחידה,false,1,40.00,40.00,true,1,
3600523334568,false,לוריאל - עפרון גבות אייג 04,לוריאל איפור,DE,פרפקט גבות 04,יחידה,1.00,יחידה,false,1,40.00,40.00,true,1,
3600523337712,false,לוריאל - מג'יק ריטאצ' 6 חום מהגוני,לוריאל,BE,מג'יק ריטאצ' חום,מיליליטרים,75.00,"100 מ""ל",false,1,29.90,39.87,true,1,
3600523351565,false,לור.עפרון עיניים 08חאקי,לוריאל,IL,לור.עפרון עיניים,יחידה,1.00,יחידה,false,1,25.00,25.00,true,1,
3600523351589,false,לור.עפרון עיניים 10כחול,לוריאל,IL,לור.עפרון עיניים,יחידה,1.00,יחידה,false,1,25.00,25.00,true,1,
3600523363193,false,לוריאל הידרה גינייס גל לחות לעור יבש,"לוריאל פרודקשן דויטשלנד,",DE,HG ג'ל לחות,מיליליטרים,70.00,"100 מ""ל",false,1,60.00,85.71,true,1,
3600523387779,false,קולוריסטה ורוד,סוואלופילד וולינגטון,GB,צבע קולוריסטה,יחידה,1.00,יחידה,false,1,32.90,32.90,true,1,
3600523409273,false,לוריאל - עיפרון שחור מתחדד,,CN,עפרון שחור סופר,יחידה,1.00,יחידה,false,1,25.00,25.00,true,1,
3600523428663,false,לוריאל - דרמו רויטליפט לייזר יום,"קרלסרו, גרמניה",DE,REVITALIFT קרם,מיליליטרים,50.00,"100 מ""ל",false,1,109.00,218.00,true,1,
3600523439836,false,לוריאל סדרת פרחים מי פנים לעור רגיש 400,"קרלסרו, גרמניה",DE,מי פנים,מיליליטרים,400.00,"100 מ""ל",false,1,41.90,10.48,true,1,
3600523448760,false,לוריאל סדרת פרחים חלב פנים לעור רגיש 400,"קרלסרו, גרמניה",DE,חלב פנים,מיליליטרים,400.00,"100 מ""ל",false,1,41.90,10.48,true,1,
3600523450435,false,לוריאל סדרת פרחים גל רחצה לעור רגיש 150,קרלסרו,DE,ג'ל רחצה לפנים,מיליליטרים,150.00,"100 מ""ל",false,1,35.90,23.93,true,1,
3600523462360,false,"לוריאל - דאודורנט לגבר מן אקספרט סנסיטיס קונטרול 150 מ""ל",SOPROCOS,FR,דאו. מן אקספרט,מיליליטרים,150.00,"100 מ""ל",false,1,21.90,14.60,true,1,
3600523465385,false,שפתון קולורשיין 643 1 יח,סייפו,IT,שפתון קולורשיין,יחידה,1.00,יחידה,false,1,58.90,58.90,true,1,
3600523499250,false,אינפילבל פודרה 123 יח',לוריאל איפור,IT,אינפילבל פודרה,יחידה,1.00,יחידה,false,1,86.90,86.90,true,1,
3600523500185,false,קונסילר טרו מאץ 1N יח',לוריאל,IL,קונסילר טרו מאץ,יחידה,1.00,יחידה,false,1,49.90,49.90,true,1,
3600523500222,false,לוריאל - קונסילר טרו מאץ 3W,לוריאל,IL,קונסילר טרו מאץ,יחידה,1.00,יחידה,false,1,49.90,49.90,true,1,
3600523503285,false,לוריאל - מסקרה פרדייז שחור,לוריאל איפור,IT,פרדייז מסקרה,יחידה,1.00,יחידה,false,1,49.90,49.90,true,1,
3600523526208,false,לוריאל - מן אקספרט ברבר ג'ל לחות לזקן הקצר,לוריאל,DE,מן אקספרט ברבר ג,מיליליטרים,50.00,"100 מ""ל",false,1,54.90,109.80,true,1,
3600523541935,false,לוריאל שוגר סקראב לטיהור העור-קיווי,"קרלסרו, גרמניה",DE,שוגר קראבס ניקוי,מיליליטרים,50.00,"100 מ""ל",false,1,58.90,117.80,true,1,
3600523543656,false,לור שפתון רוג' סיגנטור 105,,FR,שפתון רוג סגנטור,יחידה,1.00,יחידה,false,1,62.90,62.90,true,1,
3600523543724,false,שפתון רוג סגנטור 112 יח',,FR,שפתון רוג סגנטור,יחידה,1.00,יחידה,false,1,62.90,62.90,true,1,
3600523560615,false,מייק אפ קליל כהה,סופרוג'ם,FR,מייק אפ קליל כהה,מיליליטרים,30.00,"100 מ""ל",false,1,75.00,250.00,true,1,
3600523563364,false,לוריאל אייג פרפקט רנסנס סרום,"לוריאל פרודקשן דויטשלנד,",DE,אייג פרפקט סרום,מיליליטרים,30.00,"100 מ""ל",false,1,124.00,413.33,true,1,
3600523581306,false,מן אקספרט ויטליפט טורבו גל לחות אנטי איי,לוריאל,DE,מן אקספרט ויטליפ,מיליליטרים,50.00,"100 מ""ל",false,1,54.90,109.80,true,1,
3600523584710,false,קולוריש מאט 652 יח',לוריאל איפור,FR,קולוריש מאט,יחידה,1.00,יחידה,false,1,58.90,58.90,true,1,
3600523584741,false,קולוריש מאט 655יח',לוריאל איפור,FR,קולוריש מאט,יחידה,1.00,יחידה,false,1,59.90,59.90,true,1,
3600523587865,false,לוריאל - אלביב קרם לשיער דרים לונג 200,לוריאל - אלביב Elvive,DE,קרם לשיער אלביב,מיליליטרים,200.00,"100 מ""ל",false,1,21.30,10.65,true,1,
3600523591831,false,לוריאל - מסקרה פרדייז עמידה במים,לוריאל איפור,IT,מסקרה פרדייז עמי,יחידה,1.00,יחידה,false,1,49.90,49.90,true,1,
3600523597772,false,שפתון קולורשיין 658 1 יח,סייפו,IT,שפתון קולורשיין,יחידה,1.00,יחידה,false,1,58.90,58.90,true,1,
3600523611898,false,"טרו מאץ W8.5 30 מ""ל",,IL,טרו מאץ W8.5,מיליליטרים,30.00,"100 מ""ל",false,1,64.90,216.34,true,1,
3600523616718,false,קולוריסטה ג'ל ורוד פוקס,,BE,קולוריסטה ג'ל,מיליליטרים,30.00,"100 מ""ל",false,1,34.90,116.33,true,1,
3600523616794,false,קולוריסטה ג'ל פטל,,BE,קולוריסטה ג'ל,מיליליטרים,30.00,"100 מ""ל",false,1,34.90,116.33,true,1,
3600523616800,false,"קולוריסטה ג'ל אדום 30 מ""",,BE,קולוריסטה ג'ל,מיליליטרים,30.00,"100 מ""ל",false,1,34.90,116.33,true,1,
3600523616817,false,קולוריסטה ג'ל רוז גולד30,,BE,קולוריסטה ג'ל,מיליליטרים,30.00,"100 מ""ל",false,1,34.90,116.33,true,1,
3600523643875,false,שפתון שוקולד עמיד844 יחי,סופרוג'ם,FR,שפתון שוקולד 844,יחידה,1.00,יחידה,false,1,62.90,62.90,true,1,
3600523646616,false,"אלביב שמפו 3ב1 400 מ""ל",קוסמפול,PL,אלביב שמפו,מיליליטרים,400.00,"100 מ""ל",false,1,30.90,7.73,true,1,
3600523651887,false,"לוריאל - אלביב שמפו טוטאל ריפר 550 מ""ל",לוריאל - אלביב Elvive,TR,שמפו אלביב,מיליליטרים,550.00,"100 מ""ל",false,1,15.90,2.89,true,1,
3600523651900,false,מרכך לחיזוק סיב השערה לכל סוגי השיער,לוריאל - אלביב Elvive,TR,אלביב מרכך,מיליליטרים,550.00,"100 מ""ל",false,1,15.90,2.89,true,1,
3600523652242,false,"לוריאל - אלביב שמפו קולור פרוטקט 550 מ""ל",לוריאל - אלביב Elvive,TR,אלביב שמפו,מיליליטרים,550.00,"100 מ""ל",false,1,15.90,2.89,true,1,
3600523652259,false,"לוריאל - אלביב מרכך קולור פרוטקט 550 מ""ל",קוסמטיקס,TR,אלביב מרכך,מיליליטרים,550.00,"100 מ""ל",false,1,15.90,2.89,true,1,
3600523652280,false,"לוריאל אלביב שמפו מועשר ב 6 שמנים, 550 מ""ל",לוריאל - אלביב Elvive,TR,אלביב שמפו,מיליליטרים,550.00,"100 מ""ל",false,1,15.90,2.89,true,1,
3600523652297,false,"מרכך לשיער אלביב זהב 6 שמנים , 550 מ""ל",לוריאל - אלביב Elvive,TR,אלביב מרכך,מיליליטרים,550.00,"100 מ""ל",false,1,15.90,2.89,true,1,
3600523674619,false,מסקרה ג'ל צבע לעיצוב גבות עמיד במים וזיעה 105,לוריאל פריז L'OREAL PARIS,CA,ג'ל גבות עמיד 10,יחידה,1.00,יחידה,false,1,62.90,62.90,true,1,
3600523718597,false,לוריאל גולדן אייג קרם עיניים,לוריאל,DE,דרמו גולדן אייג',מיליליטרים,15.00,"100 מ""ל",false,1,124.00,826.67,true,1,
3600523747191,false,שפתון קולוריש נודס 08 יח,,IL,שפתון קולוריש נו,יחידה,1.00,יחידה,false,1,55.00,55.00,true,1,
3600523747214,false,שפתון קולוריש נודס 09 יח,,IL,שפתון קולוריש נו,יחידה,1.00,יחידה,false,1,55.00,55.00,true,1,
3600523755264,false,לוריאל - מסקרה לגבות 000 שקוף,,IT,מסקרה לגבות שקוף,יחידה,1.00,יחידה,false,1,45.00,45.00,true,1,
3600523755806,false,"לוריאל - אלביב שמפו קוקוס 550 מ""ל",קוסמטיקס,TR,שמפו אלביב,מיליליטרים,550.00,"100 מ""ל",false,1,15.90,2.89,true,1,
3600523756322,false,"לוריאל - אלביב מרכך קוקוס 550 מ""ל",קוסמטיקס,TR,מרכך אלביב,מיליליטרים,550.00,"100 מ""ל",false,1,15.90,2.89,true,1,
3600523762194,false,מגיק ריטאצ בלונד כהה שורש כהה,לוריאל,BE,מג'יק ריטאצ' 7 ב,מיליליטרים,75.00,"100 מ""ל",false,1,29.90,39.87,true,1,
3600523782567,false,"לוריאל - אלביב שמפו דרים לונג 500 מ""ל",לוריאל - אלביב Elvive,FR,אלביב שמפו,מיליליטרים,500.00,"100 מ""ל",false,1,15.90,3.18,true,1,
3600523782574,false,לוריאל - אלביב מסכה דרים לונג 300,לוריאל - אלביב Elvive,DE,מסכה לשיער אלביב,מיליליטרים,300.00,"100 מ""ל",false,1,29.90,9.96,true,1,
3600523782581,false,מרכך מתיר קשרים לשיער ארוך ופגום Dream Long,לוריאל - אלביב Elvive,FR,אלביב מרכך,מיליליטרים,500.00,"100 מ""ל",false,1,15.90,3.18,true,1,
3600523796830,false,לוריאל - גבות סקיני 103,,IL,גבות סקיני 103,יחידה,1.00,יחידה,false,1,50.00,50.00,true,1,
3600523796878,false,לוריאל - גבות סקיני 109,,IL,גבות סקיני 109,יחידה,1.00,יחידה,false,1,50.00,50.00,true,1,
3600523802005,false,לוריאל - שפתון קולוריש 125 סאטן,,IT,שפתון קולוריש 12,יחידה,1.00,יחידה,false,1,58.90,58.90,true,1,
3600523816699,false,לוריאל - דרמו פעולה משולשת פרש ג'ל עברית,"קרלסרו, גרמניה",DE,קרם לחות,מיליליטרים,50.00,"100 מ""ל",false,1,49.90,99.80,true,1,
3600523873920,false,לוריאל - דרמו רויטליפט פילר טפטפת סרום עברית,לוריאל,DE,רויטליפט פילר סר,מיליליטרים,30.00,"100 מ""ל",false,1,84.90,283.00,true,1,
3600523880829,false,לוריאל פעולה משולשת עיניים,לוריאל,DE,ACTIVE TRIPLE לע,מיליליטרים,15.00,"100 מ""ל",false,1,49.90,332.67,true,1,
3600523899906,false,אלביב מסכה פול רזיסט680מ,לוריאל-אלביב,ES,אלביב מסכה לשיער,מיליליטרים,680.00,"100 מ""ל",false,1,39.90,5.87,true,1,
3600523936625,false,לוריאל - דרמו רויטליפט לייזר סרום עברית,לוריאל,DE,סרום רויטליפט,מיליליטרים,30.00,"100 מ""ל",false,1,109.00,363.33,true,1,
3600523936663,false,לוריאל אייג פרפקט רנסנס קרם יום,לוריאל,DE,אייג'\ פרפקט רנס,מיליליטרים,50.00,"100 מ""ל",false,1,124.00,248.00,true,1,
3600523936700,false,לוריאל - דרמו משולשת נוטרישן לעור יבש עברית,"קרלסרו, גרמניה",DE,דרמו פעולה משולש,מיליליטרים,50.00,"100 מ""ל",false,1,49.90,99.80,true,1,
3600523936786,false,"לוריאל - אלביב שמן לשיער רגיל 100 מ""ל",לוריאל,IL,שמן לטיפוח השיער,מיליליטרים,100.00,"100 מ""ל",false,1,37.90,37.90,true,1,
3600523944194,false,לוריאל - אקסלנס קול קרם 6.11 חום בהיר קר,לוריאל פריז,BE,אקסלנס6.11חום קר,יחידה,1.00,יחידה,false,1,34.90,34.90,true,1,
3600523953554,false,לוריאל - דרמו פרחים מגבונים ורוד עברית,לוריאל,DE,דרמו פרחים מגבונ,יחידה,1.00,יחידה,false,1,15.90,15.90,true,1,
3600523953677,false,לוריאל - דרמו רויטליפט קלאסי יום SPF30 עברית,"קרלסרו, גרמניה",DE,דרמו רויטליפט לח,מיליליטרים,50.00,"100 מ""ל",false,1,94.90,189.80,true,1,
3600523965663,false,לוריאל רויטליפט פילר טונר מי פנים 200 מל,לוריאל,DE,רויטליפט פילר טו,מיליליטרים,200.00,"100 מ""ל",false,1,41.90,20.95,true,1,
3600523972401,false,צבע שיער אקסלנס 6.32,ליברמו,BE,צבע שיער אקסלנס,מיליליטרים,180.00,"100 מ""ל",false,1,34.90,19.39,true,1,
3600523973705,false,לוריאל - פלטת צלליות ניודס,,FR,פלטת צלליות ניוד,יחידה,1.00,יחידה,false,1,70.00,70.00,true,1,
3600523985326,false,לוריאל - דרמו רויטליפט לייזר יום SPF 20 עברי,לוריאל פריס,DE,קרם אנטי אייגינג,מיליליטרים,50.00,"100 מ""ל",false,1,109.00,218.00,true,1,
3600523985838,false,לוריאל - דרמו רויטליפט פילר ג'ל ניקוי לפנים,"לוריאל פרודקשן דויטשלנד,",DE,דרמו רויטליפט פ,מיליליטרים,150.00,"100 מ""ל",false,1,41.90,27.93,true,1,
3600523989904,false,לוריאל - סרום טרו מאץ' 2-3,,FR,לוריאל סרום טרו,מיליליטרים,30.00,"100 מ""ל",false,1,79.90,266.33,true,1,
3600523991525,false,"לוריאל - דרמו רויטליפט קלאסי סרום 30 מ""ל","קרלסרו, גרמניה",DE,סרום רויטליפט קל,מיליליטרים,30.00,"100 מ""ל",false,1,94.90,316.33,true,1,
3600523991556,false,לוריאל הידרה גינייס גל לחות לעור מעורב,לוריאל,DE,דרמו הידרה ג'יני,מיליליטרים,70.00,"100 מ""ל",false,1,60.00,85.71,true,1,
3600524012601,false,"לוריאל - סרום לפנים מידנייט 30 מ""ל",לוריאל,DE,סרום לילה דרמו ר,מיליליטרים,30.00,"100 מ""ל",false,1,129.90,433.00,true,1,
3600524013370,false,לוריאל אייג פרפקט רנסנס קרם יום SPF30,לוריאל,DE,דרמו רנסנס קרם,מיליליטרים,50.00,"100 מ""ל",false,1,124.00,248.00,true,1,
3600524013448,false,לוריאל אייג פרפקט רנסנס קרם עיניים,לוריאל,FR,קרם עיניים,מיליליטרים,15.00,"100 מ""ל",false,1,124.00,826.67,true,1,
3600524026639,false,לוריאל - שחור עמיד אינפליבל,פאבר קסטל,DE,עפרון אינפליבל 3,יחידה,1.00,יחידה,false,1,30.00,30.00,true,1,
3600524051006,false,"לוריאל - רויטליפט ג'ל ניקוי חומצה גליקולית 150 מ""ל",קרלסרו,DE,רויטליפט ג'ל ניק,מיליליטרים,150.00,"100 מ""ל",false,1,40.00,26.67,true,1,
3600524051334,false,אלביב מרכך חומצה היאלורונית 400 מל,לוריאל,FR,אלביב מרכך,מיליליטרים,400.00,"100 מ""ל",false,1,15.90,3.98,true,1,
3600524051570,false,לוריאל - אלביב מסכה היאלורונית 300 מ''ל,DEUT PRODUKTION L\'OREAL,FR,אלביב מסכה,מיליליטרים,300.00,"100 מ""ל",false,1,29.90,9.96,true,1,
3600524055400,false,לוריאל - אלביב שמפו היאלורונית 500 מ''ל,לוריאל,FR,אלביב שמפו,מיליליטרים,500.00,"100 מ""ל",false,1,15.90,3.18,true,1,
3600530531752,false,מייבלין - שפתון סופרסטיי 542,סופרוג'ם,FR,שפתון סופרסטיי,יחידה,1.00,יחידה,false,0,43.90,43.90,true,1,
3600530695737,false,מייבלין - שפתון סופרסטיי 150,מייבלין Maybelline,FR,STAY150 SUPER,יחידה,1.00,יחידה,false,1,43.90,43.90,true,1,
3600530695850,false,מייבלין - שפתון סופרסטיי 340,מייבלין Maybelline,FR,STAY340 SUPER,יחידה,1.00,יחידה,false,1,43.90,43.90,true,1,
3600530695904,false,מייבלין - שפתון סופרסטיי 510,מייבלין Maybelline,FR,STAY510 SUPER,יחידה,1.00,יחידה,false,1,43.90,43.90,true,1,
3600530696024,false,מייבלין - שפתון סופרסטיי 760,מייבלין Maybelline,FR,STAY SUPER 760,יחידה,1.00,יחידה,false,1,43.90,43.90,true,1,
3600530730308,false,מייבלין - ליינר מסטר פרסייס שחור,שוואן סטבילו,IT,אייליינר,יחידה,1.00,יחידה,false,0,34.90,34.90,true,1,
3600530733842,false,מייבלין - קונסילר ספוגית 01IAR,מייבלין Maybelline,IL,קונסילר אנטי איג,יחידה,1.00,יחידה,false,1,45.90,45.90,true,1,
3600530733866,false,מייבלין - קונסילר ספוגית 03IAR,מייבלין Maybelline,IL,קונסילר אנטי איג,יחידה,1.00,יחידה,false,1,45.90,45.90,true,1,
3600530746545,false,ME FIT מייק אפ130 30מל,סופרוג'ם,FR,מייקאפ פיט מי,מיליליטרים,30.00,"100 מ""ל",false,1,54.90,183.00,true,1,
3600530746583,false,ME FIT מייק אפ 225 30מל,סופרוג'ם,FR,מייקאפ פיט מי,מיליליטרים,30.00,"100 מ""ל",false,1,54.90,183.00,true,1,
3600530854387,false,מייבלין - פודרה סופר סטיי 21,סייפו,IT,פודרה סופרסטיי,יחידה,1.00,יחידה,false,0,34.90,34.90,true,1,
3600531047795,false,מייבלין - ליינר מסטר פרסייס חום,שואן קוסמטיקס,DE,ליינר זהב,יחידה,1.00,יחידה,false,1,34.90,34.90,true,1,
3600531086459,false,מייבלין - מסקרה גבות שקוף,סייפו,IT,מסקרה גבות,יחידה,1.00,יחידה,false,1,29.90,29.90,true,1,
3600531143459,false,מייבלין - מסקרה לאש שחור,סייפו,IT,מסקרה,יחידה,1.00,יחידה,false,1,39.90,39.90,true,1,
3600531300357,false,מייבלין - שפתון סופרסטיי 725,לוריאל,FR,סופר סטיי 725,יחידה,1.00,יחידה,false,1,43.90,43.90,true,1,
3600531300609,false,STAY SUPER שפתון 130 יח',סופרוג'ם,FR,STAY SUPER 553,יחידה,1.00,יחידה,false,1,43.90,43.90,true,1,
3600531324568,false,מייבלין - מייקאפ פיט מי מאט 230,מייבלין,IL,מייק אפ פיט מי 2,יחידה,1.00,יחידה,false,0,51.90,51.90,true,1,
3600531369484,false,מייבלין - מייקאפ פיט מי מאט 320,מייבלין,IL,מייק אפ פיט מי 3,מיליליטרים,30.00,"100 מ""ל",false,0,51.90,173.00,true,1,
3600531384173,false,מייבלין - פודרה פיט מי 115,מייבלין Maybelline,IL,פודרה פיט מי,יחידה,1.00,יחידה,false,1,36.90,36.90,true,1,
3600531384210,false,מייבלין - פודרה פיט מי 130,מייבלין Maybelline,IL,פיט פודרה 130,יחידה,1.00,יחידה,false,1,36.90,36.90,true,1,
3600531396831,false,מייבלין - קונסילר ספוגית 05IAR,מייבלין Maybelline,IL,קונסילר אנטי איג,יחידה,1.00,יחידה,false,1,45.90,45.90,true,1,
3600531396848,false,מייבלין - קונסילר ספוגית 04IAR,מייבלין Maybelline,IL,קונסילר אנטי איג,יחידה,1.00,יחידה,false,1,45.90,45.90,true,1,
3600531396855,false,מייבלין - קונסילר ספוגית 06IAR,מייבלין Maybelline,IL,קונסילר אנטי איג,יחידה,1.00,יחידה,false,1,45.90,45.90,true,1,
3600531401993,false,מייק אפ סופרסטיי 30 1יח',לוריאל,FR,מייק אפ סופרסטיי,מיליליטרים,30.00,"100 מ""ל",false,1,57.90,193.00,true,1,
3600531411107,false,מייבלין - שפתון ס.סטיי אינק 15,,IL,שפתון סופר סטיי,יחידה,1.00,יחידה,false,1,43.90,43.90,true,1,
3600531411169,false,שפתון סופר סטיי מאט 45,,IL,שפתון סופר סטיי,יחידה,1.00,יחידה,false,1,43.90,43.90,true,1,
3600531417758,false,מייב ג'ל לגבות בראו טאטו 02,,IL,ג'ל גבות ברואו ט,יחידה,1.00,יחידה,false,1,41.90,41.90,true,1,
3600531457648,false,STAY SUPER שפתון 815יח',סופרוג'ם,FR,STAY SUPER 553,יחידה,1.00,יחידה,false,1,43.90,43.90,true,1,
3600531465193,false,מייבלין - קונסילר ספוגית 08IAR,מייבלין Maybelline,IL,קונסילר ספוג 08,יחידה,1.00,יחידה,false,1,45.90,45.90,true,1,
3600531465247,false,מייבלין - קונסילר ספוגית 07IAR,,IL,קונסילר 07,יחידה,1.00,יחידה,false,1,45.90,45.90,true,1,
3600531469429,false,מייבלין - שפתון ס.סטיי אינק 55,מייבלין,IL,שפתון מאט אינק 6,יחידה,1.00,יחידה,false,1,43.90,43.90,true,1,
3600531469498,false,מייבלין - שפתון ס.סטיי אינק 65,מייבלין,IL,שפתון מאט אינק 6,יחידה,1.00,יחידה,false,1,43.90,43.90,true,1,
3600531511630,false,שמן משמש לטיפוח הציפורן,לוריאל,IL,שמן לטיפוח הציפו,יחידה,1.00,יחידה,false,1,62.90,62.90,true,1,
3600531511647,false,אססי - טיפול טפ לציפ,לוריאל,IL,טופ נגד קילוף,יחידה,1.00,יחידה,false,1,62.90,62.90,true,1,
3600531511654,false,נייל קר הכל באחד יח',לוריאל,IL,נייל קר הכל באחד,יחידה,1.00,יחידה,false,1,62.90,62.90,true,1,
3600531511692,false,אססי - טיפול טיפות ייבוש,לוריאל,IL,טיפות ייבוש,יחידה,1.00,יחידה,false,1,62.90,62.90,true,1,
3600531512743,false,אססי - טיפול מחזק,לוריאל,IL,נייל קר מחזק,יחידה,1.00,יחידה,false,1,62.90,62.90,true,1,
3600531513436,false,מייבלין - שפתון ס.סטיי אינק 130,לוריאל,FR,שפתון מאט אינק 1,יחידה,1.00,יחידה,false,1,43.90,43.90,true,1,
3600531513474,false,מייבלין - שפתון ס.סטיי אינק 118,לוריאל,FR,שפתון מאט אינק 1,יחידה,1.00,יחידה,false,1,43.90,43.90,true,1,
3600531537357,false,מייבלין - סומק פיט מי 50,,IL,סומק פיטמי 50,יחידה,1.00,יחידה,false,1,35.00,35.00,true,1,
3600531547301,false,שפתון היידקה 905יח',,IT,שפתון היידקה 905,יחידה,1.00,יחידה,false,1,30.00,30.00,true,1,
3600531572105,false,לק לטיפול בסיס מבהיר יח',,ES,לק לטיפול בסיס מ,יחידה,1.00,יחידה,false,1,64.90,64.90,true,1,
3600531591359,false,מייבלין - סומק צ'יק היט 20,,CN,סומק צ'יק היט 20,מיליליטרים,10.00,"100 מ""ל",false,1,42.00,420.00,true,1,
3600531592325,false,מייב איליינר הייפר איזי שחור,,CN,מייב ליינר הייפר,יחידה,1.00,יחידה,false,1,35.00,35.00,true,1,
3600531605681,false,מייבלין - שפתון ס.סטיי אינק 180,מייבלין,IL,שפתון מאט אינק,יחידה,1.00,יחידה,false,1,43.90,43.90,true,1,
3600531606534,false,עיפרון גבות אקס 06 יח',,IL,עיפרון גבות אקס,יחידה,1.00,יחידה,false,1,40.00,40.00,true,1,
3600531609719,false,מייבלין - שפתון ליפטר גלוס 08,,FR,שפתון ליפטר גלוס,יחידה,1.00,יחידה,false,1,40.00,40.00,true,1,
3600531629106,false,מייבלין - מסקרה לאש ליפט אקסטרה בלק,,IT,מסקרה לאש ל,יחידה,1.00,יחידה,false,1,40.00,40.00,true,1,
3600531631062,false,מייבלין - שפתון ס.סטיי אינק ספייס 320,,FR,מאט אינק ספייס 3,יחידה,1.00,יחידה,false,1,43.90,43.90,true,1,
3600531631390,false,מייבלין - פריימר פיט מי לומינס,,FR,מייב פריימר פיט,יחידה,1.00,יחידה,false,1,40.00,40.00,true,1,
3600531632380,false,מייבלין - מייקאפ סופרסטיי 30שעות 10,מייבלין,FR,מייק אפ סופרסטיי,מיליליטרים,30.00,"100 מ""ל",false,1,55.00,183.33,true,1,
3600531632472,false,מייבלין - מייקאפ סופרסטיי 30שעות 30,מייבלין,FR,מייק אפ סופרסטיי,מיליליטרים,30.00,"100 מ""ל",false,1,55.00,183.33,true,1,
3600531650704,false,מייבלין - טאטו בראו ליפט 00,,KR,מייב טאטו בראו ל,מיליליטרים,4.00,"100 מ""ל",false,1,40.00,1000.00,true,1,
3600531650735,false,מייבלין - טאטו בראו ליפט 03,,KR,טאטו בראו ליפט 3,מיליליטרים,4.00,"100 מ""ל",false,1,40.00,1000.00,true,1,
3600531650742,false,מייבלין - טאטו בראו ליפט 04,,KR,טאטו בראו ליפט 4,מיליליטרים,4.00,"100 מ""ל",false,1,40.00,1000.00,true,1,
3600540308658,false,7 גרנייה קולור נטורלס בלוד כהה טבעי,לוריאל ישראל קוסמטיקס בע,PL,צבע לשיער גרניה,יחידה,1.00,יחידה,false,0,18.90,18.90,true,1,
3600540308696,false,גרנייה - קולור נטורלס 2.1 שחור כחול,לוריאל ישראל קוסמטיקס בע,PL,צבע לשיער גרניה,יחידה,1.00,יחידה,false,0,18.90,18.90,true,1,
3600540308900,false,קולור נטורלס 111 בלונד אולטרה בהיר אפור,קוסמופול,PL,צבע ש.גרנייה,יחידה,1.00,יחידה,false,0,18.90,18.90,true,1,
3600541023291,false,גרניה 7 ימים קרם גוף אלוורה 400 מל,קוסמופול,PL,קרם גוף גרנייה,מיליליטרים,400.00,"100 מ""ל",false,1,14.90,3.73,true,1,
3600541029323,false,גרנייה אסנשיאל מסיר איפור 2 ב- 1,SOPROCOS סופרוקוס,FR,ESSENTIALS מסיר,מיליליטרים,200.00,"100 מ""ל",false,0,24.90,12.45,true,1,
3600541091818,false,קולור נט 5.25 חום מהגוני פנינה חדש,לוריאל ישראל קוסמטיקס בע,PL,צבע לשיער גרנייה,יחידה,1.00,יחידה,false,0,18.90,18.90,true,1,
3600541253667,false,"גרנייה - דאודורנט ספריי לאישה אינביזיבל BWC (ורוד) 150 מ""ל",גרנייה Garnier,FR,דאו.גרנייה,מיליליטרים,150.00,"100 מ""ל",false,0,11.90,7.94,true,1,
3600541299481,false,olia חום בהיר זהוב 6.3 י,ליברמו,BE,צבע שיער גרנייה,יחידה,1.00,יחידה,false,0,37.90,37.90,true,1,
3600541351493,false,גרניה אנטי אייגינג אססנטיאל 45+ קרם יום,לוריאל,DE,אנטי אייג',מיליליטרים,50.00,"100 מ""ל",false,1,44.90,89.80,true,1,
3600541352148,false,גרניה אנטי אייגינג אססנטיאל 55+ קרם לילה,לוריאל,DE,אנטי אייג',מיליליטרים,50.00,"100 מ""ל",false,1,44.90,89.80,true,1,
3600541382930,false,גרנייה - מים מיסלרים לכל סוגי העור,"קוסמופול, פולין",PL,מים מיסלריים,מיליליטרים,400.00,"100 מ""ל",false,0,29.90,7.47,true,1,
3600541402270,false,"גרנייה - דאודורנט ספריי לאישה אינביזיבל BWC (ירוק) 150 מ""ל",גרנייה Garnier,FR,דאו.גרנייה,מיליליטרים,150.00,"100 מ""ל",false,0,11.90,7.94,true,1,
3600541448476,false,גרנייה דאו רול-און אינבזיבל קונטרול,קוסמופול,FR,דאודורנט גרנייה,מיליליטרים,50.00,"100 מ""ל",false,1,11.90,23.80,true,1,
3600541740006,false,"גרנייה - דאודורנט ספריי לאישה אקשן קונטרול 72 שעות 150 מ""ל",גרנייה Garnier,FR,דאו.גרנייה,מיליליטרים,150.00,"100 מ""ל",false,1,11.90,7.94,true,1,
3600541928169,false,"גרנייה פיור פחם ג'ל ניקוי 150 מ""ל","קרלסרו, גרמניה",DE,ג'יל ניקוי פיור,יחידה,1.00,יחידה,false,1,35.00,35.00,true,1,
3600541928275,false,מי פנים מיסלריים דו-פאזיים מסיר איפור עמיד במים,"קוסמופול, פולין",PL,מים מיסלריים דו,מיליליטרים,400.00,"100 מ""ל",false,1,29.90,7.47,true,1,
3600541937475,false,גרניה פיור גרגרים מסיכה לעור מעורב עד שמן,לוריאל,FR,גרנייה פיור ניקו,מיליליטרים,150.00,"100 מ""ל",false,1,35.00,23.33,true,1,
3600541940574,false,"גרנייה מים מיסלרים 700 מ""ל",קוסמופול,PL,מים מיסלריים,מיליליטרים,700.00,"100 מ""ל",false,0,45.00,6.43,true,1,
3600541952720,false,ג'ל גרגירים עם פחם פעיל לטיפול בראשים שחורים,גרנייה Garnier,FR,PURE פחם ג'ל,מיליליטרים,150.00,"100 מ""ל",false,1,35.00,23.33,true,1,
3600541956223,false,"גרנייה פיור לניקוי וטיפול בסימנים ופגעי עם מברשת 150 מ""ל","קרלסרו, גרמניה",DE,ג'ל ניקוי עמוק,מיליליטרים,150.00,"100 מ""ל",false,1,35.00,23.33,true,1,
3600542051057,false,גרנייה - בוטניקל מי פנים ורדים,"קוסמופול, פולין",PL,מי פנים ורדים,מיליליטרים,200.00,"100 מ""ל",false,1,24.90,12.45,true,1,
3600542052757,false,"גרנייה בוטניקל חלב פנים ענבים 200 מ""ל","קרלסרו, גרמניה",DE,חלב פנים ענבים,מיליליטרים,200.00,"100 מ""ל",false,1,24.90,12.45,true,1,
3600542052788,false,גרנייה בוטניקל חלב פנים ורדים 200 מל,קוסמופול,DE,חלב פנים ורדים,מיליליטרים,200.00,"100 מ""ל",false,1,25.00,12.50,true,1,
3600542097239,false,גרנייה - מסכת טישו פחם תה שחור,ביוטיקוס אינטרנשיונאל,CN,מסכת טישו פחם,יחידה,1.00,יחידה,false,1,14.90,14.90,true,1,
3600542097253,false,גרנייה - מסכת טישו פחם אצות שחורות,ביוטיקוס אינטרנשיונאל,CN,מסכת טישו פחם,יחידה,1.00,יחידה,false,1,14.90,14.90,true,1,
3600542154772,false,גרנייה מסכת טישו עיניים סקין אקטיב קוקוס,לוריאל,CN,טישו עיניים קוקו,יחידה,1.00,יחידה,false,1,12.90,12.90,true,1,
3600542216623,false,"גרנייה - דאודורנט רול און לאישה אקשן קונטרול רול 96 שעות 50 מ""ל",סופרוקוס,PL,דאודורנט גרנייה,מיליליטרים,50.00,"100 מ""ל",false,1,11.90,23.80,true,1,
3600542216647,false,"גרנייה - דאודורנט ספריי לאישה 96 שעות אקשן קונטר 150 מ""ל",לוריאל,FR,דאו.ספריי גרנייה,מיליליטרים,150.00,"100 מ""ל",false,1,11.90,7.94,true,1,
3600542244879,false,גרנייה - אוליה מיני קיט8.31 בלונד זהוב אפרפר,לוריאל,PL,אוליה 8.31 בלונד,יחידה,1.00,יחידה,false,1,29.90,29.90,true,1,
3600542245340,false,גרנייה - אוליה מיני קיט 1 שחור עמוק,לוריאל,PL,צבעי שיער אוליה,יחידה,1.00,יחידה,false,1,29.90,29.90,true,1,
3600542245357,false,גרנייה - אוליה מיני10.1בלונד אפרפר בהיר מאוד,לוריאל,PL,צבעי שיער אוליה,יחידה,1.00,יחידה,false,1,29.90,29.90,true,1,
3600542245395,false,גרנייה - אוליה מיני קיט 3 חום שחור,לוריאל,PL,צבע לשיער אוליה,יחידה,1.00,יחידה,false,1,29.90,29.90,true,1,
3600542245425,false,גרנייה - אוליה מיני קיט 4.15 חום שוקולד קרח,לוריאל,PL,אוליהמיני4.15חום,יחידה,1.00,יחידה,false,1,29.90,29.90,true,1,
3600542245524,false,גרנייה - אוליה מיני קיט 6.60 אדום אינטנסיבי,לוריאל,PL,צבע לשיער אוליה,יחידה,1.00,יחידה,false,1,29.90,29.90,true,1,
3600542245609,false,גרנייה - אוליה מיני קיט 8.13 בלונד זהוב,לוריאל,PL,צבעי שיער אוליה,יחידה,1.00,יחידה,false,1,29.90,29.90,true,1,
3600542245654,false,גרנייה - אוליה מיני קיט 9.3 בלונד זהוב בהיר,לוריאל,PL,צבעי שיער אוליה,יחידה,1.00,יחידה,false,1,29.90,29.90,true,1,
3600542267953,false,גרנייה - פיור אקטיב מים מיסלריים 400,גרנייה-קוסמטיקה,PL,פיור מי מיסלר,מיליליטרים,400.00,"100 מ""ל",false,1,29.90,7.47,true,1,
3600542328647,false,גרניה סקין נט קרם גל אלוורה 50 מל,לוריאל,PL,קרם ג'ל אלוורה,מיליליטרים,50.00,"100 מ""ל",false,1,47.90,95.80,true,1,
3600542365710,false,גרנייה - פיור ג'ל ניקוי,לוריאל,PL,PURE ג'ל ניקוי,מיליליטרים,200.00,"100 מ""ל",false,1,35.00,17.50,true,1,
3600542365796,false,גרניה בוטניקל גל ניקוי ענבים 200 מל,לוריאל,PL,בוטניקל ג'ל ניקו,מיליליטרים,200.00,"100 מ""ל",false,1,24.90,12.45,true,1,
3600542366113,false,גרניה בוטניקל קרם לחות ענבים 50 מל,לוריאל,DE,סקין נטורל קרם ע,מיליליטרים,50.00,"100 מ""ל",false,1,39.90,79.80,true,1,
3600542366151,false,גרנייה - קרם לחות בוטניקלס ורדים,לוריאל,DE,סקין נטורל קרם ל,מיליליטרים,50.00,"100 מ""ל",false,1,39.90,79.80,true,1,
3600542368896,false,גרניה טישו מסק פיור אקטיב מסכת טישו לעור,לוריאל,CN,פיור אקטיב טישו,יחידה,1.00,יחידה,false,1,14.90,14.90,true,1,
3600542380492,false,גרנייה - מסכת טישו ויטמין סי,לוריאל,CN,מסיכת טישו ויטמי,יחידה,1.00,יחידה,false,1,14.90,14.90,true,1,
3600542380607,false,גרניה מיסלר אקו פדס 3 יחידות,לוריאל,CN,גרנייה מיסלר אקו,יחידה,1.00,יחידה,false,1,35.00,35.00,true,1,
3600542385091,false,"גרנייה - דאודורנט רול און לאישה אקשן קונטרול 72 שעות 50 מ""ל",קוסמופול,PL,רול און גרנייה,מיליליטרים,50.00,"100 מ""ל",false,1,11.90,23.80,true,1,
3600542385107,false,גרניה דאו רול און אינביזיבל לכל צבע,לוריאל ישראל קוסמטיקס בע,PL,דא.רול גרנייה,מיליליטרים,50.00,"100 מ""ל",false,1,11.90,23.80,true,1,
3600542385220,false,"גרנייה - דאודורנט רול און לאישה פרוטקשן 6 פלורל (סגול) 50 מ""ל",גרנייה Garnier,FR,רול און גרנייה,מיליליטרים,50.00,"100 מ""ל",false,1,11.90,23.80,true,1,
3600542385251,false,"גרנייה - דאודורנט רול און לאישה פרוטקשן 6 כותנה (ורוד) 50 מ""ל",גרנייה Garnier,FR,רול און גרנייה,מיליליטרים,50.00,"100 מ""ל",false,1,11.90,23.80,true,1,
3600542385268,false,"גרנייה - דאודורנט רול און לאישה אינביזיבל BWC (ורוד) 50 מ""ל",לוריאל ישראל קוסמטיקס בע,PL,גרנייה רול און,מיליליטרים,50.00,"100 מ""ל",false,1,11.90,23.80,true,1,
3600542385275,false,"גרנייה - דאודורנט רול און לאישה פיור אקטיב 50 מ""ל",גרנייה Garnier,FR,רול און גרנייה,מיליליטרים,50.00,"100 מ""ל",false,1,11.90,23.80,true,1,
3600542385312,false,גרניה טישו מסק מסכת רימונים לעור יבש,לוריאל,CN,גרנייה טישו מסק,גרמים,32.00,100 גרם,false,1,14.90,46.56,true,1,
3600542385329,false,גרניה טישו מסק מסכת תה ירוק לעור רגיל,לוריאל,CN,טישו מסק תה ירוק,יחידה,1.00,יחידה,false,1,14.90,14.90,true,1,
3600542385626,false,גרנייה - מסכת טישו עם אלוורה וחומצה הילאורונית,לוריאל,CN,גרנייה טישו ואלו,גרמים,32.00,100 גרם,false,1,14.90,46.56,true,1,
3600542397926,false,"גרנייה - דאודורנט ספריי לאישה פרוטקשן 6 כותנה (ורוד) 150 מ""ל","קוסמופול, פולין",FR,ספריי גרניה,מיליליטרים,150.00,"100 מ""ל",false,1,11.90,7.94,true,1,
3600542415071,false,גרניה סקין נטורלס קרם לחות BB גוון ללא ש,לוריאל,FR,BB קרם לחות ללא,מיליליטרים,50.00,"100 מ""ל",false,1,60.00,120.00,true,1,
3600542415194,false,גרניה סקין נטורלס קרם לחות BB גוון ללא ש,לוריאל,FR,קרם לחות,מיליליטרים,50.00,"100 מ""ל",false,1,60.00,120.00,true,1,
3600542421621,false,גרניה פרוקטיס מסכה לשיער בננה 390 מל,"אינטרביוטי קוסמטיק בע""\מ",IL,פרוקטיס היירפוד,מיליליטרים,390.00,"100 מ""ל",false,1,39.90,10.23,true,1,
3600542421638,false,"גרנייה - פרוקטיס היירפוד שמפו מקדמיה 350 מ""ל","אינטרביוטי קוסמטיק בע""\מ",IL,פרוקטיס היירפוד,מיליליטרים,350.00,"100 מ""ל",false,1,14.90,4.26,true,1,
3600542421645,false,"גרנייה - פרוקטיס היירפוד מרכך מקדמיה 350 מ""ל","אינטרביוטי קוסמטיק בע""\מ",IL,פרוקטיס היירפוד,מיליליטרים,350.00,"100 מ""ל",false,1,14.90,4.26,true,1,
3600542421669,false,"גרנייה - פרוקטיס היירפוד מרכך פפאיה 350 מ""ל","אינטרביוטי קוסמטיק בע""\מ",IL,פרוקטיס היירפוד,מיליליטרים,350.00,"100 מ""ל",false,1,14.90,4.26,true,1,
3600542421676,false,"גרנייה - פרוקטיס היירפוד מרכך בננה 350 מ""ל","אינטרביוטי קוסמטיק בע""\מ",IL,פרוקטיס היירפוד,מיליליטרים,350.00,"100 מ""ל",false,1,14.90,4.26,true,1,
3600542421683,false,"גרנייה - פרוקטיס היירפוד שמפו בננה 350 מ""ל","אינטרביוטי קוסמטיק בע""\מ",IL,פרוקטיס היירפוד,מיליליטרים,350.00,"100 מ""ל",false,1,14.90,4.26,true,1,
3600542421706,false,"גרנייה - פרוקטיס היירפוד שמפו פפאיה 350 מ""ל","אינטרביוטי קוסמטיק בע""\מ",IL,פרוקטיס היירפוד,מיליליטרים,350.00,"100 מ""ל",false,1,14.90,4.26,true,1,
3600542421737,false,גרנייה פרוקטיס היפורד מסכה מקדמיה 390 גר,"אינטרביוטי קוסמטיק בע""\מ",IL,פרוקטיס היירפוד,מיליליטרים,390.00,"100 מ""ל",false,1,39.90,10.23,true,1,
3600542431828,false,גרנייה - קולור נטורלס 1 שחור טבעי חדש,לוריאל ישראל קוסמטיקס בע,PL,קולור נטורלס 1,יחידה,1.00,יחידה,false,1,18.90,18.90,true,1,
3600542431835,false,גרנייה - קולור נטורלס 3 חום כהה מאוד חדש,לוריאל ישראל קוסמטיקס בע,PL,קולור נטורלס 3,יחידה,1.00,יחידה,false,1,18.90,18.90,true,1,
3600542431842,false,גרנייה - קולור נטורלס 4 חום כהה טבעי חדש,לוריאל ישראל קוסמטיקס בע,PL,קולור נטורלס 4,יחידה,1.00,יחידה,false,1,18.90,18.90,true,1,
3600542431859,false,גרנייה - קולור נטורלס 5 חום טבעי חדש,לוריאל ישראל קוסמטיקס בע,PL,צבע שיער קולור,יחידה,1.00,יחידה,false,1,18.90,18.90,true,1,
3600542431866,false,גרנייה קולור נטורלס צבע לשיער חום בהיר 6,גרנייה Garnier,PL,קולור נטורלס 6,יחידה,1.00,יחידה,false,1,18.90,18.90,true,1,
3600542431880,false,גרנייה - קולור נטורלס 8 בלונד בהיר חדש,לוריאל ישראל קוסמטיקס בע,PL,קולור נטורלס 8,יחידה,1.00,יחידה,false,1,18.90,18.90,true,1,
3600542431897,false,גרנייה - קולור נטורלס 9 בלונד בהיר מאוד חדש,לוריאל ישראל קוסמטיקס בע,PL,קולור נטורלס 9,יחידה,1.00,יחידה,false,1,18.90,18.90,true,1,
3600542431941,false,גרנייה - קולור נטורלס 5.3 חום זהוב חדש,לוריאל ישראל קוסמטיקס בע,PL,קולור נטורלס 5.3,יחידה,1.00,יחידה,false,1,18.90,18.90,true,1,
3600542431965,false,גרנייה - קולור נטורלס 5.52 חום דבש חדש,משווק ויבואןn\:לוריאל יש,PL,קולור נטורלס5.52,יחידה,1.00,יחידה,false,1,18.90,18.90,true,1,
3600542431996,false,גרנייה - קולור נטורלס 5.15 חום שוקולד עשיר חדש,יבואן ומשווק: n\לוריאל י,PL,צבע שיער קולור,יחידה,1.00,יחידה,false,1,18.90,18.90,true,1,
3600542432009,false,גרנייה - קולור נטורלס 4.5 חום שוקולד כהה חדש,לוריאל ישראל קוסמטיקס בע,PL,קולור נטורלס 4.5,יחידה,1.00,יחידה,false,1,18.90,18.90,true,1,
3600542432016,false,צבע לשיער קולור נטורלס- 5.25 חום מהגוני פנינה בהיר,לוריאל ישראל קוסמטיקס בע,PL,קולור נטורלס 5.2,יחידה,1.00,יחידה,false,1,18.90,18.90,true,1,
3600542432061,false,גרנייה - קולור נטורלס 7.1 בלונד טבעי אפרפר חדש,קוסמופול,PL,קולור נטורלס 7.1,יחידה,1.00,יחידה,false,1,18.90,18.90,true,1,
3600542432078,false,גרנייה - קולור נטורלס 3.12 חום קפוא חדש,קוסמופול,PL,צבע לשיער קולור,יחידה,1.00,יחידה,false,1,18.90,18.90,true,1,
3600542432092,false,גרנייה - קולור נטורלס 5.12 חום שלג חדש,קוסמופול,PL,קולור נטורלס5.12,יחידה,1.00,יחידה,false,1,18.90,18.90,true,1,
3600542432962,false,"גרנייה - סרום לפנים אלוורה 30 מ""ל",לוריאל,DE,גרנייה סרום אלוו,מיליליטרים,30.00,"100 מ""ל",false,1,59.90,199.67,true,1,
3600542433266,false,גרנייה - סרום לפנים ויטמין C סקין אקטיב,לוריאל,DE,גרנייה סרום ויטמ,מיליליטרים,30.00,"100 מ""ל",false,1,59.90,199.67,true,1,
3600542449915,false,גרנייה - אוליה מיני קיט 5.12 חום קרח נוצץ,לוריאל,PL,צבע לשיער אוליה,יחידה,1.00,יחידה,false,1,29.90,29.90,true,1,
3600542456579,false,גרניה מיסלר ויטמין סי 400 מל,לוריאל,DE,מיסלר ויטמין סי,מיליליטרים,400.00,"100 מ""ל",false,1,29.90,7.47,true,1,
3600542456593,false,גרנייה פיור אקטיב מי פנים 200 מל,General,FR,PURE מי פנים,מיליליטרים,200.00,"100 מ""ל",false,1,35.00,17.50,true,1,
3600542503211,false,"גרנייה - פרוקטיס היירפוד מסכה חמאת קקאו 390 מ""ל",לוריאל,IL,פרוקטיס מסכה,מיליליטרים,390.00,"100 מ""ל",false,1,39.90,10.23,true,1,
3605520946592,false,LIFE FOR FULE א.ד.ט לגבר,לנקום בישום,FR,LIFE FOR FULE,מיליליטרים,125.00,"100 מ""ל",false,1,209.00,167.20,true,1,
3605521515346,false,ספייס בומב ג.אדט90,ויקטור&רולף,IL,ספייס בומב ג.אדט,מיליליטרים,90.00,"100 מ""ל",false,0,369.00,410.00,true,1,
3605521816658,false,"סי SI אדפ לאישה 100 מ""ל - ג'ורג'יו ארמני",לנקום בישום,FR,si Armani לאשה,מיליליטרים,100.00,"100 מ""ל",false,1,359.00,359.00,true,1,
3605521992703,false,"Code Armani אדט 200 מ""ל",אינטרביוטי-בישו,IL,ארמני קוד אדט,מיליליטרים,200.00,"100 מ""ל",false,0,499.00,249.50,true,1,
3605522035300,false,INTENSE si Armani לאשה,אינטרביוטי-בישו,IL,INTENS si Armani,מיליליטרים,100.00,"100 מ""ל",false,0,394.00,394.00,true,1,
3605522041486,false,you emporio א.ד.ט לאשה,אינטרביוטי-בישו,IL,you emporio לאשה,מיליליטרים,100.00,"100 מ""ל",false,0,299.00,299.00,true,1,
3605530314114,false,לנקום נוטריקס רויאל בודי 400 מל,לנקום,IL,לנ.נוטריקס רויאל,מיליליטרים,400.00,"100 מ""ל",false,0,199.00,49.75,true,1,
3605530398381,false,בסיס למייק אפ 01,לנקום,IL,בסיס למייק אפ 01,מיליליטרים,25.00,"100 מ""ל",false,0,209.00,836.00,true,1,
3605530740722,false,לנקום טוניק קלרטה מ.פנים 400 מל,לנקום,FR,טוניק קלרטה,מיליליטרים,400.00,"100 מ""ל",false,0,238.00,59.50,true,1,
3605530742221,false,לנקום או דה בינפה קלרטה 400 מל,לנקום,IL,מי פנים,מיליליטרים,200.00,"100 מ""ל",false,0,238.00,119.00,true,1,
3605530742283,false,לנקום או דה בינפה קלרטה 200 מל,לנקום,IL,לנקום מיסלר דוסר,מיליליטרים,200.00,"100 מ""ל",false,0,159.00,79.50,true,1,
3605530742580,false,לנקום קלרטה גלטאיס 400 מל,לנקום,IL,GALATEIS תחליב,מיליליטרים,400.00,"100 מ""ל",false,0,238.00,59.50,true,1,
3605530931663,false,לנקום בוקאז רול און 50 מל,לוריאל,IL,BOCAGE דאודורנט,מיליליטרים,50.00,"100 מ""ל",false,0,100.00,200.00,true,1,
3605532418704,false,לנקום הידרזן קרם גל 50 מל,לוריאל,FR,קרם יום במרקם ג',מיליליטרים,50.00,"100 מ""ל",false,1,248.00,496.00,true,1,
3605532532653,false,לנקום הידרזן ניורוקאלם קרם יום עור יבש,General,FR,הידרה זן קרם קרם,מיליליטרים,50.00,"100 מ""ל",false,1,279.00,558.00,true,1,
3605532612690,false,לה ויה בל אדפ 30מל,לנקום בישום,IL,לה ויה בל אדפ,מיליליטרים,30.00,"100 מ""ל",false,0,148.00,493.33,true,1,
3605532612768,false,belle est vie La אדפ50מל,לנקום בישום,FR,belle est vie La,מיליליטרים,50.00,"100 מ""ל",false,1,259.00,518.00,true,1,
3605532612836,false,"לנקום לה וי אה בל 75 מ""ל א.ד.פ",לנקום בישום,FR,belle est vie La,מיליליטרים,75.00,"100 מ""ל",false,1,309.00,412.00,true,1,
3605532693682,false,אייליינר פלאם01,לנקום,IL,אייליינר פלאם01,יחידה,1.00,יחידה,false,0,159.00,159.00,true,1,
3605532697321,false,מייק אפ טיינט ויזיונר 02,לנקום,IL,מייק אפ טיינט,יחידה,1.00,יחידה,false,0,249.00,249.00,true,1,
3605532697536,false,מייק אפ טיינט ויזיונר04,לנקום,IL,מייק אפ טיינט,יחידה,1.00,יחידה,false,0,249.00,249.00,true,1,
3605532978666,false,"סרום אדבנס ג'נפיק 30 מ""ל",לנקום,FR,סרום אדבנס ג'נפי,מיליליטרים,30.00,"100 מ""ל",false,1,359.00,1196.67,true,1,
3605533286555,false,"לה ויה בל אדפ לאישה 100 מ""ל - לנקום",לנקום בישום,IL,belle est vie La,מיליליטרים,100.00,"100 מ""ל",false,1,359.00,359.00,true,1,
3605533315224,false,טרז'ור לה נואי אדפ 50מל,לנקום בישום,IL,טרז'ור לה נואי א,מיליליטרים,50.00,"100 מ""ל",false,0,309.00,618.00,true,1,
3605533330500,false,צללית אומברה קרם 07,לנקום,IL,צללית אומברה קרם,יחידה,1.00,יחידה,false,0,149.00,149.00,true,1,
3605971512575,false,"Club Ralph's אדפ 100 מ""ל",,FR,Club Ralph's אדפ,מיליליטרים,100.00,"100 מ""ל",false,1,319.00,319.00,true,1,
3605971972508,false,סומק בלאש סובטיל 351 יח',לנקום,FR,סומק בלאש סובטיל,יחידה,1.00,יחידה,false,1,219.00,219.00,true,1,
3605971972669,false,סומק בלאש סובטיל 330 יח',לנקום,FR,סומק בלאש סובטיל,יחידה,1.00,יחידה,false,1,219.00,219.00,true,1,
3607340188602,false,דוידוף צ'מפיון ג.אדט 90מל,לנקסט.ביש.לילית,IL,צ'מפיון אדט,מיליליטרים,90.00,"100 מ""ל",false,0,148.00,164.44,true,1,
3607341186805,false,דוידוף דה גיים אדט,לנקסט.ביש.לילית,IL,דוידוף דה גיים א,מיליליטרים,100.00,"100 מ""ל",false,0,148.00,148.00,true,1,
3607342291973,false,"בקהאם הום 30 מ""ל",,IL,בקהאם הום,מיליליטרים,30.00,"100 מ""ל",false,1,59.00,196.67,true,1,
3607344677744,false,מייק אפ לרגליים מדיום,סאלי הנסן,US,מייק אפ לרגליים,מיליליטרים,75.00,"100 מ""ל",false,0,124.90,166.53,true,1,
3607345264356,false,"אדידס בודי ספריי לגבר דינמיק פולס, ללא אלומיניום, 150 מל",דנשר,PL,ספריי גוף אדידס,מיליליטרים,150.00,"100 מ""ל",false,0,22.90,15.27,true,1,
3607345265117,false,"אדידס - דאודורנט ספריי לגבר טים פורס 150 מ""ל",מיוצר עי קונדיטוריית,ES,ספריי גוף אדידס,מיליליטרים,150.00,"100 מ""ל",false,0,22.90,15.27,true,1,
3607347733508,false,"רוברטו קוואלי פרדיסו קלאסי – א.ד.פ 75 מ""ל",לילית בישום,GR,paradiso לאשה,מיליליטרים,75.00,"100 מ""ל",false,0,269.00,358.66,true,1,
3607349764241,false,"דייזי דרים 100 מ""ל",דייזי מרק ג'קוב,IL,דייזי דרים 100 מ,מיליליטרים,100.00,"100 מ""ל",false,0,378.00,378.00,true,1,
3614220322575,false,מיו מיו א.אדפ 100 מל,מיו מיו שסטוביץ,IL,מיו מיו א.אדפ100,מיליליטרים,100.00,"100 מ""ל",false,0,685.00,685.00,true,1,
3614222001188,false,"לונדון אדט לגבר 100 מ""ל",,US,לונדון אדט לגבר,מיליליטרים,100.00,"100 מ""ל",false,1,89.90,89.90,true,1,
3614222402077,false,"טיפני א.ד.פ לאשה 75 מ""ל",,FR,טיפני א.ד.פ לאשה,מיליליטרים,75.00,"100 מ""ל",false,1,449.00,598.67,true,1,
3614222531586,false,מיו מיו א.אדפ50,מיו מיו שסטוביץ,IL,מיו מיו א.אדפ50,מיליליטרים,50.00,"100 מ""ל",false,0,515.00,1030.00,true,1,
3614222532637,false,מיו מיו א.אדפ100,מיו מיו שסטוביץ,IL,מיו מיו א.אדפ100,מיליליטרים,100.00,"100 מ""ל",false,0,689.00,689.00,true,1,
3614223487295,false,מיו מיו לו רוזי אדט 50 מ,איניבידואל-שסטו,IL,מיו מיו לו רוזי,מיליליטרים,50.00,"100 מ""ל",false,1,525.00,1050.00,true,1,
3614223519576,false,FLORENCE א.ד.פ. לאישה,ש.שסטוביץ,IL,FLORENCE א.ד.פ.,מיליליטרים,50.00,"100 מ""ל",false,0,278.00,556.00,true,1,
3614223732586,false,בקהאם קלאסיק טאצ' אדט,סופטאץ בישום,IL,בקהאם קלאסיק טאצ,מיליליטרים,100.00,"100 מ""ל",false,0,98.00,98.00,true,1,
3614223736485,false,"אדידס דאודורנט ספריי לגבר אדיפיור 200מ""ל",אדידס Adidas,PT,דאו.אדידס,מיליליטרים,200.00,"100 מ""ל",false,1,14.90,7.45,true,1,
3614224051235,false,אדידס דאודורנט ספריי גברים אדיפוואר 200מל,אדידס Adidas,PT,דאו.אדידס,מיליליטרים,200.00,"100 מ""ל",false,1,14.90,7.45,true,1,
3614224480974,false,אובסס,קלווין קליין,IL,אובסס,מיליליטרים,100.00,"100 מ""ל",false,0,298.00,298.00,true,1,
3614225097058,false,"אובססד אינטנס אדפ 50 מ""ל",קלווין קליין,IL,אובססד אינטנס,מיליליטרים,50.00,"100 מ""ל",false,1,198.00,396.00,true,1,
3614225307553,false,"גוצ'י ממואר אדפ 100 מ""ל",,IL,גוצ'י ממואר אדפ,מיליליטרים,100.00,"100 מ""ל",false,1,499.00,499.00,true,1,
3614225358463,false,"קלווין קליין וומן א.ד.פ 100 מ""ל Calvin Klein Women",קלווין קליין,FR,קלווין קליין אדפ,מיליליטרים,100.00,"100 מ""ל",false,1,289.00,289.00,true,1,
3614225394577,false,צבע לשיער קולסטון קיט שורשים 7/1 בלונד טבעי אפרפר,וולה Wella,DE,קולסטון קיט,יחידה,1.00,יחידה,false,1,29.90,29.90,true,1,
3614225552045,false,קלווין אופוריה יח',קלווין קליין,FR,קלווין אופוריה,יחידה,1.00,יחידה,false,1,299.00,299.00,true,1,
3614225671333,false,קלווין קליין איטרניטי פל,קלווין קליין,FR,קלווין קליין איט,מיליליטרים,100.00,"100 מ""ל",false,1,299.00,299.00,true,1,
3614225944215,false,"קלואה נואמד אדט 50 מ""ל",,FR,קלואה נואמד אדט,מיליליטרים,50.00,"100 מ""ל",false,1,429.00,858.00,true,1,
3614225944253,false,"קלואה נואמד אדט 75 מ""ל",,FR,קלואה נואמד אדט,מיליליטרים,75.00,"100 מ""ל",false,1,515.00,686.67,true,1,
3614226754301,false,"וולה מוס לנפח והגנה דלוקס 200 מ""ל",דיפלומט,FR,וולה מוס לנפח,מיליליטרים,200.00,"100 מ""ל",false,1,39.90,19.95,true,1,
3614226761538,false,תרסיס קולסטון רוט טאצ' אפ חום מהגוני,וולה Wella,DE,קולסטון ספריי,מיליליטרים,75.00,"100 מ""ל",false,1,27.90,37.20,true,1,
3614226898531,false,"קלווין קליין אדט 50 מ""ל",קלווין קליין,FR,קלווין קליין אדט,מיליליטרים,50.00,"100 מ""ל",false,1,229.00,458.00,true,1,
3614227558755,false,בקהאם פולו יור אינסט75מ,,FR,בקהאם פולו יור א,מיליליטרים,75.00,"100 מ""ל",false,1,69.90,93.20,true,1,
3614227693876,false,ברברי הר - א.ד.פ 100 מ''ל,,IL,ברברי הר אדפ 100,מיליליטרים,100.00,"100 מ""ל",false,1,579.00,579.00,true,1,
3614227693920,false,"ברברי הר אדפ 50 מ""ל",,IL,ברברי הר אדפ 50,מיליליטרים,50.00,"100 מ""ל",false,1,399.00,798.00,true,1,
3614228228671,false,"פרנץ פאנאש אדט 90 מ""ל",,FR,פרנץ פאנאש אדט,מיליליטרים,90.00,"100 מ""ל",false,1,229.00,254.44,true,1,
3614228228749,false,"פרנץ פאנאש אדט 100 מ""ל",,FR,פרנץ פאנאש אדט,מיליליטרים,100.00,"100 מ""ל",false,1,229.00,229.00,true,1,
3614228239295,false,"ג'יימס בונד 007 50 מ""ל",,DE,ג'יימס בונד 007,מיליליטרים,50.00,"100 מ""ל",false,1,79.90,159.80,true,1,
3614228830515,false,הוגו בוס אלייב אדפ 50 מל,,IL,הוגו בוס אלייב א,מיליליטרים,50.00,"100 מ""ל",false,1,289.00,578.00,true,1,
3614228899253,false,"פלורנס בלוסום אדפ 75 מ""ל",,IL,פלורנס בלוסום אד,מיליליטרים,75.00,"100 מ""ל",false,1,339.00,452.00,true,1,
3614228899376,false,רוברטו קוואל פאונד אדט75,,IL,רוברטו קוואלי פא,מיליליטרים,75.00,"100 מ""ל",false,1,299.00,398.67,true,1,
3614228902106,false,הוגו סנט פיור אקורד100מל,,FR,הוגו סנט פיור,מיליליטרים,100.00,"100 מ""ל",false,1,249.00,249.00,true,1,
3614228953177,false,FOUND PARADISE אדפ75מ,,IL,FOUND PARADISE,מיליליטרים,75.00,"100 מ""ל",false,1,329.00,438.67,true,1,
3614228958691,false,בלום אמברוסיה די פיו100מ,,FR,בלום אמברוסיה די,מיליליטרים,100.00,"100 מ""ל",false,1,569.00,569.00,true,1,
3614229370713,false,"ברברי הר אינטנס 50 מ""ל",,FR,ברברי הר אינטנס,מיליליטרים,50.00,"100 מ""ל",false,1,410.00,820.00,true,1,
3614229370744,false,"ברברי הר אינטנס 100 מ""ל",,FR,ברברי הר אינטנס,מיליליטרים,100.00,"100 מ""ל",false,1,515.00,515.00,true,1,
3614229392210,false,"אופוריה בלאש אדפ 100 מ""ל",,IL,אופוריה בלאש אדפ,מיליליטרים,100.00,"100 מ""ל",false,1,299.00,299.00,true,1,
3614229717044,false,"שמן לשיער וולה דלוקס לשיער יבש 100 מ""ל",דיפלומט,FR,וולה שמן לשיער,מיליליטרים,100.00,"100 מ""ל",false,1,39.90,39.90,true,1,
3614229717082,false,וולה מוס לשיער וולה דלוקס למגע חלק כמשי 200 מ,אינטרספריי,FR,וולה מוס מגע משי,מיליליטרים,200.00,"100 מ""ל",false,1,39.90,19.95,true,1,
3614229829006,false,Black Burberry My א.ד.פ,,DE,ברברי מיי ברברי,מיליליטרים,90.00,"100 מ""ל",false,1,399.00,443.33,true,1,
3614229829044,false,ברברי מיי ברברי בלאש 90 מל,,FR,ברברי מיי ברברי,מיליליטרים,90.00,"100 מ""ל",false,1,359.00,398.89,true,1,
3614270254697,false,אקווה דה ג'יו פרופומו125,אינטרביוטי-בישו,FR,אקווה דה ג'יו פר,מיליליטרים,125.00,"100 מ""ל",false,0,399.00,319.20,true,1,
3614270264900,false,לנקום רנרגי מולטי ליפט SPF15 לעור רגיל,לוריאל,FR,M-L Renergie קרם,מיליליטרים,50.00,"100 מ""ל",false,0,499.00,998.00,true,1,
3614270551581,false,"אופיום אדט 90 מ""ל",א.ס.ל-בישום,IL,אופיום אדט,מיליליטרים,90.00,"100 מ""ל",false,0,334.00,371.11,true,1,
3614270638039,false,מייק אפטינט איידול01,לנקום,IL,מייק אפטינט אייד,יחידה,1.00,יחידה,false,0,259.00,259.00,true,1,
3614270971242,false,קונסילר אפסרנס01,לנקום,IL,קונסילר אפסרנס01,יחידה,1.00,יחידה,false,0,199.00,199.00,true,1,
3614270971273,false,קונסילר אפסרנס 03,לנקום,IL,קונסילר אפסרנס,מיליליטרים,15.00,"100 מ""ל",false,0,199.00,1326.67,true,1,
3614270971310,false,קונסילר אפסרנס4,לנקום,IL,קונסילר אפסרנס4,יחידה,1.00,יחידה,false,0,199.00,199.00,true,1,
3614271004437,false,לנקום אבסולו פרש סל ליפ באלם 15 מל,לוריאל,FR,קרם שפתיים סילקו,מיליליטרים,15.00,"100 מ""ל",false,0,269.00,1793.33,true,1,
3614271219978,false,לנ.קונ.אפסרנס15,לנקום,IL,לנ.קונ.אפסרנס15,יחידה,1.00,יחידה,false,0,199.00,199.00,true,1,
3614271312235,false,GRANDIOSE איילנר 01,לנקום,IL,GRANDIOSE איילנר,יחידה,1.00,יחידה,false,0,180.00,180.00,true,1,
3614271333971,false,l'homme א.ד.פ לגבר 100מל,א.ס.ל-בישום,IL,l'homme א.ד.פ,מיליליטרים,100.00,"100 מ""ל",false,0,334.00,334.00,true,1,
3614271430236,false,טיינט איידול אולטרה 7 30,לנקום,FR,טיינט איידול 07,מיליליטרים,30.00,"100 מ""ל",false,1,179.00,596.67,true,1,
3614271430267,false,טיינט איידול אולטרה 25,לנקום,FR,טיינט איידול 05,מיליליטרים,30.00,"100 מ""ל",false,1,179.00,596.67,true,1,
3614271430281,false,ULTRA IDOLE TEINT 03,לנקום,FR,מייק אפ 03,מיליליטרים,30.00,"100 מ""ל",false,1,179.00,596.67,true,1,
3614271430304,false,טיינט איידול אולטרה 35,לנקום,FR,טיינט איידול35,מיליליטרים,30.00,"100 מ""ל",false,1,179.00,596.67,true,1,
3614271430335,false,טיינט איידול אולטרה 045,לנקום,FR,טיינט איידול 045,מיליליטרים,30.00,"100 מ""ל",false,1,179.00,596.67,true,1,
3614271430342,false,טיינט איידול אולטרה 048,לנקום,FR,טיינט איידול 045,מיליליטרים,30.00,"100 מ""ל",false,1,179.00,596.67,true,1,
3614271430427,false,טיינט איידול אולטרה 055,לנקום,FR,טיינט איידול 055,מיליליטרים,30.00,"100 מ""ל",false,1,179.00,596.67,true,1,
3614271438034,false,"טיינט מיריקל n 30 ""35ל",לנקום,FR,טיינט מיריקל 35,מיליליטרים,30.00,"100 מ""ל",false,1,178.00,593.33,true,1,
3614271579423,false,קרם גוף לה ויה בל 200 מל,,IL,קרם גוף לה ויה ב,מיליליטרים,200.00,"100 מ""ל",false,1,149.00,74.50,true,1,
3614271579478,false,לה ויה בל אקלה אדפ 50 מל,לנקום בישום,IL,לה ויה בל אקלה א,מיליליטרים,50.00,"100 מ""ל",false,0,258.00,516.00,true,1,
3614271697837,false,עפרון שפתיים עם מברשת369,לנקום,IL,עפרון שפתיים עם,יחידה,1.00,יחידה,false,0,119.00,119.00,true,1,
3614271716101,false,איב סאן לורן Y אדט לגבר,א.ס.ל-בישום,FR,איב סאן לורן Y ג,מיליליטרים,60.00,"100 מ""ל",false,0,339.00,565.00,true,1,
3614271755322,false,טיינט איידול אולטרה 21,לנקום,FR,טיינט איידול 21,מיליליטרים,30.00,"100 מ""ל",false,1,179.00,596.67,true,1,
3614271755346,false,טיינט איידול אולטרה 24,לנקום,FR,טיינט איידול 24,מיליליטרים,30.00,"100 מ""ל",false,1,179.00,596.67,true,1,
3614271755377,false,טיינט איידול אולטרה 051,לנקום,FR,טיינט איידול 051,מיליליטרים,30.00,"100 מ""ל",false,1,179.00,596.67,true,1,
3614271767271,false,מייק אפ סקין פילס C10 60,לנקום,FR,מייק אפ סקין פיל,גרמים,60.00,100 גרם,false,1,149.00,248.33,true,1,
3614271767301,false,מייק אפ סקין פילס 03N 60,לנקום,FR,מייק אפ סקין פיל,גרמים,60.00,100 גרם,false,1,149.00,248.33,true,1,
3614271768735,false,לנקום אבסולו סופט קרם לחות 60 מל,לנקום,FR,קרם יום אבסולו ס,מיליליטרים,60.00,"100 מ""ל",false,1,929.00,1548.33,true,1,
3614271955920,false,לנקום אבסולו ניקוי גל 125 מל,General,FR,ג'ל ניקוי להארת,מיליליטרים,125.00,"100 מ""ל",false,1,359.00,287.20,true,1,
3614271986054,false,לנקום אבסולו מי פנים במרקם תחליב 150 מל,לנקום,FR,מי פנים במרקם תח,מיליליטרים,150.00,"100 מ""ל",false,1,469.00,312.67,true,1,
3614271992901,false,"אקווה די גיו אדפ 75 מ""ל",לנקום בישום,IL,אקווה די גיו,מיליליטרים,75.00,"100 מ""ל",false,1,327.00,436.00,true,1,
3614271992932,false,ABSOLU Gio Di Acqua,לנקום בישום,IL,Gio Di Acqua,מיליליטרים,125.00,"100 מ""ל",false,1,394.00,315.20,true,1,
3614272021228,false,מארז סרום אדוונס ג'נפיק,לנקום,FR,מארז סגום אדוונס,מיליליטרים,15.00,"100 מ""ל",false,1,348.00,2320.00,true,1,
3614272022942,false,לנקום רנרגי מולטי גלוו קרם 50 מל,לוריאל,FR,רנרג'י מולטי גלו,מיליליטרים,50.00,"100 מ""ל",false,1,498.00,996.00,true,1,
3614272049161,false,לנקום אבסולו ריצ קרם לחות 60 מל,לנקום,FR,קרם יום אבסולו ר,מיליליטרים,60.00,"100 מ""ל",false,1,929.00,1548.33,true,1,
3614272050358,false,"וואי Y אדפ לגבר 100 מ""ל - איב סאן לורן",איב סן לורן,FR,Y א.ד.פ לגבר,מיליליטרים,100.00,"100 מ""ל",false,1,429.00,429.00,true,1,
3614272110267,false,בראו שייפינג עפרון 10 יח,לנקום,FR,בראו שייפינג עפר,יחידה,1.00,יחידה,false,1,129.00,129.00,true,1,
3614272161801,false,"היפנוז מסקרה 011 6 מ""ל",לנקום,FR,היפנוז מסקרה,מיליליטרים,6.00,"100 מ""ל",false,1,159.00,2650.00,true,1,
3614272225718,false,"סטרונגר וויט יו 100 מ""ל אדפ גבר -ארמני",לנקום בישום,FR,YOU אדפ,מיליליטרים,100.00,"100 מ""ל",false,1,299.00,299.00,true,1,
3614272436473,false,אקווה דה גיו INSTINCT 7,,FR,אקווה דה גיו IN,מיליליטרים,75.00,"100 מ""ל",false,1,329.00,438.67,true,1,
3614272440043,false,"אקווה דה גיו 200 מ""ל",,FR,אקווה דה גיו אדפ,מיליליטרים,200.00,"100 מ""ל",false,1,549.00,274.50,true,1,
3614272508224,false,FIORI SI א.ד.פ לאשה500מל,לנקום בישום,FR,FIORI SI א.ד.פ,מיליליטרים,50.00,"100 מ""ל",false,1,269.00,538.00,true,1,
3614272629387,false,בושם לאישה 75 מ''ל Lancome Idole או דה פרפיום‏ E.D.P,לנקום,FR,IDOLE א.ד.פ לאשה,מיליליטרים,75.00,"100 מ""ל",false,1,289.00,385.33,true,1,
3614272631885,false,"אונלי דה ברייב 75 מ""ל",לנקום,FR,אונלי דה ברייב,מיליליטרים,75.00,"100 מ""ל",false,1,189.00,252.00,true,1,
3614272653030,false,אבסולו רוג481 יח',,FR,אבסולו רוג 481,יחידה,1.00,יחידה,false,1,159.00,159.00,true,1,
3614272653054,false,אבסולו רוג 274 יח',,FR,אבסולו רוג 274,יחידה,1.00,יחידה,false,1,159.00,159.00,true,1,
3614272653115,false,אבסולו רוג 306 יח',,FR,אבסולו רוג 306,יחידה,1.00,יחידה,false,1,159.00,159.00,true,1,
3614272664616,false,לנקום רנרגי מולטי ליפט אולטרה קרם יום 50,לוריאל,FR,RENERGIE קרם יום,מיליליטרים,50.00,"100 מ""ל",false,1,499.00,998.00,true,1,
3614272761452,false,ROMA IN BORN אדט לגבר50מ,,FR,ROMA IN BORN אדפ,מיליליטרים,50.00,"100 מ""ל",false,1,269.00,538.00,true,1,
3614272827868,false,טיינט מייק אפ סטיק01,,FR,טיינט מייק אפ סט,יחידה,1.00,יחידה,false,1,179.00,179.00,true,1,
3614272828162,false,טיינט מייק אפ סטיק10,,FR,טיינט מייק אפ סט,יחידה,1.00,יחידה,false,1,179.00,179.00,true,1,
3614272828667,false,טיינט אידול סומק 02,,FR,טיינט אידול סומק,יחידה,1.00,יחידה,false,1,179.00,179.00,true,1,
3614272844346,false,מארז רנרג'י 2020 יח',,FR,מארז רנרג'י 2020,יחידה,1.00,יחידה,false,1,499.00,499.00,true,1,
3614272860377,false,לנקום רנרגי H.C.F. טריפל סרום 50 מל,לוריאל,FR,רנרג'י טריפל סרו,מיליליטרים,50.00,"100 מ""ל",false,1,539.00,1078.00,true,1,
3614272865235,false,"אקווה דה ג'יו פרופונדו אדפ 125 מ""ל לגבר",,FR,אקווהדה גיו פרופ,מיליליטרים,125.00,"100 מ""ל",false,1,399.00,319.20,true,1,
3614272907690,false,"בושם WAY MY לאשה 90 מ""ל",לנקום בישום,IL,בושם WAY MY,מיליליטרים,90.00,"100 מ""ל",false,1,359.00,398.89,true,1,
3614272943087,false,אקווה דה גיו מארז יח',,FR,אקווה דה גיו מאר,יחידה,1.00,יחידה,false,1,299.00,299.00,true,1,
3614273070249,false,Emporio א.ד.ט לגבר 100 מ,,FR,Emporio א.ד.ט,מיליליטרים,100.00,"100 מ""ל",false,1,298.00,298.00,true,1,
3614273074476,false,"קונסילר over all 13 מ""ל",,FR,קונסילר over all,מיליליטרים,13.00,"100 מ""ל",false,1,189.00,1453.85,true,1,
3614273074544,false,"קונסילר over all 13 מ""ל",,FR,קונסילר over all,מיליליטרים,13.00,"100 מ""ל",false,1,189.00,1453.85,true,1,
3614273074575,false,"קונסילר over all 13 מ""ל",,FR,קונסילר over all,מיליליטרים,13.00,"100 מ""ל",false,1,189.00,1453.85,true,1,
3614273074582,false,"קונסילר over all 13 מ""ל",,FR,קונסילר over all,מיליליטרים,13.00,"100 מ""ל",false,1,189.00,1453.85,true,1,
3614273095808,false,לנקום תחליב גוף בניחוח הבושם אידול 200מל,,FR,איידול לה פאוור,מיליליטרים,200.00,"100 מ""ל",false,1,149.00,74.50,true,1,
3614273250733,false,154 שפתון נוזלי אבסולו י,,FR,154 שפתון נוזלי,יחידה,1.00,יחידה,false,1,159.00,159.00,true,1,
3614273257404,false,מארז מסקרה היפנוז דרמה י,,FR,מארז מסקרה היפנו,יחידה,1.00,יחידה,false,1,159.00,159.00,true,1,
3614273261401,false,DONNA YELLOW אדפ אשה100מ,,FR,DONNA YELLOW אדפ,מיליליטרים,100.00,"100 מ""ל",false,1,499.00,499.00,true,1,
3614273307246,false,שפתון אבסולו רוג' קרם347,לנקום,FR,אבסולו רוג' קרם,יחידה,1.00,יחידה,false,0,159.00,159.00,true,1,
3614273307444,false,שפתון אבסולו רוג' קרם 06,לנקום,FR,אבסולו רוג' קרם,יחידה,1.00,יחידה,false,0,159.00,159.00,true,1,
3614273307697,false,שפתון אבסולו רוג' קרם276,לנקום,FR,אבסולו רוג' קרם,יחידה,1.00,יחידה,false,0,159.00,159.00,true,1,
3614273307796,false,שפתון אבסולו רוג' קרם259,לנקום,FR,אבסולו רוג' קרם,יחידה,1.00,יחידה,false,0,159.00,159.00,true,1,
3614273307963,false,שפתון אבסולו רוג' קרם 01,לנקום,FR,אבסולו רוג' קרם,יחידה,1.00,יחידה,false,0,159.00,159.00,true,1,
3614273313162,false,"סי אדפ אינטנס 100 מ""ל",,FR,סי אדפ אינטנס,מיליליטרים,100.00,"100 מ""ל",false,1,399.00,399.00,true,1,
3614273321891,false,איב סאן לורן ליברה אדט 90 מל לאשה,,FR,ליברה א.ד.ט,מיליליטרים,90.00,"100 מ""ל",false,1,379.00,421.11,true,1,
3614273347846,false,מיי וואיי אינטנס אדפ50מל,,FR,מיי וואיי אינטנס,מיליליטרים,50.00,"100 מ""ל",false,1,289.00,578.00,true,1,
3614273392624,false,מארז מסקרה מיסייה ביג 20,,FR,מארז מסקרה מיסיי,יחידה,1.00,יחידה,false,1,159.00,159.00,true,1,
3614273436366,false,לה סטילו אייליינר 02 יח',,FR,לה סטילו אייליינ,יחידה,1.00,יחידה,false,1,149.00,149.00,true,1,
3614273436380,false,לה סטילו אייליינר 04 יח',,FR,לה סטילו אייליינ,יחידה,1.00,יחידה,false,1,149.00,149.00,true,1,
3614273436397,false,לה סטילו אייליינר 05יח',,FR,לה סטילו אייליינ,יחידה,1.00,יחידה,false,1,149.00,149.00,true,1,
3614273476287,false,AURA IDOLE אדפ לאשה50מל,,FR,AURA IDOLE א.ד.פ,מיליליטרים,50.00,"100 מ""ל",false,1,249.00,498.00,true,1,
3614273478755,false,ROSSA LUNA א.ד.ט לגבר 10,,FR,ROSSA LUNA א.ד.ט,מיליליטרים,100.00,"100 מ""ל",false,1,327.00,327.00,true,1,
3614273556620,false,"פראדה לונה רוסה אושן אדט 100 מ""ל",,FR,Ocean LunaRossa,מיליליטרים,100.00,"100 מ""ל",false,1,349.00,349.00,true,1,
3614273560405,false,מוגלר אליין גודס אדפ 90 מל לאשה,,FR,GODDESS ALIEN אד,מיליליטרים,90.00,"100 מ""ל",false,1,499.00,554.44,true,1,
3614273604888,false,סי פסיוני אקלה אדפ 100מל,,FR,סי פסיוני אקלה א,מיליליטרים,100.00,"100 מ""ל",false,1,359.00,359.00,true,1,
3614273604932,false,ארמני קוד לה אדפ 125,לנקום בישום,FR,ארמני קוד לה פרפ,מיליליטרים,125.00,"100 מ""ל",false,1,459.00,367.20,true,1,
3614273610377,false,מארז מון פריז לאשה אדפ,,FR,מארז מון פריז לא,יחידה,1.00,יחידה,false,1,445.00,445.00,true,1,
3614273613453,false,מארזHOLIDAY ADGH לגבר,,FR,מארז HOLIDA ADGH,יחידה,1.00,יחידה,false,1,299.00,299.00,true,1,
3614273613576,false,מארז XMAS SI 21 לאשה,,FR,מארז XMAS SI 21,יחידה,1.00,יחידה,false,1,359.00,359.00,true,1,
3614273662376,false,"אקווה דה גיו אדפ 15 מ""ל",,FR,אקווה דה גיו אדפ,מיליליטרים,15.00,"100 מ""ל",false,1,49.00,326.67,true,1,
3614273665018,false,"אוד א.ד.פ 100 מ""ל",אינטרביוטי-בישו,FR,"אוד א.ד.פ 100 מ""",מיליליטרים,100.00,"100 מ""ל",false,1,399.00,399.00,true,1,
3614273686662,false,"לה ויה בל א.ד.פ 100 מ""ל",,FR,לה ויה בל א.ד.פ,מיליליטרים,100.00,"100 מ""ל",false,1,359.00,359.00,true,1,
3614273733472,false,מארז Y לה פארפם לגבר יח',,FR,מארז Y לה פארפם,יחידה,1.00,יחידה,false,1,439.00,439.00,true,1,
3614273776127,false,ליברה לה פארפם אדפ 90מל,א.ס.ל-בישום,FR,ליברה לה פארפם,מיליליטרים,90.00,"100 מ""ל",false,1,450.00,500.00,true,1,
3614273776134,false,ליברה לה פארפם,,,ליברה לה פארפם,יחידה,1.00,יחידה,false,0,149.00,149.00,true,1,
3614273882378,false,מארז לה ויאבל לאשה,לנקום,FR,מארז לה ויא בל,יחידה,1.00,יחידה,false,1,359.00,359.00,true,1,
3616300896037,false,הוגו בוס אלייב אדט 80 מל,,DE,הוגו בוס אלייב א,מיליליטרים,80.00,"100 מ""ל",false,1,319.00,398.75,true,1,
3616301293453,false,ברברי מר אלמנט אדט 100 מ,,IL,ברברי מר אלמנט א,מיליליטרים,100.00,"100 מ""ל",false,1,410.00,410.00,true,1,
3616301296669,false,"RG M DEFY CK אדפ 100 מ""ל",,ES,RG M DEFY CK אדפ,מיליליטרים,100.00,"100 מ""ל",false,1,209.00,209.00,true,1,
3616301398660,false,מארז הוגו בוס יח',,DE,מארז הוגו בוס,יחידה,1.00,יחידה,false,1,269.00,269.00,true,1,
3616301398820,false,מארז הוגו בוס דהסנט יח',,GE,מארז הוגו בוס דה,יחידה,1.00,יחידה,false,1,329.00,329.00,true,1,
3616301781127,false,סי.קיי אברי וואן 100מל,,DE,קלווין קליין אבר,מיליליטרים,100.00,"100 מ""ל",false,1,219.00,219.00,true,1,
3616302015580,false,"Ckfree א.ד.ט לגבר 100מ""ל",,GR,Ckfree אדט לגבר,מיליליטרים,100.00,"100 מ""ל",false,1,119.00,119.00,true,1,
3616302681105,false,הוגו בוס דה סנט לאישה אד,,DE,הוגו בוס דה סנט,מיליליטרים,50.00,"100 מ""ל",false,1,349.00,698.00,true,1,
3616302764181,false,הוגו בוס דה סנט אדט מארז,,DE,הוגו בוס דה סנט,יחידה,1.00,יחידה,false,1,299.00,299.00,true,1,
3616302923175,false,הוגו בוס מארז יח',,DE,הוגו בוס מארז,יחידה,1.00,יחידה,false,1,249.00,249.00,true,1,
3616303457860,false,הוגו בוס אלייב אדפ מארז,קוטי HFC,FR,הוגו בוס אלייב,יחידה,1.00,יחידה,false,1,349.00,349.00,true,1,
3661163904016,false,"נאוטיקה קלאסיק (ג)אדט 100 מ""ל",סופטאץ בישום,IL,נאוטיקה קלאסיק,מיליליטרים,100.00,"100 מ""ל",false,0,79.00,79.00,true,1,
3661163970448,false,"אדידס דאודורנט ספריי מקס פרש לגברים 200 מ""ל",מיוצר עי קונדיטוריית,PT,דאודורנט אדידס,מיליליטרים,200.00,"100 מ""ל",false,0,14.90,7.45,true,1,
3661163990545,false,"אדידס דאודורנט ספריי לגברים אקשיין 200 מ""ל",מיוצר עי קונדיטוריית,PT,דאודורנט אדידס,מיליליטרים,200.00,"100 מ""ל",false,0,14.90,7.45,true,1,
3661163991146,false,"אדידס - דאודורנט ספריי לאישה קול אנד קר פרש 150 מ""ל",מיוצר עי קונדיטוריית,PT,דאודורנט אדידס,מיליליטרים,150.00,"100 מ""ל",false,0,14.90,9.93,true,1,
3760004322016,false,פסקל מורביטו פרל אדפ100,פסקל מורביטו,IL,פסקל מורביטו פרל,מיליליטרים,100.00,"100 מ""ל",false,0,99.00,99.00,true,1,
3760022730251,false,MMM גולייט האז גאן 100 מ,,FR,גולייט האז גאן M,מיליליטרים,100.00,"100 מ""ל",false,1,399.00,399.00,true,1,
3760060761880,false,"דומונט ניטרו פיור הום רד - א.ד.פ 100 מ""ל",,FR,Red Nitro א.ד.פ,מיליליטרים,100.00,"100 מ""ל",false,1,149.00,149.00,true,1,
3760096760345,false,"סרום לאיזור עיניים 15 מ""",,CH,סרום לאיזור עיני,מיליליטרים,15.00,"100 מ""ל",false,1,199.00,1326.67,true,1,
3760096760970,false,קירינס עטיפת טיהור מצמצמת נקבוביות,שסטוביץ,FR,עטיפת טיהור,גרמים,30.00,100 גרם,false,1,18.90,63.00,true,1,
3760096760987,false,קירינס עטיפת זוהר לפנים 30 גרם,שסטוביץ,FR,עטיפת זוהר,גרמים,30.00,100 גרם,false,1,18.90,63.00,true,1,
3760096761151,false,קירינס גוף עטיפת לחות לכפות רגליים 30גרם,שסטוביץ,FR,קירינס מסכה לרגל,גרמים,30.00,100 גרם,false,1,21.90,73.00,true,1,
3760096761502,false,פילינג לכל סוגי העור 75,,FR,פילינג לכל סוגי,מיליליטרים,75.00,"100 מ""ל",false,1,142.00,189.33,true,1,
3760096762592,false,קירינס מסכת שפתיים דו שלבית פילינג הזנה,שסטוביץ,KR,מסיכת שפתיים דו,יחידה,1.00,יחידה,false,1,19.90,19.90,true,1,
3760100681093,false,מסכה לשיער יבש ופגום 500,אבולודרם,FR,מסכה לשיער יבש,מיליליטרים,500.00,"100 מ""ל",false,1,26.90,5.38,true,1,
3760100681116,false,"שמן ארגן 100 מ""ל",אבולודרם,FR,שמן ארגן,מיליליטרים,100.00,"100 מ""ל",false,1,21.90,21.90,true,1,
3760100681574,false,"Evoluderm שמן למסאג' שאינו מייבש 100 מ""ל",אבולודרם,FR,שמן מסאג',מיליליטרים,100.00,"100 מ""ל",false,1,21.90,21.90,true,1,
3760168630309,false,side white א.ד.ט לגבר,זניט פרפיומס פריס,FR,side white לגבר,מיליליטרים,100.00,"100 מ""ל",false,1,119.00,119.00,true,1,
3760168630651,false,וויט סייד אדפ לאשה 100מל,זניט פרפיומס פריס,FR,בושם וויט סייד,מיליליטרים,100.00,"100 מ""ל",false,1,99.00,99.00,true,1,
3760260450003,false,"רוזס מאסק Roses Musk א.ד.פ לאישה 100 מ""ל",מונטאל Montale,FR,רוזס מאסק אדפ,מיליליטרים,100.00,"100 מ""ל",false,1,369.00,369.00,true,1,
3760260455640,false,Greedy Diamond אדפ 100 מ,,FR,Greedy Diamond א,מיליליטרים,100.00,"100 מ""ל",false,1,419.00,419.00,true,1,
3770000002775,false,"ג'ולייט האס א גאן (לבן) א.ד.פ 100 מ""ל",,IL,PERFUME A NOT,מיליליטרים,100.00,"100 מ""ל",false,1,399.00,399.00,true,1,
3838824127200,false,פלטה סמי קיט 5-68 ערמונים בינוני,שוורצקופף והנקל,SI,צבע לשיער פלטה,יחידה,1.00,יחידה,false,0,29.90,29.90,true,1,
3838824127224,false,פלטה סמי קיט חום בינוני 4-0 צבע שיער,שוורצקופף והנקל,SI,צבעי שיער פלטה,יחידה,1.00,יחידה,false,0,29.90,29.90,true,1,
3838824127248,false,פלטה סמי קיט חום בהיר 5-0 צבע שיער,שוורצקופף והנקל,SI,צבעי שיער פלטה,יחידה,1.00,יחידה,false,0,29.90,29.90,true,1,
3838824127262,false,פלטה סמי קיט בלונד כהה 6-0 צבע שיער,שוורצקופף והנקל,SI,צבע לשיער פלטה,יחידה,1.00,יחידה,false,0,29.90,29.90,true,1,
3838824127361,false,פלטה סמי קיט ערמונים בינוני5-68 צבע שיער,שוורצקופף והנקל,SI,צבע לשיער פלטה,יחידה,1.00,יחידה,false,0,29.90,29.90,true,1,
3838824127507,false,פלטה סמי קיט חום קטיפתי 4-60 צבע שיער,שוורצקופף והנקל,SI,צבע לשיער פלטה,יחידה,1.00,יחידה,false,0,29.90,29.90,true,1,
3838824127644,false,צבע לשיער פלטה - 4-89 חציל זוהר,שוורצקופף והנקל,SI,צבע לשיער פלטה,יחידה,1.00,יחידה,false,0,29.90,29.90,true,1,
3838824128726,false,פלטה דלוקס קיט 10-5 בלונד זהוב מבריק,שוורצקופף & הנקל דיסלדור,DE,צבע לשיער פלtטה,יחידה,1.00,יחידה,false,0,28.90,28.90,true,1,
3838824128849,false,פאלטה - דלוקס שמני הזנה ערמונים 5-68,שוורצקוף Schwarzkopf,DE,צבע לשיער פלטה,יחידה,1.00,יחידה,false,0,28.90,28.90,true,1,
3838824128887,false,פאלטה - דלוקס שמני הזנה שוקולטה 3-65,הנקל סוד,DE,צבע לשיער פלטה,יחידה,1.00,יחידה,false,0,28.90,28.90,true,1,
3838824129020,false,פאלטה - דלוקס שמני הזנה שחור 1-0,שוורצקוף Schwarzkopf,DE,צבע לשיער פלטה,יחידה,1.00,יחידה,false,0,28.90,28.90,true,1,
3838824129068,false,פאלטה - דלוקס שמני הזנה חום קפה 4-68,הנקל סוד,DE,צבע לשיער פלטה,יחידה,1.00,יחידה,false,0,28.90,28.90,true,1,
3838824129105,false,פאלטה - דלוקס שמני הזנה בלונד שמש 9-0,שוורצקוף Schwarzkopf,DE,צבע לשיער פלטה,יחידה,1.00,יחידה,false,0,28.90,28.90,true,1,
3838824193915,false,צבע לשיער פאלטה סמי קיט שחור 0-1,שוורצקופף והנקל,SI,צבע סמי קיט פלטה,יחידה,1.00,יחידה,false,0,29.90,29.90,true,1,
3838824193939,false,פאלטה - דלוקס שמני הזנה סגול אצילי 4-99,שוורצקוף Schwarzkopf,DE,צבע לשיער פלטה,יחידה,1.00,יחידה,false,0,28.90,28.90,true,1,
3838824327099,false,צבע שיער פאלטה סמי קיט 10-46 בלונד פודרה,שוורצקופף והנקל,DE,צבע סמי קיט פלטה,יחידה,1.00,יחידה,false,1,29.90,29.90,true,1,
3838824332130,false,צבע שיער פאלטה סמי קיט 3-68 מהגוני כהה,שוורצקופף והנקל,DE,צבע סמי קיט פלטה,יחידה,1.00,יחידה,false,1,29.90,29.90,true,1,
3838824332178,false,פאלטה ברוז' חום אדום יין 6-80 סמי קיט,שוורצקופף והנקל,DE,צבע סמי קיט פלטה,יחידה,1.00,יחידה,false,1,29.90,29.90,true,1,
3838824380940,false,צבעי שיער בלונד בהיר אפרפר 8-1 סמי קיט פאלט,שוורצקופף והנקל,DE,צבע לשיער פלטה,יחידה,1.00,יחידה,false,1,29.90,29.90,true,1,
3838824381022,false,צבעי שיער חום שוקולד כהה 3-65 סמי קיט פאלטה,שוורצקופף והנקל,DE,צבע לשיער פלטה,יחידה,1.00,יחידה,false,1,29.90,29.90,true,1,
4000417025005,false,שוקולד מריר במילוי מרציפן ריטר ספורט 100 גרם,ריטר ספורט Ritter sport,DE,שוקולד ריטר,גרמים,100.00,100 גרם,false,0,10.90,10.90,true,1,
4000417222008,false,ריטר ספורט שוקולד חלב עם שברי אגוזים 100 גרם,ריטר ספורט Ritter sport,DE,שוקולד ריטר,גרמים,100.00,100 גרם,false,1,10.90,10.90,true,1,
4005808222698,false,ניוואה קצף גילוח לעור רגיש,ביירסדורץ,DE,קצף גילוח ניוואה,מיליליטרים,200.00,"100 מ""ל",false,0,15.90,7.95,true,1,
4005808262168,false,ניוואה ספריי SPF20 200 מ,טרופיקל דגיל תעשיות,DE,ניוואה סאן,מיליליטרים,200.00,"100 מ""ל",false,0,39.90,19.95,true,1,
4005808293469,false,"ניוואה - דאודורנט ספריי לגבר יבש 150 מ""ל",BEIERSDORF MANUFACTU,DE,ניוואה דאודורנט,מיליליטרים,150.00,"100 מ""ל",false,1,23.90,15.93,true,1,
4005808366392,false,שפתון ליובש כחול קלאסי לבלו 48 גרם,טרופיקל דגיל תעשיות,IL,שפתון לבלו כחול,יחידה,1.00,יחידה,false,1,10.00,10.00,true,1,
4005808406029,false,"ניוואה - תחליב רחצה סופט 750 מ""ל",ביירסדורף,DE,קרם רחצה ניוואה,מיליליטרים,750.00,"100 מ""ל",false,1,20.90,2.79,true,1,
4005808571246,false,ניוואה מסיר איפור לעיניים דאבל אפקט,HELLAS BEIERSDORF,DE,מסיר איפור,מיליליטרים,125.00,"100 מ""ל",false,1,29.90,23.92,true,1,
4005808650002,false,שפתון לבלו כחול,ביירסדורץ,IL,שפתון לבלו,יחידה,1.00,יחידה,false,0,10.00,10.00,true,1,
4005808650729,false,לבלו שפתון תות שדה,ביירסדורף,,לבלו תות שדה,יחידה,1.00,יחידה,false,0,10.00,10.00,true,1,
4005808650903,false,לבלו הידרו קר,ביירסדורף,DE,לבלו אפרסק,יחידה,1.00,יחידה,false,0,10.00,10.00,true,1,
4005808668847,false,"ניוואה תרחיץ פנים עדין לעור יבש 150 מ""ל",HELLAS BEIERSDORF,DE,קרם ניקוי לפנים,מיליליטרים,150.00,"100 מ""ל",false,1,29.90,19.93,true,1,
4005808702107,false,ניוואה תחליב גוף לעור יבש מאד 500 מל,בטר אנד דיפרנט,DE,ניוואה תחליב גוף,מיליליטרים,500.00,"100 מ""ל",false,1,29.90,5.98,true,1,
4005808702169,false,"ניוואה תחליב גוף לעור רגיל 500 מ""ל",ביירסדורץ,DE,תחליב גוף ניוואה,מיליליטרים,500.00,"100 מ""ל",false,0,29.90,5.98,true,1,
4005808801046,false,"קרם רב שימושי 150 מ""ל",HELLAS BEIERSDORF,DE,קרם רב שימושי,מיליליטרים,150.00,"100 מ""ל",false,1,24.90,16.60,true,1,
4005808811052,false,"ניוואה ויסאז מי פנים רגיל 200 מ""ל",HELLAS BEIERSDORF,DE,מי פנים ויסאז',מיליליטרים,200.00,"100 מ""ל",false,0,29.90,14.95,true,1,
4005808811069,false,ניוואה ויסאז מי פנים יבש,HELLAS BEIERSDORF,DE,מי פנים ויסאז',מיליליטרים,200.00,"100 מ""ל",false,0,29.90,14.95,true,1,
4005808811106,false,"ניוואה מסיר איפור עדין לעיניים 125 מ""ל",HELLAS BEIERSDORF,DE,מסיר איפור,מיליליטרים,125.00,"100 מ""ל",false,0,29.90,23.92,true,1,
4005808812875,false,"ניוואה קרם Q יום נגד קמטים 50 מ""ל",ביירסדורץ,PL,קרם ויסאז' Q10,מיליליטרים,50.00,"100 מ""ל",false,0,110.00,220.00,true,1,
4005808812882,false,"ניוואה ויסאז קרם עיניים Q 10, 15 מ""ל",ביירסדורץ,DE,קרם עיניים,מיליליטרים,15.00,"100 מ""ל",false,0,110.00,733.33,true,1,
4005808812899,false,"ניוואה ויזג Q 10 לילי קרם נג קמטים ללילה, 50 מ""ל",ניוואה Nivea,PL,קרם נגד קמטים,מיליליטרים,50.00,"100 מ""ל",false,0,110.00,220.00,true,1,
4005808813063,false,תחליב לחות לעור רגיש לאחר גילוח,בטר אנד דיפרנט,DE,ניוואה אפטר שייב,מיליליטרים,100.00,"100 מ""ל",false,0,39.90,39.90,true,1,
4005808817405,false,"ג'ל גילוח לעור רגיש ניוואה 200 מ""ל",פרוטרופיק סיה.,PL,ג'ל גילוח ניוואה,מיליליטרים,200.00,"100 מ""ל",false,0,26.90,13.45,true,1,
4005808817603,false,ג'ל גילוח עם אלוורה Protect & Care,ניוואה Nivea,DE,ג'ל גילוח ניוואה,מיליליטרים,200.00,"100 מ""ל",false,0,26.90,13.45,true,1,
4005808817726,false,ניוואה קרם גילוח לגבר100,ניוואה Nivea,DE,קרם גילוח לגבר,מיליליטרים,100.00,"100 מ""ל",false,0,18.90,18.90,true,1,
4005808828838,false,"ניוואה - דאודורנט ספריי לגבר קול קיק 150 מ""ל",ניוואה Nivea,DE,דאודורנט אקווה,מיליליטרים,150.00,"100 מ""ל",false,0,23.90,15.93,true,1,
4005808835669,false,קרם גוף ניוואה לעור יבש,,IL,קרם גוף לעור יבש,מיליליטרים,75.00,"100 מ""ל",false,1,13.90,18.53,true,1,
4005808837359,false,"ניוואה - דאודורנט רול און לאישה פרל אנד ביוטי 50 מ""ל",ביירסדורף AG,DE,דאודורנט ניוואה,מיליליטרים,50.00,"100 מ""ל",false,0,23.90,47.80,true,1,
4005808851515,false,שפתון לבלו גבר בליסט,אלפא,DE,לבלו גבר בליסטר,יחידה,1.00,יחידה,false,0,10.00,10.00,true,1,
4005808890507,false,קרם לחות רב שימושי סופט ניוואה 200 מ''ל,ניוואה Nivea,ES,קרם ניוואה סופט,מיליליטרים,200.00,"100 מ""ל",false,0,24.90,12.45,true,1,
4005808890576,false,"קרם ידיים סופט ניוואה 75 מ""ל",ניוואה Nivea,ES,קרם ידיים ניוואה,מיליליטרים,75.00,"100 מ""ל",false,0,11.90,15.86,true,1,
4005808908585,false,"ניוואה - דאודורנט ספריי לאישה פאודר טאץ 150 מ""ל",ביירסדורץ,DE,דאודורנט ניוואה,מיליליטרים,150.00,"100 מ""ל",false,0,23.90,15.93,true,1,
4005808945542,false,לבלו ליפ קלאסי יח,ביירסדורף,DE,לבלו ליפ קלאסי,יחידה,1.00,יחידה,false,0,14.90,14.90,true,1,
4005900036445,false,"ניוואה - דאודורנט רול און לאישה בלק&וויט פיור 50 מ""ל",ביירסדורץ,DE,דאודורנט ניוואה,מיליליטרים,50.00,"100 מ""ל",false,0,23.90,47.80,true,1,
4005900036476,false,"ניוואה - דאודורנט רול און לאישה בלק אנד וויט קליר 50 מ""ל",טרופיקל דגיל תעשיות,DE,דאודורנט ניוואה,מיליליטרים,50.00,"100 מ""ל",false,0,23.90,47.80,true,1,
4005900036483,false,"ניוואה - דאודורנט ספריי לגבר שקוף בלק וווי 150 מ""ל",בטר אנד דיפרנט,DE,דאודורנט ניוואה,מיליליטרים,150.00,"100 מ""ל",false,0,23.90,15.93,true,1,
4005900036506,false,"ניוואה - דאודורנט רול און לגבר שקוף בלק 50 מ""ל",טרופיקל דגיל תעשיות,DE,דאודורנט ניוואה,מיליליטרים,50.00,"100 מ""ל",false,0,23.90,47.80,true,1,
4005900037909,false,"ניוואה - דאודורנט ספריי לאישה אינויזיבל פיור 150 מ""ל",ביירסדורץ,DE,דאודורנט ניוואה,מיליליטרים,150.00,"100 מ""ל",false,0,23.90,15.93,true,1,
4005900111449,false,"ניוואה קרם רב שימושי לגבר 150 מ""ל",HELLAS BEIERSDORF,DE,"קרם רב""ש לגבר",מיליליטרים,150.00,"100 מ""ל",false,1,21.90,14.60,true,1,
4005900138842,false,"ניוואה - תחליב רחצה סמוט 750 מ""ל",ניואה,DE,תחליב רחצה ניואה,מיליליטרים,750.00,"100 מ""ל",false,1,20.90,2.79,true,1,
4005900416391,false,ניוואה Q10 קרם יום אנרגי מועשר בויטמין C,ניוואה ויסאז',DE,קרם יום אנרג'י,מיליליטרים,50.00,"100 מ""ל",false,0,110.00,220.00,true,1,
4005900420220,false,"גל רחצה ניוואה פיור אימפקט לגבר 500 מ""ל",ניואה,DE,ניוואה ג'ל רחצה,מיליליטרים,500.00,"100 מ""ל",false,1,14.90,2.98,true,1,
4005900431776,false,לבלו שפתון וניל בליסטר,ביירסדורף,DE,לבלו ונ,יחידה,1.00,יחידה,false,0,10.00,10.00,true,1,
4005900485243,false,"ניוואה - דאודורנט רול און לגבר דריי פרש 50 מ""ל",ביירסדורף,DE,דאודורנט ניוואה,מיליליטרים,50.00,"100 מ""ל",false,1,23.90,47.80,true,1,
4005900494900,false,"ניוואה - דאודורנט ספריי לגבר דריי פרש 150 מ""ל",BEIERSDORF,DE,ניוואה דאו ספריי,מיליליטרים,150.00,"100 מ""ל",false,1,23.90,15.93,true,1,
4005900494924,false,"ניוואה - דאודורנט ספריי לאישה דריי פרש אישה 150 מ""ל",ביירסדורף,DE,דאודורנט ניוואה,מיליליטרים,150.00,"100 מ""ל",false,1,23.90,15.93,true,1,
4005900496331,false,מים מיסלריים אקספרט מים מיסלריים אקספרט,אלפא קוסמטיקה,DE,מים מיסלריים אקס,מיליליטרים,400.00,"100 מ""ל",false,1,29.90,7.48,true,1,
4005900513045,false,"ניוואה - דאודורנט ספריי לגבר דיפ 150 מ""ל",ביירסדורף,DE,ניוואה דאו ספריי,מיליליטרים,150.00,"100 מ""ל",false,1,23.90,15.93,true,1,
4005900513069,false,"ניוואה - דאודורנט רול און לגבר דיפ 50 מ""ל",ביירסדורף,DE,ניוואה רול און ל,מיליליטרים,50.00,"100 מ""ל",false,1,23.90,47.80,true,1,
4005900521262,false,"ג'ל רחצה לגבר פיור אימפקט ניוואה 500 מ""ל",ביירסדורף,DE,ניוואה ג'ל רחצה,מיליליטרים,500.00,"100 מ""ל",false,1,14.90,2.98,true,1,
4005900547316,false,"ניוואה - דאודורנט ספריי לאישה שקוף בלק וווי 150 מ""ל",בטר אנד דיפרנט,DE,דאודורנט ניוואה,מיליליטרים,150.00,"100 מ""ל",false,1,23.90,15.93,true,1,
4005900551412,false,לבלו שפתון לחות SPF30 להגנה מפני השמש,beiersdorf,DE,לבלו שפתון לחות,יחידה,1.00,יחידה,false,1,10.00,10.00,true,1,
4005900555915,false,"ניוואה - תחליב רחצה קוקוס וחוחובה 750 מ""ל",ביירסדורף AG,DE,תחליב רחצה,מיליליטרים,750.00,"100 מ""ל",false,1,20.90,2.79,true,1,
4005900583116,false,לבלו KISS שפתון צבעוני אדום פרג,ביירסדורץ,DE,לבלו קיס אדום,יחידה,1.00,יחידה,false,1,14.90,14.90,true,1,
4005900639554,false,"ניוואה - דאודורנט רול און לאישה פרש נטורל לאישה ללא אלומיניום 50 מ""ל",ביירסדורף AG,DE,דאודורנט ניוואה,מיליליטרים,50.00,"100 מ""ל",false,1,23.90,47.80,true,1,
4005900661364,false,ניוואה Q10 אקסטרה נורישינג קרם יום מזין,אלפא,PL,Q10 קרם יום שמן,מיליליטרים,50.00,"100 מ""ל",false,1,110.00,220.00,true,1,
4005900661371,false,ניוואה Q10 אקסטרה נורישינג קרם לילה מזין,אלפא,PL,Q10 קרם לילה שמן,מיליליטרים,50.00,"100 מ""ל",false,1,110.00,220.00,true,1,
4005900661388,false,ניוואה Q10 אקסטרה נורישינג שמן הזנה לפני,אלפא,DE,אקסטרה שמן הזנה,מיליליטרים,30.00,"100 מ""ל",false,1,110.00,366.67,true,1,
4005900683878,false,לבלו סקראב שפתון פילינג אלוורה בליסטר,ביירסדורף,DE,לבלו סקראב אלורה,יחידה,1.00,יחידה,false,1,10.00,10.00,true,1,
4005900730299,false,"ניוואה דאו רול און לאשה בלק אנד וויט אימפקט 50 מ""ל",ביירסדורף,DE,דאודורנט ניוואה,מיליליטרים,50.00,"100 מ""ל",false,1,23.90,47.80,true,1,
4005900730336,false,"ניוואה דאו רול און לגבר בלק אנד וויט אימפקט 50 מ""ל",ביירסדורף,DE,ניוואה דאודורנט,מיליליטרים,50.00,"100 מ""ל",false,1,23.90,47.80,true,1,
4005900775771,false,מארז אקווה סנסנשיין יח',,IL,מארז אקווה סנסנש,יחידה,1.00,יחידה,false,1,109.00,109.00,true,1,
4005900777263,false,ניוואה Q10 קרם לילה אנטי אייגינג בתוספת,אלפא,PL,קיו 10 אנרג'י קר,מיליליטרים,50.00,"100 מ""ל",false,1,110.00,220.00,true,1,
4005900786968,false,"לומינוס תחליב יום עם מקדם הגנה SPF50 בעל פעולה משולשת 50 מ""ל",אלפא,PL,סלולר לומינוס 63,מיליליטרים,40.00,"100 מ""ל",false,1,140.00,350.00,true,1,
4005900786975,false,"סרום לומינוס לטיפול מתקדם בכתמים כהים 50 מ""ל",אלפא,PL,סלולר לומינוס 63,מיליליטרים,30.00,"100 מ""ל",false,1,140.00,466.67,true,1,
4005900816009,false,ניוואה ספרי פרש לגבר150מ,MANUFACTURING BEIERSDORF,DE,דאודורנט ניוואה,מיליליטרים,150.00,"100 מ""ל",false,0,23.90,15.93,true,1,
4005900816115,false,"ניוואה - דאודורנט רול און לאישה יבש 50 מ""ל",ניוואה Nivea,DE,דאודורנט ניוואה,מיליליטרים,50.00,"100 מ""ל",false,0,23.90,47.80,true,1,
4005900833723,false,"ניוואה - פאוור פרש ג'ל רחצה לגבר 500 מ""ל",HELLAS BEIERSDORF,DE,ניוואה ג'ל רחצה,מיליליטרים,500.00,"100 מ""ל",false,1,14.90,2.98,true,1,
4005900845702,false,"ניוואה - דאודורנט רול און לגבר קול קיק פרש 50 מ""ל",ביירסדורף,DE,דאודורנט ניוואה,מיליליטרים,50.00,"100 מ""ל",false,1,23.90,47.80,true,1,
4005900845733,false,"דאודורנט ספריי קול קיק פרש לגבר ניוואה מן 150 מ""ל",ביירסדורף,DE,דאודורנט ניוואה,מיליליטרים,150.00,"100 מ""ל",false,1,23.90,15.93,true,1,
4005900864000,false,"ניוואה היידרה סקין אפקט מים מיסלריים להסרת איפור וניקוי הפנים עם חומצה היאלורונית 400 מ""ל",ניואה,DE,היידרה סקין אפקט,מיליליטרים,400.00,"100 מ""ל",false,1,35.90,8.98,true,1,
4005900869241,false,מארז מהודר לאשה יח',ניוואה,DE,מארז ניוואה,יחידה,1.00,יחידה,false,1,64.90,64.90,true,1,
4005900874931,false,"דאודורנט ספריי דיפ ביט לגבר 150 מ""ל ניוויה",ביירסדורף,DE,דאודורנט ניוואה,גרמים,150.00,100 גרם,false,1,23.90,15.93,true,1,
4005900920522,false,ניוואה סט אסנשיאלס כחול לעור רגיל,אלפא,DE,מארז אסנשיאלס כח,יחידה,1.00,יחידה,false,1,99.90,99.90,true,1,
4005900922359,false,ניוואה מארז גילוח פרימיום לגבר לעור רגיש,ביירסדורץ,DE,סט גילוח פרמיום,יחידה,1.00,יחידה,false,1,89.00,89.00,true,1,
4005900978950,false,לבלו - דובדבן שפתון לחות מטפח מהדורת נסיכות דיסני,ביירסדורף,DE,לבלו אריאל,יחידה,1.00,יחידה,false,1,10.00,10.00,true,1,
4005900978967,false,לבלו - וניל שפתון לחות מטפח מהדורת נסיכות דיסני,ביירסדורף,DE,לבלו אלזה,יחידה,1.00,יחידה,false,1,10.00,10.00,true,1,
4005900978974,false,לבלו - סופט רוז שפתון לחות מטפח מהדורת נסיכות דיסני,ביירסדורף,DE,לבלו סופט יסמין,יחידה,1.00,יחידה,false,1,10.00,10.00,true,1,
4006000002538,false,מארז קוסמטיקה ניוואה HYDRATE YOURSELF ראש השנה,ביירסדורף,DE,מארז ניוואה,יחידה,1.00,יחידה,false,1,89.90,89.90,true,1,
4006000002569,false,ניוואה מארז טיפוח 4 פריטים לאישה FEELING SOFT,ביירסדורץ,DE,טיפוח לאשה feeli,יחידה,1.00,יחידה,false,1,59.90,59.90,true,1,
4008400170428,false,בונבוניירה פררו רושר לב 100 גרם,גוד פוד פרודקטס S.p,PL,בונבוניירה רושה,גרמים,100.00,100 גרם,false,1,15.90,15.90,true,1,
4008400230726,false,ביצת שוקולד הפתעה קינדר ענקית 100ג' בנים,פררו,IT,ביצת הפתעה מקסי,גרמים,100.00,100 גרם,false,1,19.90,19.90,true,1,
4008500006337,false,"אוטן פמילי קייר סטיק 50מ""ל",אס.סי.ג'ונסון מידרכט,IT,אוטן סטיק,מיליליטרים,50.00,"100 מ""ל",false,0,26.90,53.80,true,1,
4008600284895,false,נוק זוג מוצץ סיליקון זוהר בחושך 6-18 כחו,פרומדיקו,DE,מוצצים זוהרים כח,יחידה,1.00,יחידה,false,1,39.90,39.90,true,1,
4008600314301,false,נוק זוג מוצצי סיליקון הפי דייז 6-18 ורוד,פרומדיקו,DE,מוצצים הפי דיי,יחידה,1.00,יחידה,false,1,39.90,39.90,true,1,
4008600314349,false,נוק זוג מוצצי סיליקון אדור 0-6 ורוד,פרומדיקו,DE,מוצצים אדור 0-6,יחידה,1.00,יחידה,false,1,39.90,39.90,true,1,
4008600314462,false,נוק זוג מוצצי סיליקון זוהר בחושך 0-6 ורו,פרומדיקו,DE,מוצצים זוהרים,יחידה,1.00,יחידה,false,1,39.90,39.90,true,1,
4008600336365,false,נוק זוג מוצצי סיליקון ספייס 0-6 ירוקכחול,פרומדיקו,DE,זוג מוצצים ספייס,יחידה,1.00,יחידה,false,1,39.90,39.90,true,1,
4008600336440,false,נוק זוג מוצצי סיליקון ספייס 0-6 אפורכחול,פרומדיקו,DE,זוג מוצצים ספייס,יחידה,1.00,יחידה,false,1,39.90,39.90,true,1,
4008600372370,false,נוק אקטיב קאפ כוס מעבר פו הדב 300 מל,ניאופארם,DE,אקטיב קאפ פו הדב,יחידה,1.00,יחידה,false,1,54.90,54.90,true,1,
4008600387381,false,נוק בקבוק אימון דיסני אפור 150 מל 6-18 ח,General,DE,בקבוק אימון אפור,יחידה,1.00,יחידה,false,1,44.90,44.90,true,1,
4009300522935,false,תה ירוק פומפדור לימונית ולואיזה 20 יחידות,"איטיליאן פוד, אס.פי.",DE,תה ירוק לואיזה,גרמים,30.00,100 גרם,false,0,15.90,53.00,true,1,
4009300524588,false,חליטת צמחים פומפדור פירות יער 20 יחידות,פומפדור Pompadour,DE,חליטת פירות יער,גרמים,60.00,100 גרם,false,0,13.90,23.17,true,1,
4009300525684,false,חליטת צמחים פומפדור ג'ינג'ר ולימון 20 יחידות,פומפדור Pompadour,DE,חליטת לימון,גרמים,35.00,100 גרם,false,0,13.90,39.72,true,1,
4009300528821,false,תה ירוק פומפדור ג'ינגר וקינמון 20 יחידות,פומפדור Pompadour,DE,תה ירוק פומפדור,גרמים,30.00,100 גרם,false,1,15.90,53.00,true,1,
4009300529514,false,תה חליטת פומפדור פירות אוכמניות 20 יח,TEEKANNE- POMPADOU,DE,חליטת פירות,גרמים,45.00,100 גרם,false,1,11.90,26.45,true,1,
4009300529552,false,תה חליטת פומפדור פירות אפרסק 20 יח,TEEKANNE- POMPADOU,DE,חליטת פירות,גרמים,50.00,100 גרם,false,1,11.90,23.80,true,1,
4009900379564,false,מסטיק הובה בובה Hubba Bubba טייפ בטעם פירות,מרס ריגלי קונפקשונרי,GB,מסטיק הובה בובה,גרמים,56.00,100 גרם,false,0,7.20,12.86,true,1,
4009900385824,false,מארז חמישיית מסטיק אורביט Orbit בטעם מנטה,ריגלי צרפת,FR,מסטיק סטיקס,גרמים,65.00,100 גרם,false,0,9.90,15.23,true,1,
4009900402965,false,אורביט וויט בטעם פירות בקבוקון 46מלבניות,ריגלי פולין,PL,אורביט בקבוקון,גרמים,64.00,100 גרם,false,0,8.90,13.90,true,1,
4009900403023,false,אורביט וויט בטעם מנטה בקבוקון 46 מלבניות,"ב.א מזון בע""מ",PL,אורביט בקבוקון,גרמים,64.00,100 גרם,false,0,8.90,13.90,true,1,
4009900406918,false,מסטיק הובה בובה טייפ טריפל מיקס 56ג',מרס ריגלי קונפקשונרי,GB,מסטיק הובה בובה,גרמים,56.00,100 גרם,false,0,7.20,12.86,true,1,
4009900420129,false,מסטיק אורביט פרופשנל פפרמינט בקבוקון 64 גר',מרס נדרלנד,PL,אורביט פפרמינט,גרמים,64.00,100 גרם,false,1,8.90,13.90,true,1,
4009900455299,false,"סוכרית ג'לי אדומה 174 גרם ""סקיטלס""",ריגלי ממתקים,CZ,סוכריות סקיטלס,גרמים,174.00,100 גרם,false,0,6.90,3.96,true,1,
4009900465304,false,סוכריות סקיטלס בטעם פירות חמוצים,ריגלי ממתקים,CZ,סוכריות סקיטלס,גרמים,174.00,100 גרם,false,0,6.90,3.96,true,1,
4009900479998,false,אורביט וויט אוכמניות בקבוקון 46 מלבניות,ריגלי פולין,PL,אורביט בקבוקון,גרמים,64.00,100 גרם,false,0,8.90,13.90,true,1,
4009900482417,false,מסטיק אורביט פירות מנטה בקבוקון באבל מינט 45יח,ריגלי פולין,PL,אורביט באבל מינט,גרמים,64.00,100 גרם,false,0,8.90,13.90,true,1,
4009900483803,false,מסטיק איירובס מנטה אקליפטוס בקבוקון 60יח',איירוויבס Airwaves,PL,מסטיק איירוויבז,גרמים,84.00,100 גרם,false,1,10.90,12.98,true,1,
4009900484060,false,מסטיק אורביט פרופשיונל בטעם מנטה ללא סוכר,ריגלי פולין,PL,אורביט בקבוק,גרמים,84.00,100 גרם,false,0,10.90,12.98,true,1,
4009900484091,false,מסטיק אורביט פרופשיונל בטעם מנטה ללא סוכר,ריגלי פולין,PL,אורביט בקבוק,גרמים,84.00,100 גרם,false,0,10.90,12.98,true,1,
4009900484305,false,מסטיק אורביט פרופשיונל סוויטמינט ביגי לבן 60יח',אורביט Orbit,GB,אורביט בקבוק,גרמים,84.00,100 גרם,false,0,10.90,12.98,true,1,
4009900487283,false,אורביט ילדים קלאסי סט' משפחתי-חמישיות,ריגלי צרפת,FR,מסטיק סטיקס,גרמים,65.00,100 גרם,false,0,9.90,15.23,true,1,
4009900491044,false,מסטיק איירובס אוכמניות בקבוקון 60יח',איירוויבס Airwaves,PL,מסטיק איירוויבז,גרמים,84.00,100 גרם,false,1,10.90,12.98,true,1,
4009900496247,false,"מסטיק אורביט לל""ס מלבניות בקבוק בבלימנט 60 יח",אורביט Orbit,PL,אורביט בקבוק,גרמים,84.00,100 גרם,false,1,10.90,12.98,true,1,
4009900509770,false,אורביט באריזת בקבוק בטעם תות 60 יח',אורביט Orbit,GB,אורביט בקבוק,גרמים,84.00,100 גרם,false,1,10.90,12.98,true,1,
4009900512329,false,פייב בוקס מסטיק מנטה 69 גרם,ריגלי בעמ רוסיה,RU,מסטיק פייב,גרמים,69.00,100 גרם,false,1,9.90,14.35,true,1,
4009900531122,false,"מסטיק בטעם מנטה ספירמינט, 64 ג' פרופשיונל אורפיט",מרס נדרלנד,PL,אורביט ספירמינט,גרמים,64.00,100 גרם,false,1,8.90,13.90,true,1,
4009900534581,false,איירוויבס בקבוקון דובדבן ומנטה 46 מלבני,Unknown,IL,מסטיק איירוויבז,גרמים,64.00,100 גרם,false,1,8.90,13.90,true,1,
4009900534611,false,איירוויבס בקבוקון מלון ומנטה 46 מלבני,ריגלי,IL,מסטיק אייוויבז,גרמים,64.00,100 גרם,false,1,8.90,13.90,true,1,
4009900534918,false,סקיטלס גאיינט פירות 141 גרם,ריגלי,CZ,סוכריות סקיטלס,גרמים,141.00,100 גרם,false,1,6.90,4.89,true,1,
4009900535519,false,מסטיק אורביט רפרשרס ספירמינט ללא סוכר 15.6גר',אורביט,PL,אורביט רפרשרס,גרמים,15.00,100 גרם,false,1,4.30,28.67,true,1,
4009900535540,false,מסטיק אורביט רפרשרס פפרמינט ללא סוכר 15.6גר',אורביט,PL,מסטיק אורביט,גרמים,15.00,100 גרם,false,1,4.30,28.67,true,1,
4009900535823,false,מסטיק אורביט רפרשרס באבלמינט ללא סוכר 15.6גר',אורביט,PL,מסטיק אורביט,גרמים,15.00,100 גרם,false,1,4.30,28.67,true,1,
4009900536257,false,מסטיק אורביט רפרשרס ספירמינט בקבוקון ללא סוכר 67 גר',מרס ריגלי קונפקשונרי,PL,אורביט רפרשרס,גרמים,67.00,100 גרם,false,1,13.00,19.40,true,1,
4009900536288,false,מסטיק אורביט רפרשרס פפרמינט בקבוקון ללא סוכר 67 גר',מרס ריגלי קונפקשונרי,PL,אורביט רפרשרס,גרמים,67.00,100 גרם,false,1,13.00,19.40,true,1,
4009900539685,false,"מסטיק פייב באונס בטעם מנטה בקבוקון, 61.8 גרם",ריגלי בעמ רוסיה,PL,מסטיק פייב,גרמים,61.00,100 גרם,false,1,12.90,21.15,true,1,
4009900540551,false,מסטיק אורביט רפרשרס טרופיקל בקבוקון ללא סוכר,מרס פולין,PL,אורביט רפרשרס,גרמים,67.00,100 גרם,false,1,13.00,19.40,true,1,
4011700425501,false,TABAC EAU DE COLOGNE 300 ML,טאבק,IL,טבק אדט,מיליליטרים,300.00,"100 מ""ל",false,0,99.00,33.00,true,1,
4011800628512,false,חטיף קורני שוקולד חלב 6 יח 150 גר,מיוצר עי קונדיטוריית,DE,קורני חטיף דגנים,גרמים,150.00,100 גרם,false,0,10.90,7.27,true,1,
4011800629519,false,"מארז חטיפי דגנים אגוזים ""קורני""",שוורטאוור וורקה,DE,קורני חטיף דגנים,גרמים,150.00,100 גרם,false,0,10.90,7.27,true,1,
4011800630515,false,חטיף קורני שוקולד חלב ובננה 6 יח 150 גר,מיוצר עי קונדיטוריית,DE,קורני חטיף דגנים,גרמים,150.00,100 גרם,false,0,10.90,7.27,true,1,
4011800633516,false,קורני שוקולד מריר מעולה 58% קקאו 6*1,שוורטאוור וורקה,DE,קורני חטיף דגנים,גרמים,138.00,100 גרם,false,0,10.90,7.90,true,1,
4011800636517,false,קורני פרי שוקולד חלב מעולה ללא סוכר 6*1,מיוצר עי קונדיטוריית,DE,קורני חטיף דגנים,גרמים,120.00,100 גרם,false,0,10.90,9.08,true,1,
4012273123009,false,נטרוגינה קרם ידיים 50 מל הסדרה הנורבגית,גונסון אנד גונסון,FR,קרם ידיים,מיליליטרים,50.00,"100 מ""ל",false,0,28.90,57.80,true,1,
4014400901191,false,בונבונריית מרסי מבחר ממתקי שוקולד 250 גרם,ליימן מותגים,DE,בונבוניירת מרסי,גרמים,250.00,100 גרם,false,0,24.90,9.96,true,1,
4014400901405,false,בונבונריית מרסי מבחר ממתקי שוקולד חלב 250 גרם,קריניציה ויטמינה אס,DE,מרסי שוקולד חלב,גרמים,250.00,100 גרם,false,0,24.90,9.96,true,1,
4014400907902,false,"וורטרס אורגינל סוכריות חמאה ללא סוכר בקופסה
42 גרם",תות ממתקי איכות,DE,סוכריות וורטר,גרמים,42.00,100 גרם,false,0,7.90,18.81,true,1,
4014400914924,false,"סוכריות בטעם קפה וורטר אורגינל לל""ס 80 גרם",קריניציה ויטמינה אס,DE,סוכריות וורטר,גרמים,80.00,100 גרם,false,0,11.90,14.88,true,1,
4014400923711,false,בונבוניירה שוקולד אגוזים טופיפי 125 גרם,ליימן מותגים,DE,טופיפי,גרמים,125.00,100 גרם,false,1,15.90,12.72,true,1,
4014400925319,false,וורטרס אורגינל פופקורן קרמל 140 גרם,וורטרס Werther's,DE,ממתק קרמל ורטר,גרמים,140.00,100 גרם,false,1,9.90,7.07,true,1,
4015000280211,false,"פה - דאודורנט רול און לאישה קאריביין לימון 50 מ""ל",שוורצקוף& הנקל דיסלד,DE,דאודורנט FA,מיליליטרים,50.00,"100 מ""ל",false,0,13.90,27.80,true,1,
4015000280372,false,"דאודורנט רול און בניחוח לימון פה 50 מ""ל",שוורצקופף והנקל,DE,דאודורנט FA,מיליליטרים,50.00,"100 מ""ל",false,0,13.90,27.80,true,1,
4015000537117,false,גליס קרם לשיער שיקום150מ,הנקל סוד,SI,קרם לשיער גליס,מיליליטרים,150.00,"100 מ""ל",false,0,24.90,16.60,true,1,
4015000615884,false,"פה - דאודורנט ספריי לאישה קריביין לימון 200 מ""ל",שוורצקופף והנקל,DE,דאודורנט FA,מיליליטרים,200.00,"100 מ""ל",false,0,13.90,6.95,true,1,
4015000615891,false,"פה - דאודורנט ספריי לאישה אקווה 200 מ""ל",שוורצקופף והנקל,DE,דאודורנט FA,מיליליטרים,200.00,"100 מ""ל",false,0,13.90,6.95,true,1,
4015000615921,false,"פה - דאודורנט ספריי לגבר ספורט 200 מ""ל",שוורצקופף והנקל,TR,דאודורנט FA,מיליליטרים,200.00,"100 מ""ל",false,0,13.90,6.95,true,1,
4015000940955,false,שמפו גליס Gliss שיקום נזק קיצוני אולטימט ריפייר,שוורצקופף והנקל,DE,שמפו גליס,מיליליטרים,400.00,"100 מ""ל",false,0,17.90,4.48,true,1,
4015000976268,false,שמפו גליס Gliss למראה שיער מבריק Million Gloss,"הובי קוסמטיק, חברת ייצור",TR,שמפו גליס,מיליליטרים,400.00,"100 מ""ל",false,0,17.90,4.48,true,1,
4015000976275,false,מרכך גליס Gliss למראה שיער מבריק Million Gloss,שוורצקופף והנקל,TR,מרכך גליס,מיליליטרים,400.00,"100 מ""ל",false,0,17.90,4.48,true,1,
4015000996204,false,"גליס שמפו אולטימט שמן אלקסייר 400 מ""ל",שוורצקופף והנקל,DE,שמפו גליס,מיליליטרים,400.00,"100 מ""ל",false,0,17.90,4.48,true,1,
4015000996235,false,"גליס - מרכך משקם אקספקס תמצית שמן אולטימטיבי 200 מ""ל",שוורצקוף,SI,ספריי מרכך גליס,מיליליטרים,200.00,"100 מ""ל",false,0,24.90,12.45,true,1,
4015000997430,false,פה דאודורנט ספריי אינויזיבל פאוור 200 מל,שוורצקופף והנקל,TR,דאודורנט פה,מיליליטרים,200.00,"100 מ""ל",false,0,13.90,6.95,true,1,
4015001004168,false,"גליס - מרכך משקם אקספרס סרום שיקות עמוק 200 מ""ל",שוורצקוף,SK,ספריי מרכך גליס,מיליליטרים,200.00,"100 מ""ל",false,1,24.90,12.45,true,1,
4015100190786,false,גליס מסכת סרום לשיקום עמוק עם קרטין,שוורצקופף והנקל,SK,מסכת גליס,מיליליטרים,300.00,"100 מ""ל",false,1,23.90,7.97,true,1,
4015100190793,false,גליס מסכה לשיער יבש ופגום במיוחד Ultimate Repair,שוורצקופף והנקל,SK,מסכת גליס,מיליליטרים,300.00,"100 מ""ל",false,1,23.90,7.97,true,1,
4015100298000,false,גליס מסכה ביו-טק 2ב-1 300 מל,שוורצקופף והנקל,TR,מסכה עשירה גליס,מיליליטרים,300.00,"100 מ""ל",false,1,23.90,7.97,true,1,
4015100325324,false,פאלטה דלוקס קיט 6-0 בלונד כהה,שוורצקופף & הנקל דיסלדור,DE,צבע שיער פלטה,יחידה,1.00,יחידה,false,1,28.90,28.90,true,1,
4015100438192,false,פאלטה - דלוקס קיט בלונד זהוב חם 8-65,שוורצקופף & הנקל דיסלדור,DE,צבע לשיער פאלטה,יחידה,1.00,יחידה,false,1,28.90,28.90,true,1,
4015100438239,false,פאלטה - דלוקס קיט חום בהיר זהוב 5-5,שוורצקופף & הנקל דיסלדור,DE,צבע לשיער פאלטה,יחידה,1.00,יחידה,false,1,28.90,28.90,true,1,
4015400362920,false,טמפונים עם מוליך Tambax,פרוקטר אנד גמבל,HU,טמפקס רגולר 20 י,יחידה,1.00,יחידה,false,0,23.90,23.90,true,1,
4015400564324,false,אולוויז מגן תחתון וליו פק לארג 52 יח,פרוקטר אנד גמבל,DE,אולוויז תחתוניות,יחידה,1.00,יחידה,false,0,17.90,17.90,true,1,
4015400564454,false,מגני תחתון אולוויז לארג' עם ניחוח מגה פק,פרוקטר אנד גמבל,DE,מגן תחתון אולויז,יחידה,1.00,יחידה,false,0,19.90,19.90,true,1,
4015400690313,false,טמפונים פרל רגולר טמפקס קומפאק 18 יח,פרוקטר אנד גמבל,HU,טמפקס,יחידה,1.00,יחידה,false,1,23.90,23.90,true,1,
4015400690405,false,טמפונים פרל סופר טמפקס קומפאק 18 יח,פרוקטר אנד גמבל,HU,טמפקס,יחידה,1.00,יחידה,false,1,23.90,23.90,true,1,
4015400715320,false,טמפקס קומפאק רגולר 22 יחידות,פרוקטר & גמבל,HU,טמפקס קומפאק,יחידה,1.00,יחידה,false,1,24.90,24.90,true,1,
4015400755241,false,תחבושות היגייניות אולוויז אולטרה נורמל - 28 יח',פרוקטר אנד גמבל,UA,תחבושות אולוייז,יחידה,1.00,יחידה,false,1,19.90,19.90,true,1,
4015400824725,false,טמפונים סופר עם מוליך טמפקס 30 יחידות,פרוקטר אנד גמבל,HU,טמפקס פלאש סופר,יחידה,1.00,יחידה,false,0,29.90,29.90,true,1,
4015400824749,false,טמפונים טמפקס פלאש סופר פלוס 30 יחידות,פרוקטר אנד גמבל,HU,טמפקס פלאש,יחידה,1.00,יחידה,false,0,29.90,29.90,true,1,
4015600763251,false,שמפו הד&שולדרס קלאסי600מ,פרוקטר אנד גמבל,RO,שמפו הד&שולדרס,מיליליטרים,600.00,"100 מ""ל",false,0,25.90,4.32,true,1,
4015600763299,false,הד&שולדרס 600 שמפו 2ב1 קלאסי,פרוקטר אנד גמבל,RO,שמפו הד&שולדרס,מיליליטרים,600.00,"100 מ""ל",false,0,25.90,4.32,true,1,
4015600763411,false,שמפו הד&שולדרס מנטול 600,פרוקטר אנד גמבל,RO,שמפו הד&שולדרס,מיליליטרים,600.00,"100 מ""ל",false,0,25.90,4.32,true,1,
4015600763459,false,שמפו הד&שולדרס תפוח600מל,פרוקטר אנד גמבל,RO,שמפו הד&שולדרס,מיליליטרים,600.00,"100 מ""ל",false,0,25.90,4.32,true,1,
4015600763534,false,הד&שולדרס 600 שמפו מגע משי,פרוקטר אנד גמבל,RO,שמפו הד&שולדרס,מיליליטרים,600.00,"100 מ""ל",false,0,25.90,4.32,true,1,
4015600766658,false,"הד אנד שולדרס שמפו2 ב 1 מנטול 600 מ""ל",פרוקטר אנד גמבל,RO,שמפו הד&שולדרס,מיליליטרים,600.00,"100 מ""ל",false,0,25.90,4.32,true,1,
4015600802769,false,חוט דנטלי מנטה 35 מטר,פרוקטר & גמבל,IE,חוט דנטלי מנטה,מטרים,35.00,מטר,false,1,24.90,0.71,true,1,
4015600807573,false,"ג'ילט - דאודורנט ג'ל לגבר כדוריות פאוור ראש 75 מ""ל",פרוקטר אנד גמבל,GB,דאודורנט ג'ל,מיליליטרים,75.00,"100 מ""ל",false,0,32.90,43.87,true,1,
4017100160110,false,בלזן גלילי וופל במילוי קרם בטעם שוקולד 75 גר',בלזן פולסקה,DE,וופל מיניס שוקול,גרמים,75.00,100 גרם,false,1,9.80,13.07,true,1,
4017100198151,false,בלזן היט ביסקוויט עם מלית קרם בטעם וניל (41%) 220 גרם,הדקלאים אגודת שיתופי,PL,עוגיות סנדוויץ,גרמים,220.00,100 גרם,false,1,8.90,4.05,true,1,
4017100364112,false,בלזן היט בסקוויט סנדביץ עם מלית קרם בטעם שוקולד קקאו (41%) 220 גרם,הדקלאים אגודת שיתופי,PL,עוגיות סנדוויץ,גרמים,220.00,100 גרם,false,1,8.90,4.05,true,1,
4038033990087,false,פרוזן תיק איפור,,CN,סט פרוזן תיק,יחידה,1.00,יחידה,false,0,57.90,57.90,true,1,
4038033990148,false,פרוזן 24 הפתעות,,CN,סט איפור פרוזן,יחידה,1.00,יחידה,false,0,85.90,85.90,true,1,
4038033990346,false,נסיכות 24 הפתעות,,CN,סט איפור נסיכות,יחידה,1.00,יחידה,false,0,85.90,85.90,true,1,
4045787068221,false,"אינדולה - פרוטאין צבע 1 שחור 60 מ""ל",שוורצקופף והנקל,DE,פרוטאין קולור,יחידה,1.00,יחידה,false,0,23.90,23.90,true,1,
4045787068245,false,צבע לשיער פרוטאין קולור- 1000.0 אקסטרה בלונד,שוורצקופף והנקל,DE,פרוטאין קולור,יחידה,1.00,יחידה,false,0,23.90,23.90,true,1,
4045787068283,false,"אינדולה - פרוטאין צבע 1-1 שחור כחול 60 מ""ל",אינדולה Indola,DE,פרוטאין קולור,יחידה,1.00,יחידה,false,0,23.90,23.90,true,1,
4045787068290,false,"אינדולה - פרוטאין צבע 3 חום שחור 60 מ""ל",שוורצקופף והנקל,DE,פרוטאין קולור,יחידה,1.00,יחידה,false,0,23.90,23.90,true,1,
4045787068306,false,"אינדולה - פרוטאין צבע 4 חום כהה 60 מ""ל",שוורצקופף והנקל,DE,פרוטאין קולור,יחידה,1.00,יחידה,false,0,23.90,23.90,true,1,
4045787068320,false,"אינדולה - פרוטאין צבע 5 חום 60 מ""ל",שוורצקופף והנקל,DE,פרוטאין קולור,יחידה,1.00,יחידה,false,0,23.90,23.90,true,1,
4045787068344,false,"אינדולה - פרוטאין צבע 5-4 ערמונים 60 מ""ל",אינדולה Indola,DE,פרוטאין קולור,יחידה,1.00,יחידה,false,0,23.90,23.90,true,1,
4045787068368,false,"אינדולה - פרוטאין צבע 5-66 שזיף 60 מ""ל",אינדולה Indola,DE,פרוטאין קולור,יחידה,1.00,יחידה,false,0,23.90,23.90,true,1,
4045787068375,false,"אינדולה - פרוטאין צבע 6 בלונד כהה 60 מ""ל",שוורצקופף והנקל,DE,פרוטאין קולור,יחידה,1.00,יחידה,false,0,23.90,23.90,true,1,
4045787068382,false,צבע לשיער פרוטאין קולור- 6.03 חום זהבהב,שוורצקופף והנקל,DE,פרוטאין קולור,יחידה,1.00,יחידה,false,0,23.90,23.90,true,1,
4045787068405,false,"אינדולה - פרוטאין צבע 6-23 חום שקד 60 מ""ל",אינדולה Indola,DE,פרוטאין קולור,יחידה,1.00,יחידה,false,0,23.90,23.90,true,1,
4045787068412,false,"אינדולה - פרוטאין צבע 6-37 שוקולד 60 מ""ל",אינדולה Indola,DE,פרוטאין קולור,יחידה,1.00,יחידה,false,0,23.90,23.90,true,1,
4045787068467,false,"אינדולה - פרוטאין צבע 7 בלונד בינוני 60 מ""ל",שוורצקופף והנקל,DE,פרוטאין קולור,יחידה,1.00,יחידה,false,0,23.90,23.90,true,1,
4045787068504,false,"אינדולה - פרוטאין צבע 7-35 פקאן 60 מ""ל",שוורצקופף והנקל,DE,פרוטאין קולור,יחידה,1.00,יחידה,false,0,23.90,23.90,true,1,
4045787068535,false,צבע לשיער פרוטאין קולור- 7.66 אדום זוהר,אינדולה Indola,DE,פרוטאין קולור,יחידה,1.00,יחידה,false,0,23.90,23.90,true,1,
4045787068542,false,"אינדולה - פרוטאין צבע 8 בלונד בהיר 60 מ""ל",שוורצקופף והנקל,DE,פרוטאין קולור,יחידה,1.00,יחידה,false,0,23.90,23.90,true,1,
4045787068610,false,"אינדולה - פרוטאין צבע 9 בלונד טבעי 60 מ""ל",שוורצקופף והנקל,DE,פרוטאין קולור,יחידה,1.00,יחידה,false,0,23.90,23.90,true,1,
4045787068634,false,"אינדולה - פרוטאין צבע 9-3 בלונד חיטה 60 מ""ל",הנקל סוד,DE,פרוטאין קולור,מיליליטרים,60.00,"100 מ""ל",false,0,23.90,39.83,true,1,
4053700288205,false,"ויט קרם להסרת שיער לעור רגיש 100 מ""ל",רקיט בנקיזר צרפת,FR,קרם להסרת שיער,מיליליטרים,100.00,"100 מ""ל",false,0,39.90,39.90,true,1,
4056800100354,false,שוקוויבס מוס לשיער 200 מ,THEORAT INTERSPRAY,DE,שוקוויבס מוס,מיליליטרים,200.00,"100 מ""ל",false,1,24.90,12.45,true,1,
4056800693061,false,וולהפלקס ג'ל חזק במיוחד 150 מל,פרוקטר אנד גמבל,FR,וולהפלקס ג'ל,מיליליטרים,150.00,"100 מ""ל",false,0,14.90,9.93,true,1,
4056800733088,false,שוקוויבס ספריי לשיער 250,HFC פרסטיג',DE,שוקוויבס ספריי,מיליליטרים,250.00,"100 מ""ל",false,1,30.90,12.36,true,1,
4056800739448,false,שוקוויבס חימר לעיצוב השיער מסי 75 מל,דיפלומט,FR,חימר לעיצוב שיע,מיליליטרים,75.00,"100 מ""ל",false,1,36.90,49.20,true,1,
4056800762637,false,קולסטון נטורלס מיני קיט 7/3 חום ערמוני,HFC פרסטיג',DE,קולסטון מיני קיט,יחידה,1.00,יחידה,false,1,25.90,25.90,true,1,
4056800762699,false,צבע לשיער קולסטון מיני קיט בלונד בינוני 7/0,HFC פרסטיג',DE,קולסטון מיני קיט,יחידה,1.00,יחידה,false,1,25.90,25.90,true,1,
4056800762811,false,קולסטון מיני קיט 5/73 חו,HFC פרסטיג',DE,קולסטון מיני קיט,יחידה,1.00,יחידה,false,1,25.90,25.90,true,1,
4056800762842,false,צבע לשיער קולסטון מיני קיט חום בהיר 5/0,HFC פרסטיג',DE,קולסטון מיני קיט,יחידה,1.00,יחידה,false,1,25.90,25.90,true,1,
4056800777709,false,קולסטון קיט 12/0 בלונד אקסטרא בהיר מאוד,פרוקטר אנד גמבל,DE,קולסטון קיט,יחידה,1.00,יחידה,false,0,38.90,38.90,true,1,
4056800777730,false,קולסטון קיט 12/1 בלונד אפר בהיר מאוד,פרוקטר אנד גמבל,DE,קולסטון קיט,יחידה,1.00,יחידה,false,0,38.90,38.90,true,1,
4056800777761,false,צבע לשיער קולסטון קיט 2/0 שחור,פרוקטר אנד גמבל,DE,קולסטון קיט,יחידה,1.00,יחידה,false,0,38.90,38.90,true,1,
4056800777792,false,צבע לשיער קולסטון קיט 2/8 שחור כחול,פרוקטר אנד גמבל,DE,קולסטון קיט,יחידה,1.00,יחידה,false,0,38.90,38.90,true,1,
4056800777853,false,צבע לשיער קולסטון קיט 4/0 חום בינוני,פרוקטר אנד גמבל,DE,קולסטון קיט,יחידה,1.00,יחידה,false,0,38.90,38.90,true,1,
4056800777952,false,צבע לשיער קולסטון קיט 5/0 חום,HFC פרסטיג',DE,קולסטון קיט,יחידה,1.00,יחידה,false,0,38.90,38.90,true,1,
4056800778171,false,צבע לשיער קולסטון קיט 5/5 מהגוני,פרוקטר אנד גמבל,DE,קולסטון קיט,יחידה,1.00,יחידה,false,0,38.90,38.90,true,1,
4056800943739,false,קרם חמצן וולוקסון Welloxon 6%,פרוקטר אנד גמבל,FR,חמצן וולה,מיליליטרים,60.00,"100 מ""ל",false,0,5.90,9.83,true,1,
4056800943791,false,קרם חמצן וולוקסון Welloxon 9%,פרוקטר אנד גמבל,FR,חמצן וולה9%,מיליליטרים,60.00,"100 מ""ל",false,0,5.90,9.83,true,1,
4059729011015,false,שפתון מאט 100 יח',CATRICE,DE,שפתון מאט 100,יחידה,1.00,יחידה,false,0,19.00,19.00,true,1,
4059729028556,false,פודרה ארטיק גלואו יח',CATRICE,DE,פודרה ארטיק גלוא,יחידה,1.00,יחידה,false,0,24.00,24.00,true,1,
4059729028693,false,Cat. Blush Box 040,CATRICE,DE,סומק 40,יחידה,1.00,יחידה,false,0,16.00,16.00,true,1,
4059729028846,false,קונסילר קרם 15 יח',CATRICE,DE,קונסילר קרם 15,יחידה,1.00,יחידה,false,0,14.00,14.00,true,1,
4059729030191,false,לק במרקם ג'ל 60 יח',CATRICE,DE,לק במרקם ג'ל 60,יחידה,1.00,יחידה,false,0,10.00,10.00,true,1,
4059729030559,false,Catrice Eye Brow Stylist 035,CATRICE,DE,עיפרון גבות 35,יחידה,1.00,יחידה,false,0,11.00,11.00,true,1,
4059729034465,false,Cat. HD Liquid Coverage Foundation 046,,IL,מייק אפ HD 46,מיליליטרים,30.00,"100 מ""ל",false,1,29.00,96.67,true,1,
4059729042378,false,פלטת צלליות אסטרולוג'י 2,,FR,פלטת צלליות אסטר,גרמים,28.00,100 גרם,false,1,53.00,189.29,true,1,
4059729042675,false,עפרון גבות יח',,IL,עפרון גבות 03,יחידה,1.00,יחידה,false,1,17.00,17.00,true,1,
4059729042682,false,עפרון גבות יח',,IL,עפרון גבות 04,יחידה,1.00,יחידה,false,1,17.00,17.00,true,1,
4059729048646,false,"קונסילר 020 7 מ""ל",,DE,קונסילר 020,מיליליטרים,7.00,"100 מ""ל",false,1,20.00,285.71,true,1,
4059729049520,false,Catrice Power Plumping Gel Lipstick 010,,DE,קטריס שפתון ג'ל,יחידה,1.00,יחידה,false,1,17.00,17.00,true,1,
4059729049605,false,קטריס שפתון ג'ל 090 3.3,,DE,קטריס שפתון ג'ל,מיליליטרים,3.00,"100 מ""ל",false,1,17.00,566.67,true,1,
4059729049612,false,קטריס שפתון ג'ל 100 3.3,,FR,קטריס שפתון ג'ל,מיליליטרים,3.00,"100 מ""ל",false,1,17.00,566.67,true,1,
4059729053022,false,לק במרקם ג'ל 72 יח',,DE,לק במרקם ג'ל 72,יחידה,1.00,יחידה,false,1,10.00,10.00,true,1,
4059729191380,false,Catrice Glam & Doll Boost Lash Growth Volume Mascara,,DE,מסקרה גלאם& דול,יחידה,1.00,יחידה,false,1,21.00,21.00,true,1,
4059729191960,false,מסקרה אייקוניסטה יח',,IL,מסקרה אייקוניסטה,יחידה,1.00,יחידה,false,1,21.00,21.00,true,1,
4059729192189,false,פודרה למראה זוהר,,DE,פודרה למראה זוהר,יחידה,1.00,יחידה,false,1,23.00,23.00,true,1,
4059729203274,false,Cat. Liquid Camouflage High Coverage Concealer 048,,FR,קונסילר נוזלי,יחידה,1.00,יחידה,false,1,15.00,15.00,true,1,
4059729215789,false,לק גולד אפקט 04 יח',,IL,לק גולד אפקט 04,יחידה,1.00,יחידה,false,1,10.00,10.00,true,1,
4059729215857,false,לק במרקם ג'ל 82 יח',,IL,לק במרקם ג'ל 82,יחידה,1.00,יחידה,false,1,10.00,10.00,true,1,
4059729222909,false,פודרה בעלת מרקם רך ונעים,CATRICE,IT,פודרה בעלת מרקם,יחידה,1.00,יחידה,false,1,15.00,15.00,true,1,
4059729222923,false,Cat. Blush Box Glowing + Multicolour 020,,IL,פלטת סומק 020,יחידה,1.00,יחידה,false,1,17.00,17.00,true,1,
4059729222954,false,Cat. High Glow Mineral Highlighting Powder 030,,IL,שימר 030,יחידה,1.00,יחידה,false,1,21.00,21.00,true,1,
4059729222978,false,Cat. Ten!sational 10 in 1 Dream Primer,,IL,פריימר 10 ב 1,מיליליטרים,30.00,"100 מ""ל",false,1,25.00,83.33,true,1,
4059729224835,false,שפתון דמי מאט 010,,IL,שפתון דמי מאט 0,יחידה,1.00,יחידה,false,1,17.00,17.00,true,1,
4059729237972,false,לק במרקם ג'ל 90 יח',,IL,לק במרקם ג'ל 90,יחידה,1.00,יחידה,false,1,10.00,10.00,true,1,
4059729238078,false,לק במרקם ג'ל 100 יח',,FR,לק במרקם ג'ל 10,יחידה,1.00,יחידה,false,1,10.00,10.00,true,1,
4059729244475,false,"סרום למראה גלואו 30 מ""ל",CATRICE,FR,סרום למראה גלואו,מיליליטרים,30.00,"100 מ""ל",false,1,25.00,83.33,true,1,
4059729244512,false,קונסילר אינסטנט אוויק 00,,IL,קונסילר אינסטנט,יחידה,1.00,יחידה,false,1,21.00,21.00,true,1,
4059729244536,false,קונסילר אינסטנט אוויק 02,,IL,קונסילר אינסטנט,יחידה,1.00,יחידה,false,1,21.00,21.00,true,1,
4059729246219,false,צללית לאיפור העיניים 280,,IL,צללית לאיפור העי,יחידה,1.00,יחידה,false,1,13.00,13.00,true,1,
4059729246462,false,Cat. Micro Slim Eye Pencil Waterproof 020,,IL,עיפרון עיניים 02,יחידה,1.00,יחידה,false,1,14.00,14.00,true,1,
4059729246479,false,עיפרון עיניים 030,,IL,עיפרון עיניים 03,יחידה,1.00,יחידה,false,1,14.00,14.00,true,1,
4059729248367,false,Cat. Matt Pro Ink Liquid Lipstick 030,,FR,שפתון מט פרו נוז,יחידה,1.00,יחידה,false,1,21.00,21.00,true,1,
4059729248398,false,Cat. Matt Pro Ink Liquid Lipstick 060,,FR,שפתון מט פרו נוז,יחידה,1.00,יחידה,false,1,21.00,21.00,true,1,
4059729248404,false,שפתון מט פרו נוזלי 070 י,,FR,שפתון מט פרו נוז,יחידה,1.00,יחידה,false,1,21.00,21.00,true,1,
4059729248411,false,שפתון מט פרו נוזלי 080 י,,FR,שפתון מט פרו נוז,יחידה,1.00,יחידה,false,1,21.00,21.00,true,1,
4059729248428,false,שפתון מט פרו נוזלי 090 י,,FR,שפתון מט פרו נוז,יחידה,1.00,יחידה,false,1,21.00,21.00,true,1,
4059729248466,false,Cat. Power Plumping Gel Lipstick 120,,IL,שפתון ג'ל 120,יחידה,1.00,יחידה,false,1,17.00,17.00,true,1,
4059729250322,false,בוסטר אקסטרים לשפתיים יח,,IL,בוסטר אקסטרים לש,יחידה,1.00,יחידה,false,1,17.00,17.00,true,1,
4059729251305,false,לאבס פטה שפתון מאט 01 יח,,IT,לאבס פטה שפתון מ,יחידה,1.00,יחידה,false,1,21.00,21.00,true,1,
4059729251350,false,לאבס פטה שפתון מאט 06 יח,,IT,לאבס פטה שפתון מ,יחידה,1.00,יחידה,false,1,21.00,21.00,true,1,
4059729273581,false,פלטת צלליות מינרלית יח',,IL,פלטת צלליות מינ,יחידה,1.00,יחידה,false,1,29.00,29.00,true,1,
4059729276698,false,עיפרון תוחם שפתיים 040,,FR,עיפרון תוחם שפת,יחידה,1.00,יחידה,false,1,11.00,11.00,true,1,
4059729276797,false,Catrice Mattlover Lipstick Pen 090,,TW,שפתון מאט,יחידה,1.00,יחידה,false,0,21.00,21.00,true,1,
4059729277114,false,Catrice True Skin High Cover Concealer 032,,IT,קונסילר ל18-שעות,יחידה,1.00,יחידה,false,0,17.00,17.00,true,1,
4059729277411,false,Cat. More Than Nude Nail Polish 11,,FR,לק ניוד 11 יח',יחידה,1.00,יחידה,false,1,10.00,10.00,true,1,
4059729282040,false,Cat. True Skin Hydrating Foundation 046,,FR,מייקאפ טרו סקין,מיליליטרים,30.00,"100 מ""ל",false,1,29.00,96.67,true,1,
4059729298508,false,באלם מזין לשפתיים יבשות,S.R COSMETICS .ANCOROTTI,IT,באלם מזין לשפתיי,יחידה,1.00,יחידה,false,1,21.00,21.00,true,1,
4059729298522,false,"סרום פנים 28 מ""ל",S.R COSMETICS .ANCOROTTI,IT,סרום פנים,מיליליטרים,28.00,"100 מ""ל",false,1,29.00,103.57,true,1,
4059729311351,false,Catrice LIFT UP Volume & Lift Masc. 010,,IT,מסקרה עם אפקט,יחידה,1.00,יחידה,false,0,21.00,21.00,true,1,
4059729312259,false,Catrice Brow Fix Soap Stylist 010,,CN,סבון לגבות,יחידה,1.00,יחידה,false,0,17.00,17.00,true,1,
4059729312525,false,Catrice Oil-Control Matt Fixing Spray,,AT,שמן לפנים,מיליליטרים,50.00,"100 מ""ל",false,0,21.00,42.00,true,1,
4059729312655,false,שפתון +חומצה היאלרונית,,IT,שפתון עם חומצה,יחידה,1.00,יחידה,false,0,15.00,15.00,true,1,
4059729312693,false,Catrice Skin Lovers Relax Stress-Defender Serum,S.R COSMETICS .ANCOROTTI,IT,סרום לחות לפנים,מיליליטרים,28.00,"100 מ""ל",false,0,25.00,89.29,true,1,
4059729313270,false,Catrice Ult. Waterfr. Lip Tint 010,,PL,ליפגלוס לשפתיים,יחידה,1.00,יחידה,false,0,17.00,17.00,true,1,
4059729313300,false,Catrice Ult. Waterfr. Lip Tint 040,,PL,ליפגלוס לשפתיים,יחידה,1.00,יחידה,false,0,17.00,17.00,true,1,
4059729313317,false,Catrice Volume & Lift Brow Masc. WP 010,,PL,מסקרה לגבות,יחידה,1.00,יחידה,false,0,15.00,15.00,true,1,
4059729320254,false,קטריס HD מיני מייק אפ 36,,IT,קטריס HD מיני מי,מיליליטרים,10.00,"100 מ""ל",false,1,15.00,150.00,true,1,
4059729321404,false,ללילה מסיכה לשפתיים 15מל,,IT,מסיכה לשפתיים,מיליליטרים,15.00,"100 מ""ל",false,1,17.00,113.33,true,1,
4059729329349,false,Catrice 20H Ultra Gel Eye Pencil WP 030,,DE,עיפרון לעיניים,יחידה,1.00,יחידה,false,0,10.00,10.00,true,1,
4059729329783,false,Catrice Glam & Doll Sens. Vol. Masc. 010,,LU,מסקרה לעיניים,יחידה,1.00,יחידה,false,0,17.00,17.00,true,1,
4059729330352,false,צללית עמידה לאורך זמן,,IT,צללית לעיניים,יחידה,1.00,יחידה,false,0,13.00,13.00,true,1,
4059729331571,false,Catrice All Matt Shine Make Up 010N,,IT,מייקאפ,מיליליטרים,30.00,"100 מ""ל",false,0,27.00,90.00,true,1,
4059729331649,false,"מייקאפ למראה מאט 30 מ""ל",,IT,מייקאפ למראה מאט,מיליליטרים,30.00,"100 מ""ל",false,0,27.00,90.00,true,1,
4059729331991,false,Catrice All Matt Shine Make Up 033C,,IT,מייקאפ,מיליליטרים,30.00,"100 מ""ל",false,0,27.00,90.00,true,1,
4059729332875,false,Catrice All Matt Shine Powd. 100,,IT,פודרה,יחידה,1.00,יחידה,false,0,15.00,15.00,true,1,
4059729333667,false,Catrice Vegan Coll. Matt Lipst. 050,,IT,אודם למראה מאט,יחידה,1.00,יחידה,false,0,17.00,17.00,true,1,
4059729333742,false,Catrice Vegan Coll. Matt Lipst. 070,,IT,אודם למראה מאט,יחידה,1.00,יחידה,false,0,17.00,17.00,true,1,
4059729333827,false,Catrice Vegan Coll. Matt Lipst. 090,,IT,אודם למראה מאט,יחידה,1.00,יחידה,false,0,17.00,17.00,true,1,
4059729333865,false,Catrice Vegan Coll. Matt Lipst. 100,,IT,אודם למראה מאט,יחידה,1.00,יחידה,false,0,17.00,17.00,true,1,
4059729334794,false,Catrice Vegan Coll. Matt Lipst. 110,,IT,אודם למראה מאט,יחידה,1.00,יחידה,false,0,17.00,17.00,true,1,
4059729347428,false,קטריס - מסקרה המעניקה נפח לריסים כמו של בובה,CATRICE,PL,מסקרה גלאם& דול,יחידה,1.00,יחידה,false,1,17.00,17.00,true,1,
4059729355904,false,הייליטר למראה זוהר יח',CATRICE,PL,הייליטר למראה זו,יחידה,1.00,יחידה,false,1,21.00,21.00,true,1,
4059729356017,false,Catrice - Hydro Supercharged Serum,CATRICE,FR,סרום לפנים,מיליליטרים,30.00,"100 מ""ל",false,1,25.00,83.33,true,1,
4059729357823,false,Catrice - Super Glue Brow Styling Gel 010,CATRICE,CN,ג'ל לגבות 010,יחידה,1.00,יחידה,false,1,18.00,18.00,true,1,
4059729358073,false,"ספריי לקיבוע האיפור50מ""ל",CATRICE,PL,ספריי לקיבוע האי,מיליליטרים,50.00,"100 מ""ל",false,1,21.00,42.00,true,1,
4059729358936,false,ליפסטיק לשפתיים 130 יח',CATRICE,IT,ליפסטיק לשפתיים,יחידה,1.00,יחידה,false,1,21.00,21.00,true,1,
4059729359506,false,Catrice - Volumizing Extreme Lip Booster 040,CATRICE,PL,ליפגלוס שקוף 040,יחידה,1.00,יחידה,false,1,17.00,17.00,true,1,
4064666232386,false,"וולה - פלקס ספריי לעיצוב אולטרה גמיש 250 מ""ל",THEORAT INTERSPRAY,FR,וולהפלקס ספריי,מיליליטרים,250.00,"100 מ""ל",false,1,38.90,15.56,true,1,
4064666232416,false,"וולה - פלקס מוס לעיצוב אולטרה גמיש 200 מ""ל",THEORAT INTERSPRAY,DE,וולה פלקס מוס,מיליליטרים,200.00,"100 מ""ל",false,1,27.90,13.95,true,1,
4084500065536,false,פנטן קרם לחות מוגברת לעיצוב שיער 300 מל,פרוקטר אנד גמבל,FR,קרם לשיער פנטן,מיליליטרים,300.00,"100 מ""ל",false,0,23.90,7.97,true,1,
4084500065598,false,"קרם לחות פנטן לתלתלים מושלמים 300 מ""ל",פרוקטר אנד גמבל,FR,קרם לשיער פנטן,מיליליטרים,300.00,"100 מ""ל",false,0,23.90,7.97,true,1,
4084500081314,false,משחת שיניים פרו אקספרט לניקוי עמוק בטעם מנטה,פרוקטר אנד גמבל,DE,משחת אורל בי,מיליליטרים,75.00,"100 מ""ל",false,1,14.90,19.87,true,1,
4084500357334,false,פנטן שמפו קליריפיי 700מל,"פרוקטר אנד גמבל, בלויס,",FR,פנטן שמפו טיהור,מיליליטרים,700.00,"100 מ""ל",false,1,23.90,3.41,true,1,
4084500471832,false,"ג'ילט - דאודורנט ג'ל לגבר קליר קול ווייב 70 מ""ל",פרוקטר אנד גמבל,PL,ג'ילט ג'ל קול,מיליליטרים,70.00,"100 מ""ל",false,1,22.90,32.71,true,1,
4084500471900,false,"ג'ילט - דאודורנט ג'ל לגבר קליר פאוור ראש 70 מ""ל",ג'\ילט פרוקטר אנד גמבל,PL,ג'ילט דאו קליר ג,מיליליטרים,70.00,"100 מ""ל",false,1,22.90,32.71,true,1,
4084500739253,false,"אוראל בי משחת שיניים- להלבנה לובן מהודר 75 מ""ל",פרוקטר אנד גמבל,DE,משחת אורל בי,מיליליטרים,75.00,"100 מ""ל",false,1,29.90,39.87,true,1,
4103330017369,false,חוט דנטלי לניקוי גשרים,פרוקטר & גמבל,IE,חוט דנטלי לניקוי,יחידה,1.00,יחידה,false,1,28.90,28.90,true,1,
4210201078128,false,מברשת שיניים חשמלית נטענת 800 סנסיטיבD16,דיפלומט,DE,אורל בי נטענת,יחידה,1.00,יחידה,false,0,199.00,199.00,true,1,
4210201134411,false,אורלBמברשת שיניים טריומף,B ORAL,IL,אורלבי מ.שיניים,יחידה,1.00,יחידה,false,0,963.90,963.90,true,1,
4210201176688,false,אורל בי ראש חשמלי סנסיטיב 4 יחידות,פרוקטר אנד גמבל,DE,ראש חשמלי 4 יח,יחידה,1.00,יחידה,false,1,89.90,89.90,true,1,
4210201177746,false,אורל בי TEENS מברשת שיניים חשמלית-שחור,דיפלומט,DE,מב.שיניים חשמלית,יחידה,1.00,יחידה,false,1,449.00,449.00,true,1,
4210201181088,false,מברשת נטענת-ילדים מכוניו,בראון,DE,מברשת אורל בי,יחידה,1.00,יחידה,false,1,89.90,89.90,true,1,
4210201202639,false,מברשת שיניים חשמלית לילד,פרוקטר & גמבל,DE,מברשת שיניים חשמ,יחידה,1.00,יחידה,false,1,89.90,89.90,true,1,
4210201202905,false,אורל בי 8 ראשים למברשת שיניים חשמלית סנסטיב,בראון,DE,ראשי מילוי סנסיט,יחידה,1.00,יחידה,false,1,219.90,219.90,true,1,
4210201245193,false,אורל בי מברשת חשמלית נטענת לילדים-פרוזן,פרוקטר אנד גמבל,DE,מברשת אורל בי,יחידה,1.00,יחידה,false,1,89.90,89.90,true,1,
4210201262183,false,מברשת שיניים חשמלית ויטליטי Vitality נטענת,פרוקטר אנד גמבל,DE,מברשת נטענת,יחידה,1.00,יחידה,false,1,89.90,89.90,true,1,
4210201282150,false,בראון מכשיר לעיצוב זקן 39 הגדרות אורך,דיפלומט,DE,מכשיר לעיצוב זקן,יחידה,1.00,יחידה,false,1,244.90,244.90,true,1,
4210201320210,false,אורל בי ראש חשמלי לילדים ספיידרמן 4 יחיד,פרוקטר אנד גמבל,DE,אורל בי ראש חשמל,יחידה,1.00,יחידה,false,1,89.90,89.90,true,1,
4210201342809,false,אורל בי 4 ראש מילוי iO לניקוי אולט(שחור),דיפלומט,DE,ראשי למברשת חשמל,יחידה,1.00,יחידה,false,1,149.00,149.00,true,1,
4210201354369,false,אורל בי ראש חשמלי קרוס אקשן 4 יחידות,פרוקטר אנד גמבל,DE,ראש חשמלי קרוס א,יחידה,1.00,יחידה,false,1,89.90,89.90,true,1,
4210201360742,false,אורל בי ראש חשמלי פלקסי סופט 4 יחידות,פרוקטר אנד גמבל,DE,אורל בי 4 ראשים,יחידה,1.00,יחידה,false,1,89.90,89.90,true,1,
4210201385233,false,אורל בי ראש חשמלי לילדים פרוזן 4 יחידות,דיפלומט,DE,ראש חשמלי 4 יח,יחידה,1.00,יחידה,false,1,89.90,89.90,true,1,
4210201403319,false,אורל בי מברשת חשמלית נטענת ויטליטי פחם,פרוקטר אנד גמבל,DE,מברשת נטענת,יחידה,1.00,יחידה,false,1,89.90,89.90,true,1,
4210201822448,false,אורל בי מברשת שיניים עם סוללות פרואקספרט,פרוקטר & גמבל,DE,מברשת אורל בי,יחידה,1.00,יחידה,false,1,77.90,77.90,true,1,
4210201850069,false,מברשת חשמלית OXYJET יחיד,פרוקטר & גמבל,DE,מברשת חשמלית OXY,יחידה,1.00,יחידה,false,1,599.00,599.00,true,1,
4250035261877,false,פלטת קונסילרים יח',CATRICE,DE,פלטת קונסילרים,יחידה,1.00,יחידה,false,0,16.00,16.00,true,1,
4250035288157,false,עפרון קז'אל 10,CATRICE,DE,עפרון קז'אל 10,יחידה,1.00,יחידה,false,0,9.00,9.00,true,1,
4250338446513,false,Cat. Sharpener,CATRICE,DE,מחדד,יחידה,1.00,יחידה,false,0,9.00,9.00,true,1,
4250338474363,false,איילנר נוזלי,CATRICE,DE,איילנר נוזלי,יחידה,1.00,יחידה,false,0,15.00,15.00,true,1,
4250338487769,false,Cat. Eye Brow Stylist 030,CATRICE,DE,עיפרון גבות 30,יחידה,1.00,יחידה,false,0,11.00,11.00,true,1,
4250338487783,false,Catrice Lashes To Kill Waterproof Volume Mascara,CATRICE,DE,מסקרה לאשס טו קי,יחידה,1.00,יחידה,false,0,17.00,17.00,true,1,
4250587723588,false,מסקרה לנפח ריסים,CATRICE,DE,מסקרה לנפח ריסים,יחידה,1.00,יחידה,false,0,17.00,17.00,true,1,
4250587723779,false,Catrice Lash Brow Designer Shaping And Conditioning Mascara Gel,CATRICE,DE,ג'ל לעיצוב הגבות,יחידה,1.00,יחידה,false,0,14.00,14.00,true,1,
4250587732399,false,עפרון קז'אל 140,CATRICE,DE,עפרון קז'אל 140,יחידה,1.00,יחידה,false,0,9.00,9.00,true,1,
4250587754230,false,Cat. All Matt Plus Shine Control Powder 010,CATRICE,DE,פודרה מט 10,יחידה,1.00,יחידה,false,0,15.00,15.00,true,1,
4250587768367,false,Cat. Eye Brow Stylist 040,CATRICE,DE,עיפרון גבות 40,יחידה,1.00,יחידה,false,0,11.00,11.00,true,1,
4250587792119,false,Cat. Tinted Lip Glow Balm,CATRICE,DE,באלם לשפתיים,יחידה,1.00,יחידה,false,0,21.00,21.00,true,1,
4250947531518,false,פודרה בתפזורת יח',CATRICE,DE,פודרה בתפזורת,יחידה,1.00,יחידה,false,0,23.00,23.00,true,1,
4250947544686,false,Cat. Liquid Camouflage High Coverage Concealer 020,CATRICE,DE,קונסילר נוזלי 2,יחידה,1.00,יחידה,false,0,15.00,15.00,true,1,
4250947562277,false,מסקרה גלאם&דול מלאכותיים,CATRICE,DE,מסקרה גלאם&דול,יחידה,1.00,יחידה,false,0,17.00,17.00,true,1,
4250947563618,false,Cat. Liquid Camouflage High Coverage Concealer 005,CATRICE,DE,קונסילר נוזלי 0,יחידה,1.00,יחידה,false,0,15.00,15.00,true,1,
4250947598368,false,Cat. Prime And Fine Multitalent Fixing Spray,CATRICE,DE,ספריי מקבע רב שי,מיליליטרים,50.00,"100 מ""ל",false,0,20.00,40.00,true,1,
4251232200454,false,Cat. Pr?t-?-Volume Smokey Mascara Velvet Black,CATRICE,DE,מסקרה סמוקי,יחידה,1.00,יחידה,false,0,20.00,20.00,true,1,
4251232202274,false,Catrice Volumizing Lip Booster 040,CATRICE,DE,ליפגלוס ווילום 4,יחידה,1.00,יחידה,false,0,15.00,15.00,true,1,
4251232217766,false,צללית מטאלית 30,CATRICE,DE,צללית מטאלית 30,יחידה,1.00,יחידה,false,0,17.00,17.00,true,1,
4251232218404,false,עיפרון שפתיים מט 20,CATRICE,DE,עיפרון שפתיים מט,יחידה,1.00,יחידה,false,0,11.00,11.00,true,1,
4251232241853,false,Cat. ICONails Gel Lacquer 02,CATRICE,DE,לק במרקם ג'ל 02,יחידה,1.00,יחידה,false,0,10.00,10.00,true,1,
4251232241860,false,Cat. ICONails Gel Lacquer 03,CATRICE,DE,לק במרקם ג'ל 03,יחידה,1.00,יחידה,false,0,10.00,10.00,true,1,
4251232256116,false,Cat. Glam & Doll False Lashes Mascara Waterproof,CATRICE,DE,מסקרה מלאכותיים,יחידה,1.00,יחידה,false,0,17.00,17.00,true,1,
4251232282788,false,עפרון קז'אל 260,CATRICE,DE,עפרון קז'אל 260,יחידה,1.00,יחידה,false,0,9.00,9.00,true,1,
4251232283242,false,שפתון כרום 30,CATRICE,DE,שפתון כרום 30,יחידה,1.00,יחידה,false,0,24.00,24.00,true,1,
4251232283594,false,Cat. Mattlover Lipstick Pen 030,,IL,שפתון מאט 030,יחידה,1.00,יחידה,false,1,21.00,21.00,true,1,
4251232283624,false,Cat. Mattlover Lipstick Pen 060,,IL,שפתון מאט 060,יחידה,1.00,יחידה,false,1,21.00,21.00,true,1,
4251232283938,false,עיפרון אינק לשפתיים 070,,IL,עיפרון אינק לשפת,יחידה,1.00,יחידה,false,1,14.00,14.00,true,1,
4251232284324,false,Cat. Liquid Camouflage High Coverage Concealer 015,CATRICE,DE,קונסילר נוזלי 15,יחידה,1.00,יחידה,false,0,15.00,15.00,true,1,
4251232284348,false,פודרה דחוסה מט 01,CATRICE,DE,פודרה מט 01,יחידה,1.00,יחידה,false,0,15.00,15.00,true,1,
4710068001692,false,"מאסטר קפה לאטה פחית 240 מ""ל",תאיט מרקטינג אנד דיסטריב,TW,מאסטר קפה,מיליליטרים,240.00,"100 מ""ל",false,0,7.90,3.29,true,1,
4800888209368,false,רקסונה - דאודורנט סטיק לגבר אקסטרא קול 50 גרם,יוניליוור,PH,דאודורנט רקסונה,גרמים,50.00,100 גרם,false,1,20.90,41.80,true,1,
4800888209382,false,רקסונה דאודורנט סטיק אינביזיבל 50 גרם (נשים),יוניליוור,PH,דאודורנט רקסונה,מיליליטרים,50.00,"100 מ""ל",false,1,20.90,41.80,true,1,
4800888210197,false,דאודורנט סטיק לנשים בניחוח קוקוס ויסמין,יוניליוור פארם,PH,דאודורנט דאב,מיליליטרים,50.00,"100 מ""ל",false,1,19.90,39.80,true,1,
4800888214904,false,"דאב דאודורנט סטיק קקאו 50 מ""ל",יוניליוור פארם,PH,דאודורנט דאב,מיליליטרים,150.00,"100 מ""ל",false,1,19.90,13.27,true,1,
4800888219510,false,דאב - דאודורנט סטיק לאישה פרש מלפפונים 50 גרם,יוניליוור פיליפינים,PH,דאודורנט דאב,גרמים,50.00,100 גרם,false,1,19.90,39.80,true,1,
4800888219527,false,דאב - דאודורנט סטיק לאישה ללא סימן אינביזיבל 50 גרם,יוניליוור,PH,דאודורנט דאב,גרמים,50.00,100 גרם,false,1,19.90,39.80,true,1,
4800888219534,false,דאב - דאודורנט סטיק לאישה אנטי פרספירמט 50 גרם,יוניליוור פיליפינים,PH,דאו.דאב,מיליליטרים,50.00,"100 מ""ל",false,1,19.90,39.80,true,1,
4800888542854,false,רקסונה רול און לינן דר50,יוניליוור,TR,דאו.רקסונה,מיליליטרים,50.00,"100 מ""ל",false,0,17.90,35.80,true,1,
4891138933096,false,פנס אישי קטן .,,CN,פנס אישי קטן .,יחידה,1.00,יחידה,false,1,19.90,19.90,true,1,
4891228305185,false,שיק אינטואישן4+סכינים יח,,DE,שיק אינטואישן4+,יחידה,1.00,יחידה,false,1,54.90,54.90,true,1,
4891228430085,false,סכיני גילוח שיק אקסטרים קומפורט לגבר 3 להבים 4 יחידות,אנרג'יזר Energizer,CN,סכיני גילוח,יחידה,1.00,יחידה,false,0,19.90,19.90,true,1,
4891228430092,false,סכיני גילוח שיק אקסטרים קומפורט לנשים 3 להבים 4 יחידות,אנרג'יזר Energizer,CN,סכיני גילוח,יחידה,1.00,יחידה,false,0,19.90,19.90,true,1,
4902430742597,false,ORAL B ProHealth Criss Cross Bacterial Blast BUY 2 GET 1 (SOFT),פרוקטר & גמבל,IN,מברשות שיניים3*,יחידה,1.00,יחידה,false,1,24.90,24.90,true,1,
4987176071545,false,מברשות שיניים אורל בי שישייה,,IN,6מברשות שיניים,יחידה,1.00,יחידה,false,1,13.90,13.90,true,1,
4987176078711,false,מכשיר מאך 3 5+ סכינים מא,פארמה דיל,CN,מאך 3 5+ סכינים,יחידה,1.00,יחידה,false,1,59.90,59.90,true,1,
4987176090850,false,גילט פיוזן ידית וסכין 5 להבים,ג'\ילט פרוקטר אנד גמבל,PL,מכשיר ג'ילט פיוז,יחידה,1.00,יחידה,false,1,39.90,39.90,true,1,
4987176128188,false,מברשת שיניים אורל בי מארז שישייה,פרוקטר & גמבל,IN,6מברשות שיניים,יחידה,1.00,יחידה,false,1,13.90,13.90,true,1,
4987176130037,false,אורל בי סנסטיב שחור שלישייה (EXTRA SOFT),פרוקטר & גמבל,IN,מברשות שיניים או,יחידה,1.00,יחידה,false,1,24.90,24.90,true,1,
5000146980322,false,קרם להסרת שיער לעור רגיל מועשר בחלב לוטוס ויסמין,רקיט בנקיזר צרפת,FR,קרם להסרת שיער,מיליליטרים,100.00,"100 מ""ל",false,0,39.90,39.90,true,1,
5000159020312,false,מלטיזרס אריזה קטנה 37 גרם,מלטיזרס Maltesers,NL,שוקולד מלטיזרס,גרמים,37.00,100 גרם,false,1,4.90,13.24,true,1,
5000159376655,false,סוכריות SKITTLES פירות קטן 38 גרם אדום,ריגלי ממתקים,CZ,סוכריות סקיטלס,גרמים,38.00,100 גרם,false,0,2.90,7.63,true,1,
5000159376792,false,סוכריות סקיטלס Skittles פירות חמוצים,ריגלי ממתקים,CZ,סוכריות סקיטלס,גרמים,38.00,100 גרם,false,0,2.90,7.63,true,1,
5000159409179,false,מארז חטיפי מיני סניקרס Snickers,מרס הולנד בי.וי.,NL,מיני סניקרס,גרמים,403.00,100 גרם,false,0,22.90,5.68,true,1,
5000159452540,false,סניקרס מארז חטיף 50 גרם חמישייה,מרס הולנד בי.וי.,NL,חטיפי סניקרס,גרמים,250.00,100 גרם,false,1,13.30,5.32,true,1,
5000159500692,false,בקבוק סלבריישן - מבחר חטיפי מיני שוקולד,מארס,NL,בונבונ. סלבריישן,גרמים,312.00,100 גרם,false,1,39.90,12.79,true,1,
5000159500845,false,סלבריישן מארז מתנה 196 גרם,מיילי,NL,בונבונ.סלבריישן,גרמים,196.00,100 גרם,false,1,22.90,11.68,true,1,
5000159532921,false,בי קיינד-שקדים ומלח ים בציפוי קרמל*3,General,IL,מאגדת בי קיינד,גרמים,90.00,100 גרם,false,1,15.90,17.67,true,1,
5000168199221,false,שוקולד חלב גודייבה 90 גר,"אולקר מקבוצת פלאדיס, ציק",TR,שוקולד גודייבה,גרמים,90.00,100 גרם,false,1,16.90,18.78,true,1,
5000204048742,false,"קיווי לבישום נעלי ספורט 100 מ""ל",קיווי,NL,קיווי לנעל ספורט,מיליליטרים,100.00,"100 מ""ל",false,1,16.90,16.90,true,1,
5000204114898,false,גלייד ארוסול מבשם אוויר ניחוח מרכך כביסה,"אס.סי ג'\ונסון,מידרכט, ה",NL,גלייד ארוסול,מיליליטרים,300.00,"100 מ""ל",false,1,8.90,2.97,true,1,
5000204657883,false,קיווי משחת נעליים בקופסא חום 50 מל,ג' אל ראיה בוגור ג'א,ID,קיווי משחה בחום,מיליליטרים,50.00,"100 מ""ל",false,0,7.90,15.80,true,1,
5000204657913,false,קיווי משחת נעליים בקופסא שחור 50 מל,ג' אל ראיה בוגור,ID,קיווי משחה בשחור,מיליליטרים,50.00,"100 מ""ל",false,0,7.90,15.80,true,1,
5000394019171,false,סוללה פלוס פאוור 2 יחידות D דורסל,פרוקטר אנד גמבל,US,סוללות דורסל 2יח,יחידה,1.00,יחידה,false,1,29.90,29.90,true,1,
5000394137486,false,רביעיות סוללות אופטימום AA דורסל,פרוקטר אנד גמבל,BE,דורסל אופטימום,יחידה,1.00,יחידה,false,1,24.90,24.90,true,1,
5000394140899,false,סוללות AA דורסל פלוס - 8 יח',דורסל Duracell,BE,דורסל שמיניות AA,יחידה,1.00,יחידה,false,1,29.90,29.90,true,1,
5000394141179,false,סוללות AAA דורסל פלוס - 8 יח',דורסל Duracell,BE,דורסל שמיניות AA,יחידה,1.00,יחידה,false,1,29.90,29.90,true,1,
5000394203921,false,זוג סוללות ליתיום 2032 דורסל,דורסל Duracell,CN,דורסל זוג סוללות,יחידה,1.00,יחידה,false,1,19.90,19.90,true,1,
5010123703431,false,ליסטרין פרש בורסט 250 מל,גונסון אנד גונסון,IL,ליסטרין פרש בורס,מיליליטרים,250.00,"100 מ""ל",false,1,9.90,3.96,true,1,
5010123703509,false,"ליסטרין 250 מ""לקולמי",ג'ונסון,IL,ליסטרין קולמינט,מיליליטרים,250.00,"100 מ""ל",false,1,9.90,3.96,true,1,
5010182997680,false,"רייד ארוסול קוטל נמלים - 300 מ""ל",אס.סי.ג'ונסון מידרכט,NL,רייד נמלים,מיליליטרים,300.00,"100 מ""ל",false,0,18.90,6.30,true,1,
5010182997918,false,דאק ג'ל לניקוי אסלות בניחוח ים 55 מל,"איטיליאן פוד, אס.פי.",IT,דאק ג'ל לאסלה,מיליליטרים,55.00,"100 מ""ל",false,0,11.90,21.64,true,1,
5010182998847,false,דאק נוזל לניקוי אסלות בניחוח ים 750 מל,מיוצר עי קונדיטוריית,NL,טואלט דאק,מיליליטרים,750.00,"100 מ""ל",false,0,10.90,1.45,true,1,
5010415211224,false,טומי טיפי פטמות זרימה בינונית 3M,הכי טבעי-הנסיך,CN,טומי טיפי זוג פט,יחידה,1.00,יחידה,false,0,44.90,44.90,true,1,
5010415211248,false,זוג פטמות שלב3 טומי טיפי,הכי טבעי-הנסיך,CN,זוג פטמות,יחידה,1.00,יחידה,false,0,44.90,44.90,true,1,
5010415221407,false,טומי טיפי פטמות לזרימה משתנה,הכי טבעי-הנסיך,CN,פטמות זרימה משתנ,יחידה,1.00,יחידה,false,0,49.90,49.90,true,1,
5010415221421,false,טומי טיפי פטמות למזון סמיך,הכי טבעי-הנסיך,CN,פטמות למזון סמיך,יחידה,1.00,יחידה,false,0,49.90,49.90,true,1,
5010415224002,false,טומי טיפי בקבוק 150 מל,הכי טבעי-הנסיך,CN,"בקבוק 150 מ""ל",יחידה,1.00,יחידה,false,0,45.90,45.90,true,1,
5010415224200,false,"טבעי בקבוק 150 מ""ל2*",הכי טבעי-הנסיך,IL,טבעי בקבוק 150 מ,יחידה,1.00,יחידה,false,0,69.90,69.90,true,1,
5010415225504,false,טומי טיפי זוג בקבוקים 260 מל מאויר ורוד,הכי טבעי-הנסיך,CN,הכי טבעי-בק.בנות,יחידה,1.00,יחידה,false,1,69.90,69.90,true,1,
5010415226013,false,"טבעי בקבוק 340 מ""ל",הכי טבעי-הנסיך,IL,טבעי בקבוק 340 מ,יחידה,1.00,יחידה,false,0,64.90,64.90,true,1,
5010415226303,false,טומי טיפי זוג בקבוקים 340 מל מאויר,הכי טבעי-הנסיך,CN,זוג בקבוקים340מל,יחידה,1.00,יחידה,false,1,69.90,69.90,true,1,
5010415226976,false,"טבעי בקבוק 340 מ""ל בנים",הכי טבעי-הנסיך,IL,בקבוק 340מל,יחידה,1.00,יחידה,false,0,64.90,64.90,true,1,
5010415227034,false,הכי טבעי בקבוק 150 איטית,טומי טיפי,IL,הכי טבעי בקבוק,יחידה,1.00,יחידה,false,1,47.90,47.90,true,1,
5010415243010,false,"אולטרה בקבוק בודד 340 מ""",הכי טבעי-הנסיך,IL,אולטרה בקבוק בוד,יחידה,1.00,יחידה,false,0,65.90,65.90,true,1,
5010415323088,false,מברשת לבקבוקים טומי טיפי,טומי טיפי,IL,טומי טיפי מברשת,יחידה,1.00,יחידה,false,0,37.90,37.90,true,1,
5010415330086,false,ט.טיפי הכי טבעי זוג מוצצים סיליקון 0-6,הכי טבעי-הנסיך,CN,זוג מוצצים,יחידה,1.00,יחידה,false,0,44.90,44.90,true,1,
5010415330109,false,ט.טיפי הכי טבעי זוג מוצצים סיליקון 6-18,הכי טבעי-הנסיך,CN,מוצצים לשימוש יו,יחידה,1.00,יחידה,false,1,44.90,44.90,true,1,
5010415330154,false,טומי טיפי זוג מוצצים זוהרים בחושך 6-18,הכי טבעי-הנסיך,CN,זוג מוצצים,יחידה,1.00,יחידה,false,1,44.90,44.90,true,1,
5010415330444,false,מספריים לציפורנים,טומי טיפי,IL,מספריים לציפורני,יחידה,1.00,יחידה,false,0,31.90,31.90,true,1,
5010415332363,false,טומי טיפי זוג מוצצי לטקס בלון 0M,טומי טיפי,CN,טומי טיפי מוצצי,יחידה,1.00,יחידה,false,0,33.90,33.90,true,1,
5010415332387,false,טומי טיפי זוג מוצצי לטקס בלון 6M,טומי טיפי,CN,טומי טיפי מוצצי,יחידה,1.00,יחידה,false,0,33.90,33.90,true,1,
5010415333643,false,טומי טיפי זוג מוצצים לשימוש יומי 6-18,הכי טבעי-הנסיך,CN,הכי טבעי זוג מוצ,יחידה,1.00,יחידה,false,0,44.90,44.90,true,1,
5010415334190,false,טומי טיפי זוג מוצצים ע.אורבני 6-18 בנות,טומי טיפי,CN,הכי טבעי מוצצים,יחידה,1.00,יחידה,false,1,46.90,46.90,true,1,
5010415334404,false,זוג מוצצים ללא ידית 0-6,הכי טבעי-הנסיך,IL,זוג מוצצים ללא י,יחידה,1.00,יחידה,false,1,45.90,45.90,true,1,
5010415334879,false,טומי טיפי זוג מוצצים סדרת מודה 0-6 בנות,הכי טבעי-הנסיך,GB,זוג מוצצי מודה ב,יחידה,1.00,יחידה,false,1,48.90,48.90,true,1,
5010415472021,false,כוס שאינה נופלת ירוק +12,טומי טיפי,IL,כוס שאינה נופלת,יחידה,1.00,יחידה,false,1,59.90,59.90,true,1,
5010415472069,false,כוס 360 עם ידיות +6ירוק,טומי טיפי,IL,כוס 360 עם ידיות,יחידה,1.00,יחידה,false,1,64.90,64.90,true,1,
5010622017947,false,אורל בי חוט דנטלי סאטין,פרוקטר & גמבל,IE,חוט דנטלי אורל ב,מטרים,25.00,מטר,false,1,15.90,0.64,true,1,
5010622018258,false,אורל בי חוט דנטלי סאטין 25 מטר,פרוקטר & גמבל,IE,חוט דנטלי אורלB-,מטרים,25.00,מטר,false,0,21.90,0.88,true,1,
5010724526798,false,בטיסט שמפו יבש בניחוח דובדבן 200 מ'ל,צ'\רצ'\ אנד דיוויט,GB,בטיסט שמפו,מיליליטרים,200.00,"100 מ""ל",false,1,29.90,14.95,true,1,
5010724527375,false,בטיסט שמפו יבש בניחוח פריחה אביבית,צ'\רצ'\ אנד דיוויט,GB,בטיסט שמפו,מיליליטרים,200.00,"100 מ""ל",false,1,29.90,14.95,true,1,
5010724527481,false,שמפו יבש בניחוח קלאסי בטיסט 200 גר,צ'\רצ'\ אנד דיוויט,GB,בטיסט שמפו,מיליליטרים,200.00,"100 מ""ל",false,1,29.90,14.95,true,1,
5010724527511,false,בטיסט שמפו יבש בניחוח טרופי 200 מ'ל,צ'\רצ'\ אנד דיוויט,GB,בטיסט שמפו,מיליליטרים,200.00,"100 מ""ל",false,1,29.90,14.95,true,1,
5011408017526,false,אלנט ספריי חזק מאוד200מ,SOPROCOS,FR,אלנט ספריי חזק,מיליליטרים,200.00,"100 מ""ל",false,0,39.90,19.95,true,1,
5012251008631,false,BEAUTY FORMULAS מגבוני ניקוי לעור הפנים מועושרים בתמציות מלפפונים ולחות 30 יחידות,,GB,מגבונים ניקוי לע,יחידה,1.00,יחידה,false,1,14.90,14.90,true,1,
5012251009423,false,BEAUTY FORMULAS מגבונים לניקוי עדין של עור הפנים בתוספת תמציות משמש 30 יחידות,,GB,מגבוני פנים לניק,יחידה,1.00,יחידה,false,1,14.90,14.90,true,1,
5012251011327,false,TEA TREE BEAUTY FORMULASרצועות לניקוי והסרת שחורים מהאף 6 יחידות,,IL,רצועות ניקוי והס,יחידה,1.00,יחידה,false,1,17.90,17.90,true,1,
5012251012522,false,מגבוני פנים פחם פעיל,DRAMMOCK,GB,מגבוני פנים פחם,יחידה,1.00,יחידה,false,1,14.90,14.90,true,1,
5012251012645,false,רצועות לאף להסרת ראשים שחורים,,GB,מדבקות להוצאת שח,יחידה,1.00,יחידה,false,1,15.90,15.90,true,1,
5012251012898,false,"BEAUTY FORMULAS מסכת ג'ל פנים זהב נוצצת מועשרת בתמציות קולגן 100 מ""ל",,IL,מסכת ג'ל פנים,מיליליטרים,100.00,"100 מ""ל",false,1,29.90,29.90,true,1,
5012251013314,false,BEAUTY FORMULAS מגבוני פנים להסרה עדינה ויעילה של איפור על בסיס תמציות אבוקדו 25 יחידות,,GB,מגבוני פנים להסר,יחידה,1.00,יחידה,false,1,14.90,14.90,true,1,
5013931015758,false,דיש מטיק - ספוגי החלפה מארז 3 יחידות,דישמטיק Dish matic,US,ספוגי החלפה 3 יח,יחידה,1.00,יחידה,false,1,14.90,14.90,true,1,
5013965948428,false,משחת שיניים פרו אקספרט לניקוי יסודי מנטה מעודן,פרוקטר אנד גמבל,DE,משחת אורל בי,מיליליטרים,75.00,"100 מ""ל",false,1,14.90,19.87,true,1,
5017371155197,false,"בלונס - שמן קקאו לפנים ולגוף 50 מ""ל",,GB,בלונס - שמן גוף,מיליליטרים,50.00,"100 מ""ל",false,1,29.90,59.80,true,1,
5019090110037,false,כפיות גמישות מנצק'ין6יח,ב.ב.קשרים,CN,כפיות גמישות,יחידה,1.00,יחידה,false,1,39.90,39.90,true,1,
5019090118880,false,כוס פטנט משקולת יחידה,מנצ'קין,IL,כוס פטנט משקולת,יחידה,1.00,יחידה,false,1,64.90,64.90,true,1,
5019090120944,false,כוס הפלא 360 עם ידית 207,מנצ'קין,IL,כוס הפלא 360,יחידה,1.00,יחידה,false,1,59.90,59.90,true,1,
5019090120968,false,"כוס הפלא 360 296 מ""ל",מנצ'קין,IL,כוס הפלא 360,יחידה,1.00,יחידה,false,1,59.90,59.90,true,1,
5019090121064,false,4 קערות 4+ מכסים2+כפיות,מנצ'קין,IL,4 קערות 4+ מכסים,יחידה,1.00,יחידה,false,1,64.90,64.90,true,1,
5019090124492,false,צלחת סמיילי עם כפית יח',מנצ'קין,IL,צלחת סמיילי,יחידה,1.00,יחידה,false,1,49.90,49.90,true,1,
5019090518604,false,כוס הפלא 360 - 296 מל עם מכסה- ירוקה,ב.ב.קשרים,CN,כוס הפלא 360,יחידה,1.00,יחידה,false,1,64.90,64.90,true,1,
5019090518611,false,כוס הפלא 360 עם ידית 207,מנצ'קין,IL,כוס הפלא 360,יחידה,1.00,יחידה,false,1,64.90,64.90,true,1,
5019090518895,false,מברשת דה-לוקס מתכוננת לניקוי בקבוקים,מנצ'קין,CN,מברשת לניקוי בקב,יחידה,1.00,יחידה,false,1,49.90,49.90,true,1,
5025970022925,false,ניוואה ספריי הגנה 200 מל SPF20,ביירסדורץ,DE,ניוואה סאן ספריי,מיליליטרים,200.00,"100 מ""ל",false,1,54.90,27.45,true,1,
5028748102645,false,תיק רחצה ירוק מיני,ניקנור,IL,תיק רחצה ירוק,יחידה,1.00,יחידה,false,0,26.90,26.90,true,1,
5028763004344,false,מברשת לניקוי תותבות,WISDOM,IL,מברשת לניקוי תו,יחידה,1.00,יחידה,false,0,14.90,14.90,true,1,
5029053019598,false,"קלינקס מיני ממחטות דיסני מעורב, 15 יחידות",חוגלה קימברלי,IT,מגבוני אף דיסני,יחידה,1.00,יחידה,false,1,17.90,17.90,true,1,
5029053032658,false,שמיניית ממחטות טישו קלינקס 9 יחידות,חוגלה קימברלי,IT,קלינקס שמיניה,יחידה,1.00,יחידה,false,1,7.90,7.90,true,1,
5029053039725,false,ממחטות נייר קלינקס נטורל פרש קופסה 72 דף,קימברלי קלארק,IL,קלינקס נטורל פרש,יחידה,1.00,יחידה,false,1,13.90,13.90,true,1,
5029053510811,false,תחבושות נורמל פלוס עם כנפיים קוטקס 28 יחידות,קימברלי קלארק,CZ,תחבושות קוטקס,יחידה,1.00,יחידה,false,0,21.90,21.90,true,1,
5029053510828,false,תחבושות סופר פלוס עם כנפיים קוטקס 22יחידות,קימברלי קלארק,CZ,תחבושות קוטקס,יחידה,1.00,יחידה,false,0,21.90,21.90,true,1,
5029053523446,false,קוטקס - תחבושות אולטרה נייט + כנפיים 20 יח',קימברלי קלארק,CZ,תחבושות נייט קוט,יחידה,1.00,יחידה,false,0,21.90,21.90,true,1,
5029053527581,false,האגיס תחתון ספיגה 4-7 בנות דריי נייטס 10 יחידות,חוגלה קימברלי,CZ,10 תחתוני ספיגה,יחידה,1.00,יחידה,false,0,36.90,36.90,true,1,
5029053527598,false,תחתוני ספיגה בנים לתופעת הרטבת לילה 8-15 האגיס,חוגלה קימברלי,CZ,תחתוני ספיגה האג,יחידה,1.00,יחידה,false,0,36.90,36.90,true,1,
5029053527604,false,האגיס תחתון ספיגה 15-8 בנות דריי נייטס 9 יחידות,חוגלה קימברלי,IL,תחתוני ספיגה האג,יחידה,1.00,יחידה,false,0,36.90,36.90,true,1,
5029053534589,false,קוטקס טמפוני מיני B נורמל 32 יחידות,קימברלי קלארק,CZ,טמפוני קוטקס,יחידה,1.00,יחידה,false,0,27.90,27.90,true,1,
5029053534596,false,טמפונים נורמל קוטקס 32 יחידות,קימברלי קלארק,CZ,טמפוני קוטקס,יחידה,1.00,יחידה,false,0,27.90,27.90,true,1,
5029053534602,false,טמפונים סופר קוטקס 32 יחידות,קימברלי קלארק,CZ,טמפוני קוטקס,יחידה,1.00,יחידה,false,0,27.90,27.90,true,1,
5029053535210,false,טמפון קוטקס עם מוליך מיני 16 יח,קימברלי קלארק,CZ,טמפוני קוטקס,יחידה,1.00,יחידה,false,0,18.90,18.90,true,1,
5029053535227,false,קוטקס טמפון עם מוליך נורמל 16 יחידות,קימברלי קלארק,CZ,טמפוני קוטקס,יחידה,1.00,יחידה,false,0,18.90,18.90,true,1,
5029053535234,false,קוטקס טמפונים עם מוליך סופר,חוגלה קימברלי,CZ,טמפוני קוטקס,יחידה,1.00,יחידה,false,0,18.90,18.90,true,1,
5029053560762,false,קלינקס - טישו אישי מארז שמינייה,קימברלי קלארק,IT,קלינקס כיס 8 יח,יחידה,1.00,יחידה,false,1,9.90,9.90,true,1,
5029053574103,false,האגיס פול אפס תח.גמילה יום בנות 20 יחידו,KC צ'כיה,IL,האגיס גמילה בנות,יחידה,1.00,יחידה,false,1,48.90,48.90,true,1,
5029053574110,false,האגיס פול אפס תח.גמילה יום בנים 20 יחידו,חוגלה,IL,האגיס גמילה בנים,יחידה,1.00,יחידה,false,1,48.90,48.90,true,1,
5029053574158,false,האגיס פול אפס תח.גמילה לילה בנים 18 יחיד,KC צ'כיה,IL,האגיס גמילה בנים,יחידה,1.00,יחידה,false,1,48.90,48.90,true,1,
5029053578309,false,קופסת ממחטות אולטרה סופט 48 דף קלינקס,קימברלי קלארק,IL,קלינקס אולטרה,יחידה,1.00,יחידה,false,1,8.90,8.90,true,1,
5029054220085,false,האגיס - מגבוני האגיס אקסטרה קר לא מבושם 56 יח' * 4,קימברלי קלארק,IL,מגבונים לרך נולד,יחידה,1.00,יחידה,false,1,31.90,31.90,true,1,
5037200070651,false,מסכת בד פחם שחורה מטהרת,,KP,מסכת בד פחם שחור,יחידה,1.00,יחידה,false,1,12.90,12.90,true,1,
5045419039628,false,ברברי מיי א.אדפ50,רבלון בישום,IL,ברברי מיי א.אדפ,מיליליטרים,50.00,"100 מ""ל",false,0,425.00,850.00,true,1,
5045451812432,false,ברברי מיי א.אדט מארז,רבלון בישום,IL,ברברי מיי א.אדט,יחידה,1.00,יחידה,false,0,556.00,556.00,true,1,
5051389020849,false,מחזיק מפתחות פייטים יח',,FR,מחזיק מפתחות פיי,יחידה,1.00,יחידה,false,1,39.90,39.90,true,1,
5056357900925,false,סניקרס חטיף חלבון חמאת בוטנים 57 גרם,פארם אקספרס,US,חטיף חלבון סניקר,גרמים,57.00,100 גרם,false,1,17.90,31.40,true,1,
5056357901441,false,אם אנד אם חטיף חלבון בוטנים 51 גרם,פארם אקספרס,GB,חטיף חלבון M&M,גרמים,57.00,100 גרם,false,1,17.90,31.40,true,1,
5056357903834,false,באונטי מעושר בחלבון 52 גרם,מארס יורק אנגליה,GB,חטיף חלבון באונט,גרמים,52.00,100 גרם,false,1,17.90,34.42,true,1,
5060022302754,false,מוס להסרת שיזוף עצמי200מ,ST.TROPEZ,GB,מוס להסרת שיזוף,מיליליטרים,200.00,"100 מ""ל",false,1,77.00,38.50,true,1,
5060022302785,false,תחליב שיזוף הדרגתי-אבטיח,ST.TROPEZ,GB,תחליב שיזוף הדרג,מיליליטרים,200.00,"100 מ""ל",false,1,79.00,39.50,true,1,
5060022303058,false,ערכת התנסות לשיזוף עצמי,ST.TROPEZ,GB,ערכת התנסות לשיז,יחידה,1.00,יחידה,false,1,84.00,84.00,true,1,
5060062992618,false,לנסינו 50 שקיות סטריליות לאחסון חלב אם,מדי-קיור,IL,לנסינו שק.לאחסון,יחידה,1.00,יחידה,false,1,82.90,82.90,true,1,
5060103310012,false,"מולקולה 01 אסנטריק פסים א.ד.ט 100 מ""ל",רבלון בישום,GB,Escentric 01 אדט,מיליליטרים,100.00,"100 מ""ל",false,1,349.00,349.00,true,1,
5060103310029,false,"מולקולה 01 אדט יוניסקס 100 מ""ל - אסנטריק מולקולה",טרי מוגלר בישום,GB,molecule 01 לאשה,מיליליטרים,100.00,"100 מ""ל",false,1,349.00,349.00,true,1,
5060103310036,false,"מולקולה אסנטריק 02 100מ""ל",סולארוויו קוסמט,IL,מולקולה אסנטריק,מיליליטרים,100.00,"100 מ""ל",false,0,379.00,379.00,true,1,
5060221201575,false,חטיף חלבון גרנייד בטעם קרם עוגיות,LTD (UK) GRENADE,GB,חטיף חלבון גרניי,גרמים,60.00,100 גרם,false,1,17.90,29.83,true,1,
5060221201605,false,חטיף חלבון גרנייד פאדג',LTD (UK) GRENADE,GB,חטיף חלבון גרניי,גרמים,60.00,100 גרם,false,1,17.90,29.83,true,1,
5060402908286,false,מארס חטיף חלבון 59 גרם,פארם אקספרס,US,חטיף חלבון מארס,גרמים,59.00,100 גרם,false,1,17.90,30.34,true,1,
5060402909542,false,מארס חטיף חלבון קרמל מלוח 59 גרם,פארם אקספרס,US,חטיף חלבון מארס,גרמים,59.00,100 גרם,false,1,17.90,30.34,true,1,
5060412110235,false,"אפרה לה מור אדפ יוניסקס 100 מ"" תומאס קוסמלה",,FR,אפרה לה מור אדפ,מיליליטרים,100.00,"100 מ""ל",false,1,599.00,599.00,true,1,
5060420230284,false,בקבוק האכלה לתינוק 240מל,ISRAEL INDIVIOR,IL,בקבוק האכלה לתינ,יחידה,1.00,יחידה,false,1,44.90,44.90,true,1,
5060420231120,false,אספן חלב אם כוס טפטופים,ISRAEL INDIVIOR,IL,אספן חלב אם כוס,יחידה,1.00,יחידה,false,1,89.90,89.90,true,1,
5060424705511,false,WARRIOR - חטיף חלבון קראנץ' בטעם שוקולד וקוקוס,תעשיות מזון בלאבאן,US,חטיף חלבון קראנץ,גרמים,64.00,100 גרם,false,1,14.90,23.28,true,1,
5060524510008,false,כריסטיאנו רונלד אדט100מ,אלפא בישום,FR,100כריסטיאנו ר,מיליליטרים,100.00,"100 מ""ל",false,0,189.00,189.00,true,1,
5060524511142,false,"רונאלדו אוריגינס 100 מ""ל",,IT,רונלדו אוריג'נס,מיליליטרים,100.00,"100 מ""ל",false,0,239.00,239.00,true,1,
5060524511272,false,מארז רונלדו פליי איט קול,עדן פרפיום,GB,רונלדו מארז,יחידה,1.00,יחידה,false,1,229.00,229.00,true,1,
5099821009991,false,"שמן שיזוף 200מ""ל SPF15",אנרג'ייזר,US,שמן שיזוף H.T,מיליליטרים,200.00,"100 מ""ל",false,1,71.90,35.95,true,1,
5200133120483,false,גליליות וופלים ממולא קרם וניל 400 גר,יוניליוור גרמניה Gm,GR,גליליות וופל,גרמים,400.00,100 גרם,false,1,17.90,4.48,true,1,
5201100872640,false,לוריאל - אקסלנס קרם 03בלונד אולטרה בהיר אפור,לוריאל Loreal,BE,צבע לשיער אקסלנס,יחידה,1.00,יחידה,false,0,34.90,34.90,true,1,
5201178801030,false,"קרם רב שימושי ניוואה 75 מ""ל",ביירסדורץ,DE,קרם ניוואה,יחידה,1.00,יחידה,false,0,23.90,23.90,true,1,
5201178801047,false,"ניוואה קרם רב שימושי 150מ""ל",ביירסדורץ,DE,קרם לחות ניוואה,מיליליטרים,150.00,"100 מ""ל",false,0,24.90,16.60,true,1,
5201178801054,false,"קרם רב שימושי ניוואה 250 מ""ל",טרופיקל דגיל תעשיות,DE,ניוואה קרם לחות,מיליליטרים,250.00,"100 מ""ל",false,0,24.90,9.96,true,1,
5201263001536,false,מגן תחתון EVERY DAY אקסטרה לונג 24 יח',,GR,מגני תחתון XL,יחידה,1.00,יחידה,false,1,12.90,12.90,true,1,
5201263006364,false,תחבושת EVERY DAY מקסי נייט 18 יח',,GR,תחבושות מקסי,יחידה,1.00,יחידה,false,1,12.90,12.90,true,1,
5201263011801,false,מגן תחתון EVERY DAY נורמל 20 יח',,GR,מגני תחתון נורמל,יחידה,1.00,יחידה,false,1,12.90,12.90,true,1,
5201347400545,false,רצועות שעווה מוכנות לשימוש לפנים ולאזורים רגישים,רקיט בנקיזר צרפת,FR,רצועות שעווה ויט,יחידה,1.00,יחידה,false,0,38.90,38.90,true,1,
5202300014496,false,"ספריי לשיער וולה פלקס אקסטרה סטרונג 250 מ""ל",פרוקטר אנד גמבל,DE,וולהפלקס ספריי,מיליליטרים,250.00,"100 מ""ל",false,0,38.90,15.56,true,1,
5202300042932,false,צבע לשיער קולסטון - 6/45 אדום רימונים,פרוקטר אנד גמבל,DE,קולסטון שפופרת,יחידה,1.00,יחידה,false,0,25.90,25.90,true,1,
5202300043052,false,צבע לשיער קולסטון - 7/75 אגוז בהיר,פרוקטר אנד גמבל,DE,קולסטון שפופרת,יחידה,1.00,יחידה,false,0,25.90,25.90,true,1,
5202300043069,false,צבע לשיער קולסטון - 2/8 שחור כחול,פרוקטר & גמבל,DE,קולסטון שפופרת,יחידה,1.00,יחידה,false,0,25.90,25.90,true,1,
5202300043168,false,צבע לשיער קולסטון - 7/0 בלונד בינוני,פרוקטר אנד גמבל,DE,קולסטון,יחידה,1.00,יחידה,false,0,25.90,25.90,true,1,
5202300043175,false,צבע לשיער קולסטון - 6/0 בלונד כהה,פרוקטר אנד גמבל,DE,קולסטון שפופרת,יחידה,1.00,יחידה,false,0,25.90,25.90,true,1,
5202300043182,false,צבע לשיער קולסטון - 5/0 חום בהיר,פרוקטר אנד גמבל,DE,קולסטון שפופרת,יחידה,1.00,יחידה,false,0,25.90,25.90,true,1,
5202300043199,false,צבע לשיער קולסטון - 4/0 חום בינוני,פרוקטר אנד גמבל,DE,קולסטון שפופרת,יחידה,1.00,יחידה,false,0,25.90,25.90,true,1,
5202300043205,false,צבע לשיער קולסטון - 3/0 חום כהה,פרוקטר אנד גמבל,DE,קולסטון חום כהה,יחידה,1.00,יחידה,false,0,25.90,25.90,true,1,
5202300043250,false,צבע לשיער קולסטון - 11/1 בלונד אפר בהיר במיוחד,פרוקטר אנד גמבל,DE,קולסטון 2000,יחידה,1.00,יחידה,false,0,25.90,25.90,true,1,
5202300043267,false,צבע לשיער קולסטון - 9/1 בלונד אפרפר בהיר מאוד,HFC פרסטיג',DE,קולסטון שפופרת,יחידה,1.00,יחידה,false,0,25.90,25.90,true,1,
5202300043274,false,צבע לשיער קולסטון- 8/1 בלונד אפרפר בהיר,פרוקטר אנד גמבל,DE,קולסטון שפופרת,יחידה,1.00,יחידה,false,0,25.90,25.90,true,1,
5202300043281,false,צבע לשיער קולסטון - 7/1 בלונד אפרפר בינוני,פרוקטר אנד גמבל,DE,קולסטון שפורפרת,יחידה,1.00,יחידה,false,0,25.90,25.90,true,1,
5202300043298,false,צבע לשיער קולסטון- 6/1 בלונד אפרפר כהה,פרוקטר אנד גמבל,DE,קולסטון שפורפרת,יחידה,1.00,יחידה,false,0,25.90,25.90,true,1,
5202300043335,false,צבע לשיער קולסטון - 9/3 בלונד זהוב,פרוקטר אנד גמבל,DE,קולסטון שפורפרת,יחידה,1.00,יחידה,false,0,25.90,25.90,true,1,
5202300043380,false,צבע לשיער קולסטון - 7/4 בלונד ג'ינג'י,HFC פרסטיג',DE,קולסטון שפורפרת,יחידה,1.00,יחידה,false,0,25.90,25.90,true,1,
5202300043403,false,צבע לשיער קולסטון - 5/4 חום ערמוני,HFC פרסטיג',DE,קולסטון שפורפרת,יחידה,1.00,יחידה,false,0,25.90,25.90,true,1,
5202300043526,false,צבע לשיער קולסטון - 4/75 חום משי,פרוקטר אנד גמבל,DE,קולסטון שפופרת,יחידה,1.00,יחידה,false,0,25.90,25.90,true,1,
5391523057912,false,סימילאק גולד שלב 1 400 גרם,General,IE,סימילאק גולד,גרמים,400.00,100 גרם,false,1,44.90,11.23,true,1,
5391523057929,false,סימילאק גולד שלב 1 תרכובת מזון על בסיס חלב,אבוט מעבדות רפואיות,IE,סימילאק גולד,גרמים,700.00,100 גרם,false,1,69.90,9.99,true,1,
5391523057936,false,סימילאק גולד שלב 2 תרכובת מזון על בסיס חלב,אבוט מעבדות רפואיות,IE,סימילאק גולד,גרמים,700.00,100 גרם,false,1,69.90,9.99,true,1,
5391523057943,false,סימילאק גולד שלב 3 תרכובת מזון על בסיס חלב,אבוט מעבדות רפואיות,IE,סימילאק גולד,גרמים,700.00,100 גרם,false,1,69.90,9.99,true,1,
5391523058070,false,סימילאק אדבנס פלוס 3 תרכובת מזון על בסיס חלב,טרופיקל דגיל תעשיות,IE,סימילאק אדבנס,גרמים,700.00,100 גרם,false,1,64.90,9.27,true,1,
5391523058087,false,סימילאק אדבנס פלוס 2 תרכובת מזון על בסיס חלב,טרופיקל דגיל תעשיות,IE,סימילאק אדבנס,גרמים,700.00,100 גרם,false,1,64.90,9.27,true,1,
5410076854462,false,חוט דנטלי אורל בי 40 מטר 3D,פרוקטר & גמבל,IE,חוט דנטלי מנטה,מטרים,40.00,מטר,false,1,24.90,0.62,true,1,
5410091648176,false,"פה - דאודורנט רול און לאישה פינק פרדייס 50 מ""ל",שוורצקופף והנקל,DE,דאודורנט FA,מיליליטרים,50.00,"100 מ""ל",false,0,13.90,27.80,true,1,
5410091678005,false,"סאיוס - ספריי לשיער ליצירת נפח 400 מ""ל",שוורצקוף,DE,ספרי עיצוב סאיוס,מיליליטרים,400.00,"100 מ""ל",false,0,46.90,11.73,true,1,
5410091678012,false,"ספריי לשיער סאיוס לברק ועיצוב 400 מ""ל",הנקל סוד,DE,ספרי עיצוב סאיוס,מיליליטרים,400.00,"100 מ""ל",false,0,46.90,11.73,true,1,
5410091678043,false,"סאיוס - מוס לשיער מתולתל 250 מ""ל",שוורצקוף,DE,מוס לעיצוב סאיוס,מיליליטרים,250.00,"100 מ""ל",false,0,33.90,13.56,true,1,
5410103161518,false,קרם יום עם פעולה משולשת לעור רגיל ומעורב,"לוריאל ישראל בע""מ",DE,קרם לחות,מיליליטרים,50.00,"100 מ""ל",false,0,49.90,99.80,true,1,
5410103161617,false,קרם יום עם פעולה משולשת Triple active לעור יבש ועדין,"לוריאל ישראל בע""מ",DE,קרם לחות עור יבש,מיליליטרים,50.00,"100 מ""ל",false,0,49.90,99.80,true,1,
5410126666038,false,"ביסקוויט קרמל לוטוס 279 גרם בד""צ",לוטוס ביקרי נ.וי,BE,ביסקוויט לוטוס,גרמים,279.00,100 גרם,false,1,14.90,5.34,true,1,
5601036205534,false,צבע לשיער אקסלנס קרם - 1 שחור,לוריאל Loreal,BE,צבע לשיער אקסלנס,יחידה,1.00,יחידה,false,0,34.90,34.90,true,1,
5601036205541,false,צבע לשיער אקסלנס קרם - 3 חום כהה מאוד,לוריאל Loreal,BE,צבע לשיער אקסלנס,יחידה,1.00,יחידה,false,0,34.90,34.90,true,1,
5601036205558,false,צבע לשיער אקסלנס קרם - 4 חום כהה,לוריאל Loreal,BE,צבע שיער אקסלנס,יחידה,1.00,יחידה,false,0,34.90,34.90,true,1,
5601036205589,false,צבע לשיער אקסלנס קרם - 5 חום טבעי,לוריאל Loreal,BE,צבע לשיער אקסלנס,יחידה,1.00,יחידה,false,0,34.90,34.90,true,1,
5601036205596,false,צבע לשיער אקסלנס קרם - 5.3 חום זהוב,לוריאל ישראל קוסמטיקס בע,BE,צבע לשיער אקסלנס,יחידה,1.00,יחידה,false,0,34.90,34.90,true,1,
5601036205602,false,צבע לשיער אקסלנס קרם - 5.5 חום מהגוני,לוריאל ישראל קוסמטיקס בע,BE,צבע לשיער אקסלנס,יחידה,1.00,יחידה,false,0,34.90,34.90,true,1,
5601036205626,false,צבע לשיער אקסלנס קרם - 6 בלונד כהה,לוריאל Loreal,BE,צבע שיער אקסלנס,יחידה,1.00,יחידה,false,0,34.90,34.90,true,1,
5601036205657,false,צבע לשיער אקסלנס קרם - 7 בלונד,לוריאל Loreal,BE,צבע לשיער אקסלנס,יחידה,1.00,יחידה,false,0,34.90,34.90,true,1,
5601036205664,false,לוריאל - אקסלנס קרם 7.1 בלונד טבעי אפרפר,ליברמו,BE,צבעי שיער אקסלנס,יחידה,1.00,יחידה,false,0,34.90,34.90,true,1,
5601036205671,false,לוריאל - אקסלנס קרם 7.3 בלונד זהוב,ליברמו,BE,צבע לשיער אקסלנס,יחידה,1.00,יחידה,false,0,34.90,34.90,true,1,
5601036205688,false,לוריאל - אקסלנס קרם 8 בלונד בהיר,ליברמו,BE,צבע לשיער אקסלנס,יחידה,1.00,יחידה,false,0,34.90,34.90,true,1,
5601036205695,false,לוריאל - אקסלנס קרם 8.1 בלונד בהיר אפרפר,ליברמו,BE,צבע שיער אקסלנס,יחידה,1.00,יחידה,false,0,34.90,34.90,true,1,
5601036205725,false,לוריאל - אקסלנס קרם 10 בלונד מאוד מאוד בהיר,לוריאל ישראל קוסמטיקס בע,BE,צבע שיער אקסלנס,יחידה,1.00,יחידה,false,0,34.90,34.90,true,1,
5772739450139,false,דבש טהור מפרחי בר באריזה,איתן ספקים E,DK,דבש טהור מפרחי ב,גרמים,96.00,100 גרם,false,1,10.00,10.42,true,1,
5900020015174,false,פיטנס חטיפי אנרגיה דגנים בטעם שוקולד נסטלה 6*23.5 גרם,מיוצר עי קונדיטוריית,PL,חטיפי פיטנס 6 יח,גרמים,141.00,100 גרם,false,0,14.90,10.57,true,1,
5900020018908,false,פיטנס חטיפי אנרגיה דגנים בטעם קרם עוגיות נסטלה 6*23.5 גרם,מיוצר עי קונדיטוריית,PL,חטיפי פיטנס 6 יח,גרמים,141.00,100 גרם,false,0,14.90,10.57,true,1,
5900617035882,false,חטיף חלבון נוטרישיין בטעם שוקולד,סיטי תוספי מזון,PL,חטיף חלבון פרוטא,גרמים,60.00,100 גרם,false,1,9.90,16.50,true,1,
5900617035905,false,חטיף חלבון נוטרישיין בטעם קרמל מלוח,סיטי תוספי מזון,PL,חטיף חלבון פרוטא,גרמים,60.00,100 גרם,false,1,9.90,16.50,true,1,
5900617035929,false,חטיף חלבון נוטרישיין בטעם וניל תות יער,סיטי תוספי מזון,PL,חטיף חלבון פרוטא,גרמים,60.00,100 גרם,false,1,9.90,16.50,true,1,
5901350423691,false,"ערכת צביעה לגבות 3.0 חום כהה 15 מ""ל",,CN,ערכת צביעה לגבות,יחידה,1.00,יחידה,false,1,29.90,29.90,true,1,
5901414200411,false,בלזן היט מיני ביסקוויט סנדוויץ' עם מילוי קרם בטעם שוקולד 130 גרם,ליימן שליסל,PL,היט מיניס שוקו,גרמים,130.00,100 גרם,false,0,6.90,5.31,true,1,
5901887001737,false,"קרם פנים ליום 50 מ""ל",,PL,קרם פנים ליום,מיליליטרים,50.00,"100 מ""ל",false,1,19.90,39.80,true,1,
5901887001744,false,"קרם עיניים 15 מ""ל",,PL,קרם עיניים,מיליליטרים,15.00,"100 מ""ל",false,1,14.90,99.33,true,1,
5901887001751,false,"טונר ניקוי לפנים 200 מ""ל",,PL,טונר ניקוי לפנים,מיליליטרים,200.00,"100 מ""ל",false,1,17.90,8.95,true,1,
5901887010326,false,"קרם פנים לילה 50 מ""ל",,PL,קרם פנים לילה,מיליליטרים,50.00,"100 מ""ל",false,1,19.90,39.80,true,1,
5901887010593,false,קרם ידיים וציפורניים 80,,PL,קרם ידיים וציפור,מיליליטרים,80.00,"100 מ""ל",false,1,11.90,14.88,true,1,
5901887018223,false,קרם גוף חלב עיזים 400 מל,,PL,קרם גוף חלב עיזי,מיליליטרים,400.00,"100 מ""ל",false,1,21.90,5.48,true,1,
5901887018230,false,חמאת גוף חלב עיזים 200 מ,,PL,חמאת גוף חלב עיז,מיליליטרים,200.00,"100 מ""ל",false,1,24.90,12.45,true,1,
5901887026785,false,יסמין ק.לילה לגיל +50 50,,PL,יסמין ק.לילה,מיליליטרים,50.00,"100 מ""ל",false,1,24.90,49.80,true,1,
5901887026792,false,יסמין סרום לגיל +50 30 מ,,PL,יסמין סרום לגיל,מיליליטרים,30.00,"100 מ""ל",false,1,24.90,83.00,true,1,
5901887026808,false,יסמין ק.עיניים15מ גיל+50,,PL,יסמין ק.עיניים,מיליליטרים,15.00,"100 מ""ל",false,1,21.90,146.00,true,1,
5901887026815,false,יסמין מים מיסלריים +50 2,,PL,יסמין מים מיסלרי,מיליליטרים,200.00,"100 מ""ל",false,1,18.90,9.45,true,1,
5901887029656,false,מנוקה ג'ל לניקוי פנים 20,,PL,מנוקה ג'ל לניקוי,מיליליטרים,200.00,"100 מ""ל",false,1,18.90,9.45,true,1,
5901887029670,false,"מנוקה קרם לילה 50 מ""ל",,PL,מנוקה קרם לילה,יחידה,1.00,יחידה,false,1,19.90,19.90,true,1,
5901887029687,false,מנוקה משחת פילינג לניקוי,,PL,מנוקה משחת פילינ,מיליליטרים,75.00,"100 מ""ל",false,1,19.90,26.53,true,1,
5901887043751,false,"סרום ממריץ ומחליק 50 מ""ל",,PL,סרום ממריץ ומחלי,מיליליטרים,50.00,"100 מ""ל",false,1,24.90,49.80,true,1,
5901887043768,false,"תרחיץ ג'ל לפנים 200 מ""ל",,PL,תרחיץ ג'ל לפנים,מיליליטרים,200.00,"100 מ""ל",false,1,14.90,7.45,true,1,
5901887043775,false,פיליניג פנים וצוואר,,PL,פיליניג פנים וצו,מיליליטרים,75.00,"100 מ""ל",false,1,19.90,26.53,true,1,
5901887043782,false,"מיקרו פילינג לפנים 75 מ""",,PL,מיקרו פילינג לפנ,מיליליטרים,75.00,"100 מ""ל",false,1,14.90,19.87,true,1,
5901888020560,false,חטיף דגנים עם קינואה בטעם עשבי תיבול 70ג FREEYU,דנשר,PL,חטיף קינואה,גרמים,70.00,100 גרם,false,1,14.90,21.29,true,1,
5902198160403,false,XL משקה אנרגיה מוגז ללא סוכר עד 10 קלוריות לפחית 250 מל,"טמפו משקאות בע""\מ",IL,משקה אנרגיה,מיליליטרים,250.00,"100 מ""ל",false,1,5.90,2.36,true,1,
5902503149468,false,תיק מתנה ג'ניפיק יחידה,לנקום,IL,תיק מתנה ג'ניפיק,יחידה,1.00,יחידה,false,1,99.00,99.00,true,1,
5902503531294,false,גרניה מארז פיור אקטיב 3ב1,לוריאל,IL,מארז פיור אקטיב,יחידה,1.00,יחידה,false,1,54.90,54.90,true,1,
5902503538538,false,תיק צעירות ינואר 2021 יח,,FR,תיק צעירות ינואר,יחידה,1.00,יחידה,false,1,49.90,49.90,true,1,
5902503695781,false,תיק חג שחור לוריאל,,CN,תיק חג שחור,יחידה,1.00,יחידה,false,1,19.90,19.90,true,1,
5902503732127,false,רולר דו-צדדי לעור הפנים,לנקום,FR,רולר דו-צדדי לעו,יחידה,1.00,יחידה,false,1,99.00,99.00,true,1,
5902503896034,false,תיק מתנה רנרג'י יוני 22,,FR,תיק מתנה רנרג'י,יחידה,1.00,יחידה,false,1,49.90,49.90,true,1,
5906485301012,false,"משקה אנרגיה XL פחית 250 מ""ל","טמפו משקאות בע""מ",IL,משקה אנרגיה XL,מיליליטרים,250.00,"100 מ""ל",false,0,5.90,2.36,true,1,
5906513003437,false,גרדן אואזיס מארז מקופלת 3 יח,ניקנור,IL,מארז מקופלת,יחידה,1.00,יחידה,false,0,29.90,29.90,true,1,
5906750815930,false,"ערכת צביעה לגבות 4.0 חום 15 מ""ל",,CN,ערכת צביעה לגבות,יחידה,1.00,יחידה,false,1,29.90,29.90,true,1,
5907245715438,false,תיק מתנה לנקום אבסולו יו,,FR,תיק מתנה לנקום א,יחידה,1.00,יחידה,false,1,49.90,49.90,true,1,
5907245795133,false,תיק רחצה מתנה לנקום חג,לנקום בישום,CN,תיק רחצה מתנה חג,יחידה,1.00,יחידה,false,1,49.90,49.90,true,1,
6001051002320,false,לבלו שפתון וניל,ביירסדורף,DE,לבלו וניל,יחידה,1.00,יחידה,false,0,10.00,10.00,true,1,
6001067017523,false,מברשת שיניים קולגייט לילדים מגיל חמש 1 יחידה,יבואן ומשווק: ש. שסט,CN,מברשת שיניים,יחידה,1.00,יחידה,false,0,10.90,10.90,true,1,
6001067027324,false,קולגייט בארבי-באטמן מברשת חשמלית,קולגייט - פלמוליב,CN,מברשת חשמלית,יחידה,1.00,יחידה,false,0,39.90,39.90,true,1,
6001159112129,false,שמן לטיפול בריכוך צלקות,דנשר,ZA,Oil Bio שמן,מיליליטרים,125.00,"100 מ""ל",false,0,118.90,95.12,true,1,
6001159116547,false,שמן לטיפול בריכוך צלקות,דנשר,US,שמן לטיפול בריכו,מיליליטרים,25.00,"100 מ""ל",false,1,38.90,155.60,true,1,
6001159125648,false,ביו אויל שמן לטיפוח העור טבעי 125 מל,דנשר,ZA,שמן לטיפוח העור,מיליליטרים,125.00,"100 מ""ל",false,1,129.90,103.92,true,1,
6085010044712,false,"קלאב דה נויט אינטנס ארמאף - א.ד.ט 105 מ""ל",פרפיום קוסמטיקס,FR,NUIT DE CLUB,מיליליטרים,105.00,"100 מ""ל",false,1,129.00,122.86,true,1,
6085010094151,false,"קלאב דה נואיט Club De Nuit א.ד.פ לאישה 105 מ""ל",ארמף Armaf,FR,nuit de club א.ד,מיליליטרים,105.00,"100 מ""ל",false,1,99.00,94.28,true,1,
6291100130122,false,"אמבר אוד גולד אדישן אדפ אל חרמין 100 מ""ל",,AE,אמבר אוד גולד אד,מיליליטרים,100.00,"100 מ""ל",false,1,249.00,249.00,true,1,
6291100130160,false,אמבר אוד קרבון אדישן100מ,,AE,אמבר אוד קרבון א,מיליליטרים,100.00,"100 מ""ל",false,1,299.00,299.00,true,1,
6291100130375,false,"אמבר אוד רוג' אדפ 60 מ""ל",,AE,אמבר אוד רוג' אד,מיליליטרים,60.00,"100 מ""ל",false,1,285.00,475.00,true,1,
6291100130801,false,"מאסק אדפ 12 מ""ל",,AE,"מאסק אדפ 12 מ""ל",מיליליטרים,12.00,"100 מ""ל",false,1,149.00,1241.67,true,1,
6291100130825,false,פורטופוליו רויאל סטא75מל,,AE,פורטופוליו רויאל,מיליליטרים,75.00,"100 מ""ל",false,1,349.00,465.33,true,1,
6291100131693,false,פורטופוליו נרולי קנבס75מ,,AE,פורטופוליו נרולי,מיליליטרים,75.00,"100 מ""ל",false,1,349.00,465.33,true,1,
6291100131709,false,"אמבר אוד אדפ יוני 60 מ""ל",,AE,אמבר אוד אדפ יונ,מיליליטרים,60.00,"100 מ""ל",false,1,299.00,498.33,true,1,
6291100131723,false,ראווה אדפ יוניסקס 100מל,,AE,ראווה אדפ יוני,מיליליטרים,100.00,"100 מ""ל",false,1,219.00,219.00,true,1,
6291100132645,false,לאבנטור אדפ לגבר 200מל,HARAMAIN AL,IL,לאבנטור אדפ לגבר,מיליליטרים,200.00,"100 מ""ל",false,1,279.00,139.50,true,1,
6291106812282,false,"לאבנטור רוז אדפ לאישה 100 מ""ל - אל חרמיין",,AE,לאבנטור רוז,מיליליטרים,100.00,"100 מ""ל",false,1,179.00,179.00,true,1,
6291107455365,false,וויד אל פורסן אדפ גבר 90,LATTAFA,AE,וויד אל פורסן אד,מיליליטרים,90.00,"100 מ""ל",false,1,99.00,110.00,true,1,
6294015131017,false,קלאב דה נואי אינטנס 150מ,,FR,קלאב דה נואי אינ,מיליליטרים,150.00,"100 מ""ל",false,1,219.00,146.00,true,1,
6294015131024,false,"קלאב דה נואי אינסט אדפ לגבר 200 מ""ל-אראמף",,IL,קלאב דה נואי אינ,מיליליטרים,200.00,"100 מ""ל",false,1,219.00,109.50,true,1,
6295124030369,false,rave Sapil אדט גבר100מל,,AE,rave Sapil אדט ל,מיליליטרים,100.00,"100 מ""ל",false,1,49.00,49.00,true,1,
6295124030376,false,rave Sapil אדפ אשה100מל,,AE,rave Sapil אדפ,מיליליטרים,100.00,"100 מ""ל",false,1,49.00,49.00,true,1,
6600001258291,false,אובססיב אדפ יוניסקס100מ,,SA,אובססיב אוד אדפ,מיליליטרים,100.00,"100 מ""ל",false,1,579.00,579.00,true,1,
6910021100204,false,קולגייט מב. שיניים 360 צרקואל שחור,קולגייט-פלמוליב,IL,מברשת קולגייט 36,יחידה,1.00,יחידה,false,1,10.00,10.00,true,1,
6920354822223,false,משחת שיניים נטורל גינגר קוקוס קולגייט 90 ג',קולגייט פלמוליב,PL,משחת שיניים,מיליליטרים,68.00,"100 מ""ל",false,1,9.90,14.56,true,1,
6939456721983,false,מסכות צבעוניות לנוער50יח,,IL,מסכות צבעוניות,יחידה,1.00,יחידה,false,1,14.90,14.90,true,1,
6940176630578,false,חד קרן מי ביוטי,,CN,סט איפור,יחידה,1.00,יחידה,false,0,57.90,57.90,true,1,
6940176632602,false,סט איפור אובלי ורוד,,CN,סט איפור,יחידה,1.00,יחידה,false,0,37.90,37.90,true,1,
6940176633432,false,LOL סט קומות מניפה,,CN,סט LOL איפור,יחידה,1.00,יחידה,false,0,41.90,41.90,true,1,
7038513866304,false,גורדן מברשת בייבי T50 סופט סטפ בי סטפ,ג'ורדן Jordan,MY,מברשת שיניים,יחידה,1.00,יחידה,false,0,14.90,14.90,true,1,
7038513908400,false,גורדן קיסם מבריש רגיל 20 יח,דנטלון,,קיסם ג'ורדן,יחידה,1.00,יחידה,false,0,25.90,25.90,true,1,
7038513909018,false,גורדן קסמי שיניים פלואוריד/מינט,ג'ורדן,NO,קיסמי שיניים,יחידה,1.00,יחידה,false,0,22.90,22.90,true,1,
7038513909117,false,גורדן קסמי שיניים פלואוריד/מינט אקסטרה ט,ג'ורדן,MY,קיסמי שיניים,יחידה,1.00,יחידה,false,0,22.90,22.90,true,1,
7038516140357,false,מברשת שיניים ג'ורדן טוטל סופט מארז 4 יחידות,מיוצר במלזיה עבור ג',NO,מברשת שיניים,יחידה,1.00,יחידה,false,0,10.00,10.00,true,1,
7038516860002,false,ג'ורדן מנקה לשון,ג'ורדן,IL,ג'ורדן מנקה לשון,יחידה,1.00,יחידה,false,0,18.90,18.90,true,1,
7046110028001,false,מברשת שיניים גרין קלין,,MY,מברשת שיניים גרי,יחידה,1.00,יחידה,false,1,13.00,13.00,true,1,
7046110030608,false,גורדן זוג מברשות שיניים טרגט סנסיטיב,דנטלון,MY,מארז זוג מברשות,יחידה,1.00,יחידה,false,1,24.00,24.00,true,1,
7046110031643,false,גורדן מברשת GREEN CLEAN לילדים סופט כחול,דנטלון,NO,מברשת שיניים גרי,יחידה,1.00,יחידה,false,1,13.00,13.00,true,1,
7046110054093,false,גורדן מברשת GREEN CLEAN לתינוקות ורוד,דנטלון,MY,מברשת שיניים ליל,יחידה,1.00,יחידה,false,1,14.90,14.90,true,1,
7046110060636,false,גורדן מברשת CHANGE למבוגרים צבע כחול,דנטלון,MY,מברשת שיניים ch,יחידה,1.00,יחידה,false,1,21.90,21.90,true,1,
7046110064016,false,ג'ורדן מארז זוג מברשת שיניים לילדים מגיל 3-5,דנטלון,MY,מברשות שיניים,יחידה,1.00,יחידה,false,0,19.90,19.90,true,1,
7046110064535,false,מארז זוג מברשת שיניים ג'ורדן ילדים 0-2,ג'ורדן Jordan,MY,מברשות שיניים,יחידה,1.00,יחידה,false,0,19.90,19.90,true,1,
7046110065945,false,גורדן מברשת אינטרדנטל פלקטרום CONE 10 יח,ג'ורדן,IL,XS מברשת אינטרדנ,יחידה,1.00,יחידה,false,0,38.90,38.90,true,1,
7046110066034,false,גורדן מברשת אינטרדנטל פלקטרום MICRO 10יח,ג'ורדן,IL,Mמ.שיניים ג'ורדן,יחידה,1.00,יחידה,false,0,38.90,38.90,true,1,
7046110066065,false,גורדן מברשת אינטרדנטל פלקטרום MIDI,ג'ורדן,IL,L מ.שיניים ג'ורד,יחידה,1.00,יחידה,false,0,38.90,38.90,true,1,
7046110069868,false,גורדן מברשת שיניים לילדים 9+ SMILE,ג'ורדן,IL,ג'ורדן מברשות שנ,יחידה,1.00,יחידה,false,0,14.90,14.90,true,1,
7046110070192,false,גורדן שלישייה מברשות שיניים קלין סמייל,דנטלון,MY,3 מברשות שיניים,יחידה,1.00,יחידה,false,0,10.00,10.00,true,1,
7046110071519,false,"ג'ורדן משחת שיניים לילדים( 2-6 ) 50מ""ל",דנטלון,IL,משחת שיניים,מיליליטרים,50.00,"100 מ""ל",false,1,11.90,23.80,true,1,
7046110075562,false,גורדן משחת שיניים לשיניים קבועות 50 מל,דנטלון,SE,משחת שיניים,מיליליטרים,50.00,"100 מ""ל",false,1,11.90,23.80,true,1,
7070646288615,false,ח.חלבון טעם בוטנים קרמל,סיטי ספורט,GB,ח.חלבון טעם בוטנ,גרמים,100.00,100 גרם,false,1,16.90,16.90,true,1,
7070646288653,false,חטיף חלבון טעם קרמל מלוח,הרת'סייד פוד סולושיי,GB,חטיף חלבון טעם ק,גרמים,100.00,100 גרם,false,1,16.90,16.90,true,1,
7143242052000,false,24K JIVAGO אפטר שייב,ג'יוואגו,IL,24K JIVAGO אפטר,מיליליטרים,50.00,"100 מ""ל",false,0,109.00,218.00,true,1,
7290000063140,false,שקדי מרק רכיבים טבעיים בשקית 400 ג' אסם,"אסם תעשיות בע""מ",IL,שקדי מרק אסם,גרמים,400.00,100 גרם,false,0,11.50,2.88,true,1,
7290000065977,false,חטיפי פריכונים תירס שומשום אסם 80 גרם,"פרח תעשיות מזון בע""מ.",IL,פריכונים תירס,גרמים,80.00,100 גרם,false,0,9.90,12.38,true,1,
7290000066141,false,ביסלי חטיף בטעם גריל אסם 70 גרם,"אסם השקעות בע""\מ",IL,ביסלי גריל,גרמים,70.00,100 גרם,false,0,4.90,7.00,true,1,
7290000066264,false,דובונים חטיף תפוחי אדמה אסם 40 גרם,"אסם השקעות בע""\מ",IL,חטיפי דובונים,גרמים,40.00,100 גרם,false,0,5.30,13.25,true,1,
7290000066295,false,במבה מתוקה מחומרים טבעיים 30 גרם,מיוצר עי קונדיטוריית,IL,במבה מתוקה,גרמים,30.00,100 גרם,false,0,2.90,9.67,true,1,
7290000066318,false,במבה חטיף בוטנים אסם 80 גרם,"אסם השקעות בע""\מ",IL,במבה,גרמים,80.00,100 גרם,false,0,5.90,7.38,true,1,
7290000066332,false,אפרופו חטיף תירס אסם 50 גרם,מיוצר עי קונדיטוריית,IL,חטיף אפרופו,גרמים,50.00,100 גרם,false,0,5.90,11.80,true,1,
7290000066431,false,פופקו חטיף פופקורן בטעם חמאה ודבש אסם 80 גרם,מיוצר עי קונדיטוריית,IL,חטיף פופקו,גרמים,80.00,100 גרם,false,0,7.90,9.88,true,1,
7290000067599,false,מנה חמה ספגטי ברוטב בולונז אסם 65 גרם,"אסם השקעות בע""\מ",IL,מנה חמה בולונז,גרמים,65.00,100 גרם,false,0,7.90,12.15,true,1,
7290000068787,false,במבה יום הולדת חטיף בוטנים אסם 25 גרם,מיוצר עי קונדיטוריית,IL,במבה יום הולדת,גרמים,25.00,100 גרם,false,0,2.50,10.00,true,1,
7290000071008,false,אוסם - בייגלה שטוחים מלח 60 גרם,"אסם השקעות בע""\מ",IL,בייגלה שטוחים,גרמים,60.00,100 גרם,false,0,3.30,5.50,true,1,
7290000072753,false,קפה נמס מגורען טסטרס צ'ויס 200 גרם-,נסטלה קוריאה - קפה,KR,קפה טסטרס צ'ויס,גרמים,200.00,100 גרם,false,0,34.90,17.45,true,1,
7290000073750,false,מנה חמה נודלס אטר+ירקות טעם עוף 70 גרם,PUB FOODS PRESIDENT THAI,TH,מנה חמה נודלס,גרמים,70.00,100 גרם,false,0,7.90,11.29,true,1,
7290000073767,false,מנה חמה נודלס אטר.+ירקות טעם בקר 70 גרם,PUB FOODS PRESIDENT THAI,TH,מנה חמה נודלס,גרמים,70.00,100 גרם,false,0,7.90,11.29,true,1,
7290000074184,false,ביסקוויט פתי בר אסם 500 גרם,"אסם השקעות בע""\מ",IL,ביסקוויט פתי בר,גרמים,500.00,100 גרם,false,0,10.90,2.18,true,1,
7290000074245,false,אוסם - קרם קרקר אסם 250 גרם,"אסם השקעות בע""\מ",IL,קרם קרקר אסם,גרמים,250.00,100 גרם,false,0,11.90,4.76,true,1,
7290000074252,false,קרקר שומשון אסם 250 גרם,"אסם השקעות בע""\מ",IL,קרקר שומשום אסם,גרמים,250.00,100 גרם,false,0,10.90,4.36,true,1,
7290000074276,false,קרקר פיקנטי טבעון 250 ג' אסם,"אסם השקעות בע""\מ",IL,קרקר פיקנטי אסם,גרמים,250.00,100 גרם,false,0,10.90,4.36,true,1,
7290000074375,false,אוסם - קרקר זהב 150 גרם,"אסם השקעות בע""\מ",IL,קרקר זהב אסם,גרמים,150.00,100 גרם,false,0,8.90,5.93,true,1,
7290000076126,false,אוסם - בייגלה שמיניות קטנות 80 גרם,"אסם השקעות בע""\מ",IL,בייגלה שמיניות,גרמים,80.00,100 גרם,false,0,3.30,4.13,true,1,
7290000077253,false,אוסם - לחמית כפרית עם דגנים מלאים 190 גרם,"אסם השקעות בע""\מ",IL,לחמית כפרית,גרמים,190.00,100 גרם,false,0,11.90,6.26,true,1,
7290000110844,false,"כיפלי גריל בד""צ תלמה 70 ג'",יוניליור ישראל מזון,IL,כיפלי בטעם גריל,גרמים,70.00,100 גרם,false,0,6.90,9.86,true,1,
7290000112220,false,טחינה גולמית שומשום טהור בארכה 500 גרם,"רושדי תעשיות מזון בע""\מ",IL,טחינה גולמית,גרמים,500.00,100 גרם,false,0,13.90,2.78,true,1,
7290000135045,false,"XL TEN משקה אנרגיה פתוח ללא סוכר 250 מ""ל","טמפו משקאות בע""\מ",IL,TEN XL בטעם תפוח,מיליליטרים,250.00,"100 מ""ל",false,1,5.90,2.36,true,1,
7290000135113,false,"משקה אנרגיה XL פחית ten נענע ליים 250 מ""ל","טמפו משקאות בע""\מ",IL,TEN XL נענע ליים,מיליליטרים,250.00,"100 מ""ל",false,1,5.90,2.36,true,1,
7290000135724,false,"פפסי מקס דובדבן בקבוק 500 מ""ל",טמפו משקאות בעמ,IL,פפסי מקס דובדבן,מיליליטרים,500.00,"100 מ""ל",false,1,5.90,1.18,true,1,
7290000143187,false,"הוואי - שמפו לגבר 700 מ""ל",שוורצקוף& הנקל דיסלד,IL,שמפו הוואי לגבר,מיליליטרים,700.00,"100 מ""ל",false,0,11.50,1.64,true,1,
7290000143279,false,"הוואי שמפו לשיער נגד קשקשים 700 מ""ל",שוורצקוף& הנקל דיסלד,IL,שמפו הוואי,מיליליטרים,700.00,"100 מ""ל",false,0,11.50,1.64,true,1,
7290000146645,false,הוואי - סבון מוצק שחור מסתורי 100 גרם רביעייה,טרופיקל דגיל קוסמטיק,IL,סבון הוואי 4 יח,גרמים,400.00,100 גרם,false,0,13.90,3.48,true,1,
7290000146669,false,הוואי - סבון מוצק שמיים כחולים 100 גרם רביעייה,טרופיקל דגיל קוסמטיק,IL,סבון הוואי 4 יח,גרמים,400.00,100 גרם,false,0,13.90,3.48,true,1,
7290000146928,false,"משחת שיניים לילדים בטעם ענבים טום וג'רי 50 מ""ל",טרופיקל דגיל קוסמטיק,IL,משחת טום וג'רי,מיליליטרים,50.00,"100 מ""ל",false,0,9.90,19.80,true,1,
7290000146997,false,משחת שיניים לילדים מסטיק טום וג'רי 50 מל,טרופיקל דגיל קוסמטיק,IL,משחת טום וג'רי,מיליליטרים,50.00,"100 מ""ל",false,0,9.90,19.80,true,1,
7290000149615,false,רביעיית סבון מוצק קלאסי לתינוק נקה 7 4*100 גרם,גליל כימיקלים בעממשו,IL,נקה 7 סבון 4 יח,גרמים,400.00,100 גרם,false,0,14.90,3.73,true,1,
7290000178707,false,תפוצ'יפס בטעם טבעי 50 גרם,"שטראוס פריטו ליי בע""\מ )",IL,חטיף תפוצ'יפס,גרמים,50.00,100 גרם,false,0,4.30,8.60,true,1,
7290000186030,false,מגבוני האגיס תחליב דיספנסר רביעייה,קימברלי קלארק,IL,מגבונים עם תחליב,יחידה,1.00,יחידה,false,0,31.90,31.90,true,1,
7290000187860,false,מגבוני טואלט לחים לילי דיספנסר 40יח',עלבד משואות יצחק בעמ,IL,נייר טואלט לח,יחידה,1.00,יחידה,false,0,8.90,8.90,true,1,
7290000187938,false,לילי - נייר טואולט נייר טואלט פסטל 32 יח',לילי נייר טואלט חוגלה,IL,נייר טואלט פסטל,מטרים,588.00,100 מטר,false,0,44.90,7.64,true,1,
7290000188553,false,קוטקס מגן תחתון יאנג ביג 60 יחידות,קימברלי קלארק,CN,מגן תחתון קוטקס,יחידה,1.00,יחידה,false,0,21.90,21.90,true,1,
7290000188591,false,קוטקס מגן תחתון יאנג ביג 60 יחידות,קימברלי קלארק,CN,מגן תחתון קוטקס,יחידה,1.00,יחידה,false,0,21.90,21.90,true,1,
7290000190853,false,לילי פיור נייר טואלט דו שכבתי לבן 30 גלילים,לילי נייר טואלט חוגלה,IL,נייר טואלט לילי,מטרים,537.00,100 מטר,false,0,44.90,8.36,true,1,
7290000191225,false,חיתולים ליטל בייביז מידה 2 האגיס 46 יחידות,קימברלי קלארק שיווק,IL,האגיס ליטל בייבי,יחידה,1.00,יחידה,false,1,33.90,33.90,true,1,
7290000191539,false,חמישיית ממחטות טישו צבועני לילי 100 יחידות,חוגלה קימברלי,IL,מגבוני לילי 90*5,יחידה,1.00,יחידה,false,0,16.90,16.90,true,1,
7290000191546,false,ממחטות טישו צבעוני 2 שכבות לילי מארז 100X3יח',חוגלה קימברלי,IL,לילי צבעוני90*3,יחידה,1.00,יחידה,false,0,10.90,10.90,true,1,
7290000191645,false,"חיתולים האגיס ליטל בייביס ניו בורן שלב 1 עד 4 ק""ג",קימברלי קלארק ארהב,US,חיתולי האגיס,יחידה,1.00,יחידה,false,0,33.90,33.90,true,1,
7290000191652,false,שלישיית ממחטות אולטרה סופט קלינקס 90 יחידות,חוגלה קימברלי,IL,קלינקס מעוצב 3יח,יחידה,1.00,יחידה,false,0,12.90,12.90,true,1,
7290000191966,false,נייר טואלט לילי לח נטורל קר 48 דפים,עלבד משואות יצחק בעמ,IL,נייר טואלט לח,יחידה,1.00,יחידה,false,0,8.90,8.90,true,1,
7290000192581,false,מגבת נייר גליל כפול ניקול 12=6 גליל,קימברלי-קלארק,IL,מגבות נייר,מטרים,129.00,מטר,false,1,24.90,0.19,true,1,
7290000193083,false,נובה-לי תחבושות היגייניות לילי 28 יחידות,חוגלה קימברלי,CZ,תחבושות נובה לי,יחידה,1.00,יחידה,false,0,9.90,9.90,true,1,
7290000193205,false,תחבושות עם כנפיים ללילה נטורל לילי 20 יחידות,חוגלה קימברלי,BE,תחבושות לילי,יחידה,1.00,יחידה,false,0,14.90,14.90,true,1,
7290000193540,false,מגן תחתון לונג נטורל לילי 52 יחידות,חוגלה קימברלי,ES,פדיות לילי,יחידה,1.00,יחידה,false,0,14.90,14.90,true,1,
7290000193618,false,לילי אינטימייט מגן תחתון נורמל 24 יח',חוגלה קימברלי,ES,פדיות לילי נטורל,יחידה,1.00,יחידה,false,0,14.90,14.90,true,1,
7290000193649,false,תחבושות עם כנפיים נורמל פלוס לילי 24 יחידות,חוגלה קימברלי,ES,תחבושות לילי,יחידה,1.00,יחידה,false,0,14.90,14.90,true,1,
7290000193656,false,תחבושות עם כנפיים סופר פלוס לילי 24 יחידות,חוגלה קימברלי,ES,תחבושות לילי,יחידה,1.00,יחידה,false,0,14.90,14.90,true,1,
7290000194288,false,משטח החתלה האגיס 10 יחידות,חוגלה קימברלי,BE,משטח החתלה האגיס,יחידה,1.00,יחידה,false,0,19.90,19.90,true,1,
7290000195032,false,שקמה מכנסון גזרתי סופר נייט L,חוגלה קימברלי,IL,מכנסוני שקמה,יחידה,1.00,יחידה,false,0,69.90,69.90,true,1,
7290000195537,false,מגבונים לחים לעור רגיש ללא בישום האגיס 4*64 יחידות,חוגלה קימברלי,IL,מגבונים האגיס 4י,יחידה,1.00,יחידה,false,0,24.90,24.90,true,1,
7290000195773,false,האגיס - מגבוני האגיס סנסטיב קר לא מבושם 64 יח' * 4,חוגלה קימברלי,IL,מגבונים האגיס 4י,יחידה,1.00,יחידה,false,0,24.90,24.90,true,1,
7290000197081,false,ניקול ניילון נצמד 150 מטר+מתקן לחיתוך קל,חוגלה קימברלי,IL,ניילן נצמד,מטרים,150.00,מטר,false,0,31.90,0.21,true,1,
7290000197425,false,חיתולים פרידום דריי שלב 3 האגיס 52 יחידות,קימברלי קלארק ישראל,IL,חיתולי האגיס,יחידה,1.00,יחידה,false,0,47.90,47.90,true,1,
7290000197432,false,שקיות אוכל סנדביצ'ון ניקול מארז 150X2יח',"אשפלסט תעשיות בע""מ",IL,סנדוויצ'ון זוג,יחידה,1.00,יחידה,false,0,11.90,11.90,true,1,
7290000197456,false,חיתולים פרידום דריי שלב 4 האגיס 44 יחידות,קימברלי קלארק ישראל,IL,חיתולי האגיס,יחידה,1.00,יחידה,false,0,47.90,47.90,true,1,
7290000197463,false,חיתולים פרידום דריי שלב +4 האגיס 40 יחידות,קימברלי קלארק ישראל,IL,חיתולי האגיס,יחידה,1.00,יחידה,false,0,47.90,47.90,true,1,
7290000197548,false,חיתולים פרידום דריי שלב 5 האגיס 36 יחידות,קימברלי קלארק ישראל,IL,חיתולי האגיס,יחידה,1.00,יחידה,false,0,47.90,47.90,true,1,
7290000197678,false,חיתולי האגיס פרידום דריי שלב 6 30 יחידות,קימברלי קלארק ישראל,IL,חיתולי האגיס,יחידה,1.00,יחידה,false,0,47.90,47.90,true,1,
7290000199313,false,תחבושות עם כנפיים נורמל פלוס קוטקס 30 יחידות,חוגלה קימברלי,CZ,קוטקס תחבושות,יחידה,1.00,יחידה,false,0,21.90,21.90,true,1,
7290000201818,false,טיטולים פרימיום שלב 2 64 יחידות,חוגלה קימברלי,IL,טיטולים פרימיום,יחידה,1.00,יחידה,false,1,33.90,33.90,true,1,
7290000201832,false,טיטולים פרימיום שלב 3 50 יחידות,חוגלה קימברלי,IL,טיטולים פרימיום,יחידה,1.00,יחידה,false,1,33.90,33.90,true,1,
7290000201849,false,טיטולים פרימיום שלב 4 42 יח' (8-14),חוגלה קימברלי,IL,טיטולים פרימיום,יחידה,1.00,יחידה,false,1,33.90,33.90,true,1,
7290000201856,false,טיטולים פרימיום שלב4+ 38 יחידות .,חוגלה קימברלי,IL,טיטולים פרימיום,יחידה,1.00,יחידה,false,1,33.90,33.90,true,1,
7290000201863,false,טיטולים פרימיום שלב 5 34 יחידות,חוגלה קימברלי,IL,טיטולים פרימיום,יחידה,1.00,יחידה,false,1,33.90,33.90,true,1,
7290000201870,false,טיטולים פרימיום שלב 6 30 יחידות,חוגלה קימברלי,IL,טיטולים פרימיום,יחידה,1.00,יחידה,false,1,33.90,33.90,true,1,
7290000202495,false,סופגנים סופר פלוס שקמה L,חוגלה קימברלי,BE,סופגנים שקמה,יחידה,1.00,יחידה,false,0,52.90,52.90,true,1,
7290000203560,false,סדיניה שקמה 15 יחידות,חוגלה קימברלי,IL,סדיניה שקמה,יחידה,1.00,יחידה,false,0,51.90,51.90,true,1,
7290000204215,false,שישיית כרית יפנית ניקול 6 יחידות,פלסטו פוליש (ברקן),IL,כריות יפניות,יחידה,1.00,יחידה,false,0,11.90,11.90,true,1,
7290000204611,false,שישיית ספוגית הקסם ניקול 6 יחידות,חוגלה קימברלי,US,ספוגיות ניקול,יחידה,1.00,יחידה,false,0,11.90,11.90,true,1,
7290000205762,false,חיתולי האגיס אקסטרה קר מידה 3 48 יחידות,חוגלה קימברלי,IL,חיתולי האגיס,יחידה,1.00,יחידה,false,1,57.90,57.90,true,1,
7290000205915,false,חיתולי האגיס אקסטרה קייר מידה 4 40 יחידות,חוגלה קימברלי,IL,חיתולי האגיס,יחידה,1.00,יחידה,false,1,57.90,57.90,true,1,
7290000244143,false,"הוואי - קרם לאחר גילוח 120 מ""ל",טרופיקל דגיל קוסמטיק,IL,קרם לאחר גילוח,גרמים,120.00,100 גרם,false,0,19.90,16.58,true,1,
7290000245294,false,"פרסיל אבקה לכביסה לבנה רגיל 2.5 ק""ג","הנקל סוד בע""\מ",IL,אבקת כביסה פרסיל,קילוגרמים,2.50,"ק""ג",false,0,27.90,11.16,true,1,
7290000262413,false,חיתולי האגיס אקסטרה קייר מידה 5 34 יחידות,חוגלה קימברלי,IL,חיתולי האגיס,יחידה,1.00,יחידה,false,1,57.90,57.90,true,1,
7290000263359,false,חיתולים ליטל בייביז מידה 1 האגיס 40 יחידות,קימברלי קלארק שיווק,IL,חיתולי האגיס,יחידה,1.00,יחידה,false,0,33.90,33.90,true,1,
7290000286228,false,ספוגיות לניקוי כללי סנו סושי 6 יחידות,סנו מפעלי ברונו בעמ,IL,ספוגיות לכלים6יח,יחידה,1.00,יחידה,false,0,14.90,14.90,true,1,
7290000286761,false,ניילון נצמד סנו סושי פלסטיק מארז 30X2 מ',מיוצר עי קונדיטוריית,CN,צמד ניילון נצמד,מטרים,60.00,מטר,false,0,12.90,0.22,true,1,
7290000287195,false,"סנו רהיט ספריי עשיר בווקס להברקה 305 מ""ל",מיוצר עי קונדיטוריית,IL,סנו רהיט מרסס,מיליליטרים,305.00,"100 מ""ל",false,0,17.90,5.87,true,1,
7290000288079,false,סנו - ז'אוול אקונומיקה לימון 2 ליטר,"סנו מפעלי ברונוס בע""מ",IL,סנו JAVEL מלבין,ליטרים,2.00,ליטר,false,0,13.90,6.95,true,1,
7290000288352,false,"קוטל חרקים וזוחלים K-300 סנו 630 מ""ל","סנו מפעלי ברונוס בע""מ",IL,300-K קוטל חרק,מיליליטרים,630.00,"100 מ""ל",false,0,27.90,4.43,true,1,
7290000288413,false,סנו-די דוחה יתושים כדורי סנו 50 גרם,גוד פוד פרודקטס S.p,IL,סנו די כדורי,מיליליטרים,50.00,"100 מ""ל",false,0,21.90,43.80,true,1,
7290000288727,false,סנו מקסימה אבקת כביסה מאסק מילוי 1.25,קריות זול,IL,אבקת כביסה,קילוגרמים,1.25,"ק""ג",false,0,12.90,10.32,true,1,
7290000289069,false,סנו - ז'אוול מרסס קצף ניקוי בתוספת אקונומיקה בריח לימון 1 ליטר,"סנו מפעלי ברונוס בע""מ",IL,סנו ג'אוול מרסס,ליטרים,1.00,ליטר,false,0,19.90,19.90,true,1,
7290000289595,false,"אורביטול משחת שיניים לילדים בטעם תות שדה 145 מ""ל",טרופיקל דגיל תעשיות קוסמ,IL,משחת שיניים,גרמים,145.00,100 גרם,false,0,10.90,7.52,true,1,
7290000292502,false,"K 800 קוטל נמלים סנו 300 מ""ל","סנו מפעלי ברונוס בע""מ",IL,K800 קוטל נמלים,מיליליטרים,300.00,"100 מ""ל",false,1,17.90,5.97,true,1,
7290000292687,false,סנובון מוצק לניקוי אסלה קלאסיק כחול סנו 3 יחידות,מיוצר עי קונדיטוריית,IL,סנובון כחול 3 יח,גרמים,165.00,100 גרם,false,0,13.90,8.42,true,1,
7290000293561,false,"תרסיס להסרת כתמי עובש עם אקונומיקה סנו 750 מ""ל","סנו מפעלי ברונוס בע""\מ",IL,סנו מסיר עובש,מיליליטרים,750.00,"100 מ""ל",false,0,19.90,2.65,true,1,
7290000293820,false,"קרמה מן שמפו וג'ל גל רחצה אקטיב בלוק 700מ""ל",גוד פוד פרודקטס S.p,IL,שמפו וג'ל רחצה,מיליליטרים,700.00,"100 מ""ל",false,1,21.90,3.13,true,1,
7290000293943,false,"מרסס לבן מסיר אבנית 1 ליטר אנטי קאלק ""סנו""",מיוצר עי קונדיטוריית,IL,סנו אנטי קאלק,ליטרים,1.00,ליטר,false,0,17.90,17.90,true,1,
7290000295336,false,סנו מקסימה אבקת כביסה סנסטיב מילוי1.25,סנו מפעלי ברונוס בעמ,IL,אבקת כביסה,קילוגרמים,1.25,"ק""ג",false,0,12.90,10.32,true,1,
7290000295558,false,"רדיד אלומיניום רוחב 30 ס""מ סנו סושי 2 יח' 7.5 מטר",מולינו ניקולי s.p.a,TR,צמד רדידי אלומינ,מטרים,15.00,מטר,false,0,15.90,1.06,true,1,
7290000341071,false,בדין - מרכך כביסה בייבי לבן 2 ליטר,יוניליור ישראל טיפוח איש,IL,מרכך כביסה בייבי,ליטרים,2.00,ליטר,false,0,17.90,8.95,true,1,
7290000347738,false,תה ירוק נענע ויסוצקי 25 יחידות,תה ויסוצקי,IL,תה ירוק נענע,גרמים,37.00,100 גרם,false,0,21.90,59.19,true,1,
7290000347752,false,תה ירוק לימונית ולואיזה 25 שקיקים *1.5 ג'' ויסוצקי,תה ויסוצקי,IL,תה ירוק לימונית,גרמים,37.00,100 גרם,false,0,21.90,59.19,true,1,
7290000412481,false,נוזל לניקוי אסלות 00 סנו 1 ליטר,מיוצר עי קונדיטוריית,IL,"מנקה אסלות 00""",ליטרים,1.00,ליטר,false,0,7.90,7.90,true,1,
7290000420325,false,"פופסטאר פופקורן למקירוגל בטעם טבעי 5 שקיות,500 גרם",פרסטון פארמס,US,פופקורן למיקרו,גרמים,500.00,100 גרם,false,0,14.90,2.98,true,1,
7290000560021,false,אדג' ג'ל ורוד נגד חתכים 198ג',המאפיה של הרמן,US,ג'ל גילוח אדג',גרמים,198.00,100 גרם,false,0,18.90,9.55,true,1,
7290000560533,false,אדג' ג'ל גילוח ירוק לעור רגיל 198גרם,אס.סי ג'ונסון ובניו,US,אדג' ג'ל לגילוח,גרמים,198.00,100 גרם,false,0,18.90,9.55,true,1,
7290000560540,false,אדג' ג'ל גילוח כתום לעור רגיש 198גרם,המאפיה של הרמן,US,אדג' ג'ל לגילוח,גרמים,198.00,100 גרם,false,0,18.90,9.55,true,1,
7290000679631,false,"ד""ר פישר - קמיל בלו קלאסיק 500 מ""ל",פישר מעבדות פרמצבטיות בע,IL,קמיל בלו אלסבון,מיליליטרים,500.00,"100 מ""ל",false,0,16.90,3.38,true,1,
7290000689180,false,בליסטקס שפתון-סטיק מנטה,מדיליין פריגו,IL,בליסטיק סטיק,יחידה,1.00,יחידה,false,0,9.90,9.90,true,1,
7290000803067,false,"משחת שיניים לילדים גילאים 6-2 אלמקס 75 מ""ל",הנסיך- מפעל לייצור ט,PL,משחת שיניים,מיליליטרים,75.00,"100 מ""ל",false,0,17.90,23.87,true,1,
7290000803180,false,מרידול מי פהשטיפה דנטלית 400 מל,קולגייט פלמוליב,CH,שטיפה מרידול,מיליליטרים,400.00,"100 מ""ל",false,0,28.90,7.23,true,1,
7290000804484,false,אלמקס שטיפת פה דנטלית למניעת עששת 400מל,קולגייט פלמוליב,CH,מי פה אלמקס,מיליליטרים,400.00,"100 מ""ל",false,0,28.90,7.23,true,1,
7290000849478,false,"סרקל מרכך שיער לילדים 500 מ""ל",פישר מעבדות פרמצבטיות בע,IL,מרכך שיער סרקל,מיליליטרים,500.00,"100 מ""ל",false,0,16.90,3.38,true,1,
7290000849492,false,"סרקל שמפו לילדים 500 מ""ל",פישר מעבדות פרמצבטיות בע,IL,שמפו לילדים,מיליליטרים,500.00,"100 מ""ל",false,0,16.90,3.38,true,1,
7290001136287,false,"שמפו לשיער רגיל בבושם פרחים נקה 7 750 מ""ל","אמיליה קוסמטיקס בע""מ",IL,שמפו נקה 7,מיליליטרים,750.00,"100 מ""ל",false,0,11.90,1.58,true,1,
7290001136294,false,"שמפו לשיער יבש בבישום פרחים נקה 7 750 מ""ל","אמיליה קוסמטיקס בע""מ",IL,שמפו נקה 7,מיליליטרים,750.00,"100 מ""ל",false,0,11.90,1.58,true,1,
7290001136362,false,נקה 7 תחליב רחצה אלוורה ארומה ירוק 1 ל',מיוצר בסין.יבוא ושיו,IL,תחליב רחצה נקה 7,ליטרים,1.00,ליטר,false,0,14.90,14.90,true,1,
7290001136683,false,"מרכך לשיער רגיל בבושם פרחים נקה 7 750 מ""ל","אמיליה קוסמטיקס בע""מ",IL,קונדישינר נקה 7,מיליליטרים,750.00,"100 מ""ל",false,0,11.90,1.58,true,1,
7290001136973,false,נקה 7 תחליב רחצה ארומה קמומיל לבן 1 ל',טרופיקל דגיל תעשיות,IL,תחליב רחצה נקה 7,ליטרים,1.00,ליטר,false,0,14.90,14.90,true,1,
7290001225066,false,מחדד יח',גייד,CN,מחדד,יחידה,1.00,יחידה,false,0,29.90,29.90,true,1,
7290001229804,false,לק230.,גייד,FR,לק230.,יחידה,1.00,יחידה,false,0,29.00,29.00,true,1,
7290001305058,false,"פלמוליב - נטורלס תחליב רחצה חלב ודבש 500 מ""ל",הנסיך- מפעל לייצור ט,TR,סב.נוזלי פלמוליב,מיליליטרים,500.00,"100 מ""ל",false,0,17.90,3.58,true,1,
7290001338155,false,קרם הגנה לפנים 50 SPF סקין גארד 60 מ''ל,אמיליה קוסמטיקס,IL,תחליב הגנה לפנים,מיליליטרים,60.00,"100 מ""ל",false,0,29.90,49.83,true,1,
7290001470619,false,סופט טאץ חוחובה סרום 30 מל,סופט טאץ',IL,סרום חוחבה,מיליליטרים,30.00,"100 מ""ל",false,0,68.90,229.67,true,1,
7290001556665,false,מברשת פודרה יח',גייד,CN,מברשת פודרה,יחידה,1.00,יחידה,false,0,69.90,69.90,true,1,
7290001556672,false,מברשת סומק יח',גייד,CN,מברשת סומק,יחידה,1.00,יחידה,false,0,69.90,69.90,true,1,
7290001559871,false,DRY QUICK לק ייבוש,גייד,FR,DRY QUICK לק,יחידה,1.00,יחידה,false,0,29.00,29.00,true,1,
7290001713020,false,שקיות אשפה 25 יחידות 75*85 סנט מוריץ,קומפלקס כימיקלים בעמ,TR,שקיות אשפה 85*75,יחידה,1.00,יחידה,false,1,8.90,8.90,true,1,
7290001713150,false,סנט מוריץ מתז אקונומיקה Bleach קצף לימון 1 ליטר,קומפלקס כימיקלים בעמ,IL,קצף ניקוי,ליטרים,1.00,ליטר,false,1,13.90,13.90,true,1,
7290001713167,false,סנט מוריץ - מרסס קצף ניקוי 1 ליטר סניטרי אפור,קומפלקס כימיקלים בעמ,IL,קצף ניקוי,ליטרים,1.00,ליטר,false,1,13.90,13.90,true,1,
7290001713242,false,עלמה שקיות אשפה 25 יחידות 75*90 עם ידית,אסיר פלסט,TR,שקיות אשפה עם יד,יחידה,1.00,יחידה,false,1,14.90,14.90,true,1,
7290001713662,false,מרכך כביסה pure בניחוח מלון רויאל 1 ל' סנט מוריץ,"קומפלקס כימיקלים בע""",TR,מרכך כביסה בניחו,ליטרים,1.00,ליטר,false,1,11.90,11.90,true,1,
7290001713815,false,PURE מרכך כביסה בניחוח מלון מפנק 1 ליטר,"קומפלקס כימיקלים בע""",TR,מרכך כביסה בניחו,ליטרים,1.00,ליטר,false,1,11.90,11.90,true,1,
7290001791349,false,פיסגה אקונומיקה ריחנית סנו 4 ליטר,"סנו מפעלי ברונוס בע""מ",IL,אקונומיקה פיסגה,ליטרים,4.00,ליטר,false,0,9.90,2.48,true,1,
7290001865439,false,פמילי אל סבון נוזלי בניחוח וניל 1 ליטר,אף.סי תבליני בגליל ב,IL,סבון נוזלי פמלי,ליטרים,1.00,ליטר,false,0,10.00,10.00,true,1,
7290001865453,false,פמילי לקשרי 1 ליטר לבנדר ארומטי+משאבה,מיוצר עי קונדיטוריית,TR,סבון נוזלי פמלי,ליטרים,1.00,ליטר,false,0,10.00,10.00,true,1,
7290001973233,false,"קמיל בלו מגבונים לחים סנסיטיב ד""ר פישר 120 יחידות",פישר מעבדות פרמצבטיות,IL,מגבונים +דיספנסר,יחידה,1.00,יחידה,false,0,13.90,13.90,true,1,
7290002000136,false,מגע הדבש -שעווה להסרת שיער למיקרוגל 500 גרם,"ש. שוורץ )באר שבע( בע""\מ",IL,שעוות מגע משי,גרמים,500.00,100 גרם,false,0,27.90,5.58,true,1,
7290002000143,false,"חדש -פנג'ל ק.ידיים קלאסיק 80מ""ל",מיוצר עי קונדיטוריית,IL,קרם ידיים פנג'ל,מיליליטרים,80.00,"100 מ""ל",false,0,8.50,10.63,true,1,
7290002001782,false,פנג'ל פלוס לכף הרגל 100מ,אינטרקוסמא,IL,קרם לכף הרגל,מיליליטרים,100.00,"100 מ""ל",false,0,21.90,21.90,true,1,
7290002002857,false,"מגע הדבש, ניירות להסרת שיער בשעווה, 50 יחידות","איטיליאן פוד, אס.פי.",IL,נייר שעווה,יחידה,1.00,יחידה,false,0,28.90,28.90,true,1,
7290002003168,false,"שלישיית קרם ידיים קלאסי פנג'ל 80 מ""ל",אינטרקוסמא 1985 במ,IL,קרם יד.פנג'ל 3יח,מיליליטרים,240.00,"100 מ""ל",false,0,20.90,8.71,true,1,
7290002003649,false,ביו אקטיב קר קרם לילה,ביו אקטיב דנשר,IL,קרם לילה - ביו א,מיליליטרים,50.00,"100 מ""ל",false,0,129.90,259.80,true,1,
7290002041368,false,"מידנייט דאודורנט ספריי 150 מ""ל",חלאבין,IL,דאודורנט ספריי,מיליליטרים,187.00,"100 מ""ל",false,0,19.90,10.65,true,1,
7290002041801,false,"קרם גוף לאב ליין 275 מ""ל",תעשיות שיק,IL,קרם גוף לאב ליין,מיליליטרים,275.00,"100 מ""ל",false,0,49.90,18.15,true,1,
7290002041818,false,"דאו.רול און מידנייט80מ""ל",תעשיות שיק,IL,דאודורנט מידנייט,מיליליטרים,80.00,"100 מ""ל",false,0,19.90,24.88,true,1,
7290002041832,false,דאו.רול און לאב ליין80מ,חלאבין,IL,דאו.רול און,מיליליטרים,80.00,"100 מ""ל",false,0,19.90,24.88,true,1,
7290002061229,false,אורנה19דפילטור ביקיני80ג,אלפא קוסמטיקה,IL,קרם להסרת שיער,גרמים,80.00,100 גרם,false,0,18.90,23.63,true,1,
7290002269953,false,קרליין - מסיר איפור דו פאזי כחול,קרליין,IL,בלוז מסיר איפור,מיליליטרים,260.00,"100 מ""ל",false,0,44.90,17.27,true,1,
7290002515333,false,"ד""ר פישר - קמיל בלו סנסיטיב אל סבון עדין לתינוק 500 מ""ל",פישר מעבדות פרמצבטיות בע,IL,אלסבון קמיל בלו,מיליליטרים,500.00,"100 מ""ל",false,0,19.90,3.98,true,1,
7290002515371,false,"קמיל בלו אל סבון לתינוקות ד""ר פישר 1 ליטר",פישר מעבדות פרמצבטיות בע,IL,קמיל בלו לתינוק,ליטרים,1.00,ליטר,false,0,21.90,21.90,true,1,
7290002674269,false,"אקווה פרש - משחת שיניים מנטה עדין 125 מ""ל",גלקסוסמיתקליין,SK,משחת שיניים,מיליליטרים,125.00,"100 מ""ל",false,0,11.90,9.52,true,1,
7290002730538,false,פדיות להסרת איפור בלונס 80 יחידות,הנסיך- מפעל לייצור ט,GR,פדים להסרת איפור,יחידה,1.00,יחידה,false,0,9.90,9.90,true,1,
7290002730675,false,"קולגייט משחת שיניים אדומה משפחתי 100 מ""ל",קולגייט-פלמוליב,PL,משחת שיניים,מיליליטרים,100.00,"100 מ""ל",false,0,9.90,9.90,true,1,
7290002730941,false,כדורי צמר גפן בלונס 100 יחידות,הנסיך- מפעל לייצור ט,GR,צמר גפן פרוס,גרמים,100.00,100 גרם,false,0,9.90,9.90,true,1,
7290002752332,false,"סוכריות מנטוס פירות בגליל, 37.5 גרם",הדקלאים אגודת שיתופי,NL,סוכריות מנטוס,גרמים,37.00,100 גרם,false,0,3.90,10.54,true,1,
7290002752349,false,סוכריות מנטוס מנטה 40יח' בגליל 38ג',פרפטי ואן מלה,NL,סוכריות מנטוס,גרמים,37.00,100 גרם,false,0,3.90,10.54,true,1,
7290002768074,false,אל סבון נוזלי רגיל דרמפון 1 ליטר,"אמיליה קוסמטיקס בע""מ",IL,דרמפון אל סבון,ליטרים,1.00,ליטר,false,0,19.90,19.90,true,1,
7290002768159,false,"סבון נוזלי בת אורן קצף לאמבט 500מ""ל",פארק תעשיות עמק חפרמ,IL,סבון אמבט בת אור,מיליליטרים,500.00,"100 מ""ל",false,0,26.90,5.38,true,1,
7290002782131,false,"פנינה רוזנבלום - דאודורנט ספריי לאישה מס' 1 150 מ""ל",פנינה רוזנבלום,IL,דאודורנט פנינה,מיליליטרים,150.00,"100 מ""ל",false,0,34.90,23.27,true,1,
7290002814054,false,סנט מוריץ מתז אנטרטיק מתז 1 ליטר,קומפלקס כימיקלים בעמ,IL,אנטרטיק מרסס,ליטרים,1.00,ליטר,false,1,12.90,12.90,true,1,
7290002814078,false,סנט מוריץ נוזל לניקוי אמבט אנטרטיק 1ל',"קומפלקס כימיקלים בע""",IL,אנטרטיק לאמבט,ליטרים,1.00,ליטר,false,0,7.90,7.90,true,1,
7290002814290,false,קצף מרוכז blanco בניחוח לימון משמיד 99.9% חיידקים סנט מוריץ 1 ליטר,קומפלקס כימיקלים בעמ,IL,קצף אקונומיקה,ליטרים,1.00,ליטר,false,1,14.90,14.90,true,1,
7290002814481,false,עלמה שקיות מזון בקופסא 150 יח' מארז שלישיה,קומפלקס כימיקלים בעמ,IL,שלישייה שקיות מז,יחידה,1.00,יחידה,false,1,17.90,17.90,true,1,
7290002814498,false,"סנט מוריץ - מרסס חומץ לניקוי כללי 750 מ""ל",קומפלקס כימיקלים,TR,נוזל ניקוי כללי,מיליליטרים,750.00,"100 מ""ל",false,1,11.90,1.59,true,1,
7290002814528,false,נוזל לניקוי האסלה סנט מוריץ 1 ליטר,קומפלקס כימיקלים בעמ,IL,נוזל לאסלה מס' 1,ליטרים,1.00,ליטר,false,0,6.90,6.90,true,1,
7290002814542,false,סנט מוריץ שקיות אשפה 75*90 -25 יח',קומפלקס כימיקלים בעמ,CN,אשפתון,יחידה,1.00,יחידה,false,1,12.90,12.90,true,1,
7290002814603,false,"סנט מוריץ - מרסס מסיר שומנים קר מבושם לימון 750 מ""ל",קומפלקס כימיקלים בעמ,IL,מסיר שומנים קר,מיליליטרים,750.00,"100 מ""ל",false,1,9.90,1.32,true,1,
7290002814610,false,סנט מוריץ מסיר שומנים מבושם שחור 1 ליטר,קומפלקס כימיקלים בעמ,IL,מסיר שומנים,ליטרים,1.00,ליטר,false,0,9.90,9.90,true,1,
7290002814825,false,סבון אסלה כדוריות שלישייה אוקיינוס כחול,"קומפלקס כימיקלים בע""",TR,כדוריות לאסלה3*,גרמים,150.00,100 גרם,false,1,12.90,8.60,true,1,
7290002814870,false,"סנט מוריץ - מרסס מסיר שומנים קר מבושם לוונדר\פרחים 750 מ""ל",קומפלקס כימיקלים בעמ,IL,מסיר שומנים קר,מיליליטרים,750.00,"100 מ""ל",false,1,9.90,1.32,true,1,
7290002814887,false,מטליות רצפה לניקוי ובישום סנטמוריץ,קומפלקס כימיקלים,CN,מטליות רצפה 10יח,יחידה,1.00,יחידה,false,1,10.00,10.00,true,1,
7290002904694,false,"טיטניום דאודורנט ספריי לגברים 150 מ""ל","אמיליה קוסמטיקס בע""מ",IL,דאודורנט טיטניום,מיליליטרים,180.00,"100 מ""ל",false,0,16.90,9.39,true,1,
7290003026029,false,"ד""ר פישר - קמיל בלו סנסיטיב שמפו אלדמע 500 מ""ל",פישר מעבדות פרמצבטיות בע,IL,שמפו קמיל בלו,מיליליטרים,500.00,"100 מ""ל",false,0,19.90,3.98,true,1,
7290003026036,false,"ד""ר פישר - קמיל בלו סנסיטיב אל סבון עדין לתינוק 1 ליטר",פישר מעבדות פרמצבטיות בע,IL,אל סבון קמיל בלו,ליטרים,1.00,ליטר,false,0,24.90,24.90,true,1,
7290003026234,false,"ד""ר פישר - קמיל בלו תחליב לתינוק 500 מ""ל",פישר מעבדות פרמצבטיות בע,IL,קרם גוף לתינוק,גרמים,500.00,100 גרם,false,0,24.90,4.98,true,1,
7290003026319,false,"קמיל בלו סנסיטיב משחה תינוק ד""ר פישר 120 גרם",פישר מעבדות פרמצבטיות בע,IL,משחת החתלה סנסטי,גרמים,120.00,100 גרם,false,0,19.90,16.58,true,1,
7290003047642,false,תה שחור יילו לייבל 100*1.5 ג' שקיק ליפטון,"יונילוור רוסייה בע""מ",RU,תה ילו לייבל,גרמים,150.00,100 גרם,false,0,11.90,7.94,true,1,
7290003145768,false,בוטנים אמריקאיים 50גר קליית גת,ששון ושות;#039& )ש.ת. תע,IL,בוטן מצופה 50גרם,גרמים,50.00,100 גרם,false,0,3.90,7.80,true,1,
7290003227990,false,"חלאבילין קרם דאודורנט לאישה, 10 ג'",תעשיות שיק,IL,דאו.קרם חלאבילין,מיליליטרים,10.00,"100 מ""ל",false,1,39.90,399.00,true,1,
7290003320257,false,פצירות עץ ארוכות קייזר,מג'יק,IL,פצירות עץ קצרות,יחידה,1.00,יחידה,false,0,19.90,19.90,true,1,
7290003320271,false,מסיר עור+פצירהKW1C 1 יחי,.D.M.M סוכנויות ומפיצים,IL,מסיר עור+פצירה,יחידה,1.00,יחידה,false,0,24.90,24.90,true,1,
7290003320295,false,מכשיר פדי קייזר,.D.M.M סוכנויות ומפיצים,,מכשיר פדי קייזר,יחידה,1.00,יחידה,false,0,29.90,29.90,true,1,
7290003320745,false,"צבתית ציפורניים 13 ס""מ",מג'יק,IL,צבתית ציפורניים,יחידה,1.00,יחידה,false,0,119.00,119.00,true,1,
7290003320769,false,פינצטה אל-חלד מכופפת קייזר,.D.M.M סוכנויות ומפיצים,DE,פינצטה אל חלד,יחידה,1.00,יחידה,false,0,59.90,59.90,true,1,
7290003320806,false,2 פצירות רכות שחורות קייזר,מג'יק,IL,2 פצירות רכות שח,יחידה,1.00,יחידה,false,0,19.90,19.90,true,1,
7290003320813,false,משייף גדול בידית לבנה לכף הרגל קייזר,"מג'יק שיווק מתנות בע""מ",CH,משייף גדול ידית,יחידה,1.00,יחידה,false,1,19.90,19.90,true,1,
7290003387205,false,דאו' ספיד סטיק בסיסי ירוק רגיל לגבר 63ג',הנסיך- מפעל לייצור ט,US,דאודורנט סטיק,גרמים,56.00,100 גרם,false,0,17.90,31.96,true,1,
7290003401369,false,"קרם לחות לשיער חוחובה נטורל פורמולה 400 מ""ל",מיוצר עי אמיליה קוסמ,IL,קרם לחות לשיער,מיליליטרים,400.00,"100 מ""ל",false,0,18.90,4.73,true,1,
7290003401376,false,"קרם לחות ועיצוב לשיער אלוורה נטורל 400 מ""ל",מיוצר עי אמיליה קוסמ,IL,קרם לחות לשיער,מיליליטרים,400.00,"100 מ""ל",false,0,18.90,4.73,true,1,
7290003401635,false,נטורל פורמולה לחות מעצבת לפתיחת תלתלים,מיוצר עי אמיליה קוסמ,IL,קרם לחות לשיער,מיליליטרים,400.00,"100 מ""ל",false,0,25.90,6.48,true,1,
7290003401642,false,"קרם לחות לתלתלים טבעיים נטורל פורמולה 400 מ""ל",מיוצר עי אמיליה קוסמ,IL,קרם לחות לשיער,מיליליטרים,400.00,"100 מ""ל",false,0,25.90,6.48,true,1,
7290003444009,false,הרשי ריזס חטיף במילוי בוטנים 42 גרם,ליימן מותגים,US,חטיף שוקולד חלב,גרמים,42.00,100 גרם,false,0,3.90,9.29,true,1,
7290003514571,false,פריכיות אורז עם מלח מנה 100 גרם,מנה Mana,IL,פריכיות אורז,גרמים,100.00,100 גרם,false,0,6.00,6.00,true,1,
7290003520572,false,מטריות חרובים שקית בודד (בשרוול 6 שקיות),תופינית,,מטריות שוקולד,גרמים,54.00,100 גרם,false,0,16.90,31.30,true,1,
7290003521081,false,"סרקל שמפו אל דמע לילדים ד""ר פישר 1 ליטר",פישר מעבדות פרמצבטיות בע,IL,סרקל שמפו לילדים,ליטרים,1.00,ליטר,false,0,27.90,27.90,true,1,
7290003521166,false,"ד""ר פישר - סרקל קרם רוזמרין לילדים 325 מ""ל",פישר מעבדות פרמצבטיות בע,IL,סרקל קרם רוזמרין,מיליליטרים,325.00,"100 מ""ל",false,0,25.90,7.97,true,1,
7290003521197,false,"ד""ר פישר - סרקל תרסיס מתיר קשרים 340 מ""ל",פישר מעבדות פרמצבטיות בע,IL,סרקל מתיר קשרים,מיליליטרים,340.00,"100 מ""ל",false,0,25.90,7.62,true,1,
7290004022297,false,LINER DIP איילנר שחור,גייד,DE,LINER DIP איילנר,יחידה,1.00,יחידה,false,0,62.90,62.90,true,1,
7290004040635,false,עיפרון עיניים מאטיק06 יח,,IT,עיפרון עיניים מא,יחידה,1.00,יחידה,false,0,25.90,25.90,true,1,
7290004040710,false,עיפרון עיניים מאטיק14 יח,,IT,עיפרון עיניים מא,יחידה,1.00,יחידה,false,0,25.90,25.90,true,1,
7290004078270,false,נוזל לניקוי כלים בריח לימון פלמוליב 1 ליטר,יבואן ומשווק: ש. שסט,GR,פלמוליב לכלים,ליטרים,1.00,ליטר,false,0,14.90,14.90,true,1,
7290004078942,false,ליידי ספיד סטיק - דאודורנט ג'ל לאישה 65 גרם,קולגייט-פלמוליב,US,דאודורנט,גרמים,65.00,100 גרם,false,0,17.90,27.54,true,1,
7290004464851,false,מידנייט U קרם גוף 400 משאבה,חלאבין,IL,קרם גוף מידנייט,מיליליטרים,400.00,"100 מ""ל",false,0,29.90,7.48,true,1,
7290004731083,false,"סבון נוזלי לידיים ג'נסינג ""כיף""",טרופיקל דגיל תעשיות,IL,אל סבון כיף,ליטרים,1.00,ליטר,false,0,12.90,12.90,true,1,
7290004731472,false,"שלישיית אלסבון צבעוני כיף 500 מ""ל",טרופיקל דגיל תעשיות,IL,אלסבון כיף 3 יח,ליטרים,1.50,ליטר,false,0,19.90,13.27,true,1,
7290004731984,false,אורביטול משחת שיניים הלבנה 145 גר,טרופיקל דגיל תעשיות קוסמ,IL,משחת אורביטול,גרמים,145.00,100 גרם,false,1,11.90,8.21,true,1,
7290005008184,false,"סבון נוזלי בניחוח חלב שקדים פלמוליב 500 מ""ל",הנסיך- מפעל לייצור ט,TR,סב.נוזלי פלמול,מיליליטרים,500.00,"100 מ""ל",false,0,17.90,3.58,true,1,
7290005008481,false,ספיד סטיק - דאודורנט ג'ל לגבר ספורט 85 גרם,הנסיך- מפעל לייצור ט,US,ספיד סטיק ג'ל,גרמים,85.00,100 גרם,false,0,17.90,21.06,true,1,
7290005084355,false,סנסודין משחת שיניים דואל קר פלואוריד 75,גלקסו סמית קליין,GB,משחת שיניים,מיליליטרים,75.00,"100 מ""ל",false,0,18.90,25.20,true,1,
7290005095269,false,נרות חימום בשקית-שקד 50,סין,CN,נרות חימום,יחידה,1.00,יחידה,false,0,10.90,10.90,true,1,
7290005124686,false,בליסטקס שפתון-תות,מדיליין פריגו,IL,בליסטיק סטיק,יחידה,1.00,יחידה,false,0,9.90,9.90,true,1,
7290005199288,false,גומי מאסט בטעם פטל לימון 28 ג' עלית,"שטראוס גרופ בע""מ",IL,מסטיק מאסט,גרמים,28.00,100 גרם,false,0,4.50,16.07,true,1,
7290005199738,false,גומי מאסט בטעם פפרמינט ריח פה נעים פליפטופ 28 ג' עלית,"שטראוס גרופ בע""מ",IL,מאסט מנטה מרעננת,גרמים,28.00,100 גרם,false,0,4.50,16.07,true,1,
7290005200786,false,תפוצ'יפס בטעם שמנת בצל עלית 50 גרם,"שטראוס פריטו ליי בע""\מ )",IL,תפוצ'יפס שמנת,גרמים,50.00,100 גרם,false,0,4.30,8.60,true,1,
7290005418709,false,"נטורל קרם לחות לקיבוע תלתלים גלי 400 מ""ל",מיוצר עי אמיליה קוסמ,IL,קרם לחות לתלתלים,מיליליטרים,400.00,"100 מ""ל",false,0,25.90,6.48,true,1,
7290005418716,false,"קרם לחות לבניית תלתלים עגולים נטורל פורמולה 400 מ""ל",מיוצר עי אמיליה קוסמ,IL,קרם לחות לשיער,מיליליטרים,400.00,"100 מ""ל",false,0,25.90,6.48,true,1,
7290005418891,false,"ג'ל אסטרים חזק לעיצוב רטוב נטורל פורמולה 500 מ""ל",מיוצר עי : אמיליה קוסמטי,IL,ג'ל לעיצוב שיער,מיליליטרים,500.00,"100 מ""ל",false,0,22.90,4.58,true,1,
7290005423420,false,סנו משמיד עש מבושם 2 יח',טרופיקל דגיל תעשיות,BG,סנו משמיד עש,יחידה,1.00,יחידה,false,0,19.90,19.90,true,1,
7290005423505,false,"מי פה אורביטול להלבנת השיניים 500 מ""ל",קוסמופארם,IL,מי פה אורביטול,מיליליטרים,500.00,"100 מ""ל",false,0,20.90,4.18,true,1,
7290005423567,false,מטליות ניקוי רב שימושיות בגליל סנו סושי 40 יחידות,אסותא תעשיות אלבד בע,IL,מטליות לניקוי,יחידה,1.00,יחידה,false,0,19.90,19.90,true,1,
7290005424403,false,אל סבון נוזלי בניחוח אצות ים כיף 1 ליטר,טרופיקל דגיל תעשיות,IL,אל סבון כיף,ליטרים,1.00,ליטר,false,0,12.90,12.90,true,1,
7290005424700,false,לסדרה פורטה פלוס מצטרף מתז באריזת xl 1 ליטר,"סנו מפעלי ברונוס בע""\מ",IL,סנו פורטה פלוס,ליטרים,1.00,ליטר,false,1,19.90,19.90,true,1,
7290005425127,false,"חיטוי משטחים 99.9% מתז לשומנים ואבנית 750 מ""ל","סנו מפעלי ברונוס בע""\מ",IL,מחטא/מנקה שומנים,מיליליטרים,750.00,"100 מ""ל",false,1,16.90,2.25,true,1,
7290005425745,false,אורביטול - משחת שיניים אלפיין פרש 145 גרם,טרופיקל דגיל,IL,משחת שיניים,גרמים,145.00,100 גרם,false,0,13.90,9.59,true,1,
7290005425783,false,קרם גוף קרמה קלאסי 500מל,קוסמופארם בע'\'\מ,IL,קרם גוף קרמה,מיליליטרים,500.00,"100 מ""ל",false,0,19.90,3.98,true,1,
7290005426568,false,"קרמה - קרם לחות לשיער רגיל 400 מ""ל",טרופיקל דגיל תעשיות,IL,קרם לחות קרמה,מיליליטרים,400.00,"100 מ""ל",false,0,24.90,6.23,true,1,
7290005426575,false,"קרמה לחות לשיער יבש ללא שטיפה 400 מ""ל",טרופיקל דגיל תעשיות,IL,קרם לחות קרמה,מיליליטרים,400.00,"100 מ""ל",false,0,24.90,6.23,true,1,
7290005427770,false,"קרמה - קרם לחות לשיער לגבר 400 מ""ל",טרופיקל דגיל תעשיות,IL,קרמה לחות לשיער,מיליליטרים,400.00,"100 מ""ל",false,0,24.90,6.23,true,1,
7290005427961,false,"קרמה לחות לשיער פסיפלורה 400 מ""ל",קוסמופארם בע'\'\מ,IL,קרמה לשיער,מיליליטרים,400.00,"100 מ""ל",false,0,24.90,6.23,true,1,
7290005427978,false,"תחליב רחצה לפנים פילינג קרמה 180 מ""ל",גוד פוד פרודקטס S.p,IL,תחליב רחצה לפנים,מיליליטרים,180.00,"100 מ""ל",false,0,15.90,8.83,true,1,
7290005430602,false,"סנו אוקסיג'ן ספריי להסרת כתמים עם חמצן פעיל 750 מ""ל","סנו מפעלי ברונוס בע""",IL,אוקסיג'ן מ.כתמים,מיליליטרים,750.00,"100 מ""ל",false,0,16.90,2.25,true,1,
7290005477683,false,"טיטניום - אפטר שייב קלאסי 100 מ""ל",קרליין,IL,טיטניום אפט.שייב,מיליליטרים,100.00,"100 מ""ל",false,0,49.00,49.00,true,1,
7290005500688,false,"פנינה רוזנבלום מסיכה לשיקום ורודה , 1 ק""ג",פנינה רוזנבלום,IL,מסיכה לשיער,קילוגרמים,1.00,"ק""ג",false,0,39.90,39.90,true,1,
7290005587825,false,לוריאל - דרמו מסיר איפור דו פאזי 125 עברית,"קרלסרו, גרמניה",DE,מסיר איפור,מיליליטרים,150.00,"100 מ""ל",false,0,31.90,21.27,true,1,
7290005657580,false,ג`נסיס אולטרה קר קרם יום מועשר יבש 50,פישר מעבדות פרמצבטיות בע,IL,קרם יום יבש,גרמים,50.00,100 גרם,false,0,99.90,199.80,true,1,
7290005680052,false,טמפונים סופר פלוס אובה 32 יחידות,גונסון אנד גונסון,GR,טמפוני או-בה,יחידה,1.00,יחידה,false,0,24.90,24.90,true,1,
7290005930850,false,סט בניחוח לבנדר,,IL,סט בניחוח לבנדר,יחידה,1.00,יחידה,false,0,43.90,43.90,true,1,
7290005930904,false,קרם רגליים שפ וניל 100מל,חלאבין,IL,קרם רגליים שפ ונ,מיליליטרים,100.00,"100 מ""ל",false,1,12.90,12.90,true,1,
7290006185501,false,"פנינה רוזנבלום -אל סבון נוזלי ורוד,1 ליטר",פנינה רוזנבלום,IL,סבון נוזלי ורוד,ליטרים,1.00,ליטר,false,0,13.90,13.90,true,1,
7290006185518,false,"פנינה רוזנבלום -אל סבון נוזלי כחול,1 ליטר",פנינה רוזנבלום,IL,סבון נוזלי פנינה,ליטרים,1.00,ליטר,false,0,13.90,13.90,true,1,
7290006229427,false,סן בנדטו - מים מינרלים - מארז שישיית 500 מל,קריות זול,IT,סאן בנדטו 6 יח',ליטרים,3.00,ליטר,false,0,17.40,5.80,true,1,
7290006235053,false,"ד""ר פישר - סרקל קרם רוזמרין מתיר קשרים 325 מ""ל * 2",פישר מעבדות פרמצבטיות בע,IL,סרקל קרם 2 יח,מיליליטרים,650.00,"100 מ""ל",false,0,34.90,5.37,true,1,
7290006287106,false,"נטורל - ווקס לשיער לעיצוב אלסטי 120 מ""ל",מיוצר עי : אמיליה קוסמטי,IL,ווקס עיצוב שיער,מיליליטרים,120.00,"100 מ""ל",false,0,31.90,26.58,true,1,
7290006401366,false,"סבון לשטיפה אינטימית ליגיניה פרוטקטיב 200 מ""ל",)פייזר (קונסיומר הלט קר,IT,ליגיניה סבון,מיליליטרים,200.00,"100 מ""ל",false,0,43.90,21.95,true,1,
7290006712981,false,"משחת שיניים קולגייט ספיידרמן מגיל שש 50 מ""ל",הנסיך- מפעל לייצור ט,PL,משחת שיניים,מיליליטרים,50.00,"100 מ""ל",false,0,14.90,29.80,true,1,
7290006784360,false,חלונית סנט מוריץ לניקוי חלונות 1 ליטר,"קומפלקס כימיקלים בע""",IL,מרסס חלונית,ליטרים,1.00,ליטר,false,0,7.90,7.90,true,1,
7290006784438,false,מרכך כביסה pure love לבן 1 ל' סנט מוריץ,קומפלקס כימיקלים בעמ,TR,LOVE PUREמרכך כב,ליטרים,1.00,ליטר,false,1,11.90,11.90,true,1,
7290006784636,false,"ספריי אוויר 250 מ""ל fashion meduza סנט מוריץ",קומפלקס כימיקלים בעמ,TR,מטהר אוויר מדוזה,מיליליטרים,250.00,"100 מ""ל",false,1,9.90,3.96,true,1,
7290006784780,false,"ספריי אוויר 250 מ""ל fashion black סנט מוריץ",קומפלקס כימיקלים בעמ,TR,מטהר אוויר בלאק,מיליליטרים,250.00,"100 מ""ל",false,1,9.90,3.96,true,1,
7290006784926,false,אקונומיקה ריחנית 2 ליטר,קומפלקס כימיקלים,IL,אקונומיקה 2 ליטר,ליטרים,2.00,ליטר,false,1,8.90,4.45,true,1,
7290006788030,false,"שמפו לתלתלים מלאי חיים 700 מ""ל קרליין",מיוצר עי : אמיליה קוסמטי,IL,שמפו 10 לשיער,מיליליטרים,700.00,"100 מ""ל",false,0,11.50,1.64,true,1,
7290006788092,false,"מרכך לשיער קרליין למתולתל 700מ""ל",מיוצר עי : אמיליה קוסמטי,IL,מרכך קרליין,מיליליטרים,700.00,"100 מ""ל",false,0,11.50,1.64,true,1,
7290006788269,false,קרליין פרפקט קר סרום למיצוק העור,קרליין,IL,סרום למיצוק,מיליליטרים,30.00,"100 מ""ל",false,0,99.00,330.00,true,1,
7290006788351,false,דאודורנט קרליין סטיק נושם אקווה,אמיליה קוסמטיקס,IL,דאודורנט קרליין,מיליליטרים,50.00,"100 מ""ל",false,0,18.90,37.80,true,1,
7290006788375,false,קרליין דאודורנט סטיק נושם ורוד,מיוצר עי : אמיליה קוסמטי,IL,דאודורנט קרליין,מיליליטרים,50.00,"100 מ""ל",false,0,18.90,37.80,true,1,
7290006788399,false,"דאו רול און נושם סנסיטיב ירוק קרליין 75 מ""ל",אמיליה קוסמטיקס בעמ,IL,דאודורנט קרליין,מיליליטרים,75.00,"100 מ""ל",false,0,13.90,18.53,true,1,
7290006788405,false,"קרליין - נושם אקטיב דאודורנט רול און לאישה ברודו 75 מ""ל",מיוצר עי : אמיליה קוסמטי,IL,דאודורנט קרליין,מיליליטרים,75.00,"100 מ""ל",false,0,13.90,18.53,true,1,
7290006788436,false,"קרליין - נושם פיור דאודורנט רול און לאישה ורוד 75 מ""ל",משווק: קוסמופארם בעמ,IL,דאודורנט קרליין,מיליליטרים,75.00,"100 מ""ל",false,0,13.90,18.53,true,1,
7290006788443,false,"קרליין - נושם אוקסיג'ן דאודורנט רול און לאישה סגול 75 מ""ל","אמיליה קוסמטיקס בע""מ",IL,דאודורנט קרליין,מיליליטרים,75.00,"100 מ""ל",false,0,13.90,18.53,true,1,
7290006788467,false,"קרליין - נושם אקטיב דאודורנט ספריי לאישה בורדו 200 מ""ל",מיוצר עי : אמיליה קוסמטי,IL,דאודורנט קרליין,מיליליטרים,200.00,"100 מ""ל",false,0,13.90,6.95,true,1,
7290006788481,false,"קרליין - נושם סאן רייס דאודורנט ספריי לאישה כתום 200 מ""ל",מיוצר עי : אמיליה קוסמטי,IL,דאודורנט קרליין,מיליליטרים,200.00,"100 מ""ל",false,0,13.90,6.95,true,1,
7290006788498,false,"קרליין - נושם פיור דאודורנט ספריי לאישה ורוד 200 מ""ל",מיוצר עי : אמיליה קוסמטי,IL,דאודורנט קרליין,מיליליטרים,200.00,"100 מ""ל",false,0,13.90,6.95,true,1,
7290006788504,false,"קרליין - נושם אוקסיג'ן דאודורנט ספריי לאישה סגול 200 מ""ל",מיוצר עי : אמיליה קוסמטי,IL,דאודורנט קרליין,מיליליטרים,200.00,"100 מ""ל",false,0,13.90,6.95,true,1,
7290006789655,false,"קרם לחות לסירוק קל לשיער מתולתל ומקורזל 10 קרליין 400 מ""ל",מיוצר עי : אמיליה קוסמטי,IL,קרם לחות לשיער,מיליליטרים,400.00,"100 מ""ל",false,0,20.90,5.23,true,1,
7290006789921,false,"קרליין - תחליב לחות אויל פרי 50 מ""ל",קרליין,IL,תחליב לחות קל,מיליליטרים,50.00,"100 מ""ל",false,0,54.90,109.80,true,1,
7290006791467,false,"נטורל - סרום לשיער להגמשת התלתלים 145 מ""ל",מיוצר עי : אמיליה קוסמטי,IL,סרום לתלתלים,מיליליטרים,145.00,"100 מ""ל",false,0,49.90,34.41,true,1,
7290006791498,false,"נטורל - שמן אגוז ברזילאי לשיער צבוע 145 מ""ל",אמיליה קוסמטיקס,IL,שמן לשיער,מיליליטרים,145.00,"100 מ""ל",false,0,47.90,33.03,true,1,
7290006992161,false,מטרנה - דייסת קורנפלור פרוביוטי 200 גרם,מולינו ניקולי s.p.a,IL,דייסת מטרנה,גרמים,200.00,100 גרם,false,0,14.50,7.25,true,1,
7290006992185,false,"מטרנה - דייסת אורז פרוביוטי כשל""פ 200 גרם",מולינו ניקולי s.p.a,IL,דייסת אורז,גרמים,200.00,100 גרם,false,0,14.50,7.25,true,1,
7290006992208,false,מטרנה דייסת 8 דגנים מעורבים 200 גרם,מטרנה תעשיות ש.מ,IL,דייסת מטרנה,גרמים,200.00,100 גרם,false,0,14.50,7.25,true,1,
7290008000246,false,"פמינה - שטיפה אינטימית מועשר באלוורה 220 מ""ל",פמינה,IL,שטיפה + אלוורה,מיליליטרים,220.00,"100 מ""ל",false,0,29.90,13.59,true,1,
7290008000826,false,"משחת שיניים לילדים בטעם פירות לגילאים 2-6 כצט 50 מ""ל",כצט נוביס,IL,משחת שיניים ברבי,מיליליטרים,50.00,"100 מ""ל",false,0,10.90,21.80,true,1,
7290008021111,false,מרכ.פינוק יבש מאוד 700מל,יוניליוור ישראל טיפוח אי,IL,מרכך שיער פינוק,מיליליטרים,700.00,"100 מ""ל",false,0,13.90,1.99,true,1,
7290008068512,false,בייבי פסטה משחה קמומיל לתינוק 100 גר',ויטאמד צריכה,IL,בייבי פסטה,גרמים,100.00,100 גרם,false,0,21.90,21.90,true,1,
7290008084956,false,בייבי פסטה משחה לתינוק,בייבי פסטה,IL,בייבי פסטה,גרמים,120.00,100 גרם,false,0,17.90,14.92,true,1,
7290008104050,false,"שטיפת אינטימית לקטופיל פמינה 220 מ""ל",כצט נוביס סעמ,IL,תחליב פמינה,מיליליטרים,220.00,"100 מ""ל",false,0,24.90,11.32,true,1,
7290008116541,false,"שטיפת פה ליסטרין קול מינט 500 מ""ל",ג'\ונסון אנד ג'\ונסון,IT,מי פה ליסטרין,מיליליטרים,500.00,"100 מ""ל",false,0,19.90,3.98,true,1,
7290008116558,false,ליסטירין מי פה בטעם מנטה מרענן 250 מל,ג'\ונסון אנד ג'\ונסון,IT,מי פה ליסטרין,מיליליטרים,250.00,"100 מ""ל",false,0,9.90,3.96,true,1,
7290008116565,false,ליסטרין שטיפת פה פרש 500 מל,ג'\ונסון אנד ג'\ונסון,IT,מי פה ליסטרין,מיליליטרים,500.00,"100 מ""ל",false,0,19.90,3.98,true,1,
7290008116862,false,בלנאום שמן רחצה יומיומי לתינוקות וילדים,ניאופארם,IL,בלנאום בייבי,מיליליטרים,500.00,"100 מ""ל",false,0,74.90,14.98,true,1,
7290008116886,false,בלנאום שמן רחצה טיפולי לתינוקות וילדים 5,ניאופארם,DE,בלנאום בייבי פור,מיליליטרים,500.00,"100 מ""ל",false,0,74.90,14.98,true,1,
7290008264020,false,פינצטה ישרה מוזהב,סולינגן,IL,פינצטה ישרה מוזה,יחידה,1.00,יחידה,false,0,39.90,39.90,true,1,
7290008264051,false,פינצטה ישרה שחור,סולינגן,IL,פינצטה ישרה שחור,יחידה,1.00,יחידה,false,0,39.90,39.90,true,1,
7290008264082,false,פינצטה מכופפת אל חלד,סולינגן,IL,פינצטה מכופפת אל,יחידה,1.00,יחידה,false,0,69.90,69.90,true,1,
7290008264105,false,פינצטה אלכסון רחב,סולינגן,IL,פינצטה אלכסון רח,יחידה,1.00,יחידה,false,0,69.90,69.90,true,1,
7290008264136,false,פצירה 13 ס'מ,סולינגן,IL,פצירה 13 ס'מ,יחידה,1.00,יחידה,false,0,29.00,29.00,true,1,
7290008264143,false,פצירה 16 ס'מ כרום,סולינגן,IL,פצירה 16 ס'מ כרו,יחידה,1.00,יחידה,false,0,32.90,32.90,true,1,
7290008264181,false,פצירה לארנק מתקפל,סולינגן,IL,פצירה לארנק מתקפ,יחידה,1.00,יחידה,false,0,35.90,35.90,true,1,
7290008264211,false,10 פצירות רכות,סולינגן,IL,10 פצירות רכות,יחידה,1.00,יחידה,false,0,27.00,27.00,true,1,
7290008264228,false,פצירות רכות 10 יח',סולינגן,IL,פצירות רכות 10 י,יחידה,1.00,יחידה,false,0,28.90,28.90,true,1,
7290008264273,false,מספריים לציפורניים,סולינגן,IL,מספריים לציפורני,יחידה,1.00,יחידה,false,0,110.90,110.90,true,1,
7290008264365,false,קוצץ בינוני+פלסטיק,סולינגן,IL,קוצץ בינוני+פלסט,יחידה,1.00,יחידה,false,0,34.90,34.90,true,1,
7290008264372,false,קוצץ גדול+פלסטיק,סולינגן,IL,קוצץ גדול+פלסטיק,יחידה,1.00,יחידה,false,0,45.90,45.90,true,1,
7290008264389,false,קוצץ קטן+שרשרת,סולינגן,IL,קוצץ קטן+שרשרת,יחידה,1.00,יחידה,false,0,27.00,27.00,true,1,
7290008264419,false,סולינגן-משייף קרמי מקצוע,סולינגן,IL,סולינגן-משייף קר,יחידה,1.00,יחידה,false,0,130.00,130.00,true,1,
7290008264426,false,מכשיר ליבלות+סכין,סולינגן,IL,מכשיר ליבלות+סכי,יחידה,1.00,יחידה,false,0,40.00,40.00,true,1,
7290008264457,false,אבן לרגל,סולינגן,IL,אבן לרגל,יחידה,1.00,יחידה,false,0,17.00,17.00,true,1,
7290008264464,false,מעגל ריסים יח',סולינגן,IL,מעגל ריסים,יחידה,1.00,יחידה,false,1,48.00,48.00,true,1,
7290008264471,false,משייף +ידית לבנה,סולינגן,KP,משייף +ידית לבנה,יחידה,1.00,יחידה,false,0,16.90,16.90,true,1,
7290008264488,false,"פצירת אקריל 18 ס""מ",סולינגן,IL,פצירת אקריל 18 ס,יחידה,1.00,יחידה,false,0,18.00,18.00,true,1,
7290008264495,false,מיספרים לציפורניים,סולינגן,IL,מיספרים לציפורני,יחידה,1.00,יחידה,false,0,45.00,45.00,true,1,
7290008264730,false,ספוגית למריחת צלליות 818,סולינגן,IL,ספוגית למריחת צל,יחידה,1.00,יחידה,false,0,17.70,17.70,true,1,
7290008264792,false,מחדד איפור כפול,סולינגן,IL,מחדד איפור כפול,יחידה,1.00,יחידה,false,0,19.00,19.00,true,1,
7290008264822,false,משייף באפר משולש,סולינגן,KP,משייף באפר משולש,יחידה,1.00,יחידה,false,0,23.90,23.90,true,1,
7290008264877,false,מנקה ומושך עור ניפס,סולינגן,DE,מנקה ומושך עור נ,יחידה,1.00,יחידה,false,1,46.00,46.00,true,1,
7290008264938,false,פינטצה לציפורניים יח',סולינגן,IL,פינטצה לציפורניי,יחידה,1.00,יחידה,false,1,79.90,79.90,true,1,
7290008318518,false,"דאו.לאבליין ספריי 187מ""ל",חלאבין,IL,דאודורנט לאבליין,מיליליטרים,187.00,"100 מ""ל",false,0,19.90,10.65,true,1,
7290008318662,false,קרם גוף חלאבין כתום 275מ,חלאבין,IL,קרם גוף חלאבין,מיליליטרים,275.00,"100 מ""ל",false,0,29.90,10.87,true,1,
7290008318990,false,"מידנייט קרם ידיים 100 מ""ל",חלאבין,IL,קרם ידיים,מיליליטרים,100.00,"100 מ""ל",false,0,12.90,12.90,true,1,
7290008443616,false,"מרכך לשיער יבש אדום נקה 7 750 מ""ל","אמיליה קוסמטיקס בע""מ",IL,קונדישנר נקה 7,מיליליטרים,750.00,"100 מ""ל",false,0,11.90,1.58,true,1,
7290008443944,false,335 קולור ניילס-לק,קרליין,IL,קרליין לוק לק,יחידה,1.00,יחידה,false,0,14.90,14.90,true,1,
7290008444521,false,PRETTY YOU א.ד.ט לבן 100,קרליין,IL,א.ד.ט לבן,מיליליטרים,100.00,"100 מ""ל",false,0,59.90,59.90,true,1,
7290008444606,false,קרליין לוק לק מס' 340,קרליין,,לק מס' 340,יחידה,1.00,יחידה,false,0,14.90,14.90,true,1,
7290008444712,false,קרליין - קולור ניילס לקה 307,קרליין,IL,לק גוון 307,יחידה,1.00,יחידה,false,0,14.90,14.90,true,1,
7290008464505,false,"בקבוק מים בודד סאן בנדיטו 500 מ""ל",אקווה מינרלה סאן בנדטו ב,IT,סאן בנדטו רגיל 0,מיליליטרים,500.00,"100 מ""ל",false,0,5.00,1.00,true,1,
7290008464611,false,"הסודה של טמפו, מי סודה בגיזוז חזק, 275 מל",טמפו משקאות בעמ,IL,הסודה של טמפו,מיליליטרים,275.00,"100 מ""ל",false,1,3.90,1.42,true,1,
7290008687065,false,ספל טרמי RIVER,,IL,ספל טרמי RIVER,יחידה,1.00,יחידה,false,1,34.90,34.90,true,1,
7290008745239,false,תפוצ'יפס קראנצ' בטעם טבעי עלית 50 גרם,"שטראוס פריטו ליי בע""\מ )",IL,תפוצ'יפס קראנצ',גרמים,50.00,100 גרם,false,0,4.30,8.60,true,1,
7290008750264,false,"מסטיק מאסט ציקלס דובדבן 28 גרם לל""ס מגדים","שטראוס גרופ בע""מ",IL,מסטיק מאסט,גרמים,28.00,100 גרם,false,0,4.50,16.07,true,1,
7290008753111,false,תפוצ'יפס קראנץ' בטעם מקסיקני עלית 50 גרם,"שטראוס פריטו ליי בע""\מ )",IL,תפוצ'יפס קראנצ',גרמים,50.00,100 גרם,false,0,4.30,8.60,true,1,
7290008754415,false,גומי מאסט בטעם ספירמינט עדין פליפטופ 28 ג' עלית,"שטראוס גרופ בע""מ",IL,מסטיק מאסט LL,גרמים,28.00,100 גרם,false,0,4.50,16.07,true,1,
7290008754422,false,גומי מאסט בטעם פפרמינט קלאסי פליפטופ 28 ג' עלית,"שטראוס גרופ בע""מ",IL,מסטיק LL MUST,גרמים,28.00,100 גרם,false,0,4.50,16.07,true,1,
7290008775823,false,ערגליות עוגיות תות שדה אסם 300 גרם,מיוצר עי קונדיטוריית,IL,ערגליות תות,גרמים,300.00,100 גרם,false,0,13.90,4.63,true,1,
7290008830096,false,מגש מיקס פ.יבשים 800גרם,"דין שיווק וקלייה בע""",IL,מיקס פירות יבשים,גרמים,800.00,100 גרם,false,0,39.90,4.99,true,1,
7290008893329,false,עפרון עינים הי פרסיז'ן02,גייד,IT,עפרון עינים הי פ,יחידה,1.00,יחידה,false,0,39.00,39.00,true,1,
7290008894036,false,מייק אפ קומפקט 01,גייד,IT,מייק אפ קומפקט 0,יחידה,1.00,יחידה,false,0,103.90,103.90,true,1,
7290008894050,false,מייק אפ קומפקט 02,גייד,IT,מייק אפ קומפקט02,יחידה,1.00,יחידה,false,0,103.90,103.90,true,1,
7290008894074,false,מייק אפ קומפקט 03,גייד,IT,מייק אפ קומפקט03,יחידה,1.00,יחידה,false,0,103.90,103.90,true,1,
7290008894098,false,מייק אפ קומפקט 04,גייד,IT,מייק אפ קומפקט04,יחידה,1.00,יחידה,false,0,103.90,103.90,true,1,
7290010065745,false,מחית לפתן פירות ג'וניור פרינוק 190 גרם,פרוטה פודווין איי.אס,CZ,פרינוק ג'וניור,גרמים,190.00,100 גרם,false,0,5.90,3.11,true,1,
7290010117864,false,דוריטוס חטיף תירס בטעם חריף אש עלית 70 גרם,"שטראוס פריטו ליי בע""\מ )",IL,דוריטוס חריף,גרמים,70.00,100 גרם,false,0,3.90,5.57,true,1,
7290010192816,false,תמר מג'הול ללא גלעין 45,תימורת הערבה,IL,תמר מגהול 45ג,גרמים,45.00,100 גרם,false,1,4.90,10.89,true,1,
7290010237531,false,"פפסי קולה 500 מ""ל בקבוק","טמפו משקאות בע""ם.",IL,פפסי בקבוק,מיליליטרים,500.00,"100 מ""ל",false,0,5.90,1.18,true,1,
7290010237548,false,"פפסי מקס דל קלוריות 500 מ""ל בקבוק",טמפו משקאות בעמ,IL,פפסי מקס,מיליליטרים,500.00,"100 מ""ל",false,0,5.90,1.18,true,1,
7290010237562,false,משקה פפסי מרינדה קוו,"טמפו משקאות בע""מ",IL,מירינדה,מיליליטרים,500.00,"100 מ""ל",false,0,5.90,1.18,true,1,
7290010237579,false,משקה סבן אפ קוול 500,"טמפו משקאות בע""מ",IL,סבנ אפ,מיליליטרים,500.00,"100 מ""ל",false,0,5.90,1.18,true,1,
7290010237586,false,"סבנ אפ דיאט בקבוק500 מ""ל","טמפו משקאות בע""מ",IL,סבנ אפ דיאט,מיליליטרים,500.00,"100 מ""ל",false,0,5.90,1.18,true,1,
7290010379408,false,אפטר שייב בלאק+דאו ספריי,קרליין,IL,אפטר שייב,יחידה,1.00,יחידה,false,0,69.00,69.00,true,1,
7290010380732,false,"קרליין - מייק אפ קאר & גלואו 112 30 מ""ל",קרליין,IL,מ.אפ קומפורט גלו,מיליליטרים,30.00,"100 מ""ל",false,0,89.90,299.67,true,1,
7290010380756,false,"קרליין - מייק אפ קאר & גלואו 114 30 מ""ל",קרליין,IL,Care&Glow 114,מיליליטרים,30.00,"100 מ""ל",false,0,89.90,299.67,true,1,
7290010381302,false,קרליין - עפרון עיניים עם חידוד 100,קרליין,DE,עפרון עיניים,יחידה,1.00,יחידה,false,0,29.90,29.90,true,1,
7290010381333,false,קרליין - עפרון עיניים עם חידוד 103,קרליין,,עפרון עיניים,יחידה,1.00,יחידה,false,0,29.90,29.90,true,1,
7290010381388,false,עפרון עיניים עם חידוד108,קרליין,DE,עפרון עיניים,יחידה,1.00,יחידה,false,0,29.90,29.90,true,1,
7290010381449,false,קרליין - עפרון שפתיים עם חידוד 154,קרליין,DE,עפרון שפתיים,יחידה,1.00,יחידה,false,0,29.90,29.90,true,1,
7290010381500,false,קרליין - עפרון עיניים ללא חידוד 200,קרליין,DE,עפרון עיניים,יחידה,1.00,יחידה,false,0,29.90,29.90,true,1,
7290010381531,false,קרליין - עפרון עיניים ללא חידוד 203,קרליין,DE,עפרון עיניים,יחידה,1.00,יחידה,false,0,29.90,29.90,true,1,
7290010381562,false,קרליין - עפרון עיניים ללא חידוד 206,קרליין,DE,עפרון עיניים,יחידה,1.00,יחידה,false,0,29.90,29.90,true,1,
7290010381630,false,קרליין - עפרון עיניים ללא חידוד 240,קרליין,DE,עפרון שפתיים,יחידה,1.00,יחידה,false,0,29.90,29.90,true,1,
7290010381661,false,קרליין - עפרון שפתיים ללא חידוד 243,קרליין,DE,עפרון שפתיים,יחידה,1.00,יחידה,false,0,29.90,29.90,true,1,
7290010381708,false,קרליין - עפרון שפתיים ללא חידוד 247,קרליין,IL,עפרון שפתיים,יחידה,1.00,יחידה,false,0,29.90,29.90,true,1,
7290010382019,false,קרליין - שפתון ספארקס 901,קרליין,IL,שפתון גלוס עם בר,יחידה,1.00,יחידה,false,0,59.90,59.90,true,1,
7290010382057,false,שפתון גלוס עם ברק 905,קרליין,IT,שפתון גלוס עם בר,יחידה,1.00,יחידה,false,0,59.90,59.90,true,1,
7290010382064,false,קרליין - שפתון ספארקס 906,קרליין,IL,שפתון גלוס עם בר,יחידה,1.00,יחידה,false,0,59.90,59.90,true,1,
7290010382088,false,קרליין - שפתון ספארקס 908,קרליין,IL,שפתון גלוס עם בר,יחידה,1.00,יחידה,false,0,59.90,59.90,true,1,
7290010382842,false,"קרם נטורל פורמולה קרם לחות קלילה לשיער רגיל, 400 מ""ל קלילה רגיל",מיוצר עי : אמיליה קוסמטי,IL,קרם לחות לשיער,מיליליטרים,400.00,"100 מ""ל",false,0,25.90,6.48,true,1,
7290010382880,false,לק גוון 363,קרליין,IL,לק גוון 363,יחידה,1.00,יחידה,false,0,14.90,14.90,true,1,
7290010382927,false,לק גוון 367,קרליין,IL,לק גוון 367,יחידה,1.00,יחידה,false,0,14.90,14.90,true,1,
7290010382958,false,לק גוון 370,קרליין,IL,לק גוון 370,יחידה,1.00,יחידה,false,0,14.90,14.90,true,1,
7290010504428,false,"ד""ר פישר - סרקל תרסיס מתיר קשרים 325 מ""ל * 2",פישר מעבדות פרמצבטיות בע,IL,סרקל תרסיס 2 יח,מיליליטרים,680.00,"100 מ""ל",false,0,34.90,5.13,true,1,
7290010632404,false,נובי5305-מיכל לאבקת חלב,מולינו ניקולי s.p.a,CN,מיכל לאבקת חלב,יחידה,1.00,יחידה,false,0,21.90,21.90,true,1,
7290010748518,false,"סרקל פורטה שמפו לילדים 750 מ""ל",פישר מעבדות פרמצבטיות בע,IL,שמפו סרקל פורטה,מיליליטרים,750.00,"100 מ""ל",false,0,28.90,3.85,true,1,
7290010748525,false,"סרקל פורטה מרכך לילדים 750 מ""ל",פישר מעבדות פרמצבטיות בע,IL,מרכך סרקל פורטה,מיליליטרים,750.00,"100 מ""ל",false,0,28.90,3.85,true,1,
7290010748853,false,"ד""ר פישר - אפקטיב קר קרם ידיים סנסיטיב 150 מ""ל",פישר מעבדות פרמצבטיות בע,IL,קרם ידיים,מיליליטרים,150.00,"100 מ""ל",false,0,9.90,6.60,true,1,
7290010748860,false,"ד""ר פישר - אפקטיב קר קרם ידיים אינטנסיב 150 מ""ל",פישר מעבדות פרמצבטיות בע,IL,קרם ידיים,מיליליטרים,150.00,"100 מ""ל",false,0,9.90,6.60,true,1,
7290010748877,false,"אפקטיב קר קרם גוף סנסטיב לעור רגיש ח 700 מ""ל",פישר מעבדות פרמצבטיות בע,IL,"ד""ר פישר קרם גוף",מיליליטרים,700.00,"100 מ""ל",false,0,24.90,3.55,true,1,
7290010748884,false,אפקטיב קר קרם גוף אינטנסיב לעור יבש במיוחד ח 700,פישר מעבדות פרמצבטיות,IL,קרם גוף,מיליליטרים,700.00,"100 מ""ל",false,0,24.90,3.55,true,1,
7290010748891,false,אפקטיב קר קרם גוף מולטי ויטמין לעור רגיל יבש ח 7,פישר מעבדות פרמצבטיות בע,IL,קרם גוף,מיליליטרים,700.00,"100 מ""ל",false,0,24.90,3.55,true,1,
7290010822010,false,"ג'אמפ תפוז 500 מ""ל","טמפו משקאות בע""מ",IL,ג'אמפ תפוז 500,מיליליטרים,500.00,"100 מ""ל",false,0,5.90,1.18,true,1,
7290010822027,false,"ג'אמפ אשכול 500 מ""ל","טמפו משקאות בע""מ",IL,ג'אמפ אשכול 500,מיליליטרים,500.00,"100 מ""ל",false,0,5.90,1.18,true,1,
7290010822034,false,"ג'אמפ ענבים 500 מ""ל","טמפו משקאות בע""מ",IL,ג'אמפ ענבים 500,מיליליטרים,500.00,"100 מ""ל",false,0,5.90,1.18,true,1,
7290011026301,false,"ד""ר פישר - שמפו לשיער כסוף 400 מ""ל",פישר מעבדות פרמצבטיות,IL,שמפו לשיער כסוף,מיליליטרים,400.00,"100 מ""ל",false,1,28.90,7.23,true,1,
7290011026523,false,שמפו לתינוק לפני השינה Senstive עם לבנדר וקמומיל,פישר מעבדות פרמצבטיות בע,IL,אל דמע קמיל,מיליליטרים,500.00,"100 מ""ל",false,0,19.90,3.98,true,1,
7290011026530,false,ק.ב סנסטיב אל סבון לבנדר קמומיל לפני השינה 500 מ,פישר מעבדות פרמצבטיות בע,IL,אל סבון קמיל,מיליליטרים,500.00,"100 מ""ל",false,0,19.90,3.98,true,1,
7290011113322,false,לק גוון 374,קרליין,IL,לק גוון 374,יחידה,1.00,יחידה,false,0,14.90,14.90,true,1,
7290011113889,false,קרליין - איילינר שחור עמיד EVERLATS,קרליין,IT,איליינר שחור,יחידה,1.00,יחידה,false,0,54.90,54.90,true,1,
7290011113926,false,דאודורנט ספריי טיטניום בלאק Titanium Black,משווק: וסמופארם בעממ,IL,דאודורנט טיטניום,מיליליטרים,200.00,"100 מ""ל",false,0,16.90,8.45,true,1,
7290011114039,false,קרליין - עפרון עיניים ללא חידוד 212,קרליין,DE,עפרון עיניים,יחידה,1.00,יחידה,false,0,29.90,29.90,true,1,
7290011114312,false,קרליין - שפתון ליפ קולור 702,קרליין,IL,שפתון דו צדדי,יחידה,1.00,יחידה,false,0,64.90,64.90,true,1,
7290011114329,false,קרליין - שפתון ליפ קולור 703,קרליין,IL,שפתון דו צדדי,יחידה,1.00,יחידה,false,0,64.90,64.90,true,1,
7290011114336,false,קרליין - שפתון ליפ קולור 704,קרליין,IL,שפתון דו צדדי,יחידה,1.00,יחידה,false,0,64.90,64.90,true,1,
7290011114633,false,קרליין - שפתון ליפ קולור 708,קרליין,IL,שפתון דו צדדי,יחידה,1.00,יחידה,false,0,64.90,64.90,true,1,
7290011114718,false,קרליין - סומק 09,קרליין,,סומק עמיד,יחידה,1.00,יחידה,false,0,50.90,50.90,true,1,
7290011114794,false,קרליין - סומק 03,קרליין,,סומק עמיד,יחידה,1.00,יחידה,false,0,50.90,50.90,true,1,
7290011115159,false,סבון מוצק מועשר בקרם לחות ניחוח פרחים נקה 7 4*100 גרם,גליל כימיקלים בעמ,IL,סבון נקה 4X 7,גרמים,400.00,100 גרם,false,0,14.90,3.73,true,1,
7290011116224,false,שפתון ליפ קולור 709,קרליין,IL,שפתון דו צדדי,יחידה,1.00,יחידה,false,0,64.90,64.90,true,1,
7290011116279,false,סקינ.ספרי שקוףSPF50 200מ,מיוצר עי : אמיליה קוסמטי,IL,סקינגארד ספריי,מיליליטרים,200.00,"100 מ""ל",false,0,49.90,24.95,true,1,
7290011116392,false,קרליין - פודרה פיקס אנד גו 01,קרליין,IT,פודרה למראה אחיד,יחידה,1.00,יחידה,false,0,59.90,59.90,true,1,
7290011116408,false,קרליין - פודרה פיקס אנד גו 02,קרליין,IT,פודרה למראה אחיד,יחידה,1.00,יחידה,false,0,59.90,59.90,true,1,
7290011116415,false,קרליין - פודרה פיקס אנד גו 03,קרליין,IT,פודרה 03,יחידה,1.00,יחידה,false,0,59.90,59.90,true,1,
7290011116422,false,קרליין - פודרה פיקס אנד גו 04,קרליין,IT,פודרה למראה אחיד,יחידה,1.00,יחידה,false,0,59.90,59.90,true,1,
7290011116545,false,סומק עמיד 14,קרליין,,סומק עמיד,יחידה,1.00,יחידה,false,0,50.90,50.90,true,1,
7290011116583,false,קרליין - סומק 06,קרליין,IL,סומק עמיד,יחידה,1.00,יחידה,false,0,50.90,50.90,true,1,
7290011116682,false,"קרליין - מייק אפ סטיי לונג 604 30 מ""ל",קרליין,IL,מ.אפ ביו ג'ניק,מיליליטרים,30.00,"100 מ""ל",false,0,89.90,299.67,true,1,
7290011121037,false,בקבוק לתינוק,,IL,בקבוק לתינוק,מיליליטרים,160.00,"100 מ""ל",false,0,39.90,24.94,true,1,
7290011121082,false,זוג פיטמות,,IL,זוג פיטמות,יחידה,1.00,יחידה,false,0,19.90,19.90,true,1,
7290011121099,false,זוג פיטמות,,IL,זוג פיטמות,יחידה,1.00,יחידה,false,0,19.90,19.90,true,1,
7290011121648,false,בקבוק בי פרי פרידום 260מ,בי פרי,IL,בקבוק בי פרי פרי,יחידה,1.00,יחידה,false,0,39.90,39.90,true,1,
7290011121655,false,בקבוק בי פרי פרידום 330מ,בי פרי,IL,בקבוק בי פרי פרי,יחידה,1.00,יחידה,false,0,39.90,39.90,true,1,
7290011121723,false,זוג פטמות סיליקון לבקבוק פרידום - שלב 2,בי פרי,IL,זוג פטמות פרידום,יחידה,1.00,יחידה,false,0,23.90,23.90,true,1,
7290011121747,false,זוג פטמות פרידום שלב4,בי פרי,IL,זוג פטמות פרידום,יחידה,1.00,יחידה,false,0,23.90,23.90,true,1,
7290011132507,false,סן בנדטו- מים מנרליים - מוגז עדין 500 מל,אקווה מינרלה סאן בנדטו ב,IT,סאן בנדטו מוגז 0,מיליליטרים,500.00,"100 מ""ל",false,0,5.00,1.00,true,1,
7290011332983,false,מגבונים לניקוי אף מגבונאף קמיל בלו- מארז שלישייה,פישר מעבדות פרמצבטיות בע,IL,מגבונאף קמיל בלו,יחידה,1.00,יחידה,false,0,23.90,23.90,true,1,
7290011447014,false,מטרנה דייסת סלט פירות 200 גרם,מטרנה תעשיות ש.מ,IL,דייסת מטרנה,גרמים,200.00,100 גרם,false,0,14.50,7.25,true,1,
7290011447267,false,מטרנה פרימיום חלבי שלב 1 700 גרם חיסכון,מטרנה תעשיות ש.מ,IL,מטרנה חלבי,גרמים,700.00,100 גרם,false,0,57.90,8.27,true,1,
7290011505714,false,נובי67927 נשכן סיליקון רך עם קופסא NATURAL TOUCH,N.L.PRODUCT,CN,נשכן נובי,יחידה,1.00,יחידה,false,0,34.90,34.90,true,1,
7290011517564,false,רוז לאב ליין דאו.רול און 48 ללא אלומיניו,חלאבין Halvin,IL,דאו.רולאון,מיליליטרים,80.00,"100 מ""ל",false,0,19.90,24.88,true,1,
7290011525316,false,"ד""ר פישר - קמיל בלו סנסיטיב תחליב לתינוק שיבולת 500 מ""ל",פישר מעבדות פרמצבטיות בע,IL,קמיל בלו,מיליליטרים,500.00,"100 מ""ל",false,0,19.90,3.98,true,1,
7290011525323,false,אל סבון טיפולי לתינוק קמיל בלו סנסטיב שיבולת שועל,פישר מעבדות פרמצבטיות בע,IL,אל סבון קמיל בלו,מיליליטרים,500.00,"100 מ""ל",false,0,21.90,4.38,true,1,
7290011525712,false,"קמיל בלו אל סבון סנסיטיב לפני השינה ד""ר פישר 1 ליטר",פישר מעבדות פרמצבטיות בע,IL,אלסבון קמיל,ליטרים,1.00,ליטר,false,0,24.90,24.90,true,1,
7290011525729,false,שמפו לתינוק קמיל בלו סנסטיב לפני השינה עם לבנדר וקמומיל,פישר מעבדות פרמצבטיות בע,IL,שמפו קמיל בלו,ליטרים,1.00,ליטר,false,0,24.90,24.90,true,1,
7290011598211,false,"סנו - אנטי קאלק מרסס ניקוי כללי 4 ב-1 700 מ""ל",מיוצר עי קונדיטוריית,IL,סנו אנטי קאלק,מיליליטרים,700.00,"100 מ""ל",false,0,16.90,2.41,true,1,
7290011607180,false,"אבקת כביסה קולון 101 1.25 ק""ג",ריקט בנקיזר ( ניר אי,IL,אבקת כביסה קולון,קילוגרמים,1.25,"ק""ג",false,0,15.90,12.72,true,1,
7290011618025,false,בייבי ביס הוט קידס נגיסי אורז לתינוק,גואנז'ו יונג וואנט פ,CN,בייבי ביס,גרמים,50.00,100 גרם,false,0,14.90,29.80,true,1,
7290011618131,false,"בייבי ביס חטיף אורז כשל""פ בטעם גזר",גואנז'ו יונג וואנט פ,CN,בייבי ביס,גרמים,50.00,100 גרם,false,0,14.90,29.80,true,1,
7290011618636,false,רייד נוזל מילוי 45 לילות,ג'נרל מילס סאן אדריא,CN,רייד נוזל מילוי,יחידה,1.00,יחידה,false,1,24.90,24.90,true,1,
7290011622428,false,כתמטמינים-חטיף בריאות לתינוקות וילדים 45 ג',מיוצר עבור גולדן האר,IL,חטיף בריאות,גרמים,45.00,100 גרם,false,0,7.50,16.67,true,1,
7290011622442,false,טבעונים - חטיף טבעות דגנים מלאים בטעם טבעי 45 גרם,הארט Heart,IL,חטיף בריאות,גרמים,45.00,100 גרם,false,0,7.50,16.67,true,1,
7290011622718,false,טבעונים חטיף בריאות לילד,אשבל,IL,טבעונים חטיף ברי,גרמים,45.00,100 גרם,false,1,7.50,16.67,true,1,
7290011622756,false,ביסקוויטמינים פלוס בטעם שוקולד 150 גרם,מצות אביב בעמ,IL,ביסקויטמינים,גרמים,150.00,100 גרם,false,1,16.90,11.27,true,1,
7290011668143,false,מסיכה משקמת ומטפחת לשיער צבוע ופגום,פנינה רוזנבלום PR,IL,מסיכה לשיער,קילוגרמים,1.00,"ק""ג",false,0,39.90,39.90,true,1,
7290011714871,false,בליסטקס סטיק פטל לימון,מדיליין פריגו,IL,בליסטיק רפיל תות,יחידה,1.00,יחידה,false,0,9.90,9.90,true,1,
7290011743833,false,"סנסודיין משחת שיניים פרונאמל 75 מ""ל",גלקסו סמית קליין,GB,משחת שיניים,מיליליטרים,75.00,"100 מ""ל",false,0,21.90,29.20,true,1,
7290011744892,false,"אקווה פרש - משחת שיניים ילדים ג'וניור 6+ 50 מ""ל",גלקסו סמית קליין,SK,משחת שיניים א.פ,מיליליטרים,50.00,"100 מ""ל",false,0,14.90,29.80,true,1,
7290011745707,false,משחת שיניים פרונמל Pro namel לילדים לגילאי 6-12,גלקסו סמית קליין,SK,משחת שיניים,מיליליטרים,50.00,"100 מ""ל",false,0,15.90,31.80,true,1,
7290011765071,false,ג'ל גילוח לעור רגיל לחות והגנה Moisture,טרופיקל דגיל תעשיות,TR,ג'ל גילוח קרמה,מיליליטרים,200.00,"100 מ""ל",false,0,16.90,8.45,true,1,
7290011765095,false,קרמה מן גל גילוח אלוורה ירוק 200 מל,טרופיקל דגיל תעשיות,TR,ג'ל גילוח קרמה,מיליליטרים,200.00,"100 מ""ל",false,0,16.90,8.45,true,1,
7290011765118,false,קצף גילוח קרמה מן דליקט 200 מל,"אביאפ, איסטנבול, תור",TR,קצף גילוח עדין,מיליליטרים,200.00,"100 מ""ל",false,0,11.90,5.95,true,1,
7290011765316,false,מברשת שיניים לילדים עם שעון 4-8 אורביטול,החברה הדרומית,CN,מברשת שיניים,יחידה,1.00,יחידה,false,0,9.90,9.90,true,1,
7290011765422,false,אל סבון מועשר בלחות ותמצית קמומיל - בוב ספוג,קוסמופארם בע'\'\מ,IL,אלסבון כיף,מיליליטרים,750.00,"100 מ""ל",false,0,12.90,1.72,true,1,
7290011765446,false,משחת שיניים לילדים בוב ספוג בטעם מיץ ענבים עם פלואוריד למניעת עששת,טרופיקל דגיל תעשיות קוסמ,IL,משחת שיניים,גרמים,70.00,100 גרם,false,0,11.90,17.00,true,1,
7290011765613,false,סנו מסיר עובש בניחות לימון מתז 1 ל',"סנו מפעלי ברונוס בע""\מ",IL,סנו מסיר עובש,ליטרים,1.00,ליטר,false,1,20.90,20.90,true,1,
7290011870232,false,שלט מארז 8 סוללה פוג,פוג'יקום,CN,סוללות פוג'יקום,יחידה,1.00,יחידה,false,0,16.90,16.90,true,1,
7290011870249,false,סוללות פוזיקום 12AAA,פוג'יקום,CN,סוללות פוג'י,יחידה,1.00,יחידה,false,0,19.90,19.90,true,1,
7290011870263,false,סוללה אצבע מארז 8 פו,פוג'יקום,CN,סוללות פוג'יקום,יחידה,1.00,יחידה,false,0,16.90,16.90,true,1,
7290011870270,false,פוג'יקום סוללות מארז 12 יח' AA,פוג'יקום,CN,סוללות פוג'י,יחידה,1.00,יחידה,false,0,19.90,19.90,true,1,
7290011870720,false,סוללה פוגיקום גדול D,פוג'יקום,CN,סוללת פוגי',יחידה,1.00,יחידה,false,0,19.90,19.90,true,1,
7290011870744,false,סוללה מרובע פוגיקום,פוג'יקום,CN,סוללת פוג'י,יחידה,1.00,יחידה,false,0,19.90,19.90,true,1,
7290011912642,false,ליסטרין שטיפת פה הגנה על השיניים והחניכי,ג'\ונסון אנד ג'\ונסון,IT,מי פה ליסטרין,מיליליטרים,500.00,"100 מ""ל",false,0,19.90,3.98,true,1,
7290012116025,false,שמפו פיית הפרפרים לסירוק קל מכיל רוזמרין,קוסמופארם בע'\'\מ,IL,שמפו כיף,מיליליטרים,750.00,"100 מ""ל",false,0,13.90,1.85,true,1,
7290012116032,false,כיף פיות מרכך לסירוק קל 750 מל,טרופיקל דגיל תעשיות,IL,מרכך כיף,מיליליטרים,750.00,"100 מ""ל",false,0,13.90,1.85,true,1,
7290012116360,false,פוליויקס נוזל לניקוי רצפות גרניט פורצלן סנו 2 ליטר,"מפעלי סנו ברונוס בע""",IL,סנו פוליויקס,ליטרים,2.00,ליטר,false,0,21.90,10.95,true,1,
7290012116612,false,אורביטול מברשת שיניים מארז 4 יח',ג'נרל מילס סאן אדריא,CN,4 מברשות שיניים,יחידה,1.00,יחידה,false,0,16.90,16.90,true,1,
7290012116629,false,תחליב רול און דוחה יתושים לתינוקות ולילדים סנו די,מיוצר עי קונדיטוריית,IL,סנו די לתינוקות,מיליליטרים,50.00,"100 מ""ל",false,0,21.90,43.80,true,1,
7290012117398,false,קרמה מן גל לאחר גילוח לעור עדין 150 מל,החברה הדרומית,IL,קרמה ג'ל גילוח,מיליליטרים,150.00,"100 מ""ל",false,0,29.90,19.93,true,1,
7290012117428,false,"ג'ל רחצה ושמפו מעיינות מנטה קרמה מן 700 מ""ל",טרופיקל דגיל תעשיות,IL,קרמה ג'ל רחצה,מיליליטרים,700.00,"100 מ""ל",false,0,21.90,3.13,true,1,
7290012117435,false,"קרמה - שמפו וג'ל רחצה 2 ב-1 אלוורה 700 מ""ל",טרופיקל דגיל תעשיות,IL,קרמה ג'ל רחצה,מיליליטרים,700.00,"100 מ""ל",false,0,21.90,3.13,true,1,
7290012117534,false,מרכך כביסה מרוכז תכלת קול סנו מקסימה 1 ליטר,"סנו מפעלי ברונוס בע""\מ",IL,מקסימה ס.מרוכז,ליטרים,1.00,ליטר,false,0,17.90,17.90,true,1,
7290012117558,false,מקסימה מרכך כביסה מרוכז ורוד בניחוח מאסק סנו 1 ליטר,"סנו מפעלי ברונוס בע""\מ",IL,מקסימה ס.מרוכז,ליטרים,1.00,ליטר,false,0,17.90,17.90,true,1,
7290012117626,false,שטיפת פה דנטלית לילדים בטעם ענבים בוב ספוג,קוסמופארם בע'\'\מ,IL,אורביטול מי פה,מיליליטרים,250.00,"100 מ""ל",false,0,16.90,6.76,true,1,
7290012192098,false,חלאבין לאבילין רול און 72 שעות אדום,חלאבין Halvin,IL,חלאבלין רול און,מיליליטרים,60.00,"100 מ""ל",false,0,29.90,49.83,true,1,
7290012192104,false,חלאבלין רול און 72 שעות כחול,חלאבין Halvin,IL,חלאבלין רול און,מיליליטרים,60.00,"100 מ""ל",false,0,29.90,49.83,true,1,
7290012192746,false,מידנייט א. א.ד.פ 100 מל,חלאבין בישום,IL,מידנייט א100. א.,מיליליטרים,100.00,"100 מ""ל",false,0,79.90,79.90,true,1,
7290012193071,false,גורדן קסמי שיניים דקים מארז זוג,ג'ורדן,IL,ג'ורדן מארז זוג,יחידה,1.00,יחידה,false,0,28.90,28.90,true,1,
7290012193163,false,סבון נוזלי פמלי לקשרי פריחת הדובדבן 1 ל,אף.סי תבליני בגליל ב,IL,סבון פמילי,ליטרים,1.00,ליטר,false,0,10.00,10.00,true,1,
7290012350245,false,"קרליין - קרם יום משקם רויואל 50 מ""ל",קרליין,IL,רויול קרם יום,מיליליטרים,50.00,"100 מ""ל",false,0,140.00,280.00,true,1,
7290012350269,false,"קרליין - קרם עיניים רויואל 30 מ""ל",קרליין,IL,REVIVAL עיניים,מיליליטרים,30.00,"100 מ""ל",false,0,140.00,466.67,true,1,
7290012350276,false,"קרליין - סרום רויואל 30 מ""ל",קרליין,IL,REVIVAL סרום,מיליליטרים,30.00,"100 מ""ל",false,0,140.00,466.67,true,1,
7290012350634,false,קרליין - עפרון שפתיים עם חידוד 160,קרליין,DE,עפרון שפתיים,יחידה,1.00,יחידה,false,0,29.90,29.90,true,1,
7290012350764,false,קרליין - עפרון עיניים עם חידוד 110,קרליין,IL,עפרון עיניים,יחידה,1.00,יחידה,false,0,29.90,29.90,true,1,
7290012350771,false,קרליין - עפרון עיניים עם חידוד 111,קרליין,DE,עפרון עיניים,יחידה,1.00,יחידה,false,0,29.90,29.90,true,1,
7290012350788,false,קרליין - עפרון עיניים עם חידוד 112,קרליין,DE,עפרון עיניים,יחידה,1.00,יחידה,false,0,29.90,29.90,true,1,
7290012350795,false,עפרון עיניים עם חידוד113,קרליין,DE,עפרון עיניים,יחידה,1.00,יחידה,false,0,29.90,29.90,true,1,
7290012352034,false,"נטורל - קרם לחות עם שמן אגוז מקדמיה לשיער מתולתל 400 מ""ל",נטורל פורמולה Natural Formula,IL,קרם לחות נטורל,מיליליטרים,400.00,"100 מ""ל",false,0,25.90,6.48,true,1,
7290012367700,false,קרם גוף אינטנסיב רליף Intensive relief לעור יבש ומגורה,פישר מעבדות פרמצבטיות בע,IL,קרם גוף,מיליליטרים,700.00,"100 מ""ל",false,0,24.90,3.55,true,1,
7290012367717,false,קרם ידיים וציפורניים Intensive relief לעור יבש ומגורה,פישר מעבדות פרמצבטיות בע,IL,קרם ידיים,מיליליטרים,150.00,"100 מ""ל",false,0,9.90,6.60,true,1,
7290012367908,false,שמן טיפולי לתינוק בתוספת אלוורה Kamil Blue Sensitive,פישר מעבדות פרמצבטיות בע,IL,קמיל בלו שמן,מיליליטרים,200.00,"100 מ""ל",false,1,16.90,8.45,true,1,
7290012491047,false,מאמי קייר שמפו קלנדולה לתינוק,מאמי קר Mommy Care,IL,שמפו קלנדולה,מיליליטרים,400.00,"100 מ""ל",false,0,29.90,7.48,true,1,
7290012491078,false,"סבון קלנדולה לתינוק 400 מ""ל Mommy Care",מאמי קר Mommy Care,IL,סבון קלנדולה,מיליליטרים,400.00,"100 מ""ל",false,0,29.90,7.48,true,1,
7290012491368,false,מגבונים אקולוגיים 72 יח,מאמי קר,IL,מגבונים מאמי קר,יחידה,1.00,יחידה,false,0,12.90,12.90,true,1,
7290012491405,false,"סבון טבעי לניקוי בקבוקים, מוצצים ומשאבות חלב",מאמי קר Mommy Care,IL,סבון ניקוי בקבוק,מיליליטרים,230.00,"100 מ""ל",false,0,26.90,11.70,true,1,
7290012491443,false,מאמי קייר שמן אמבט לתינוק 400 מל,מאמי קר,IL,שמן אמבט לתינוק,מיליליטרים,400.00,"100 מ""ל",false,0,94.90,23.73,true,1,
7290012491474,false,שמפו לילדים לריכוך השיער והזנת עור הקרקפת,מאמי קר Mommy Care,IL,שמפו לילדים,מיליליטרים,400.00,"100 מ""ל",false,0,29.90,7.48,true,1,
7290012491771,false,שמן אמבט קלנדולה 200 מ`ל,לה קרים,IL,שמן אמבט לתינוק,מיליליטרים,200.00,"100 מ""ל",false,0,59.90,29.95,true,1,
7290012588259,false,מים מינרלים טבעיים כדורגל 500 מל,נרה קריטיס אס איי באריפט,GR,מים מינרלים 500,מיליליטרים,500.00,"100 מ""ל",false,1,3.90,0.78,true,1,
7290012771095,false,L.L רולאון 48 שעות ללא ריח 80 מל,חלאבין,IL,חלאבלין רול און,מיליליטרים,80.00,"100 מ""ל",false,0,19.90,24.88,true,1,
7290012803352,false,רייד תרסיס קוטל יתושים/זבובים 300 מל,אס.סי.ג'ונסון מידרכט,NL,רייד קוטל מעופפי,מיליליטרים,300.00,"100 מ""ל",false,0,18.90,6.30,true,1,
7290012823251,false,אל סבון נוזלי יסמין ולבנדר כיף 1 ליטר,קוסמופארם בע'\'\מ,IL,אל סבון כיף,ליטרים,1.00,ליטר,false,0,12.90,12.90,true,1,
7290012823374,false,אנטי קאלק מטליות לחות לניקוי כללי סנו 50 יחידות,מיוצר עי קונדיטוריית,IL,מטליות אנטי קאלק,יחידה,1.00,יחידה,false,0,10.90,10.90,true,1,
7290012823398,false,מטליות חד פעמיות לניקוי הרצפה בניחוח מרכך כביסה 10יח' סנו,סנו מפעלי ברונו בעמ,IL,מטליות ריצפז,יחידה,1.00,יחידה,false,1,13.90,13.90,true,1,
7290012823541,false,ריצפז פרש מטליות לחות לרצפה בניחוח לבנדר 10 יחידות,"סנו מפעלי ברונוס בע""\מ",IL,מטליות ריצפז,יחידה,1.00,יחידה,false,0,13.90,13.90,true,1,
7290012823558,false,"מטליות לחות לרצפה 40*70 ס""מ סנו סושי 10 יחידות",סנו מפעלי ברונוס בעמ,IL,מטליות רצפה לחות,יחידה,1.00,יחידה,false,0,13.50,13.50,true,1,
7290012823947,false,"סנו - מרכך כביסה מרוכז פרפיום קריסטל נואר 750 מ""ל",מיוצר עי קונדיטוריית,IL,מקסימה פרפיום,מיליליטרים,750.00,"100 מ""ל",false,0,15.90,2.12,true,1,
7290012854392,false,בליסטקס תות-בליסטר חדש,מדיליין פריגו,US,בליסטקס תות בליס,יחידה,1.00,יחידה,false,0,9.90,9.90,true,1,
7290012854408,false,בליסטקס מנטה -בליסטר חדש,מדיליין פריגו,US,בליסטקס בטעם מנט,יחידה,1.00,יחידה,false,0,9.90,9.90,true,1,
7290012928277,false,קרם לחות לשיער יבש 500מל,סרינה קיי,IL,קרם לחות,מיליליטרים,500.00,"100 מ""ל",false,0,100.00,20.00,true,1,
7290012928819,false,שמפו שיאה לשיער יבש1ליטר,סרינה קיי,IL,שמפו לשיער יבש,ליטרים,1.00,ליטר,false,0,140.00,140.00,true,1,
7290012938580,false,"סנסודיין משחת שיניים להלבנה עדינה 75 מ""ל",גלקסוסמית'\קליין קונסיומ,GB,משחת סנסודיין,מיליליטרים,75.00,"100 מ""ל",false,0,18.90,25.20,true,1,
7290012938597,false,"סנסודיין משחת שיניים רפיד רליף 75 מ""ל","סמיתקליין ביצ'ם בע""מ",GB,משחת סנסודיין,מיליליטרים,75.00,"100 מ""ל",false,0,21.90,29.20,true,1,
7290012938740,false,"משחת שיניים פרש מינט מנטה 75מ""ל סנסודיין",גלקסו סמית קליין,GB,משחת סנסודיין,מיליליטרים,75.00,"100 מ""ל",false,0,18.90,25.20,true,1,
7290012938924,false,אקוהפרש מי פה ללא אלכוהול 500 מל,מולינו ניקולי s.p.a,GB,מי פה אקווה פרש,מיליליטרים,500.00,"100 מ""ל",false,0,20.90,4.18,true,1,
7290013083661,false,"מטרנה אקסטרה קר שלב 1 חסכון 700 גרם תמ""ל",מטרנה תעשיות ש.מ,IL,מטרנה אקסטרה קר,גרמים,700.00,100 גרם,false,0,59.90,8.56,true,1,
7290013083678,false,"מטרנה אקסטרה קר שלב 2 חסכון 700 גרם תמ""ל",מולינו ניקולי s.p.a,IL,מטרנה אקסטרה קר,גרמים,700.00,100 גרם,false,0,59.90,8.56,true,1,
7290013083685,false,תחליף חלב מטרנה אקסטרה קר שלב 3 חסכון 700 גרם,מטרנה תעשיות ש.מ,IL,מטרנה אקסטרה קר,גרמים,700.00,100 גרם,false,0,59.90,8.56,true,1,
7290013259943,false,סנסיטיב משחה לתינוק,פישר מעבדות פרמצבטיות בע,IL,משחה לתינוק,גרמים,120.00,100 גרם,false,0,26.90,22.42,true,1,
7290013268020,false,מקסימה מרכך כביסה מרוכז בניחוח אולטרא פרש סנו 1 ליטר,"סנו מפעלי ברונוס בע""\מ",IL,מרכך כביסה,ליטרים,1.00,ליטר,false,0,17.90,17.90,true,1,
7290013268440,false,אורביטול צמד מברשות שיניים בובספוג+פיגור,החברה הדרומית,CN,מברשת שיניים,יחידה,1.00,יחידה,false,1,19.90,19.90,true,1,
7290013268891,false,אוקסיג'ן ג'ל ללא אקונומיקה עם חמצן פעיל סנו 3 ליטר,"סנו מפעלי ברונוס בע""\מ",IL,אוקסיג'ן ג'ל,ליטרים,3.00,ליטר,false,0,34.90,11.63,true,1,
7290013269003,false,מרכך כביסה סופר מרוכז בייבי לתינוקות ולעור רגיש,"סנו מפעלי ברונוס בע""\מ",IL,מקסימה מרכך,ליטרים,1.00,ליטר,false,0,17.90,17.90,true,1,
7290013269287,false,סנו - מקסימה ג'ל כביסה מרוכז מאסק 3 ליטר,"סנו מפעלי ברונוס בע""\מ",IL,ג'ל כביסה מרוכז,ליטרים,3.00,ליטר,false,0,29.90,9.97,true,1,
7290013269621,false,ריצפז פרש לניקוי רצפות בניחוח מלון בוטיק,מיוצר עי קונדיטוריית,IL,ריצפז פרש הום,ליטרים,2.00,ליטר,false,1,24.90,12.45,true,1,
7290013269638,false,ספוג הפלא אקסטרה Extra- מארז 6 יח',החברה הדרומית,IL,ספוג הפלא אקסטרה,יחידה,1.00,יחידה,false,0,13.90,13.90,true,1,
7290013269645,false,ריצפז פרש מטליות לחות לריצפה בניחוח מאסק 10 יחידות,סנו מפעלי ברונוס בעמ,IL,מטליות ריצפז,יחידה,1.00,יחידה,false,0,13.90,13.90,true,1,
7290013269751,false,מטליות לחותריצפז פרש לניקוי ריצפה בניחות מלון בוטיק 10 יח' סנו,טרופיקל דגיל תעשיות,IL,מטליות ריצפז,יחידה,1.00,יחידה,false,1,13.90,13.90,true,1,
7290013275196,false,מברשת שיער להתרת קשרים,מישל מרסייה,IL,מברשת שיער להתרת,יחידה,1.00,יחידה,false,1,49.00,49.00,true,1,
7290013275202,false,מברשת קלאסית לשיער דק,מישל מרסייה,IL,מברשת להתרת קשרי,יחידה,1.00,יחידה,false,1,49.00,49.00,true,1,
7290013310637,false,מברשת לניקוי בקבוקים,נובי Nuby,CN,מברשת לבקבוק,יחידה,1.00,יחידה,false,0,48.90,48.90,true,1,
7290013412294,false,15חיתולי אקסטרה סטרונ L,DPL פרומדיקו,IL,חיתולי נועם,יחידה,1.00,יחידה,false,0,59.90,59.90,true,1,
7290013412300,false,חִתוּלִים נועם סופת אל נאית L,"DPLבע""מ",IL,חיתולי נועם,יחידה,1.00,יחידה,false,0,65.90,65.90,true,1,
7290013412348,false,נועם סדינית 15 יחידות,DPL פרומדיקו,IL,נועם סדינית,יחידה,1.00,יחידה,false,0,51.90,51.90,true,1,
7290013412409,false,טופ פד ספוגנית מקסי 15 י'ח,DPL,IL,נועם סופגנית 15,יחידה,1.00,יחידה,false,1,15.90,15.90,true,1,
7290013539502,false,סטייל קרם לחות ארגן מרוקאי 400 מל,א.ל.ארמן ייצור תמרוקים ב,IL,קרם לחות סטייל,מיליליטרים,400.00,"100 מ""ל",false,0,29.90,7.48,true,1,
7290013652157,false,"ד""ר פישר - נטורל קר מגבונים להסרת איפור לעור רגיל יבש 30 יח' * 3",פישר מעבדות פרמצבטיות בע,IL,מגבונים 3 יח,יחידה,1.00,יחידה,false,0,19.90,19.90,true,1,
7290013652164,false,"ד""ר פישר - נטורל קר מגבונים להסרת איפור לעור רגיש 30 יח' * 3",פישר מעבדות פרמצבטיות בע,IL,GENESIS מגבונים,יחידה,1.00,יחידה,false,0,19.90,19.90,true,1,
7290013652799,false,נטורל קר קרם לחות לשיער רגיל/יבש- ורדים וחלב רימונים,פישר מעבדות פרמצבטיות בע,IL,קרם לחות לשיער,מיליליטרים,400.00,"100 מ""ל",false,0,19.90,4.98,true,1,
7290013652829,false,קרם ידיים לעור יבש במיוחד Natural care,פישר מעבדות פרמצבטיות בע,IL,קרם ידיים נטורל,מיליליטרים,150.00,"100 מ""ל",false,0,13.90,9.27,true,1,
7290013756343,false,לנסינו משחה לאמהות מניקות 40 גרם,מדי-קיור,,משחת לנסינו,גרמים,40.00,100 גרם,false,0,63.90,159.75,true,1,
7290013848345,false,מארז מטליות לחיטוי וניקוי יסודי אנטיבקטריאלי 99.9%,סנו מפעלי ברונוס בעמ,IL,מטליות ניקוי 3יח,יחידה,1.00,יחידה,false,1,19.90,19.90,true,1,
7290013848383,false,קרמה מן גל רחצה אקטיב בלוק 700 מל לגבר,טרופיקל דגיל תעשיות,IL,ג'ל רחצה קרמה מן,מיליליטרים,700.00,"100 מ""ל",false,0,21.90,3.13,true,1,
7290013848437,false,"קרמה - דאודורנט ספריי לגבר אקטיב בלוק 200 מ""ל",מיוצר עי אמיליה קוסמ,IL,דאו.קרמה מן,מיליליטרים,200.00,"100 מ""ל",false,0,23.90,11.95,true,1,
7290013848758,false,מקסימה גל כביסה מרוכז בייבי 3ליטר סנסטיב,"סנו מפעלי ברונוס בע""\מ",IL,ג'ל לכביסה בייבי,ליטרים,3.00,ליטר,false,0,34.90,11.63,true,1,
7290013902061,false,"מסכה ויטמין E 500 מ""ל",,IL,מסכה ויטמין E,מיליליטרים,500.00,"100 מ""ל",false,0,89.00,17.80,true,1,
7290013902092,false,מסכת רסקיו לשיער יבש 500,KAVA KAVA,IL,מסכת רסקיו לשיער,מיליליטרים,500.00,"100 מ""ל",false,1,95.00,19.00,true,1,
7290013971111,false,מטען ביתי לגלקסי יח',פוג'יקום,CN,מטען ביתי לגלקסי,יחידה,1.00,יחידה,false,1,39.90,39.90,true,1,
7290013986771,false,גנסיס מי פנים לעור רגיל 200 מל,פישר מעבדות פרמצבטיות בע,IL,מי פנים,מיליליטרים,200.00,"100 מ""ל",false,1,29.90,14.95,true,1,
7290014002470,false,תה ויסוצקי קלאסיק - מארז 75 שקיקים,תה ויסוצקי,IL,תה ויסוצקי קלאסי,גרמים,112.00,100 גרם,false,1,13.90,12.41,true,1,
7290014059085,false,"משחת שיניים סנסודיין 75 מ""ל פרימיום לשיקום והגנה","סמית קליין ביצ'ם בע""",GB,משחת סנסודיין,מיליליטרים,75.00,"100 מ""ל",false,0,21.90,29.20,true,1,
7290014059436,false,"משחת שיניים סנסודיין 75 מ""ל פרימיום לשיקום והגנה מלבינה 75 מ""ל","סמית קליין ביצ'ם בע""",GB,משחת סנסודיין,מיליליטרים,75.00,"100 מ""ל",false,0,21.90,29.20,true,1,
7290014059443,false,סנסודין משחה דואל קר 75 מל שלישיה,גלקסוסמיתקליין,GB,משחת סנסודיין3יח,מיליליטרים,225.00,"100 מ""ל",false,0,43.90,19.51,true,1,
7290014059764,false,סטייל שמפו ארגן מרוקא750,א.ל ארמן,IL,שמפו שיער סטייל,מיליליטרים,750.00,"100 מ""ל",false,0,18.90,2.52,true,1,
7290014126718,false,עוג.שוקולד+קרם ברולה180ג,TAGO,PL,עוגיות מואי,גרמים,180.00,100 גרם,false,1,16.90,9.39,true,1,
7290014204560,false,"פנינהרוזנבלום- סבון נוזלי לידיים שלישיה,3*500 מ""ל",פ.רוזנבלום כללי,IL,פנינה-סבון 500,ליטרים,1.50,ליטר,false,0,10.90,7.27,true,1,
7290014204713,false,"תרסיס גוף מס' 2 250 מ""ל פנינה רוזנבלום",פנינה רוזנבלום,IL,ספריי לגוף פנינה,מיליליטרים,250.00,"100 מ""ל",false,1,29.90,11.96,true,1,
7290014258723,false,תרכובת מזון צמחי לתינוקות מגיל 0 עד גיל שנה,מטרנה תעשיות ש.מ,IL,מטרנה צמחית,גרמים,700.00,100 גרם,false,0,64.90,9.27,true,1,
7290014258730,false,תרכובת מזון צמחי לתינוקות מגיל 12 חודשים ואילך,מטרנה תעשיות ש.מ,IL,מטרנה צמחית,גרמים,700.00,100 גרם,false,0,64.90,9.27,true,1,
7290014397514,false,"מבשם אויר סנו פרש הום בניחוח כותנה מלטפת 350 מ""ל","סנו מפעלי ברונוס בע""",IL,סנופרש כותנה,מיליליטרים,350.00,"100 מ""ל",false,0,12.90,3.69,true,1,
7290014397668,false,קרמה - מן תיק רחצה קול 2020,החברה הדרומית,IL,מארז קרמה,יחידה,1.00,יחידה,false,0,59.90,59.90,true,1,
7290014397835,false,סנו - מט דוחה יתושים נוזלי מכשיר + מילוי 45 לילות,זובאלה,IT,סנומט סמארט,יחידה,1.00,יחידה,false,0,37.90,37.90,true,1,
7290014426061,false,משחת שיניים הלו קיטי בטעם ענבים לגיל 2-6,כצט נוביס,IL,משחת שיניים,מיליליטרים,50.00,"100 מ""ל",false,0,10.90,21.80,true,1,
7290014454989,false,"חלאבלין רול און 80 מ""ל ג",חלאבין,IL,חלאבלין רול און,מיליליטרים,80.00,"100 מ""ל",false,0,19.90,24.88,true,1,
7290014525290,false,חטיפי סלים דליס קריספי תות מרבה 125 גרם,סלים דליס Slim Delis,NL,סלים דליס חטיפים,גרמים,125.00,100 גרם,false,1,15.90,12.72,true,1,
7290014525313,false,חטיפי סלים דליס קריספי שוקולד מרבה 125 גרם,סלים דליס Slim Delis,NL,סלים דליס חטיפים,גרמים,125.00,100 גרם,false,1,15.90,12.72,true,1,
7290014547322,false,סנסודין זוג מברשות שיניים שיקום כחול+תכל,סנסודיין,CN,מברשות שיניים2יח,יחידה,1.00,יחידה,false,0,19.90,19.90,true,1,
7290014547353,false,סנסודין זוג מברשות שיניים דואלקר ירוק+יר,"L Co., Industrial Shummi",CN,2 מברשו סנסודיין,יחידה,1.00,יחידה,false,1,29.90,29.90,true,1,
7290014648081,false,סכיני גילוח חד פעמי לה בלה עשירייה,נינגבי הווארד,CN,סכיני גילוח ח.פ.,יחידה,1.00,יחידה,false,1,9.90,9.90,true,1,
7290014648807,false,מסכת פנים תלת שכבתית3יחי,,IL,מסכת פנים חד פעמ,יחידה,1.00,יחידה,false,1,5.00,5.00,true,1,
7290014648920,false,PHARMA DENTקיסמים דנטלים 200יח',,IL,קיסמים דנטליים,יחידה,1.00,יחידה,false,1,10.90,10.90,true,1,
7290014648944,false,PHARMA DENTקיסמי מברשת דו צדדיים 300יח,,IL,קיסמי מברשות דו,יחידה,1.00,יחידה,false,1,10.90,10.90,true,1,
7290014648951,false,PHARMA DENTקיסמי מברשת דו צדדיים בטעם מנטה 100יח,,IL,קיסמי מברשות דו,יחידה,1.00,יחידה,false,1,10.90,10.90,true,1,
7290014649248,false,מארז מקופלת יח',,IL,מארז מקופלת ורוד,יחידה,1.00,יחידה,false,1,29.90,29.90,true,1,
7290014855434,false,מגבונים בייביסיטר פרפורמנס מבושם רביעיה,בייביסיטר Babysitter,IL,מגבונים לחים 4יח,יחידה,1.00,יחידה,false,1,15.90,15.90,true,1,
7290014855458,false,מגבוני בייביסיטר פרפורמנס ללא בישום מארז 72X4יח',בייביסיטר Babysitter,IL,מגבונים לחים 4יח,יחידה,1.00,יחידה,false,1,15.90,15.90,true,1,
7290014855731,false,נועם מגבוני מבוגרים 72 יח' (9 יח' בקרטון),DPL פרומדיקו,IL,מגבונים למבוגרים,יחידה,1.00,יחידה,false,0,18.90,18.90,true,1,
7290014855854,false,מגבונים לחים מועשרים בקמומיל,בייבי בייסיק,IL,בייבי בייסיק,יחידה,1.00,יחידה,false,0,12.90,12.90,true,1,
7290014901247,false,"שמפו קרטין לאחר החלקה ועיצוב בחום סטייל 750 מ""ל",א.ל. ארמן ייצור תמרו,IL,שמפו קרטין,מיליליטרים,750.00,"100 מ""ל",false,0,29.90,3.99,true,1,
7290014901261,false,"מסכה קרטין לאחר החלקה ועיצוב בחום סטייל 500 מ""ל",א.ל ארמן ייצור תמרוק,IL,מסכת קרטין,מיליליטרים,500.00,"100 מ""ל",false,0,34.90,6.98,true,1,
7290014901315,false,סנסודיין משחה הגנה מלאה אקסטרה פרש 75 מל,"סמית קליין ביצ'ם בע""",GB,משחת סנסודיין,מיליליטרים,75.00,"100 מ""ל",false,0,21.90,29.20,true,1,
7290014901780,false,סנסודיין פרש מינט75*3 מל,גלקסוסמיתקליין,GB,משחת סנסודיין3יח,מיליליטרים,225.00,"100 מ""ל",false,1,43.90,19.51,true,1,
7290014901896,false,"מי פה סנסודיין מנטה מרענן 500 מ""ל",גלקסוסמיתקליין,GB,סנסודיין מי פה,מיליליטרים,500.00,"100 מ""ל",false,1,19.90,3.98,true,1,
7290014901995,false,משחה אקווה פרש קומפלט100,ג.' אס.קיו,GB,משחה אקווה פרש,מיליליטרים,100.00,"100 מ""ל",false,1,16.90,16.90,true,1,
7290014945678,false,5 בקבוקים סטרילי חד פעמי,STERIBOTTLE,HU,"בקבוק סטרילי ח""פ",יחידה,1.00,יחידה,false,1,9.90,9.90,true,1,
7290014949744,false,"אוטן טרופי ספריי יבש 100 מ""ל",מיוצר עי קונדיטוריית,PL,אוטן ספריי,מיליליטרים,100.00,"100 מ""ל",false,0,26.90,26.90,true,1,
7290014949751,false,אוטן ג'וניור - ג'ל דוחה יתושים לילדים 100 מל,ג'נרל מילס סאן אדריא,NL,אוטן ג'וניור,מיליליטרים,100.00,"100 מ""ל",false,0,26.90,26.90,true,1,
7290014949768,false,אוטן אפטר בייט 25 מ''ל,המאפיה של הרמן,IT,אוטן אפטר בייט,מיליליטרים,25.00,"100 מ""ל",false,0,26.90,107.60,true,1,
7290014952935,false,מאמי קייר מגבוני אף ופנים אקולוגים ומתכל,מאמי קר,IL,מאמי קר מגבונים,יחידה,1.00,יחידה,false,1,12.90,12.90,true,1,
7290014962538,false,משחת שיניים ג'וניור מנטה מעודן לגילאי 6+,כצט CTS,IL,משחת שיניים,מיליליטרים,50.00,"100 מ""ל",false,0,11.90,23.80,true,1,
7290014989689,false,בליסטקס ליפ בריליאנס,מדיליין פריגו,US,בליסטקס ליפ בריל,יחידה,1.00,יחידה,false,0,9.90,9.90,true,1,
7290015025058,false,סומק מולטיקולור11 יח',סופט טאץ',IL,סומק מולטיקולור1,יחידה,1.00,יחידה,false,0,68.90,68.90,true,1,
7290015025478,false,פנג'ל ק.פנים עור יבש130מ,אינטרקוסמא,IL,קרם פנים עור יבש,מיליליטרים,130.00,"100 מ""ל",false,0,57.40,44.15,true,1,
7290015025942,false,"קרם ידיים קלאסי עם שמן שקדים פנג'ל 80 מ""ל",מיוצר עי קונדיטוריית,IL,קרם ידיים פנג'ל,מיליליטרים,80.00,"100 מ""ל",false,1,8.50,10.63,true,1,
7290015054027,false,"פאוארטק חלבון 700 גר' בד""ץ וניל",סיטי תוספי מזון,IL,פאוורטק חלבון,גרמים,700.00,100 גרם,false,0,149.00,21.29,true,1,
7290015054041,false,"פאוארטק חלבון 700 גר' בד""ץ עוגיות",סיטי תוספי מזון,IL,פאוורטק חלבון,גרמים,700.00,100 גרם,false,0,149.00,21.29,true,1,
7290015081634,false,אולטרסול FREE קרם גל לפנים SPF30 50,פישר מעבדות פרמצבטיות בע,IL,אולטרסול קרם,מיליליטרים,50.00,"100 מ""ל",false,0,44.90,89.80,true,1,
7290015081955,false,"ד""ר פישר - אולטרסול ספורט מקס ספריי שקוף 200 מ""ל 50SPF",פישר מעבדות פרמצבטיות בע,IL,אולטרסול ספריי,מיליליטרים,200.00,"100 מ""ל",false,1,59.90,29.95,true,1,
7290015155823,false,מחית תפוחי עץ חטיפטף ללא תוספת סוכר,פרוטה פודיווין איי.א,CZ,חטיפטף פרינוק,גרמים,120.00,100 גרם,false,1,5.00,4.17,true,1,
7290015155830,false,מחית תפוחי עץ ובננה חטיפטף ללא תוספת סוכר,פרוטה פודווין איי.אס,CZ,חטיפטף פרינוק,גרמים,120.00,100 גרם,false,1,5.00,4.17,true,1,
7290015155847,false,מחית סלט פירות חטיפטף ללא תוספת סוכר,פרוטה פודיווין איי.א,CZ,חטיפטף פרינוק,גרמים,120.00,100 גרם,false,1,5.00,4.17,true,1,
7290015156769,false,מחית פרינוק פאוץ' תפוח ואוכמניות 120 גרם,פרוטה פודווין איי.אס,CZ,פאוץ' פרינוק תפו,גרמים,120.00,100 גרם,false,1,5.00,4.17,true,1,
7290015156813,false,פאוץ' מחית פירות מעורבים פרינוק 120 גרם,פרוטה פודווין איי.אס,CZ,חטיפטף פרינוק,גרמים,120.00,100 גרם,false,1,5.00,4.17,true,1,
7290015176361,false,מברשת שיניים חשמלית למבוגרים-FJ-TBFJ-ABLUE,פוג'יקום,CN,מברשת שיניים,יחידה,1.00,יחידה,false,1,29.90,29.90,true,1,
7290015176385,false,מברשת שיניים חשמלית לילדים בצבע כחול,פוג'יקום,CN,מברשת שיניים,יחידה,1.00,יחידה,false,1,29.90,29.90,true,1,
7290015176392,false,מברשת שיניים חשמלית פוג'יקום לילד ורוד,פוג'יקום,CN,מברשת שיניים,יחידה,1.00,יחידה,false,1,29.90,29.90,true,1,
7290015176446,false,אוזניות סטריאו עם מיקרופ,פוג'יקום,CN,אוזניות עם מקרופ,יחידה,1.00,יחידה,false,1,32.90,32.90,true,1,
7290015293624,false,קמיל בלו NATURE אל סבון ושמפו לתינוק 400,פישר מעבדות פרמצבטיות בע,IL,אל סבון ושמפו,מיליליטרים,400.00,"100 מ""ל",false,1,24.90,6.23,true,1,
7290015366250,false,"סטייל - ספריי קרטין לשיער 120 מ""ל",א.ל. ארמן,IL,ספריי קרטין,מיליליטרים,100.00,"100 מ""ל",false,1,34.90,34.90,true,1,
7290015366663,false,"משחת שיניים מנטה עדין אקווה פרש 100 מ""ל",גלקסוסמיתקליין,SK,משחה אקווה פרש,מיליליטרים,100.00,"100 מ""ל",false,1,7.90,7.90,true,1,
7290015366670,false,משחת שיניים הגנה משולשת מנטה מרענן,גלקסוסמיתקליין,SK,משחה אקווה פרש,מיליליטרים,100.00,"100 מ""ל",false,1,7.90,7.90,true,1,
7290015366724,false,"קרם לחות ארגן קוקוס סטייל 400 מ""ל",א.ל.ארמן ייצור תמרוקים ב,IL,קרם לחות סטייל,מיליליטרים,400.00,"100 מ""ל",false,1,29.90,7.48,true,1,
7290015366748,false,"שמן לשיער ארגן קוקוס סטייל 120 מ""ל",א.ל ארמן,IL,שמן לשיער סטייל,מיליליטרים,120.00,"100 מ""ל",false,1,48.90,40.75,true,1,
7290015412018,false,מברשת שיער לילדות )רגיל(,מישל מרסייה,IL,מברשת שיער לילדו,יחידה,1.00,יחידה,false,1,39.00,39.00,true,1,
7290015414272,false,קרם פנים סילק מויסטר50מל,,IL,קרם פנים סילק מו,מיליליטרים,50.00,"100 מ""ל",false,1,239.00,478.00,true,1,
7290015424882,false,פמינה מגבונים אינטימיים 20 יח TO GO,פמינה,IL,מגבונים פמינה,יחידה,1.00,יחידה,false,1,14.90,14.90,true,1,
7290015446624,false,פראוד - חטיף חלבון דאבל שוקולד 50 גרם,,NL,חטיף חלבון,גרמים,60.00,100 גרם,false,1,13.90,23.17,true,1,
7290015446631,false,פראוד - חטיף חלבון קרם עוגיות 50 גרם,,NL,חטיף חלבון,גרמים,50.00,100 גרם,false,1,13.90,27.80,true,1,
7290015470261,false,מייק אפ ויטליסט215 30מל,,IT,מייק אפ ויטליסט2,מיליליטרים,30.00,"100 מ""ל",false,0,83.90,279.67,true,1,
7290015470292,false,מייק אפ ויטליסט230 30מל,,IT,מייק אפ ויטליסט2,מיליליטרים,30.00,"100 מ""ל",false,0,83.90,279.67,true,1,
7290015470384,false,קרם ידיים מטפח אינטנסיב מועשר בשמן שקדים,אינטרקוסמא,IL,קרם ידיים פנג'ל,מיליליטרים,100.00,"100 מ""ל",false,1,11.90,11.90,true,1,
7290015683180,false,מטען לרכב לגלקסי 2.1A יח,פוג'יקום,CN,מטען לרכב לגלקסי,יחידה,1.00,יחידה,false,1,39.90,39.90,true,1,
7290015683227,false,פוג'יקום מטען ביתי לאייפון 5 2.4A+מתאם מקורי C48,פוג'יקום,CN,מטען לבית אייפון,יחידה,1.00,יחידה,false,1,93.90,93.90,true,1,
7290015683265,false,מעמד מגנטי לרכב יחידה,פוג'יקום,CN,מעמד מגנטי לרכב,יחידה,1.00,יחידה,false,1,59.90,59.90,true,1,
7290015683500,false,כבל סנכרון USB 3.0 יחידה,פוג'יקום,CN,כבל סנכרון U 3.0,יחידה,1.00,יחידה,false,1,59.90,59.90,true,1,
7290015683586,false,פוג'יקום מטען TYPE C לבית,פוג'יקום,CN,מטען ביתי A 2.4,יחידה,1.00,יחידה,false,1,93.90,93.90,true,1,
7290015733427,false,דייסת מטרנה גם וגם וניל פרו 300 גר',מולינו ניקולי s.p.a,IL,דייסת מטרנה,גרמים,300.00,100 גרם,false,1,19.90,6.63,true,1,
7290015733441,false,דייסת מטנה גם וגם דגנים פרו 300 גרם,מטרנה תעשיות ש.מ,IL,דייסת מטרנה,גרמים,300.00,100 גרם,false,1,19.90,6.63,true,1,
7290015733465,false,דייסת מטרנה גם וגם קרנפלור פרו 300 גרם,מטרנה תעשיות ש.מ,IL,דייסת מטרנה,גרמים,300.00,100 גרם,false,1,19.90,6.63,true,1,
7290015733557,false,מטרנה גולד TO GO שלב 1 135 גרם,מטרנה תעשיות ש.מ.,IL,מטרנה טו גו,גרמים,135.00,100 גרם,false,1,14.90,11.04,true,1,
7290015733977,false,תרכובת מזון קומפורט על בסיס חלבי דל לקטוז,מטרנה תעשיות ש.מ.,IL,מטרנה קומפורט עם,גרמים,700.00,100 גרם,false,1,69.90,9.99,true,1,
7290015793469,false,"קרם להקלה בגירוי, צריבה ותפרחת חיתולים לעור רגיש",אורה קרם,IL,אורה קרם שפורפרת,גרמים,90.00,100 גרם,false,1,19.90,22.11,true,1,
7290015848862,false,"אולטרסול מבוגרים קוליפה תחליב הגנה 250 מ""ל",פישר מעבדות פרמצבטיות בע,IL,אולטרסול תחליב,מיליליטרים,250.00,"100 מ""ל",false,1,54.90,21.96,true,1,
7290015848886,false,"ד""ר פישר - אולטרסול תחליב קידס 250 מ""ל 50SPF",פישר מעבדות פרמצבטיות בע,IL,אולטרסול קידס,מיליליטרים,250.00,"100 מ""ל",false,1,54.90,21.96,true,1,
7290015848916,false,תחליב הגנה אולטרסול,פישר מעבדות פרמצבטיות בע,IL,אולטרסול תחליב,מיליליטרים,125.00,"100 מ""ל",false,1,29.90,23.92,true,1,
7290015848923,false,אולטרסול תחליב הגנה מבוגרים 30/250,פישר מעבדות פרמצבטיות בע,IL,אולטרסול תחליב,מיליליטרים,250.00,"100 מ""ל",false,1,49.90,19.96,true,1,
7290015848992,false,"ד""ר פישר - אולטרסול קרם פנים קידס 75 מ""ל 50SPF",פישר מעבדות פרמצבטיות בע,IL,אולטרסול לפנים,מיליליטרים,75.00,"100 מ""ל",false,1,39.90,53.20,true,1,
7290016077810,false,דורסל סוללה למכשירי שמיע,דורסל,DE,דורסל סוללה,יחידה,1.00,יחידה,false,1,29.90,29.90,true,1,
7290016094008,false,"אולטרסול קרם פנים 50/75 מ""ל",פישר מעבדות פרמצבטיות בע,IL,אולטרסול,מיליליטרים,75.00,"100 מ""ל",false,1,39.90,53.20,true,1,
7290016136845,false,זוג משחות סנסודיין פרש מינט 150 מל,גלקסוסמית'\קליין קונסיומ,IL,2 משחות סנסודיין,מיליליטרים,150.00,"100 מ""ל",false,1,30.00,20.00,true,1,
7290016197495,false,ניקול זוג מטליות הקסם מיקרופייבר לרצפה,חוגלה קימברלי,CN,מטלית לרצפה 2יח,יחידה,1.00,יחידה,false,1,24.90,24.90,true,1,
7290016197600,false,דיפנד - תחבושת לנשים נורמל 12 יח',קימברלי קלארק,VN,תחבושות דיפנד,יחידה,1.00,יחידה,false,1,19.90,19.90,true,1,
7290016197617,false,תחבושת לנשים אקסטרה דיפנד 10 יחידות,קימברלי קלארק,VN,תחבושות דיפנד,יחידה,1.00,יחידה,false,1,19.90,19.90,true,1,
7290016197624,false,תחבושות לנשים סופר דיפנד 8 יחידות,קימברלי קלארק,VN,תחבושות דיפנד,יחידה,1.00,יחידה,false,1,19.90,19.90,true,1,
7290016230888,false,סוללות V3 5) יחידות( 5 י,פוג'יקום,IL,סוללות V3,יחידה,1.00,יחידה,false,1,21.90,21.90,true,1,
7290016230994,false,מטען לרכב qualcomm יחידה,פוג'יקום,CN,מטען לרכב qualco,יחידה,1.00,יחידה,false,1,49.90,49.90,true,1,
7290016246018,false,בארכה מיקס פינוקיות חלבה 10*20 גרם.,"רושדי תעשיות מזון בע""\מ",IL,חלבה בארכה מיקס,גרמים,200.00,100 גרם,false,1,12.90,6.45,true,1,
7290016299021,false,"ARGANIA מרכך טיפולי חומצה היאלרונית וקרטין ללא SLS ללא פארבן ללא מלחים ללא רכיבים מן החי 450 מ""ל",ארגניה יצור ושיווק,IL,מרכך טיפולי חומצ,מיליליטרים,450.00,"100 מ""ל",false,1,38.90,8.64,true,1,
7290016299076,false,"ARGANIA שמפו טיפולי חומצה היאלרונית וקרטין ללא SLS ללא פארבן ללא מלחים ללא רכיבים מן החי 450 מ""ל",ארגניה יצור ושיווק,IL,שמפו טיפולי חומצ,מיליליטרים,450.00,"100 מ""ל",false,1,38.90,8.64,true,1,
7290016299151,false,ארגניה סרום ארגן 100 מל,ארגניה יצור ושיווק,IL,סרום ארגן,מיליליטרים,100.00,"100 מ""ל",false,1,44.90,44.90,true,1,
7290016299199,false,ארגניה סרום חומצה היאלורונית וקרטין 100,ארגניה,IL,סרום חומצה היאלר,מיליליטרים,100.00,"100 מ""ל",false,1,44.90,44.90,true,1,
7290016299359,false,"ARGANIA - מרכך ארגן לכל סוגי השיער ללא ס.ל.ס 450 מ""ל",ארגניה יצור ושיווק,IL,מרכך ארגן ללאSLS,מיליליטרים,450.00,"100 מ""ל",false,1,38.90,8.64,true,1,
7290016299403,false,"ARGANIA - קרם לחות לשיער המועשר בשמן קיק ללא ס.ל.ס 400 מ""ל",ארגניה,IL,קרם לחות שמן קיק,מיליליטרים,400.00,"100 מ""ל",false,1,44.90,11.23,true,1,
7290016299557,false,שמן ארגן טהור 30 מל ארגניה,ארגניה יצור ושיווק,IL,שמן 100% ארגן טה,מיליליטרים,30.00,"100 מ""ל",false,1,58.90,196.33,true,1,
7290016299618,false,"ARGANIA שמפו קיק ללא מלחים ,ללא SLS ,ללא פארבן 450 מ""ל",ארגניה יצור ושיווק,IL,שמפו קיק,מיליליטרים,450.00,"100 מ""ל",false,1,38.90,8.64,true,1,
7290016299632,false,"ARGANIA - שמפו ארגן לכל סוגי השיער ללא ס.ל.ס 450 מ""ל",ארגניה יצור ושיווק,IL,שמפו לשיער ללא S,מיליליטרים,450.00,"100 מ""ל",false,1,38.90,8.64,true,1,
7290016299663,false,"שמן קיק בכבישה קרה ארגניה 100 מ""ל",,IL,שמן קיק,מיליליטרים,100.00,"100 מ""ל",false,1,20.00,20.00,true,1,
7290016299878,false,"ARGANIA מסיכה טיפולית לשיער מעושר בחומצה האילרונית וקרטין ללא SLS 500 מ""ל",ארגניה יצור ושיווק,IL,מסיכה טיפולית לש,מיליליטרים,500.00,"100 מ""ל",false,1,44.90,8.98,true,1,
7290016299885,false,"ARGANIA מסיכה קיק לחיזוק השורש והשיערה 500 מ""ל",שיווק TEVACOM,IL,מסיכת קיק,מיליליטרים,500.00,"100 מ""ל",false,1,44.90,8.98,true,1,
7290016299892,false,"ARGANIA - מסיכה מקצועית לשיער קרטין וארגן 500 מ""ל",ארגניה יצור ושיווק,IL,מסיכה לשיער קרטי,מיליליטרים,500.00,"100 מ""ל",false,1,44.90,8.98,true,1,
7290016299984,false,"ARGANIA שמפו סרפד ועץ התה לטיפול נגד קשקשים 450 מ""ל",ארגניה יצור ושיווק,IL,שמפו לשיער סרפד,מיליליטרים,450.00,"100 מ""ל",false,1,38.90,8.64,true,1,
7290016319019,false,ריפליי ג'ינס מארז גבר 17,קונלי בישום,IL,ריפליי ג'ינס מאר,יחידה,1.00,יחידה,false,0,79.00,79.00,true,1,
7290016319118,false,מגע הדבש שעווה מתקלפת לפנים 100 גרם,המאפיה של הרמן,IL,שעווה לאזור פנים,מיליליטרים,100.00,"100 מ""ל",false,1,29.90,29.90,true,1,
7290016319835,false,ס.טאץ אקס אויל גל פילינג 150 מל,דנשר,IL,X-OIL ג'ל פילינג,מיליליטרים,150.00,"100 מ""ל",false,1,30.90,20.60,true,1,
7290016319873,false,תחליב רחצ.פמלי קלאסיק700,אקסן קוסמטיק,TR,תחליב רחצה פמלי,מיליליטרים,700.00,"100 מ""ל",false,1,11.90,1.70,true,1,
7290016319880,false,"פמילי -תחליב רחצה לגונה ופרחי מים 700 מ""ל",אקסן קוסמטיק,TR,תחליב רחצה פמלי,מיליליטרים,700.00,"100 מ""ל",false,1,11.90,1.70,true,1,
7290016319927,false,מיילניר איילנר שחור יח',דנשר,IL,מיילניר איילנר ש,יחידה,1.00,יחידה,false,1,48.90,48.90,true,1,
7290016320657,false,ברו סטיק טאץ חום כהה יח,,IL,ברו סטיק טאץ חום,יחידה,1.00,יחידה,false,1,49.90,49.90,true,1,
7290016320930,false,עפרון סטיק מטאלי 403 יח',,FR,עפרון סטיק מטאלי,יחידה,1.00,יחידה,false,1,49.90,49.90,true,1,
7290016320985,false,צללית קאז'אל 906 יח',,IL,צללית קאז'אל 906,יחידה,1.00,יחידה,false,1,49.90,49.90,true,1,
7290016321029,false,צללית קאז'אל904 יח',,IL,צללית קאז'אל 904,יחידה,1.00,יחידה,false,1,49.90,49.90,true,1,
7290016321135,false,ס.טאץ סטיי גורגס קרם לילה למיצוק העור,סופט טאץ',IL,GORGEOUS STAY קר,מיליליטרים,50.00,"100 מ""ל",false,1,110.90,221.80,true,1,
7290016321159,false,ס.טאץ סטיי גורגס קרם עיניים 30 מל,סופט טאץ',IL,GOREOUS STAY קרם,מיליליטרים,30.00,"100 מ""ל",false,1,110.90,369.67,true,1,
7290016321562,false,עפרון מטאליק טאץ שחור יח,,IL,עפרון מטאליק טאץ,יחידה,1.00,יחידה,false,1,23.90,23.90,true,1,
7290016321661,false,פרש וואנס SENSITIVE מגבונים ללא בישום רביעייה 72 יחידות,עלבד משואות יצחק,IL,פרש וואנס 4יח,יחידה,1.00,יחידה,false,1,18.90,18.90,true,1,
7290016321678,false,מגבונים לחים בניחוח מרענן עם תמציות קמומיל ואלוורה,עלבד משואות יצחק,IL,פרש וואנס 4 יח,יחידה,1.00,יחידה,false,1,18.90,18.90,true,1,
7290016329261,false,סרקל מתיר קשרים ספריי רציףף 300 מ'ל,פישר מעבדות פרמצבטיות בע,IL,סרקל מתיר קשרים,מיליליטרים,300.00,"100 מ""ל",false,1,24.90,8.30,true,1,
7290016329278,false,קמיל בלו מגבונים מילוי 64 יח רביעייה,פישר מעבדות פרמצבטיות בע,IL,מגבונים קמיל בלו,יחידה,1.00,יחידה,false,1,17.90,17.90,true,1,
7290016329308,false,"ד""ר פישר - סרקל קרם רוזמרין לשיער מתולתל 325 מ""ל",פישר מעבדות פרמצבטיות בע,IL,סרקל מתיר קשרים,מיליליטרים,325.00,"100 מ""ל",false,1,25.90,7.97,true,1,
7290016329315,false,סרקל ספריי מתיר קשרים לילדים לשיער מתולתל,פישר מעבדות פרמצבטיות בע,IL,סרקל מתיר קשרים,מיליליטרים,300.00,"100 מ""ל",false,1,24.90,8.30,true,1,
7290016329674,false,קמיל בלו קרם פנים לתינוק לעור יבש במיוחד,פישר מעבדות פרמצבטיות בע,IL,קרם פנים קמיל,מיליליטרים,75.00,"100 מ""ל",false,1,29.90,39.87,true,1,
7290016350005,false,דאו סטיק גבר בלו וויב80מ,א.משי תעשיות,IL,דאו סטיק לגבר,מיליליטרים,80.00,"100 מ""ל",false,1,14.90,18.63,true,1,
7290016437416,false,דיפנד - גזרה גבוה תחתון מדיום נשים 18 יח',KC Vietnam,IL,תחתון דיפנד,יחידה,1.00,יחידה,false,1,64.90,64.90,true,1,
7290016437423,false,דיפנד תחתון סופג L נשים 16 יח גזרה גבוהה,KC Vietnam,IL,תחתון דיפנד,יחידה,1.00,יחידה,false,1,64.90,64.90,true,1,
7290016437430,false,דיפנד - גזרה גבוה תחתון אקסטרה לארג' נשים 16 יח',KC Vietnam,IL,תחתון דיפנד,יחידה,1.00,יחידה,false,1,64.90,64.90,true,1,
7290016437454,false,דיפנד - גזרה גבוה תחתון מדיום גברים 18 יח',General,IL,תחתון דיפנד,יחידה,1.00,יחידה,false,1,64.90,64.90,true,1,
7290016437461,false,דיפנד - גזרה גבוה תחתון לארג' גברים 16 יח',General,IL,תחתון דיפנד,יחידה,1.00,יחידה,false,1,64.90,64.90,true,1,
7290016437591,false,קוטקס - תחתונים סופגים לנשים לאחר לידה מדיום 8 יח',חוגלה קימברלי,KR,תחתונים סופגים,יחידה,1.00,יחידה,false,0,36.90,36.90,true,1,
7290016437607,false,קוטקס - תחתונים סופגים לנשים לאחר לידה לארג' 8 יח',חוגלה קימברלי,KR,תחתונים סופגים,יחידה,1.00,יחידה,false,0,36.90,36.90,true,1,
7290016437645,false,חיתולי האגיס פרידום דריי pants מידה 5 34 יחידות,קימברלי קלארק צ'כיה,CZ,חיתולי האגיס,יחידה,1.00,יחידה,false,1,45.90,45.90,true,1,
7290016437652,false,חיתולי האגיס פרידום דריי pants מידה 6 30 יחידות,קימברלי קלארק צ'כיה,CZ,חיתולי האגיס,יחידה,1.00,יחידה,false,1,45.90,45.90,true,1,
7290016509786,false,פרסיל גל לכביסה לבנה וצבעונית-ירוק 2.5 ל,"הנקל סוד בע""\מ",IL,ג'ל כביסה פרסיל,ליטרים,2.50,ליטר,false,1,29.90,11.96,true,1,
7290016509830,false,ג'ל כביסה לבגדי תינוקות ובעלי עור רגיש Sensitive,"הנקל סוד בע""\מ",IL,ג'ל כביסה בייבי,ליטרים,2.50,ליטר,false,1,29.90,11.96,true,1,
7290016564266,false,מבריקל הפלא כיסוי הפלא 3,פארמה דיל,IL,מבריקל הפלא כיסו,יחידה,1.00,יחידה,false,1,12.90,12.90,true,1,
7290016621341,false,אל סבון היגייני לניקוי יסודי קמיל Clean & Moisture,פישר מעבדות פרמצבטיות בע,IL,אל סבון קמיל,ליטרים,1.00,ליטר,false,1,15.90,15.90,true,1,
7290016621358,false,"ד""ר פישר - קמיל אל סבון ניקיון והזנה ורוד 1 ליטר",פישר מעבדות פרמצבטיות בע,IL,אל סבון קמיל,ליטרים,1.00,ליטר,false,1,15.90,15.90,true,1,
7290016692198,false,מאמי קייר משחת החתלה קלנדולה קלאסיק,מאמי קר Mommy Care,IL,קלאסיק משחת החתל,מיליליטרים,120.00,"100 מ""ל",false,1,24.50,20.42,true,1,
7290016732672,false,מברשת שיניים סנסודיין הגנה מלאה,גלקסוס סמית קליין,CN,מברשת סנסודיין,יחידה,1.00,יחידה,false,1,24.90,24.90,true,1,
7290016811964,false,"אלכוג'ל ספריי 60 מ""ל",,IL,אלכוג'ל ספריי,מיליליטרים,60.00,"100 מ""ל",false,1,8.90,14.83,true,1,
7290016866490,false,"אדם א.ד.ט קלאסיק 100 מ""ל",גורי,FR,א.ד.ט אדם,מיליליטרים,100.00,"100 מ""ל",false,1,49.90,49.90,true,1,
7290016866643,false,פרודונטקס מ.שיניים אקסטרה פרש 75 מל,פרודונטקס Parodontax,SK,משחה פרודונטקס,מיליליטרים,75.00,"100 מ""ל",false,1,31.90,42.53,true,1,
7290016866650,false,"פרודונטקס - משחת שיניים אוריג'ינל 75 מ""ל",פרודונטקס Parodontax,SK,משחה פרודונטקס,מיליליטרים,75.00,"100 מ""ל",false,1,31.90,42.53,true,1,
7290016866667,false,"פרודונטקס - משחת שיניים ללא פלאוריד 75 מ""ל",פרודונטקס Parodontax,SK,משחה פרודונטקס,מיליליטרים,75.00,"100 מ""ל",false,1,31.90,42.53,true,1,
7290016866674,false,"פרודונטקס - משחת שיניים מלבינה 75 מ""ל",פרודונטקס Parodontax,SK,משחה פרודונטקס,מיליליטרים,75.00,"100 מ""ל",false,1,31.90,42.53,true,1,
7290016866711,false,"סטייל מרכך לשיער קרטין פלוס לאחר החלקה, 750 מ""ל",סטייל Style,IL,מרכך קרטין,מיליליטרים,750.00,"100 מ""ל",false,1,29.90,3.99,true,1,
7290016866728,false,סטייל מסכה קרטין E 500 מל לשיקום שיער יב,סטייל Style,IL,מסכה קרטין,מיליליטרים,500.00,"100 מ""ל",false,1,34.90,6.98,true,1,
7290016912494,false,"ד""ר פישר - אפקטיב קר תרחיץ פנים לכל סוגי העור 180 מ""ל",פישר מעבדות פרמצבטיות בע,IL,תרחיץ פנים,מיליליטרים,180.00,"100 מ""ל",false,1,16.90,9.39,true,1,
7290016912609,false,"סרקל מסיכת הזנה לשיער ילדים 200 מ""ל",פישר מעבדות פרמצבטיות בע,IL,מסכת סרקל,מיליליטרים,200.00,"100 מ""ל",false,1,25.90,12.95,true,1,
7290016912623,false,סרקל מרכך לילדים לשיער בהיר - בלונדיני,פישר מעבדות פרמצבטיות בע,IL,מרכך סרקל בלונד,ליטרים,1.00,ליטר,false,1,27.90,27.90,true,1,
7290016932836,false,"תרחיץ פנים לגבר 150 מ""ל",א.משי תעשיות,IL,תרחיץ פנים לגבר,מיליליטרים,150.00,"100 מ""ל",false,1,14.90,9.93,true,1,
7290017019376,false,מגבונים לחים למבוגרים לוטוס,MOR DAN,IL,מגבונים לחים למב,יחידה,1.00,יחידה,false,1,19.90,19.90,true,1,
7290017020747,false,בקבוק פאוארטק להכנת משקה חלבון וניל,סיטי תוספי מזון,IL,בקבוק להכנת משקה,גרמים,37.00,100 גרם,false,1,11.90,32.16,true,1,
7290017020761,false,בקבוק פאוארטק להכנת משקה חלבון קרם עוגיות,סיטי תוספי מזון,IL,בקבוק להכנת משקה,גרמים,37.00,100 גרם,false,1,11.90,32.16,true,1,
7290017031477,false,"סנסודיין משחת שיניים רפיד רליף להלבנה 75 מ""ל","סמיתקליין ביצ'ם בע""מ",GB,משחת סנסודיין,מיליליטרים,75.00,"100 מ""ל",false,1,21.90,29.20,true,1,
7290017031705,false,"סנסודיין משחת שיניים קלין & פרש 75 מ""ל",גלקסוס סמית קליין,SK,משחת סנסודיין,מיליליטרים,75.00,"100 מ""ל",false,1,18.90,25.20,true,1,
7290017031811,false,פרודונטקס מברשת שיניים אקסטרא סופט א.זוג,גלקסוסמיתקליין,CN,מברשות פרודונטקס,יחידה,1.00,יחידה,false,1,19.90,19.90,true,1,
7290017031859,false,"פרודונטקס - משחת שיניים אולטרא קלין 75 מ""ל","מאסטרפוד אוסטריה בע""מ",SK,משחת פרודונטקס,מיליליטרים,75.00,"100 מ""ל",false,1,31.90,42.53,true,1,
7290017031941,false,מסכה לשיער המפ סטייל500מ,א.ל.ארמן ייצור תמרוקים ב,IL,מסכה לשיער hemp,מיליליטרים,500.00,"100 מ""ל",false,1,34.90,6.98,true,1,
7290017088051,false,בייביסיטר - חיתולי סטנדרט מידה 3 - 52 יח',די.פי.אל תעשיות מוצרים ח,IL,חיתולי בייביסיטר,יחידה,1.00,יחידה,false,1,32.90,32.90,true,1,
7290017088068,false,בייביסיטר - חיתולי סטנדרט מידה 4 - 42 יח',די.פי.אל תעשיות מוצרים ח,IL,חיתולי בייביסיטר,יחידה,1.00,יחידה,false,1,32.90,32.90,true,1,
7290017088075,false,בייביסיטר - חיתולי סטנדרט מידה 4+ - 40 יח',די.פי.אל תעשיות מוצרים ח,IL,חיתולי בייביסיטר,יחידה,1.00,יחידה,false,1,32.90,32.90,true,1,
7290017088082,false,בייביסיטר - חיתולי סטנדרט מידה 5 - 36 יח',די.פי.אל תעשיות מוצרים ח,IL,חיתולי בייביסיטר,יחידה,1.00,יחידה,false,1,32.90,32.90,true,1,
7290017088099,false,בייביסיטר - חיתולי סטנדרט מידה 6 - 30 יח',די.פי.אל תעשיות מוצרים ח,IL,חיתולי בייביסיטר,יחידה,1.00,יחידה,false,1,31.90,31.90,true,1,
7290017088303,false,קוויק מגבונים לניקוי,די.פי.אל,IL,קוויק GO TO לני,יחידה,1.00,יחידה,false,0,6.90,6.90,true,1,
7290017088327,false,רבעיית מגבונים בייביסיטר אקסטרא סופט ללא בישום 64 יחידות,די.פי.אל בעמ,IL,מגבוני בייביסיטר,יחידה,1.00,יחידה,false,1,15.90,15.90,true,1,
7290017088341,false,מגבון דוחה יתושים 20 יח',נאופארם,IL,מגבון דוחה יתושי,יחידה,1.00,יחידה,false,1,19.90,19.90,true,1,
7290017088464,false,תחבושות סופגנית מקסי לונג טופ פד 20 יח',D.P.L,IT,טופ פד,יחידה,1.00,יחידה,false,1,19.90,19.90,true,1,
7290017088495,false,תחבושות טופ פד אקסטרה 20 יח',D.P.L,IT,טופ פד,יחידה,1.00,יחידה,false,1,9.90,9.90,true,1,
7290017088501,false,תחבושות טופ פד אקסטרה לונג 20 יח',D.P.L,IT,טופ פד,יחידה,1.00,יחידה,false,1,9.90,9.90,true,1,
7290017088815,false,בריז תחבושות לבריחת שתן נורמל 12 יח,ניאופארם,IT,בריז תחבושות שתן,יחידה,1.00,יחידה,false,1,19.90,19.90,true,1,
7290017088822,false,BREEZE תחבושות לבריחת שתן אקסטרה (10 יח'),ניאופארם,IT,בריז תחבושות שתן,יחידה,1.00,יחידה,false,1,19.90,19.90,true,1,
7290017088839,false,BREEZE תחבושות לבריחת שתן אקסטרה פלוס (8 יח'),ניאופארם,IT,בריז תחבושות שתן,יחידה,1.00,יחידה,false,1,19.90,19.90,true,1,
7290017088853,false,BREEZE תחתונים לבריחת שתן מידה M יח' 14,ניאופארם,IT,בריז תחתונים,יחידה,1.00,יחידה,false,1,67.90,67.90,true,1,
7290017088860,false,BREEZE תחתונים לבריחת שתן מידה L יח' 14,ניאופארם,IT,בריז תחתונים,יחידה,1.00,יחידה,false,1,67.90,67.90,true,1,
7290017088877,false,BREEZE תחתונים לבריחת שתן מידה XL יח' 14,ניאופארם,IT,בריז תחתונים,יחידה,1.00,יחידה,false,1,67.90,67.90,true,1,
7290017088983,false,חיתולים בייביסיטר NB מידה 2- 38 יחידות,די.פי.אל תעשיות מוצרים ח,IL,חיתול דק מידה 2,יחידה,1.00,יחידה,false,1,26.90,26.90,true,1,
7290017100401,false,"כפפות לטקס 100 יחי' M כשלפ עד""ח פרפקט",פאלאס,ID,כפפות לטקס M,יחידה,1.00,יחידה,false,1,34.90,34.90,true,1,
7290017100418,false,"כפפות לטקס 100 יחי' L כשלפ עד""ח פרפקט",פאלאס,ID,כפפות לטקס L,יחידה,1.00,יחידה,false,1,34.90,34.90,true,1,
7290017197029,false,אל סבון la belle מאסק לבן 1 ל,,IL,אל סבון מאסק לבן,ליטרים,1.00,ליטר,false,0,9.90,9.90,true,1,
7290017197364,false,אל סבון לבנדר סגול 1 לי,,IL,אל סבון לבנדר,ליטרים,1.00,ליטר,false,0,9.90,9.90,true,1,
7290017285740,false,"סרקל שמפו ד""ר פישר 1 ליטר",פישר מעבדות פרמצבטיות בע,IL,סרקל שמפו לילדים,ליטרים,1.00,ליטר,false,1,27.90,27.90,true,1,
7290017285993,false,אולטרסול ספריי רציף תחליבי ילדים 50+ 200,פישר מעבדות פרמצבטיות בע,IL,אולטרסול קידס,מיליליטרים,200.00,"100 מ""ל",false,1,59.90,29.95,true,1,
7290017407043,false,MAMA BIG שפתון מט יח',,IL,MAMA BIG שפתון מ,יחידה,1.00,יחידה,false,1,92.90,92.90,true,1,
7290017407067,false,LOREN שפתון מט יח',,IL,LOREN שפתון מט,יחידה,1.00,יחידה,false,1,92.90,92.90,true,1,
7290017407180,false,שפתון גלוס AMOR MI יח',,IL,שפתון גלוס AM MI,יחידה,1.00,יחידה,false,1,92.90,92.90,true,1,
7290017407265,false,שפתון מט GG יח',,IL,שפתון מט GG,יחידה,1.00,יחידה,false,1,92.90,92.90,true,1,
7290017407357,false,A3 מייק אפ עמיד MOSCOW,,IL,A3 מייק אפ עמיד,יחידה,1.00,יחידה,false,1,155.90,155.90,true,1,
7290017407548,false,מארז YOURSELF BE יח',,IL,מארז YOURSELF BE,יחידה,1.00,יחידה,false,1,229.90,229.90,true,1,
7290017407579,false,שפתון YOURSELF BE יח',,IL,שפתון YOURSEL BE,יחידה,1.00,יחידה,false,1,92.90,92.90,true,1,
7290017407616,false,SINS SEVENשפתון מט יח',,IL,SINS SEVENשפתון,יחידה,1.00,יחידה,false,1,92.90,92.90,true,1,
7290017407661,false,שימר נוזלי KISSE SUN יח',,IL,שימר נוזלי K SUN,יחידה,1.00,יחידה,false,1,149.00,149.00,true,1,
7290017407814,false,army ג'ל לגבות יח',,IL,army ג'ל לגבות,יחידה,1.00,יחידה,false,1,119.00,119.00,true,1,
7290017407821,false,brown honeyג'ל לגבות יח',,IL,brown honeyג'ל ל,יחידה,1.00,יחידה,false,1,119.00,119.00,true,1,
7290017407852,false,פיגמנט נוזלי טינט יח,,IL,פיגמנט נוזלי טינ,יחידה,1.00,יחידה,false,1,59.90,59.90,true,1,
7290017407913,false,MAMAMIA שפתון סטיקTORI י,,IL,MAMAMIA שפתון סט,יחידה,1.00,יחידה,false,1,99.00,99.00,true,1,
7290017440088,false,גנסיס דיגיטל אייג קרם יום לעור מעורב-שמן,General,IL,דיגיטל אייג יום,מיליליטרים,50.00,"100 מ""ל",false,1,159.90,319.80,true,1,
7290017440132,false,אולטרסול ספריי שקוףSPF30,פישר מעבדות פרמצבטיות,IL,אולטרסול ספריי,מיליליטרים,150.00,"100 מ""ל",false,1,23.90,15.93,true,1,
7290017440156,false,אלכוג'ל גולד דמויות 50 מ,,IL,אלכוג'ל,מיליליטרים,50.00,"100 מ""ל",false,1,16.90,33.80,true,1,
7290017440279,false,"ד""ר פישר - קידס אל סבון ויטמינים 750 מ""ל",פישר תעשיות,IL,אל סבון ויטמינים,מיליליטרים,750.00,"100 מ""ל",false,1,16.90,2.25,true,1,
7290017440323,false,"ד""ר פישר - קידס שמפו + מרכך ויטמינים 750 מ""ל","ד""ר פישר Dr fischer",IL,שמפו+מרכך קידס,מיליליטרים,750.00,"100 מ""ל",false,1,16.90,2.25,true,1,
7290017440729,false,אולטרסול ספריי שמן קוקוס 200/20 SPF,פישר תעשיות,IL,אולטרסול שמן,מיליליטרים,200.00,"100 מ""ל",false,1,49.90,24.95,true,1,
7290017440798,false,ד.פישר סילבר מרכך לשיער כסוף 400 מל,קולגייט פלמוליב,IL,מרכך לשיער כסוף,מיליליטרים,400.00,"100 מ""ל",false,1,28.90,7.23,true,1,
7290017457932,false,סוד מרכך כביסה מרוכז פרש קונטרול כחול,הנקל סוד,IL,סוד מרכך כחול,מיליליטרים,900.00,"100 מ""ל",false,1,12.90,1.43,true,1,
7290017629094,false,סילון מים דנטלי נטען פרש גאמס,ELECTRICAL BFT SHENZHEN,CN,סילון מים דנטלי,יחידה,1.00,יחידה,false,1,299.00,299.00,true,1,
7290017629117,false,מנקה דנטלי אולטרסוני - שיננית ביתית FRESH GUM,ELECTRICAL BFT SHENZHEN,CN,מנקה דנטלי,יחידה,1.00,יחידה,false,1,299.00,299.00,true,1,
7290017629995,false,פיות לניקוי כללי זוג,ELECTRICAL BFT SHENZHEN,CN,פיות לניקוי כללי,יחידה,1.00,יחידה,false,1,49.90,49.90,true,1,
7290017637587,false,קרם לתלתלים מיקי בוגנים 200 מל,סאסא קוסמטיקס,IL,MB תרסיס לשיער,מיליליטרים,200.00,"100 מ""ל",false,1,24.90,12.45,true,1,
7290017637600,false,מרכך יומיומי זיכרונות מתוקים 500 מל,סאסא קוסמטיקס,IL,MB מרכך לשיער,מיליליטרים,500.00,"100 מ""ל",false,1,24.90,4.98,true,1,
7290017637624,false,מרכך יומיומי יסמין קסום 500 מל בוגנים,סאסא קוסמטיקס,IL,MB שמפו יסמין,מיליליטרים,500.00,"100 מ""ל",false,1,24.90,4.98,true,1,
7290017637631,false,מרכך יומיומי יסמין קסום 500 מל בוגנים,סאסא קוסמטיקס,IL,MB מרכך יסמין,מיליליטרים,500.00,"100 מ""ל",false,1,24.90,4.98,true,1,
7290017637655,false,שמפו קרטין ללא מלח מיקי בוגנים 500 מל,סאסא קוסמטיקס,IL,MB שמפו קרטין,מיליליטרים,500.00,"100 מ""ל",false,1,27.90,5.58,true,1,
7290017637662,false,שמפו שימר להדגשת גוונים בהיר מיקי בוגנים 500 מל,סאסא קוסמטיקס,IL,MB שמפו לשיער,מיליליטרים,500.00,"100 מ""ל",false,1,24.90,4.98,true,1,
7290017637679,false,מרכך שימר להדגשת גוונים בהיר מיקי בוגנים 500 מל,סאסא קוסמטיקס,IL,MB מרכך לשיער,מיליליטרים,500.00,"100 מ""ל",false,1,24.90,4.98,true,1,
7290017683386,false,"מסכת ישבן 100 מ""ל",,IL,מסכת ישבן,מיליליטרים,100.00,"100 מ""ל",false,1,269.00,269.00,true,1,
7290017695044,false,"קיט החלקה ושמפו 200 מ""ל",מיסטר בונד,IL,קיט החלקה ושמפו,יחידה,1.00,יחידה,false,1,159.90,159.90,true,1,
7290017695235,false,סרום ויטמינס לאחר החלקה,מיסטר בונד,IL,סרום ויטמינס,מיליליטרים,200.00,"100 מ""ל",false,1,49.90,24.95,true,1,
7290017695242,false,שמפו ויטמינס אחר החלקה1ל,מיסטר בונד,IL,שמפו ויטמינס לאח,ליטרים,1.00,ליטר,false,1,44.90,44.90,true,1,
7290017695259,false,מסכה לשיער ויטמינס 500מל,מיסטר בונד,IL,מסכה לשיער ויטמי,מיליליטרים,500.00,"100 מ""ל",false,1,44.90,8.98,true,1,
7290017695266,false,קרם לחות ויטמינס 500מל,מיסטר בונד,IL,קרם לחות ויטמינס,מיליליטרים,500.00,"100 מ""ל",false,1,34.90,6.98,true,1,
7290017695280,false,מרכך שיער ויטמינס 1 ליטר,מיסטר בונד,IL,מרכך שיער ויטמינ,ליטרים,1.00,ליטר,false,1,44.90,44.90,true,1,
7290017695662,false,קיט החלקה סילבר .,מיסטר בונד,IL,קיט החלקה סילבר,יחידה,1.00,יחידה,false,1,199.00,199.00,true,1,
7290017695679,false,"מסכת סילבר 500 מ""ל",מיסטר בונד,IL,מסכת סילבר 500 מ,מיליליטרים,500.00,"100 מ""ל",false,1,49.90,9.98,true,1,
7290017700243,false,מסכת פנים בד דונלד דק יח,פארמה דיל,IL,מסכת פנים בד דונ,יחידה,1.00,יחידה,false,1,14.90,14.90,true,1,
7290017871387,false,"סבון ידיים פמלי יהלום שמן זית 500 מ""ל",המאפיה של הרמן,TR,סבון ידיים פמלי,מיליליטרים,500.00,"100 מ""ל",false,1,11.90,2.38,true,1,
7290017872018,false,"קרם החתלה פרשוואנס קמומיל וקלנדולה 100 סמ""ק",פרש-וואנס,IL,פרש וואנס קרם הח,מיליליטרים,100.00,"100 מ""ל",false,1,14.90,14.90,true,1,
7290017872070,false,מארז מגבונים לחים בניחוח מרענן פרש וואנס שלישייה,"ווטנפס בע""\מn\",IL,פרש וואנס מגבון,יחידה,1.00,יחידה,false,1,10.00,10.00,true,1,
7290017872230,false,פרש וונס מגבונים נטורל 100 יח דיספנסר,פרש וואנס Fresh Ones,IL,פרש וואנס מגבון,יחידה,1.00,יחידה,false,1,11.90,11.90,true,1,
7290017872872,false,בייביביס חטיפי דגנים אפויים לתינוקות בטעם גזר וסלק,טאטא גלובל בוורג'ס,IL,כוכבים דגנים,גרמים,35.00,100 גרם,false,1,13.90,39.71,true,1,
7290017872940,false,מגע הדבש רצועות שעווה לפנים 20+5 מגבוני,ש.שוורץ,ES,רצועות שעווה לפנ,יחידה,1.00,יחידה,false,1,29.90,29.90,true,1,
7290017872957,false,אדג' - מכשיר גילוח רב פעמי ידית + 3 סכינים לעור רגיש,General,US,מכשיר+סכין גילוח,יחידה,1.00,יחידה,false,1,69.90,69.90,true,1,
7290017873169,false,"פמילי סבון ידיים מועשר בשמן זית 500 מ""ל",טאהא,TR,תחליב רחצה פמלי,מיליליטרים,500.00,"100 מ""ל",false,1,11.90,2.38,true,1,
7290017873350,false,קרם יד.פנג'ל אינטנסיב100,"דנלוג אינטרקוסמא בע""\מ",IL,קרם ידיים פנג'ל,מיליליטרים,100.00,"100 מ""ל",false,1,9.90,9.90,true,1,
7290017873367,false,"קרם ידיים ויטליטי לכל סוגי העור 100 מ""ל פנג'ל","דנלוג אינטרקוסמא בע""\מ",IL,קרם ידיים פנג'ל,מיליליטרים,100.00,"100 מ""ל",false,1,9.90,9.90,true,1,
7290017873381,false,תח.גוף פנג'ל אינטנסיב400,אינטרקוסמא,IL,תחליב גוף פנג'ל,מיליליטרים,400.00,"100 מ""ל",false,1,24.90,6.23,true,1,
7290017873398,false,"תחליב גוף ויטליטי לכל סוגי העור 400 מ""ל פנג'ל","דנלוג אינטרקוסמא בע""\מ",IL,תחליב גוף פנג'ל,מיליליטרים,400.00,"100 מ""ל",false,1,24.90,6.23,true,1,
7290017917061,false,דר פישר אלכוגל פורטה 100 מל,מדי פישר,IL,אלכוג'ל,מיליליטרים,100.00,"100 מ""ל",false,1,19.90,19.90,true,1,
7290017917108,false,אולטרסול FREE תחליב הגנה לילדים SPF50,פישר תעשיות,IL,פרי קידס תחליב,מיליליטרים,200.00,"100 מ""ל",false,1,59.90,29.95,true,1,
7290017917382,false,אל סבון היגייני לניקוי יסודי ולהרגע העור clean & calm,"ד""ר פישר Dr fischer",IL,קמיל סבון ידיים,ליטרים,1.00,ליטר,false,1,15.90,15.90,true,1,
7290017917467,false,אל סבון טיפולי לתינוק קמיל בלו שיבולת שועל,"ד""ר פישר Dr fischer",IL,אל סבון ש.שועל,ליטרים,1.00,ליטר,false,1,24.90,24.90,true,1,
7290017917559,false,ד.פישר בלונד מסכת הזנה לשיער בהיר 300 מל,מדי פישר,IL,מסכה לשיער,מיליליטרים,300.00,"100 מ""ל",false,1,39.90,13.30,true,1,
7290017917573,false,אולטרסול קידס ספריי תחליבי SPF50 200,פישר מעבדות פרמצבטיות בע,IL,אולטרסול,מיליליטרים,200.00,"100 מ""ל",false,1,54.90,27.45,true,1,
7290017917610,false,אולטרסול ספקטרום ספריי תחליבי +50 200 מל,פישר מעבדות פרמצבטיות בע,IL,אולטרסול,מיליליטרים,200.00,"100 מ""ל",false,1,69.90,34.95,true,1,
7290017917757,false,"ד""ר פישר EFFECTIVE CARE קרם גוף בשמן כותנה 450 מ""ל",פישר מעבדות פרמצבטיות בע,IL,קרם גוף אפקטיב,מיליליטרים,450.00,"100 מ""ל",false,1,24.90,5.53,true,1,
7290017917764,false,"ד""ר פישר - אפקטיב קר קרם גוף מועשר בשמן ארגן 450 מ""ל",פישר מעבדות פרמצבטיות בע,IL,קרם גוף,מיליליטרים,450.00,"100 מ""ל",false,1,24.90,5.53,true,1,
7290017917986,false,"ד""ר פישר - אולטרסול בייבינטורל תחליב גוף 125 מ""ל 50SPF+",פישר מעבדות פרמצבטיות בע,IL,אולטרסול,מיליליטרים,125.00,"100 מ""ל",false,1,59.90,47.92,true,1,
7290017928098,false,שטוחלה מלח מאיר בייגל 330 גרם,מאיר את בייגל,IL,בייגלה שטוחל'ה,גרמים,330.00,100 גרם,false,1,9.90,3.00,true,1,
7290017928524,false,בייגלה שטוח ניגובים מלח 330 ג' מאיר בייגל,מאיר את בייגל,IL,שטוחל'ה ניגובים,גרמים,330.00,100 גרם,false,1,9.90,3.00,true,1,
7290017928661,false,מאיר בייגל -סמאש-שבורים בטעם צ'דר 300 גרם,מאיר בייגל,BG,שברי בייגלה,גרמים,300.00,100 גרם,false,1,11.90,3.96,true,1,
7290017928722,false,בייגלה שטוח ניגובים שומשום 300 ג' מאיר בייגל,מאיר את בייגל,IL,שטוחל'ה ניגובים,גרמים,300.00,100 גרם,false,1,9.90,3.30,true,1,
7290017928821,false,מקלות גריסיני קלאסי מאיר בייגל 200 גרם,מאיר את בייגל,IL,גריסיני קלאסי,גרמים,200.00,100 גרם,false,1,12.50,6.25,true,1,
7290018043493,false,אב.חלבון מי גב.ק.עוג759ג,,BE,אבקת חלבון,גרמים,759.00,100 גרם,false,1,129.90,17.11,true,1,
7290018043844,false,חטיף חלבון בוטנים קרמל קראנץ 60 ג' פראוד,פראוד PROUD,NL,חטיף חלבון,גרמים,60.00,100 גרם,false,1,13.90,23.17,true,1,
7290018080023,false,מאמי קר מברשת שיניים לולי לתינוק 6+ תכלת,מאמי קאר,CN,מברשת שיניים במב,יחידה,1.00,יחידה,false,1,22.90,22.90,true,1,
7290018080061,false,מברשת אצבע דו צדדית מסיליקון,מאמי קר Mommy Care,CN,מברשת אצבע סליקו,יחידה,1.00,יחידה,false,1,19.90,19.90,true,1,
7290018080641,false,מבשם בדים מצעים ואוויר,מאמי קר,IL,מבשם בדים מצעים,מיליליטרים,250.00,"100 מ""ל",false,1,29.90,11.96,true,1,
7290018132067,false,נאן סופרים שלב 1 700 גרם,מטרנה תעשיות ש.מ,IL,נאן סופרים שלב 1,גרמים,700.00,100 גרם,false,1,89.90,12.84,true,1,
7290018132081,false,נאן סופרים שלב 3 700 גרם,מטרנה תעשיות ש.מ,IL,נאן סופרים שלב 3,גרמים,700.00,100 גרם,false,1,89.90,12.84,true,1,
7290018132340,false,"מטרנה גולד בד""ץ שלב 1 700 גרם",מטרנה תעשיות ש.מ.,IL,מטרנה גולד שלב 1,גרמים,700.00,100 גרם,false,1,73.90,10.56,true,1,
7290018132388,false,"מטרנה גולד בד""ץ שלב 2 700 גרם",מטרנה תעשיות ש.מ.,IL,מטרנה גולד שלב 2,גרמים,700.00,100 גרם,false,1,73.90,10.56,true,1,
7290018132425,false,"מטרנה גולד בד""ץ שלב 3 700 גרם",מטרנה תעשיות ש.מ.,IL,מטרנה גולד שלב 3,גרמים,700.00,100 גרם,false,1,73.90,10.56,true,1,
7290018156018,false,אולטרסול FREE קידס ספריי שקוף SPF50 200,פישר מעבדות פרמצבטיות בע,IL,אולטרסול,מיליליטרים,200.00,"100 מ""ל",false,1,59.90,29.95,true,1,
7290018156056,false,"ד""ר פישר - אולטרסול סטיק לפנים להגנה מהשמש 13 גרם",פישר מעבדות פרמצבטיות בע,IL,אולטרסול סטיק,מיליליטרים,13.00,"100 מ""ל",false,1,49.90,383.85,true,1,
7290018156834,false,אולטרסול ספורט MAX קרם פנים 50 SPF50,מדי פישר,IL,אולטרסול קר.פנים,מיליליטרים,50.00,"100 מ""ל",false,1,49.90,99.80,true,1,
7290018182055,false,מסכה עם נשמית FFP2,,IL,מסכה עם נשמית FF,יחידה,1.00,יחידה,false,1,49.90,49.90,true,1,
7290018182079,false,מסכה PP2 M3 יחידה,,IL,מסכה PP2 M3,יחידה,1.00,יחידה,false,1,14.90,14.90,true,1,
7290018182178,false,מסכת פנים ילדים 10 יח,,IL,מסכת פנים ילדים,יחידה,1.00,יחידה,false,1,6.00,6.00,true,1,
7290018182277,false,LA BELLE מקלוני נייר שחור עם צמר גפן צבעוני-כחול 200 יח,,CN,מקלוני נייר שחור,יחידה,1.00,יחידה,false,1,9.90,9.90,true,1,
7290018182284,false,מקלוני נייר שחור 200 יחי,,CN,מקלוני נייר שחור,יחידה,1.00,יחידה,false,1,9.90,9.90,true,1,
7290018182307,false,מקלוני נייר לבן עם צמר גפן צבעוני 200 יח,,CN,מקלוני נייר לבן,יחידה,1.00,יחידה,false,1,9.90,9.90,true,1,
7290018182376,false,GARDEN OASIS מארז מעטפה לבבות,,IL,מארז מעטפת לבבות,יחידה,1.00,יחידה,false,1,29.90,29.90,true,1,
7290018182406,false,GARDEN OASIS מארז חמישה בקבוקי נסיעות,,IL,מארז חמישה בקבוק,יחידה,1.00,יחידה,false,1,39.90,39.90,true,1,
7290018182475,false,"GARDEN OASIS מארז מקופלת כוכבים 370 מ""ל",General,IL,מארז מקופלת כוכב,מיליליטרים,370.00,"100 מ""ל",false,1,29.90,8.08,true,1,
7290018182543,false,ספיד סטיק ג'ל קול פיוזן,קולגייט-פלמוליב,US,ספיד סטיק ג'ל פר,גרמים,170.00,100 גרם,false,1,29.90,17.59,true,1,
7290018182727,false,תוספות שיער לקוקו אריאנה,פארמה דיל,CN,ת.שיער לקוקו,יחידה,1.00,יחידה,false,1,59.90,59.90,true,1,
7290018182734,false,תוספות שיער לקוקו אריאנה,פארמה דיל,CN,ת.שיער לקוקו,יחידה,1.00,יחידה,false,1,59.90,59.90,true,1,
7290018182802,false,תוספות שיער לקוקו יסמין,פארמה דיל,CN,ת.שיער לקוקו,יחידה,1.00,יחידה,false,1,49.90,49.90,true,1,
7290018182833,false,תוספות שיער פוני בובה בל,פארמה דיל,CN,ת.שיער פוני בובה,יחידה,1.00,יחידה,false,1,29.90,29.90,true,1,
7290018182888,false,קיסמי מברשות רכים מגומי,,IL,קיסמי מברשות גומ,יחידה,1.00,יחידה,false,1,19.90,19.90,true,1,
7290018183823,false,ספוג רחצה מפנק .,,IL,ספוג רחצה מפנק .,יחידה,1.00,יחידה,false,1,11.90,11.90,true,1,
7290018343296,false,דר פישר אלכוגל H לידיים 100 מל,מדי פישר,IL,"אלכוג'ל 100 מ""ל",מיליליטרים,100.00,"100 מ""ל",false,1,9.90,9.90,true,1,
7290018343333,false,"ד""ר פישר - פרפקט קרלס מסכת הזנה לשיער מתולתל 300 מ""ל",מדי פישר,IL,מסכת הזנה לשיער,מיליליטרים,300.00,"100 מ""ל",false,1,39.90,13.30,true,1,
7290018343340,false,"ד""ר פישר - שמפו משקם לאחר החלקה ללא תוספת מלח 400 מ""ל",פישר מעבדות פרמצבטיות,IL,שמפו משקם,מיליליטרים,400.00,"100 מ""ל",false,1,39.90,9.98,true,1,
7290018343364,false,"ד""ר פישר - מסכת הזנה משקמת לאחר החלקה ללא תוספת מלח 300 מ""ל",פישר מעבדות פרמצבטיות,IL,מסכה לשיער,מיליליטרים,300.00,"100 מ""ל",false,1,39.90,13.30,true,1,
7290018343630,false,ד.פישר אפקטיב קר קרם גוף מועשר חמאת קקאו,פישר מעבדות פרמצבטיות בע,IL,קרם גוף אפקטיב,מיליליטרים,450.00,"100 מ""ל",false,1,24.90,5.53,true,1,
7290018354506,false,ג'ל עיצוב שיער טיובה250מ,א.משי תעשיות,IL,ג'ל עיצוב שיער,מיליליטרים,250.00,"100 מ""ל",false,1,14.90,5.96,true,1,
7290018354704,false,"ווקס לגבר 100 מ""ל",א.משי תעשיות,IL,ווקס לגבר,מיליליטרים,100.00,"100 מ""ל",false,1,14.90,14.90,true,1,
7290018440575,false,תה ירוק לימונית לואיזה 25+5 שקיקים,ויסוצקי,IL,תה ירוק לימונית,גרמים,48.00,100 גרם,false,1,21.90,45.63,true,1,
7290018493052,false,"ד""ר פישר - אפקטיב קר קרם ידיים מועשר בשמן אבוקדו 100 מ""ל",פישר מעבדות פרמצבטיות,IL,קרם ידיים,מיליליטרים,100.00,"100 מ""ל",false,1,11.90,11.90,true,1,
7290018493069,false,"אפקטיב קר קרם ידייםמועשר בשמן כותנה ד""ר פישר 100 מ""ל",פישר מעבדות פרמצבטיות,IL,קרם ידיים,מיליליטרים,100.00,"100 מ""ל",false,1,11.90,11.90,true,1,
7290018493076,false,"אפקטיב קר קרם ידייםמועשר בשמן ארגן ד""ר פישר 100 מ""ל",פישר מעבדות פרמצבטיות,IL,קרם ידיים,מיליליטרים,100.00,"100 מ""ל",false,1,11.90,11.90,true,1,
7290018493144,false,קמיל קלין &נוריש אל סבון מועשר בשמן ארגן 1 ליטר,פישר מעבדות פרמצבטיות,IL,אל סבון קמיל,ליטרים,1.00,ליטר,false,1,15.90,15.90,true,1,
7290018493359,false,ד.פישר אפקטיב קר קרם גוף מועשר בשמן המפ,פישר מעבדות פרמצבטיות בע,IL,קרם גוף מועשר,מיליליטרים,450.00,"100 מ""ל",false,1,24.90,5.53,true,1,
7290018493403,false,"ד""ר פישר - קידס קצף אמבט ויטמינים 750 מ""ל","ד""ר פישר",IL,קצף אמבט ויטמיני,מיליליטרים,750.00,"100 מ""ל",false,1,16.90,2.25,true,1,
7290018516355,false,מחיט תפוח עץ ושבולות שועל 190 ג' פרינוק גוניור,פרוטה פודווין איי.אס,CZ,פרינוק ארוחה,גרמים,190.00,100 גרם,false,1,5.90,3.11,true,1,
7290018703052,false,חטיף חלבון עוג.קראנץ29גר,,NL,חטיף חלבון פראוד,גרמים,29.00,100 גרם,false,1,11.90,41.03,true,1,
7290018703229,false,חטיף חלבון שוקולד אגוזים פראוד 60 גרם,פראוד,NL,חטיף חלבון,גרמים,60.00,100 גרם,false,1,14.90,24.83,true,1,
7290018703243,false,חטיף חלבון קרמל קראנצ פראוד 60 גרם,פראוד,NL,חטיף חלבון,גרמים,60.00,100 גרם,false,1,14.90,24.83,true,1,
7290018703311,false,פראוד - חטיף חלבון קרם עוגיות קראנצ' 60ג,v.s.i,NL,חטיף חלבון,גרמים,60.00,100 גרם,false,1,13.90,23.17,true,1,
7290018703496,false,פראוד - חטיף חלבון בטעם בננה טופי 60 גרם,פראוד PROUD,NL,חטיף חלבון,גרמים,60.00,100 גרם,false,1,13.90,23.17,true,1,
7290018733141,false,מסכה לתלתלים 60 שניות 50,מיסטר בונד,IL,מסכה לתלתלים 60,מיליליטרים,500.00,"100 מ""ל",false,1,49.90,9.98,true,1,
7290018733158,false,קרם גלייז לתלתלים משאבה,מיסטר בונד,IL,קרם גלייז לתלתלי,גרמים,500.00,100 גרם,false,1,49.90,9.98,true,1,
7290018733165,false,סרום לתלתלים קרטנטה 100,מיסטר בונד,IL,סרום לתלתלים קרט,מיליליטרים,100.00,"100 מ""ל",false,1,49.90,49.90,true,1,
7290018733172,false,קרם מוריד נפח ביוטין 500,מיסטר בונד,IL,קרם מוריד נפח,גרמים,500.00,100 גרם,false,1,49.90,9.98,true,1,
7290018733288,false,שמפו ויטמינס לתלתלים 10,מיסטר בונד,IL,שמפו ויטמינס,מיליליטרים,10.00,"100 מ""ל",false,1,9.90,99.00,true,1,
7290018921029,false,"ד""ר פישר - קמיל בלו מגבוני סנסיטיב 64 יח' * 4",פישר מעבדות פרמצבטיות בע,IL,מגבוני קמיל בלו,יחידה,1.00,יחידה,false,1,21.90,21.90,true,1,
7290018921067,false,"ד""ר פישר - אפקטיב קר תחליב רחצה שמן שקדים 700 מ""ל",פישר מעבדות פרמצבטיות בע,IL,תחליב רחצה שקדים,מיליליטרים,700.00,"100 מ""ל",false,1,17.90,2.56,true,1,
7290018921203,false,"קמיל בלו קרם החתלה קמומיל 120 ג' ד""ר פישר",פישר מעבדות פרמצבטיות בע,IL,קרם החתלה קמומיל,גרמים,120.00,100 גרם,false,1,20.90,17.42,true,1,
7290018921265,false,"תחליב רחצה מועשר בתמצית אלוורה 700 מ""ל אפקטיב קר",פישר מעבדות פרמצבטיות בע,IL,תחליב רחצ.אלוורה,מיליליטרים,700.00,"100 מ""ל",false,1,17.90,2.56,true,1,
7290018921616,false,רביעיית מגבוני קמיל בלו שיבולת שועל 64 יח',פישר תעשיות,IL,מגבוני קמיל 4יח,יחידה,1.00,יחידה,false,1,23.90,23.90,true,1,
7290018921654,false,"ד""ר פישר - אפקטיב קר תחליב רחצה תמצית לוונדר 700 מ""ל",פישר מעבדות פרמצבטיות בע,IL,תחליב רחצה לבנדר,מיליליטרים,700.00,"100 מ""ל",false,1,17.90,2.56,true,1,
7290018921807,false,"קמיל בלו משחת החתלה צמחי מרפא 120 ג' ד""ר פישר",פישר מעבדות פרמצבטיות בע,IL,קמיל בלו משחה,גרמים,120.00,100 גרם,false,1,21.90,18.25,true,1,
7290019014638,false,מרכך כביסה פרש וויט 900,סאסא טק,IL,מרכך כביסה פרש,מיליליטרים,900.00,"100 מ""ל",false,1,19.90,2.21,true,1,
7290019014645,false,"מסיר כתמים טנקס 500 מ""ל",סאסא טק,IL,מסיר כתמים TNX,מיליליטרים,500.00,"100 מ""ל",false,1,24.90,4.98,true,1,
7290019014690,false,נוזל רצפות פלאוור 1.35 ל,סאסא טק,IL,נוזל לרצפות,ליטרים,1.35,ליטר,false,1,24.90,18.44,true,1,
7290019014706,false,נוזל רצפות פרש וויט1.35ל,סאסא טק,IL,נוזל רצפות פרש,ליטרים,1.35,ליטר,false,1,24.90,18.44,true,1,
7290019014713,false,נוזל רצפות לפרקט 1.35ל,סאסא טק,IL,נוזל רצפות לפרקט,ליטרים,1.35,ליטר,false,1,26.90,19.93,true,1,
7290019014737,false,"מבשם בדים ביץ קלאב500מ""ל",סאסא טק,IL,מבשם בדים קלאב,מיליליטרים,500.00,"100 מ""ל",false,1,19.90,3.98,true,1,
7290019014744,false,מרסס חלונות פרש וויט750מ,סאסא טק,IL,מרסס חלונות פרש,מיליליטרים,750.00,"100 מ""ל",false,1,13.90,1.85,true,1,
7290019014751,false,ניקוי כלים24% פלאוור750מ,סאסא טק,IL,ניקוי כלים 24%,מיליליטרים,750.00,"100 מ""ל",false,1,14.90,1.99,true,1,
7290019014768,false,"ניקוי כלים 24% 750מ""ל",סאסא טק,IL,ניקוי כלים 24%,מיליליטרים,750.00,"100 מ""ל",false,1,14.90,1.99,true,1,
7290019014775,false,מרסס קצף מסיר שומנים 750,סאסא טק,IL,מרסס מסיר שומנים,מיליליטרים,750.00,"100 מ""ל",false,1,16.90,2.25,true,1,
7290019014812,false,"מרסס מנטרל ריחות 500 מ""ל",סאסא טק,IL,מרסס מנטרל ריחות,מיליליטרים,500.00,"100 מ""ל",false,1,19.90,3.98,true,1,
7290019014843,false,תרסיס לניקוי חלונות400מל,סאסא טק,IL,תרסיס לחלונות,מיליליטרים,400.00,"100 מ""ל",false,1,19.90,4.98,true,1,
7290019014874,false,נוזל רצפות אוריאנטל1.35ל,סאסא טק,IL,נוזל רצפות,ליטרים,1.35,ליטר,false,1,24.90,18.44,true,1,
7290019014973,false,מבשם בדים בייבי לאב500מ,סאסא טק,IL,מבשם בדים בייבי,מיליליטרים,500.00,"100 מ""ל",false,1,19.90,3.98,true,1,
7290019019404,false,"בלק פפר אנד אדפ 100 מ""ל",,IL,בלק פפר אנד אדפ,מיליליטרים,100.00,"100 מ""ל",false,1,199.00,199.00,true,1,
7290019047124,false,הערכה לנסיכה חד קרן מארז,,IL,הערכה לנסיכה חד,יחידה,1.00,יחידה,false,1,59.90,59.90,true,1,
7290019047131,false,הערכה לנסיכה הצעירה גליד,,IL,הערכה לנסיכה,יחידה,1.00,יחידה,false,1,59.90,59.90,true,1,
7290019075103,false,קמיל בלו אקסטרה סופט שמפו לתינוק 1 ליטר,פישר מעבדות פרמצבטיות בע,IL,שמפו קמיל בלו,ליטרים,1.00,ליטר,false,1,32.90,32.90,true,1,
7290019075899,false,קמיל בלו אקסטרה סופט אל סבון לתינוק 1 ליטר,פישר מעבדות פרמצבטיות בע,IL,א.סבון קמיל בלו,ליטרים,1.00,ליטר,false,1,32.90,32.90,true,1,
7290019110200,false,2 בדיקות מהירות לקורונה,,IL,בדיקות COVID19,יחידה,1.00,יחידה,false,1,54.90,54.90,true,1,
7290019274056,false,נוזל רצפה בייבי לאב1.35ל,סאסא טק,IL,נוזל רצפה בייבי,ליטרים,1.35,ליטר,false,1,24.90,18.44,true,1,
7290019274063,false,ג'ל כביסה בייבי 1.35 ל',סאסא טק,IL,ג'ל כביסה בייבי,ליטרים,1.35,ליטר,false,1,33.90,25.11,true,1,
7290019274087,false,"ארוסול קצף לאסלות 400מ""ל",סאסא טק,IL,ארוסול קצף ניקוי,מיליליטרים,400.00,"100 מ""ל",false,1,19.90,4.98,true,1,
7290019274100,false,"מרסס לגיהוץ קל 500 מ""ל",סאסא טק,IL,מרסס לגיהוץ קל,מיליליטרים,500.00,"100 מ""ל",false,1,19.90,3.98,true,1,
7290019274117,false,"מרסס ניקוי נירוסטה500מ""ל",סאסא טק,IL,מנקה נירוסטה,מיליליטרים,500.00,"100 מ""ל",false,1,14.90,2.98,true,1,
7290019274315,false,קוקהנומיקה לבנדר 1.25 ל,,IL,קוקנומיקה לבנדר,ליטרים,1.25,ליטר,false,1,14.90,11.92,true,1,
7290019382041,false,ערכת מסיכת חמצן +מגבונים,,IL,ערכת מסיכת חמצן,יחידה,1.00,יחידה,false,1,319.00,319.00,true,1,
7290028733124,false,שמפו לתלתלים ביוטין קרטי,מיסטר בונד,IL,שמפו לתלתלים ביו,מיליליטרים,1000.00,"100 מ""ל",false,1,49.90,4.99,true,1,
7290100080351,false,שפתון לחות דרימי 302 יח',דנשר,IL,שפתון לחות דרימי,יחידה,1.00,יחידה,false,0,51.90,51.90,true,1,
7290100083543,false,עיפרון גבות וואנדרברו91,סופט טאץ',IL,עיפרון גבות וואנ,יחידה,1.00,יחידה,false,0,29.90,29.90,true,1,
7290100084762,false,FOUNDATION STAY+ מייק אפ,,IT,FOUNDATION STAY+,מיליליטרים,30.00,"100 מ""ל",false,0,93.90,313.00,true,1,
7290100084786,false,FOUNDATION STAY+ מייק אפ,סופט טאץ',IL,+STAY מייקאפ 50,מיליליטרים,30.00,"100 מ""ל",false,0,93.90,313.00,true,1,
7290100087138,false,פודרה מקסי ברונזר15 יח',,TW,פודרה מקסי ברונז,יחידה,1.00,יחידה,false,0,62.90,62.90,true,1,
7290100240137,false,"תרסיס ריחני למייבש כחול בדין 500 מ""ל","זוהר דליה, קיבוץ דליה, 1",IL,תרסיס למייבש,מיליליטרים,500.00,"100 מ""ל",false,0,19.90,3.98,true,1,
7290100240632,false,קרקר פתית 200-300ג' 6 דגנים 250 גרם,יוניליוור ישראל מזון בע\,IL,פתית 6 דגנים,גרמים,250.00,100 גרם,false,0,16.90,6.76,true,1,
7290100243671,false,"מרכך כביסה מרוכז אקסטרה כחול בדין 960 מ""ל",יוניליוור סנאיי וי טיקאר,TR,מרכך כביסה בדין,מיליליטרים,960.00,"100 מ""ל",false,0,18.90,1.97,true,1,
7290100247808,false,נמס בכוס ט.עוף אקסטרה28ג,יוניליוור ישראל מזון בע\,IL,נמס בכוס טעם עוף,גרמים,28.00,100 גרם,false,0,4.90,17.50,true,1,
7290100249086,false,"קליק נוגט לבן כשל""פ35גרם","יונליוור ישראל מזון בע""\",IL,חטיף קליק,גרמים,35.00,100 גרם,false,1,5.90,16.86,true,1,
7290100270509,false,עפרון גבות היי פרסיז'ן01,גייד,IT,עפרון גבות היי פ,יחידה,1.00,יחידה,false,0,39.00,39.00,true,1,
7290100270516,false,עפרון גבות היי פרסיז'ן02,גייד,IT,עפרון גבות היי פ,יחידה,1.00,יחידה,false,0,39.00,39.00,true,1,
7290100273500,false,INTENSE איילנר שחור,גייד,IT,INTENSE איילנר,יחידה,1.00,יחידה,false,0,85.00,85.00,true,1,
7290100273661,false,מסקרה כחולהVOLU INTENSE,גייד,IT,מסקרה כחולהINTE,יחידה,1.00,יחידה,false,0,79.00,79.00,true,1,
7290100274279,false,גייד.ע.ע.היי פרסיז'ן10,גייד,IL,גייד.ע.ע.היי פרס,יחידה,1.00,יחידה,false,0,39.00,39.00,true,1,
7290100366080,false,"קרם יום פעיל 50 מ""ל",,IL,קרם יום פעיל,מיליליטרים,50.00,"100 מ""ל",false,1,220.00,440.00,true,1,
7290100366127,false,קרם יום טיפולי המסייע50מ,,IL,קרם יום טיפולי ה,מיליליטרים,50.00,"100 מ""ל",false,1,220.00,440.00,true,1,
7290100366141,false,"סרום הבהרה טיפולי 30 מ""ל",,IL,סרום הבהרה טיפול,מיליליטרים,30.00,"100 מ""ל",false,1,380.00,1266.67,true,1,
7290100412435,false,קוויק מטליות לחות 99.9% לניקוי כללי בריח פרחי בר 50 יחידות,די.פי.אל,IL,קוויק מגבונים,יחידה,1.00,יחידה,false,1,9.90,9.90,true,1,
7290100412442,false,קוויק מטליות לחות 99.9% לניקוי שירותים ומקלחות בריח מנטה 50 יחידות,די.פי.אל,IL,מגבונים לאמבטיה,יחידה,1.00,יחידה,false,1,9.90,9.90,true,1,
7290100412718,false,"תרחיץ פנים קלאסק מאסק דר עור 150 מ""ל","אמיליה קוסמטיקס בע""מ",IL,ג'ל ניקוי פנים,מיליליטרים,150.00,"100 מ""ל",false,0,23.90,15.93,true,1,
7290100412732,false,דר עור תחליב גוף לעור יבש פרחי בר 400 מל,"אמיליה קוסמטיקס בע""מ",IL,תחליב גוף דר עור,מיליליטרים,400.00,"100 מ""ל",false,1,21.90,5.48,true,1,
7290100412749,false,"תרחיץ פנים לעור יבש וילד פלאור דר עור 150 מ""ל",אמיליה קוסמטיקס בעמ,IL,ג'ל ניקוי פנים,מיליליטרים,150.00,"100 מ""ל",false,0,23.90,15.93,true,1,
7290100412756,false,"קרם ידיים לעור יבש פרחי בר ד""ר עור 100 מ""ל","אמיליה קוסמטיקס בע""מ",IL,קרם ידיים,מיליליטרים,100.00,"100 מ""ל",false,1,10.90,10.90,true,1,
7290100412763,false,"תחליב רחצה קלאסק לבנדר דר עור 700 מ""ל","אמיליה קוסמטיקס בע""מ",IL,תחליב רחצה,מיליליטרים,700.00,"100 מ""ל",false,1,14.90,2.13,true,1,
7290100412770,false,"ד""ר עור - תחליב רחצה קלאסי בניחוח מאסק 700 מ""ל","אמיליה קוסמטיקס בע""מ",IL,תחליב רחצה,מיליליטרים,700.00,"100 מ""ל",false,1,14.90,2.13,true,1,
7290100412787,false,"ד""ר עור - תחליב רחצה קלאסי בניחוח פריחת הכותנה 700 מ""ל","אמיליה קוסמטיקס בע""מ",IL,תחליב רחצה,מיליליטרים,700.00,"100 מ""ל",false,1,14.90,2.13,true,1,
7290100412794,false,דר עור פילינג עדין לפנים קלאסי מאסק 150,"אמיליה קוסמטיקס בע""מ",IL,פילינג פנים,מיליליטרים,150.00,"100 מ""ל",false,0,23.90,15.93,true,1,
7290100412800,false,"תחליב רחצה לעור יבש וילד פלאור דר עור 700 מ""ל","אמיליה קוסמטיקס בע""מ",IL,תחליב רחצה,מיליליטרים,700.00,"100 מ""ל",false,1,14.90,2.13,true,1,
7290100412848,false,DR OR תחליב גוף אנטי אייגינג וניל מעודן 400 מל,"אמיליה קוסמטיקס בע""מ",IL,תחליב גוף,מיליליטרים,400.00,"100 מ""ל",false,1,21.90,5.48,true,1,
7290100653586,false,"דאודורנט ג'ל פרש פיוזן 24/7 ליידי ספיד סטיק 65 מ""ל",ליידי ספיד סטיק Lady Speed Stick,US,ליידי ס.סטיק24/7,גרמים,65.00,100 גרם,false,0,17.90,27.54,true,1,
7290100687109,false,במבה במילוי קרם נוגט 60ג' אסם,"אסם השקעות בע""\מ",IL,במבה נוגט,גרמים,60.00,100 גרם,false,0,5.90,9.83,true,1,
7290100829653,false,בסט מסיר לק ללא אציטו295,חורי-קוסמטיקה,CA,מסיר לק,מיליליטרים,295.00,"100 מ""ל",false,0,10.90,3.69,true,1,
7290100850916,false,דוריטוס חמוץ חריף מעודן 70 גרם כשר לפסח,"שטראוס פריטו ליי בע""\מ )",IL,דוריטוס חמוץ ח,גרמים,70.00,100 גרם,false,0,3.90,5.57,true,1,
7290100850923,false,דוריטוס בטעם גריל 70 גרם,"שטראוס פריטו ליי בע""\מ )",IL,דוריטוס גריל,גרמים,70.00,100 גרם,false,0,3.90,5.57,true,1,
7290100850930,false,דוריטוס בטעם טבעי 70 גרם,"שטראוס פריטו ליי בע""\מ )",IL,חטיף דוריטוס,גרמים,70.00,100 גרם,false,0,3.90,5.57,true,1,
7290100921609,false,סוד סבון לאסלה 4 כדוריות בניחוח אוקיינוס 50 ג',"הנקל סוד בע""\מ",RS,סבון אסלה סוד,גרמים,50.00,100 גרם,false,0,8.90,17.80,true,1,
7290100924464,false,כדוריות סבון נתלה לאסלה עם אקונומיקה - 3 יח',הנקל סוד,HU,סבון אסלה 3 יח,גרמים,150.00,100 גרם,false,1,14.90,9.93,true,1,
7290100924693,false,סוד סבון לאסלה 4 כדוריות בניחוח אוקנומיקה 50 ג',"הנקל סוד בע""\מ",HU,סבון אסלה סוד,גרמים,50.00,100 גרם,false,1,8.90,17.80,true,1,
7290101270096,false,עפרון עינים הי פרסיז'ן12,גייד,IT,עפרון עינים הי פ,יחידה,1.00,יחידה,false,0,39.00,39.00,true,1,
7290101273035,false,לק קריסטל 341 יח',גייד,FR,לק קריסטל 341,יחידה,1.00,יחידה,false,0,29.00,29.00,true,1,
7290101276456,false,לק קריסטל 336 יח',גייד,FR,לק קריסטל 336,יחידה,1.00,יחידה,false,0,29.00,29.00,true,1,
7290101278641,false,OIL MUSK ICON אשה30מל,גייד בישום,IL,PERFUME M-O ICON,מיליליטרים,30.00,"100 מ""ל",false,0,119.00,396.66,true,1,
7290101279112,false,PERFECT MATTE מייקאפ 101,גייד,IT,PERFECT101 MATTE,מיליליטרים,100.00,"100 מ""ל",false,0,125.00,125.00,true,1,
7290101279136,false,PERFECT MATTE מייקאפ 103,גייד,IT,PERFECT103 MATTE,מיליליטרים,30.00,"100 מ""ל",false,0,125.00,416.67,true,1,
7290101488248,false,"ליידי ספיד סטיק - דאודורנט רול און לאישה ורוד פרש פיושן 50 מ""ל",ליידי ספיד סטיק Lady Speed Stick,IT,ליידי ספיד סטיק,מיליליטרים,50.00,"100 מ""ל",false,0,14.90,29.80,true,1,
7290101488286,false,"ליידי ספיד סטיק - דאודורנט ספריי לאישה 24/7 פרש פיוזן ורוד 150 מ""ל",ליידי ספיד סטיק Lady Speed Stick,RU,ליידי ספיד סטיק,מיליליטרים,150.00,"100 מ""ל",false,0,14.90,9.93,true,1,
7290101488316,false,ליידי ספיד סטיק - דאודורנט סטיק לאישה ללא סימן ורוד סטיק 65 גרם,ליידי ספיד סטיק Lady Speed Stick,US,ליידי ספיד סטיק,גרמים,65.00,100 גרם,false,0,17.90,27.54,true,1,
7290101488323,false,ליידי ספיד סטיק - דאודורנט סטיק לאישה ללא סימן ירוק סטיק 65 גרם,ליידי ספיד סטיק Lady Speed Stick,US,ליידי ספיד סטיק,גרמים,65.00,100 גרם,false,0,17.90,27.54,true,1,
7290101551027,false,קפסולות קפה אספרסו חזק במיוחד 14 עלית 10 יח',הנסיך- מפעל לייצור ט,IL,קפסולות מס' 14,גרמים,50.00,100 גרם,false,1,19.90,39.80,true,1,
7290101864127,false,"ספריי להסרת כתמים 750 מ""ל וניש קליה",קליה וניש Kalia Vanish,IL,קליה ספריי,מיליליטרים,750.00,"100 מ""ל",false,0,14.90,1.99,true,1,
7290101865261,false,"פיניש נוזל הברקה למדיח 800 מ""ל",רקיט בנקיזר,PL,פיניש נוזל הברקה,מיליליטרים,800.00,"100 מ""ל",false,0,14.90,1.86,true,1,
7290101866633,false,וניש קליה גל להסרת כתמים 3 ליטר אוקסיפרש,קליה וניש Kalia Vanish,IL,מסיר כתמים וניש,ליטרים,3.00,ליטר,false,0,29.90,9.97,true,1,
7290102060764,false,מרידול מברשת שיניים אריזת זוג,יבואן ומשווק: ש. שסט,CH,2 מברשות שיניים,יחידה,1.00,יחידה,false,0,38.90,38.90,true,1,
7290102060979,false,"אלמקס משחת שיניים למניעת עששת 100מ""ל",יבואן ומשווק: ש. שסט,PL,משחת שיניים,מיליליטרים,100.00,"100 מ""ל",false,0,17.90,17.90,true,1,
7290102062195,false,"משחת שיניים לילדים לגילאי 6-12 אלמקס 75 מ""ל",יבואן ומשווק: ש. שסט,PE,משחת אלמקס,מיליליטרים,75.00,"100 מ""ל",false,0,17.90,23.87,true,1,
7290102290680,false,"פירס או דה קולון 100 מ""ל",,IL,פירס או דה קולון,מיליליטרים,100.00,"100 מ""ל",false,1,459.00,459.00,true,1,
7290102290697,false,"פירס או דה קולון 200 מ""ל",,IL,פירס או דה קולון,מיליליטרים,200.00,"100 מ""ל",false,1,619.00,309.50,true,1,
7290103094522,false,לה בוהנור שמן בושם 30 מל,מרוול בישום,IL,לה בוהנור שמן בו,מיליליטרים,50.00,"100 מ""ל",false,0,79.00,158.00,true,1,
7290103120658,false,דאודורנט ספיד סטיק גל שחור 85 גרם,הנסיך- מפעל לייצור ט,US,דאודורנט,גרמים,85.00,100 גרם,false,0,17.90,21.06,true,1,
7290103124588,false,"סבון נוזלי ארומה בניחוח לבנדר פטצ'ולי פלמוליב 750 מ""ל",הנסיך- מפעל לייצור ט,TR,סבון פלמוליב,מיליליטרים,750.00,"100 מ""ל",false,0,16.90,2.26,true,1,
7290103124601,false,"תחליב רחצה נוזל חלב ודבש משאבה 750מ""ל פלמוליב",הנסיך- מפעל לייצור ט,TR,סבון פלמוליב,מיליליטרים,750.00,"100 מ""ל",false,0,16.90,2.26,true,1,
7290103126797,false,"משחת שיניים קולגייט סנסיטיב פרו רליף 75 מ""ל",הנסיך- מפעל לייצור ט,BR,משחת קולגייט,מיליליטרים,75.00,"100 מ""ל",false,0,19.90,26.53,true,1,
7290103128739,false,מקלוני כותנה לתינוק בלונס 50 יחידות,הנסיך- מפעל לייצור ט,GR,קיסמי אוזניים,יחידה,1.00,יחידה,false,0,8.90,8.90,true,1,
7290103129392,false,ליידי ספיד סטיק פרש אסנס פרח הפרזיה סטיק 65 גר,ליידי ספיד סטיק Lady Speed Stick,US,ליידי ספיד סטיק,גרמים,65.00,100 גרם,false,0,17.90,27.54,true,1,
7290103129408,false,ליידי ספיד סטיק - דאודורנט סטיק לאישה פרש אסנס פריחת הפרדס 65 גרם,ליידי ספיד סטיק Lady Speed Stick,US,ליידי ספיד סטיק,גרמים,65.00,100 גרם,false,0,17.90,27.54,true,1,
7290103330033,false,עפרון עיניים עמיד 303 יח,גייד,IT,עפרון עיניים עמי,יחידה,1.00,יחידה,false,0,49.00,49.00,true,1,
7290103330149,false,עפרון עיניים עמיד 300 יח,גייד,IT,עפרון עיניים 300,יחידה,1.00,יחידה,false,0,49.00,49.00,true,1,
7290103330217,false,GOLD קרם עיניים,גייד,IL,GOLD קרם עיניים,מיליליטרים,30.00,"100 מ""ל",false,0,118.90,396.33,true,1,
7290103331504,false,ליפגלוס קריסטל לייטס501,גייד,IL,ליפגלוס קריסטל ל,יחידה,1.00,יחידה,false,0,79.00,79.00,true,1,
7290103331726,false,פודרה ריץ אנד מוייסט13,גייד,IT,פודרה ריץ אנד מו,יחידה,1.00,יחידה,false,0,85.00,85.00,true,1,
7290103332266,false,LONGEVITY מייק אפ 501,גייד,IT,LONGEVITY 501,מיליליטרים,30.00,"100 מ""ל",false,0,135.00,450.00,true,1,
7290103332273,false,LONGEVITY מייק אפ 502,גייד,IT,LONGEVITY מייקאפ,מיליליטרים,30.00,"100 מ""ל",false,0,135.00,450.00,true,1,
7290103334208,false,IDYLLIC מסקרה שחורה,גייד,DE,IDYLLIC מסקרה,יחידה,1.00,יחידה,false,0,57.90,57.90,true,1,
7290103334321,false,BLACK VANILLA ICON שמן,גייד בישום,IL,VANILLA ICON שמן,מיליליטרים,30.00,"100 מ""ל",false,0,119.00,396.66,true,1,
7290103334338,false,BLACK VANILLA ICON לאשה,גייד בישום,IL,VANILLA ICON אשה,מיליליטרים,50.00,"100 מ""ל",false,0,109.00,218.00,true,1,
7290103334659,false,ICON דאודורנט לאשה125 מל,גייד בישום,IL,ICON דאודורנט,מיליליטרים,125.00,"100 מ""ל",false,0,49.00,39.20,true,1,
7290103336707,false,גייד לונגויטי קרם לילה 50 מל,דניה,IL,LONGEVITY קרם,מיליליטרים,50.00,"100 מ""ל",false,0,148.00,296.00,true,1,
7290103336738,false,עפרון עיניים מטאליק100,גייד,IT,עפרון עיניים מטא,יחידה,1.00,יחידה,false,0,49.00,49.00,true,1,
7290103336745,false,עפרון עיניים מטאליק101,גייד,IT,עפרון עיניים מטא,יחידה,1.00,יחידה,false,0,49.00,49.00,true,1,
7290103336899,false,גייד לונגויטי קרם עיניים 15 מל,דניה,IL,LONGEVITY עיניים,מיליליטרים,15.00,"100 מ""ל",false,0,109.90,732.67,true,1,
7290103337124,false,היילייטר ריץ&מויסט11 יח',גייד,IT,היילייטר ריץ&מוי,יחידה,1.00,יחידה,false,0,79.00,79.00,true,1,
7290103337131,false,היילייטר ריץ&מויסט12 יח',גייד,IT,היילייטר ריץ&מוי,יחידה,1.00,יחידה,false,0,79.00,79.00,true,1,
7290103337322,false,גייד גל ניקוי פנים לעור רגיל-יבש ורד 200,דניה,IL,ג'ל ניקוי רגיל-,מיליליטרים,200.00,"100 מ""ל",false,0,45.00,22.50,true,1,
7290103337353,false,גייד גל ניקוי פנים לעור מעורב-שמן ורד200,דניה,IL,GENTLE ג'ל מ-ש,מיליליטרים,200.00,"100 מ""ל",false,0,45.00,22.50,true,1,
7290103704957,false,מגבות נייר 3 שכבות ענק3ג,,IL,מגבות 3גלילי ענק,מטרים,57.00,מטר,false,1,19.90,0.35,true,1,
7290103704964,false,נייר טואלט 3 שכבות 9 גל,,IL,נייר טואלט 9 גל,מטרים,277.00,מטר,false,1,34.90,0.13,true,1,
7290104068539,false,מאסט פליפטופ מלון ואבטיח ללא גרעינים,"שטראוס גרופ בע""מ",IL,מסטיק מאסט,גרמים,28.00,100 גרם,false,0,4.50,16.07,true,1,
7290104367649,false,אוליב קרם אנטי אייג'ינג 50מ'ל,,IL,קרם אנטי אייג'ינ,מיליליטרים,50.00,"100 מ""ל",false,1,24.90,49.80,true,1,
7290104367656,false,אוליב קרם לחות לעור רגיל מעורב 50מ'ל,,IL,קרם לחות לעור רג,מיליליטרים,50.00,"100 מ""ל",false,1,24.90,49.80,true,1,
7290104500572,false,אפרופו חטיף תירס איטליאנו אסם 50 גרם,מיוצר עי קונדיטוריית,IL,אפרופו איטליאנו,גרמים,50.00,100 גרם,false,0,5.90,11.80,true,1,
7290104960031,false,שפתון קולור קוד B13,קרליין,IL,שפתון קולור קוד,יחידה,1.00,יחידה,false,0,59.90,59.90,true,1,
7290104960055,false,קרליין - שפתון קולור קוד B15,קרליין,IL,שפתון קולור קוד,יחידה,1.00,יחידה,false,0,59.90,59.90,true,1,
7290104960123,false,שפתון קולור קוד N42,קרליין,IL,שפתון קולור קוד,יחידה,1.00,יחידה,false,0,59.90,59.90,true,1,
7290104960147,false,שפתון קולור קוד N44,קרליין,,שפתון קולור קוד,יחידה,1.00,יחידה,false,0,59.90,59.90,true,1,
7290104960154,false,שפתון קולור קוד N45,קרליין,IL,שפתון קולור קוד,יחידה,1.00,יחידה,false,0,59.90,59.90,true,1,
7290104960178,false,שפתון קולור קוד P32,קרליין,IL,שפתון קולור קוד,יחידה,1.00,יחידה,false,0,59.90,59.90,true,1,
7290104960192,false,שפתון קולור קוד P34,קרליין,IL,שפתון קולור קוד,יחידה,1.00,יחידה,false,0,59.90,59.90,true,1,
7290104960239,false,"תחליב רחצה נקה 7 ארומה לבן 750 מ""ל",טרופיקל דגיל תעשיות קוסמ,IL,תחליב רחצה נקה 7,מיליליטרים,750.00,"100 מ""ל",false,0,12.90,1.72,true,1,
7290104960246,false,"נקה 7 - תחליב רחצה ורד ויסמין 750 מ""ל",טרופיקל דגיל תעשיות קוסמ,IL,תחליב רחצה נקה 7,מיליליטרים,750.00,"100 מ""ל",false,0,12.90,1.72,true,1,
7290104960253,false,"תחליב רחצה נקה 7 לבנדר סגול 750מ""ל",טרופיקל דגיל תעשיות קוסמ,IL,תחליב רחצה נקה 7,מיליליטרים,750.00,"100 מ""ל",false,0,12.90,1.72,true,1,
7290104960338,false,"נקה 7 תחליב רחצה ארומה אלוורה ותה ירוק 750מ""ל",טרופיקל דגיל תעשיות קוסמ,IL,תחליב רחצה נקה 7,מיליליטרים,750.00,"100 מ""ל",false,0,12.90,1.72,true,1,
7290104960475,false,לקה 383,קרליין,IL,לקה 383,יחידה,1.00,יחידה,false,0,14.90,14.90,true,1,
7290104960857,false,שפתון ליפקולור711אבר לסט,קרליין,IL,שפתון ליפקולור,יחידה,1.00,יחידה,false,0,64.90,64.90,true,1,
7290104960864,false,קרליין - שפתון ליפ קולור 712,קרליין,IL,שפתון ליפקולור,יחידה,1.00,יחידה,false,0,64.90,64.90,true,1,
7290104960932,false,זוג סמקים מס' 1,קרליין,,זוג סמקים,יחידה,1.00,יחידה,false,0,49.90,49.90,true,1,
7290104961229,false,"מי פנים לניקוי, הסרה ורענון הפנים לעור רגיל או יבש",קרליין Careline,IL,מי פנים,מיליליטרים,260.00,"100 מ""ל",false,0,39.90,15.35,true,1,
7290104961366,false,קרליין - שפתון קולור מאט 25,קרליין,IL,שפתון,יחידה,1.00,יחידה,false,1,64.90,64.90,true,1,
7290104961403,false,"סקינגארד - קרם הגנה לפנים לילדים 60 מ""ל SPF50",אמיליה קוסמטיקס,IL,סקין גארד,מיליליטרים,60.00,"100 מ""ל",false,0,39.90,66.50,true,1,
7290104961489,false,סקין גארד תרסיס הגנה תחליב ילדים 300 50,מיוצר עי : אמיליה קוסמטי,IL,ספריי משפחתי 50,מיליליטרים,300.00,"100 מ""ל",false,1,49.90,16.63,true,1,
7290104961526,false,דאודורנט ספריי גוף טיטניום קלאסיק Titanium Classic,"אמיליה קוסמטיקס בע""מ",IL,טיטניום ספריי,מיליליטרים,150.00,"100 מ""ל",false,0,16.90,11.27,true,1,
7290104961533,false,דאודורנט ספריי גוף טיטניום בלק Titanium Black,אמיליה קוסמטיקס,IL,טיטניום ספריי,מיליליטרים,150.00,"100 מ""ל",false,0,16.90,11.27,true,1,
7290104961557,false,"טיטניום - דאודורנט ספריי לגבר בלו 150 מ""ל","אמיליה קוסמטיקס בע""מ",IL,טיטניום ספריי,מיליליטרים,150.00,"100 מ""ל",false,0,16.90,11.27,true,1,
7290104961663,false,קרליין - מברשת צללית שטוחה 04,קרליין,CN,מברשת צלליות,יחידה,1.00,יחידה,false,0,24.90,24.90,true,1,
7290104961687,false,קרליין - מברשת פודרה וברונזר 02,קרליין,CN,מברשת 02,יחידה,1.00,יחידה,false,0,34.90,34.90,true,1,
7290104961830,false,קרליין - עפרון עיניים עם חידוד 116,קרל.איפור/טיפוח,IL,עפרון עינים חידו,יחידה,1.00,יחידה,false,0,29.90,29.90,true,1,
7290104961878,false,"שמפו לשיער קרטין אינטנס פורמולה 400 מ""ל נטורל",נטורל פורמולה Natural Formula,IL,שמפו קרטין,מיליליטרים,400.00,"100 מ""ל",false,0,29.90,7.48,true,1,
7290104961885,false,מרכך קרטין טהור לשיער שעבר החלקה או עיצוב בחום,נטורל פורמולה Natural Formula,IL,מרכך קרטין,מיליליטרים,400.00,"100 מ""ל",false,0,29.90,7.48,true,1,
7290104961908,false,נ.פורמולה קרטין אינטנס סרום לשיער 145 מל,נטורל פורמולה Natural Formula,IL,סרום קרטין,מיליליטרים,145.00,"100 מ""ל",false,0,49.90,34.41,true,1,
7290104961915,false,קרליין - מסקרה בולד שחור,קרליין,IT,BOLD מסקרה שחורה,יחידה,1.00,יחידה,false,1,69.90,69.90,true,1,
7290104962073,false,דאודורנט ספריי גוף טיטניום גולד Titanium Gold,"אמיליה קוסמטיקס בע""מ",IL,דאו.טיטניום,מיליליטרים,180.00,"100 מ""ל",false,0,16.90,9.39,true,1,
7290104962134,false,דאודורנט קרליין רול און נושם לנערות ללא אלומיניום,מיוצר עי : אמיליה קוסמטי,IL,רול און נושם,מיליליטרים,75.00,"100 מ""ל",false,0,13.90,18.53,true,1,
7290104962295,false,מייק אפ סטיי לונג קפוצ'י,קרל.איפור/טיפוח,IL,מייק אפ סטיי לונ,מיליליטרים,30.00,"100 מ""ל",false,0,89.90,299.67,true,1,
7290104962332,false,סקינגארד ספריי לילדSPF50,מיוצר עי : אמיליה קוסמטי,IL,סקינגארד ספריי,מיליליטרים,260.00,"100 מ""ל",false,0,49.90,19.19,true,1,
7290104962356,false,קרליין אנטי גרויטי ק.יום פנים צווארSPF15,קרליין,IL,קרם יום,מיליליטרים,50.00,"100 מ""ל",false,1,140.00,280.00,true,1,
7290104962370,false,קרליין אנטי גרויטי סרום,קרליין,IL,ANTI סרום,מיליליטרים,30.00,"100 מ""ל",false,1,140.00,466.67,true,1,
7290104962387,false,קרליין אנטי גרויטי ק.עיניים,קרל.איפור/טיפוח,IL,GRAVITY ANTI קרם,מיליליטרים,15.00,"100 מ""ל",false,0,140.00,933.33,true,1,
7290104962462,false,"טיטניום - קוונטום בושם לגבר א.ד.ט 100 מ""ל",קרליין,IL,טיטניום,מיליליטרים,100.00,"100 מ""ל",false,1,79.00,79.00,true,1,
7290104962509,false,נ.פורמולה קרם הגנה קרטין אינטנס,נטורל פורמולה Natural Formula,IL,קרם קרטין,מיליליטרים,145.00,"100 מ""ל",false,0,39.90,27.52,true,1,
7290104962554,false,סט איפור מקצועי,קרליין,IL,סט איפור מקצועי,יחידה,1.00,יחידה,false,1,100.00,100.00,true,1,
7290104962608,false,קרליין - שפתון ליפ קולור 715,קרליין,IL,שפתון,יחידה,1.00,יחידה,false,1,64.90,64.90,true,1,
7290104962615,false,שפתון ליפ קולור 716,קרליין,IL,שפתון,יחידה,1.00,יחידה,false,1,64.90,64.90,true,1,
7290104962653,false,שפתון ליפ קולור 720,קרליין,IL,שפתון,יחידה,1.00,יחידה,false,1,64.90,64.90,true,1,
7290104962707,false,קרליין 25 מגבונים להסרת איפור דיספנסר,קרליין,IL,מגבונים לפנים,יחידה,1.00,יחידה,false,1,14.90,14.90,true,1,
7290104962844,false,"שמפו אמפולה לטיפול אינטנסיבי לשיער יבש, צבוע ופגום",נטורל פורמולה Natural Formula,IL,שמפו אמפולה,מיליליטרים,400.00,"100 מ""ל",false,1,29.90,7.48,true,1,
7290104962851,false,"מרכך אמפולה לטיפול אינטנסיבי לשיער יבש, צבוע ופגום",נטורל פורמולה Natural Formula,IL,מרכך אמפולה,מיליליטרים,400.00,"100 מ""ל",false,1,29.90,7.48,true,1,
7290104962868,false,"מסכת אמפולה לטיפול אינטנסיבי לשיער יבש, צבוע ופגום",נטורל פורמולה Natural Formula,IL,מסכת אמפולה,מיליליטרים,350.00,"100 מ""ל",false,1,39.90,11.40,true,1,
7290104962981,false,אנקובר גלואו א.ד.ט 100מל,קרליין,IL,אנקובר גלואו אדט,מיליליטרים,100.00,"100 מ""ל",false,1,128.00,128.00,true,1,
7290104963018,false,סופטקר מגבונים לחים רביעייה ללא בישום,החברה הדרומית,IL,מגבונים סופטקר,יחידה,1.00,יחידה,false,1,19.90,19.90,true,1,
7290104963056,false,קרליין - מסקרה בולד כחול כהה,קרליין,IT,מסקרה כחול,יחידה,1.00,יחידה,false,1,69.90,69.90,true,1,
7290104963155,false,"סופטקר שמן לתינוקות 500 מ""ל",קוסמופארם בע'\'\מ,IL,סופטקר שמן,מיליליטרים,500.00,"100 מ""ל",false,1,25.90,5.18,true,1,
7290104963162,false,"סופטקר - קרם גוף לתינוקות 500 מ""ל",קוסמופארם בע'\'\מ,IL,סופטקר קרם גוף,מיליליטרים,500.00,"100 מ""ל",false,1,23.90,4.78,true,1,
7290104963216,false,סופטקר - אל סבון עדין לתינוק לעור רגיש 1 ליטר,קוסמופארם בע'\'\מ,IL,סופטקר אל סבון,ליטרים,1.00,ליטר,false,1,18.90,18.90,true,1,
7290104963223,false,סופטקר - אל סבון עדין לתינוק לעור רגיש 1 ליטר,קוסמופארם בע'\'\מ,IL,סופטקר אל סבון,ליטרים,1.00,ליטר,false,1,18.90,18.90,true,1,
7290104963278,false,BOOST HYDRA מייק אפ 401,קרל.איפור/טיפוח,IL,HYDRAמייקאפ 401,מיליליטרים,30.00,"100 מ""ל",false,0,99.90,333.00,true,1,
7290104963285,false,"קרליין - מייק אפ הידרה בוסט 402 30 מ""ל",קרל.איפור/טיפוח,IL,HYDRAמייקאפ 400,מיליליטרים,30.00,"100 מ""ל",false,0,99.90,333.00,true,1,
7290104963292,false,"קרליין - מייק אפ הידרה בוסט 403 30 מ""ל",קרל.איפור/טיפוח,IL,BOST HIDRA מק אפ,מיליליטרים,30.00,"100 מ""ל",false,0,99.90,333.00,true,1,
7290104963308,false,"קרליין - מייק אפ הידרה בוסט 404 30 מ""ל",קרל.איפור/טיפוח,IL,מייק אפ הידרה בו,מיליליטרים,30.00,"100 מ""ל",false,0,99.90,333.00,true,1,
7290104963360,false,קרליין - עפרון שפתיים עם חידוד 168,קרל.איפור/טיפוח,IL,עפרון שפתיים חיד,יחידה,1.00,יחידה,false,0,29.90,29.90,true,1,
7290104963391,false,לק 400,קרל.איפור/טיפוח,IL,לק 400,יחידה,1.00,יחידה,false,0,14.90,14.90,true,1,
7290104963544,false,קרליין - פרו ערכת צלליות,פארפארם,IL,סט קונטור,יחידה,1.00,יחידה,false,1,71.90,71.90,true,1,
7290104963629,false,פיק מי אפ פלטה יח',,IL,פיק מי אפ פלטה,יחידה,1.00,יחידה,false,1,39.90,39.90,true,1,
7290104963636,false,קרליין - שפתון קולור מאט 31,קרל.איפור/טיפוח,IL,שפתון קולור מאט,יחידה,1.00,יחידה,false,0,64.90,64.90,true,1,
7290104963643,false,קרליין פלטת קונסילרים יח,קרליין,IL,קרליין פלטת קונס,יחידה,1.00,יחידה,false,1,69.90,69.90,true,1,
7290104963650,false,נקה 7 שמפו אל דמע סופטקר 1 ליטר,קוסמופארם בע'\'\מ,IL,סופטקר שמפו,ליטרים,1.00,ליטר,false,1,18.90,18.90,true,1,
7290104963728,false,"אנקובר דייזר שמן 30 מ""ל",קרליין,IL,אנקובר דייזר שמן,מיליליטרים,30.00,"100 מ""ל",false,1,69.00,230.00,true,1,
7290104963780,false,37 קולור מאט מאט,קרליין,IL,37 קולור,יחידה,1.00,יחידה,false,0,64.90,64.90,true,1,
7290104963933,false,קרליין שמן 360 לטיפול וטיפוח הפנים והגוף,קרליין,IL,שמן 360,מיליליטרים,360.00,"100 מ""ל",false,1,59.90,16.64,true,1,
7290104963957,false,"קרליין - תרחיץ פנים אויל פרי 300 מ""ל",General,IL,תרחיץ פנים אוייל,מיליליטרים,300.00,"100 מ""ל",false,1,34.90,11.63,true,1,
7290104963971,false,"סקינגארד - ספריי שקוף לעור בהיר מאוד 300 מ""ל SPF50",מיוצר עי : אמיליה קוסמטי,IL,סקינגאד ספריי,מיליליטרים,300.00,"100 מ""ל",false,1,49.90,16.63,true,1,
7290104964008,false,"סקינגארד - ספריי תחליב הגנה מהשמש לילדים 300 מ""ל SPF30",מיוצר עי : אמיליה קוסמטי,IL,סקינגארד ספריי,מיליליטרים,300.00,"100 מ""ל",false,1,49.90,16.63,true,1,
7290104964022,false,"סקינגארד - ספריי שקוף לילדים לעור רטוב 300 מ""ל SPF50",מיוצר עי : אמיליה קוסמטי,IL,סקינגארד,מיליליטרים,300.00,"100 מ""ל",false,1,49.90,16.63,true,1,
7290104964039,false,סקינגארד ת.הגנה לילדים SPF50 250 מל,מיוצר עי : אמיליה קוסמטי,IL,סקינגאד לילדים,מיליליטרים,250.00,"100 מ""ל",false,1,39.90,15.96,true,1,
7290104964084,false,"קרליין - מולטי אפקט קרם יום 50 מ""ל 25SPF",זוהר קוסמטיקה,IL,EFFECT MULTI קרם,מיליליטרים,50.00,"100 מ""ל",false,1,44.90,89.80,true,1,
7290104964190,false,קרליין קליר סקין מסכה מתחממת,קרל.איפור/טיפוח,IL,קליר סקין מסכה מ,מיליליטרים,100.00,"100 מ""ל",false,0,64.90,64.90,true,1,
7290104964206,false,ג'ל מיסלרי להסרת איפור וניקוי הפנים והעיניים,אמיליה קוסמטיקס,IL,ג'ל מיסלרי,מיליליטרים,260.00,"100 מ""ל",false,1,39.90,15.35,true,1,
7290104964213,false,"קרליין - פילינג פנים לניקוי עמוק 150 מ""ל",אמיליה קוסמטיקס,IL,פילינג לפנים,מיליליטרים,150.00,"100 מ""ל",false,1,34.90,23.27,true,1,
7290104964237,false,ספריי מ.אפ לרגל מדיום150,אמיליה קוסמטיקס,IL,ספריי מייק אפ,מיליליטרים,150.00,"100 מ""ל",false,1,74.90,49.93,true,1,
7290104964251,false,"תרחיץ פנים פעולה משולשת מסכה, פילינג וניקוי","קוסמופארם בע""\מ",IL,תרחיץ פנים,מיליליטרים,150.00,"100 מ""ל",false,1,34.90,23.27,true,1,
7290104964411,false,"קרליין - ספריי מקבע איפור 145 מ""ל",קרליין,IL,מקבע איפור ספריי,מיליליטרים,145.00,"100 מ""ל",false,0,39.90,27.52,true,1,
7290104964428,false,קרליין - קונסילר כיסוי גבוה 01,,IL,קונסילר לכיסוי מ,יחידה,1.00,יחידה,false,1,54.90,54.90,true,1,
7290104964466,false,קרליין - מסקרה בולד מעגלת שחור,,IL,BOLD מסקרה מעגלת,יחידה,1.00,יחידה,false,1,69.90,69.90,true,1,
7290104964473,false,קרליין - מסקרה בולד סטיי לונג שחור,,IL,BOLD מסקרה שחורה,יחידה,1.00,יחידה,false,1,69.90,69.90,true,1,
7290104964558,false,"טיטניום - לג'נט בושם לגבר א.ד.ט 100 מ""ל",,IL,טיטניום LEGEND א,מיליליטרים,100.00,"100 מ""ל",false,1,99.00,99.00,true,1,
7290104964565,false,קרליין מסכה מתקלפת לניקוי לכל סוגי העור,פאר פארם בעמ,IL,מסכה מתקלפת שחור,מיליליטרים,150.00,"100 מ""ל",false,1,49.90,33.27,true,1,
7290104964572,false,קרליין מסכה מתקלפת לחות והזנה לכל סוגי ה,פאר פארם בעמ,IL,מסכה מתקלפת זהב,מיליליטרים,150.00,"100 מ""ל",false,1,49.90,33.27,true,1,
7290104964596,false,"STORY - ילנג ילנג בושם לאישה א.ד.פ 50 מ""ל",קרליין,IL,YLANG STORY,מיליליטרים,50.00,"100 מ""ל",false,1,69.00,138.00,true,1,
7290104964725,false,סטיק הגנה שקוף SPF50 לפנים לילדים 13 ג' סקין גארד,סקינגארד,IL,סטיק הגנה שקוף,גרמים,13.00,100 גרם,false,1,56.90,437.69,true,1,
7290104964770,false,"קרליין - ספלאש קרם לילה 50 מ""ל",קרליין Careline,IL,ספלאש קרם לילה,מיליליטרים,50.00,"100 מ""ל",false,1,79.90,159.80,true,1,
7290104964800,false,"קרליין - קרם רב תכליתי המפ 50 מ""ל",אגיס,IL,המפ קרם יום,מיליליטרים,50.00,"100 מ""ל",false,1,79.90,159.80,true,1,
7290104964824,false,קרליין המפ שמן מזין לעור 30 מל,אגיס,IL,המפ שמן לפנים,מיליליטרים,30.00,"100 מ""ל",false,1,79.90,266.33,true,1,
7290104964916,false,קרליין - מגבונים להסרת איפור דו פאזי 25 יח',קוסמופארם,IL,מגבוני דו פזי פח,יחידה,1.00,יחידה,false,1,14.90,14.90,true,1,
7290104964930,false,קרליין - פיגמנט ללחיים ולשפתיים,,IL,ליפ טיינט שפתון,מיליליטרים,10.00,"100 מ""ל",false,1,39.90,399.00,true,1,
7290104964947,false,"קרלין - תרחיץ ניקוי פנים ויטמין סי 300 מ""ל","קוסמופארם בע""\מ",IL,ויטמין Cתרחיץ פנ,מיליליטרים,300.00,"100 מ""ל",false,1,34.90,11.63,true,1,
7290104964978,false,קרליין מסכת בד פחם טבעי לטיהור וניקוי הע,קרליין,IL,מסכת בד טיפוח פח,יחידה,1.00,יחידה,false,1,10.00,10.00,true,1,
7290104965005,false,קונסילר לכיסוי מלא 00 יח,,IL,קונסילר לכיסוי מ,יחידה,1.00,יחידה,false,1,54.90,54.90,true,1,
7290104965029,false,שפתון קולור גלוס 40 יח',,IL,שפתון קולור גלוס,יחידה,1.00,יחידה,false,1,39.90,39.90,true,1,
7290104965050,false,שפתון קולור גלוס 45 יח',,IL,שפתון קולור גלוס,יחידה,1.00,יחידה,false,1,39.90,39.90,true,1,
7290104965067,false,שפתון קולור גלוס 44,,IL,שפתון קולור גלוס,יחידה,1.00,יחידה,false,1,39.90,39.90,true,1,
7290104965074,false,שפתון קולור גלוס 42 יח',,IL,שפתון קולור גלוס,יחידה,1.00,יחידה,false,1,39.90,39.90,true,1,
7290104965104,false,"קרליין - פרו רטינול מתקן קרם לילה 50 מ""ל",General,IL,רטינול קרם לילה,מיליליטרים,50.00,"100 מ""ל",false,1,69.90,139.80,true,1,
7290104965128,false,סט 9 צלליות 01 נטורל,לג'ו שיאנג,CN,סט 9 צלליות 01,יחידה,1.00,יחידה,false,1,79.90,79.90,true,1,
7290104965593,false,מארז פאודר בלאק יח',,IL,מארז פאודר בלאק,יחידה,1.00,יחידה,false,1,99.00,99.00,true,1,
7290104965647,false,קרליין דאו רול און נושם סוויט קיס לנערות,מיוצר עי : אמיליה קוסמטי,IL,דאורדורנט רול א,מיליליטרים,75.00,"100 מ""ל",false,1,13.90,18.53,true,1,
7290104965654,false,קרליין נושם דאו סטיק סוויט קיס לנערות 50,מיוצר עי : אמיליה קוסמטי,IL,דאורדורנט סטיק,מיליליטרים,50.00,"100 מ""ל",false,1,18.90,37.80,true,1,
7290104965661,false,קרליין דאו ספרי נושם סוויט קיס לנערות150,"אמיליה קוסמטיקס בע""מ",IL,דאודורנט ספריי,מיליליטרים,150.00,"100 מ""ל",false,1,13.90,9.27,true,1,
7290104969850,false,"קרליין - פרו קולגן בוסטר 30 מ""ל",אגיס,IL,BOOSTER קולגן,מיליליטרים,30.00,"100 מ""ל",false,1,69.90,233.00,true,1,
7290104969881,false,קרליין בוסטר סרום חומצה היאלורונית 30 מל,אגיס,IL,BOOSTER חומצה הי,מיליליטרים,30.00,"100 מ""ל",false,1,69.90,233.00,true,1,
7290104969959,false,"קרליין - פאוור סי מסיכה ויטמין סי 120 מ""ל",אגיס,IL,פאוור סי מסיכה ל,מיליליטרים,120.00,"100 מ""ל",false,1,49.90,41.59,true,1,
7290105351173,false,חלבון אפונה וניל 700גרם,סיטי תוספי מזון,IL,חלבון אפונה וניל,גרמים,700.00,100 גרם,false,1,129.90,18.56,true,1,
7290105351180,false,חלבון אפונה עוגיות פיור פי 700 גרם,סיטי תוספי מזון,IL,חלבון אפונה עוגי,גרמים,700.00,100 גרם,false,1,129.90,18.56,true,1,
7290105351197,false,פאוארטק חלבון אפונה בננה,סיטי תוספי מזון,IL,פאוארטק חלבון,גרמים,700.00,100 גרם,false,1,129.90,18.56,true,1,
7290105351234,false,חלבון סויה עוגיות 700ג,סיטי תוספי מזון,IL,חלבון סויהעוגיות,גרמים,700.00,100 גרם,false,1,129.90,18.56,true,1,
7290105360250,false,קפסולות 09 עשיר וארומטי למכונת נספרסו עלית 10יח',הנסיך- מפעל לייצור ט,IL,קפסולות קפה,גרמים,50.00,100 גרם,false,0,19.90,39.80,true,1,
7290105360335,false,קפסולות אספרסו למכונות נספרסו 50 גר,הנסיך- מפעל לייצור ט,IL,קפסולות מס' 7,גרמים,50.00,100 גרם,false,0,19.90,39.80,true,1,
7290105363602,false,מקלות כיף כף קלאסי עלית 40 גרם,שולן צ'\יקולטה גידה סאן.,TR,כיף כף מקלות,גרמים,40.00,100 גרם,false,0,5.90,14.75,true,1,
7290105364289,false,מקלות כיף כף פצפוצים עלית 40 גרם,שולן צ'\יקולטה גידה סאן.,TR,כיף כף מקלות,גרמים,40.00,100 גרם,false,0,5.90,14.75,true,1,
7290105430441,false,פלמוליב ס.נוזלי סחלב שחור 750 מל משאבה,הנסיך- מפעל לייצור ט,TR,סבון פלמוליב,מיליליטרים,750.00,"100 מ""ל",false,0,16.90,2.26,true,1,
7290105430458,false,"פלמוליב - תחליב רחצה נטורלס שקדים 750 מ""ל",הנסיך- מפעל לייצור ט,TR,סבון פלמוליב,מיליליטרים,750.00,"100 מ""ל",false,0,16.90,2.26,true,1,
7290105430496,false,ליידי ספיד סטיק סטיינגארד ספריי,קולגייט-פלמוליב,RU,דאו.ספיד סטיק,מיליליטרים,165.00,"100 מ""ל",false,0,14.90,9.03,true,1,
7290105431868,false,"פלמוליב ספא קוקוס גרגרים נוזלי 500 מ""ל",הנסיך- מפעל לייצור ט,TR,פלמוליב ספא,מיליליטרים,500.00,"100 מ""ל",false,0,17.90,3.58,true,1,
7290105431950,false,ליידי ספיד סטיק פרש אסנס דאו ספריי פרפקט,קולגייט-פלמוליב,RU,ליידי ספיד סטיק,מיליליטרים,150.00,"100 מ""ל",false,0,14.90,9.93,true,1,
7290105433961,false,"ליידי ספיד סטיק לסס פרש אסנס ספריי דובדבן, 150 מ""ל",קולגייט-פלמוליב,RU,ליידי ספיד סטיק,מיליליטרים,150.00,"100 מ""ל",false,0,14.90,9.93,true,1,
7290105434029,false,"ספיד סטיק - דאודורנט ספריי לגבר נוטרו פאואר 150 מ""ל",קולגייט-פלמוליב,RU,דאו. ספיד סטיק,מיליליטרים,150.00,"100 מ""ל",false,0,14.90,9.93,true,1,
7290105434050,false,ספיד סטיק - דאודורנט סטיק לגבר XL ירוק רגיולר 85 גרם,קולגייט פלמוליב,US,דאו. ספיד סטיק,גרמים,85.00,100 גרם,false,1,17.90,21.06,true,1,
7290105434067,false,ספיד סטיק - דאודורנט סטיק לגבר XL אושן סרף 85 גרם,קולגייט פלמוליב,US,דאו. ספיד סטיק,גרמים,85.00,100 גרם,false,1,17.90,21.06,true,1,
7290105691248,false,אסם חטיפי פריכונים טורטייה תירס 60 גרם,"פרח תעשיות מזון בע""מ.",IL,קריספי טורטיה,גרמים,60.00,100 גרם,false,0,10.90,18.17,true,1,
7290105968777,false,פריכיות 5 דגנים עם תחתית שוקולד מריר 70 גרם,"טחנת האבן תעשיות בע""",IL,פריכיות + שוקולד,גרמים,70.00,100 גרם,false,0,8.90,12.71,true,1,
7290106255623,false,פרמ.מארז מינרלי חגיגי,ים המלח פרמייר,IL,פרמ.מארז מינרלי,יחידה,1.00,יחידה,false,0,149.90,149.90,true,1,
7290106262560,false,סאן&קאר קרם פנים SPF50מ'ל,אמיליה,IL,סאן&קאר קרם פנים,מיליליטרים,60.00,"100 מ""ל",false,1,19.90,33.17,true,1,
7290106266797,false,עפרון עינים ג'ל221יח',א.פ.חורי,IL,עפרון עינים ג'ל,יחידה,1.00,יחידה,false,1,15.90,15.90,true,1,
7290106266810,false,עפרון עינים ג'ל 224 יח',א.פ.חורי,IL,עפרון עינים ג'ל,יחידה,1.00,יחידה,false,1,15.90,15.90,true,1,
7290106266827,false,עפרון עינים ג'ל 224 יח',א.פ.חורי,IL,עפרון עינים ג'ל,יחידה,1.00,יחידה,false,1,15.90,15.90,true,1,
7290106266841,false,עפרון עינים ג'ל 226 יח',א.פ.חורי,IL,עפרון עינים ג'ל,יחידה,1.00,יחידה,false,1,15.90,15.90,true,1,
7290106269705,false,לסרה חלב פנים מועשר בתה ירוק ומלפפונים250מ,,IL,חלב פנים מועשר ב,מיליליטרים,250.00,"100 מ""ל",false,1,17.90,7.16,true,1,
7290106269736,false,לסרה מסיר איפור דו פאזי מועשר בתה ירוק ומל,,IL,מסיר איפור דו פא,מיליליטרים,250.00,"100 מ""ל",false,1,17.90,7.16,true,1,
7290106290358,false,PEARL ICON א.ד.פ לאשה,גייד בישום,IL,PEARL ICON לאשה,מיליליטרים,50.00,"100 מ""ל",false,0,159.00,318.00,true,1,
7290106290686,false,עפרון שפתיים עמיד82 יח',גייד,IT,עפרון שפתיים 82,יחידה,1.00,יחידה,false,0,49.00,49.00,true,1,
7290106290693,false,עפרון שפתיים עמיד83 יח',גייד,IT,עפרון שפתיים 83,יחידה,1.00,יחידה,false,0,49.00,49.00,true,1,
7290106290709,false,עפרון שפתיים עמיד84 יח',גייד,IT,עפרון שפתיים 84,יחידה,1.00,יחידה,false,0,49.00,49.00,true,1,
7290106290723,false,עפרון שפתיים עמיד86 יח',גייד,IT,עפרון שפתיים 86,יחידה,1.00,יחידה,false,0,49.00,49.00,true,1,
7290106290730,false,עפרון שפתיים עמיד87 יח',גייד,IT,עפרון שפתיים 87,יחידה,1.00,יחידה,false,0,49.00,49.00,true,1,
7290106290747,false,עפרון שפתיים עמיד88 יח',גייד,IT,עפרון שפתיים 88,יחידה,1.00,יחידה,false,0,49.00,49.00,true,1,
7290106290761,false,עפרון שפתיים עמיד90 יח',גייד,IT,עפרון שפתיים 90,יחידה,1.00,יחידה,false,0,49.00,49.00,true,1,
7290106290785,false,גייד חלב פנים ומי פנים בתכשיר אחד 200 מל,דניה,IL,חלב ומי פנים,מיליליטרים,200.00,"100 מ""ל",false,0,45.00,22.50,true,1,
7290106291119,false,מייק אפ איידליק 304 30מל,גייד,IT,מייק אפ איידל304,מיליליטרים,30.00,"100 מ""ל",false,0,135.00,450.00,true,1,
7290106291805,false,פודרה אידיליק מינרלית101,גייד,IT,פודרה אידיליק מי,יחידה,1.00,יחידה,false,0,109.00,109.00,true,1,
7290106292079,false,סומק ללא מראה איידיליק25,גייד,IL,סומק ללא מראה 25,יחידה,1.00,יחידה,false,0,75.00,75.00,true,1,
7290106292154,false,סומק עם מראה אידיליק25,גייד,IL,סומק עם מראה 25,יחידה,1.00,יחידה,false,0,89.00,89.00,true,1,
7290106292192,false,סומק עם מראה אידיליק35,גייד,IL,סומק עם מראה 35,יחידה,1.00,יחידה,false,0,89.00,89.00,true,1,
7290106292451,false,פודרה עם מראה אידיליק26,גייד,IL,פודרה עם מראה אי,יחידה,1.00,יחידה,false,0,79.00,79.00,true,1,
7290106292468,false,פודרה עם מראה אידיליק90,גייד,IL,פודרה עם מראה אי,יחידה,1.00,יחידה,false,0,79.00,79.00,true,1,
7290106292567,false,VANILLA ICON מי גוף לאשה,גייד,IL,ICON מי גוף לאשה,מיליליטרים,200.00,"100 מ""ל",false,0,59.00,29.50,true,1,
7290106292666,false,לק קריסטל 482 יח',גייד,FR,לק קריסטל 482,יחידה,1.00,יחידה,false,0,29.00,29.00,true,1,
7290106292871,false,לק 486,גייד,FR,לק 486,יחידה,1.00,יחידה,false,0,29.00,29.00,true,1,
7290106293021,false,עפרון שפתיים עמיד92 יח',גייד,IT,עפרון שפתיים 92,יחידה,1.00,יחידה,false,0,49.00,49.00,true,1,
7290106293151,false,גייד גולד פרימיום קרם יום 50 מל,דניה,CH,PREMIUM GOLD קרם,מיליליטרים,50.00,"100 מ""ל",false,0,219.00,438.00,true,1,
7290106293175,false,COAT TOP לק ג'ל,גייד,FR,COAT TOP לק ג'ל,מיליליטרים,13.00,"100 מ""ל",false,0,29.00,223.08,true,1,
7290106293212,false,גייד מסיר איפור לעיניים 125 מל,דניה,CH,מסיר איפור,מיליליטרים,125.00,"100 מ""ל",false,0,59.00,47.20,true,1,
7290106293304,false,לק 497,גייד,FR,לק 497,יחידה,1.00,יחידה,false,0,29.00,29.00,true,1,
7290106293632,false,היילייטר ריץ&מויסט13 יח',גייד,IT,היילייטר ריץ&מוי,יחידה,1.00,יחידה,false,0,79.00,79.00,true,1,
7290106293694,false,פודרה בייסיקס500,גייד,IT,פודרה בייסיקס500,יחידה,1.00,יחידה,false,0,85.00,85.00,true,1,
7290106293717,false,פודרה בייסיקס502 יח',גייד,IT,פודרה בייסיקס502,יחידה,1.00,יחידה,false,0,85.00,85.00,true,1,
7290106293786,false,עפרון גבות +מברשת 60,גייד,IT,עפרון גבות+מברשת,יחידה,1.00,יחידה,false,0,59.00,59.00,true,1,
7290106294011,false,ROSES ICON א.ד.ט לאשה,גייד בישום,IL,ROSES ICON לאשה,מיליליטרים,50.00,"100 מ""ל",false,0,159.00,318.00,true,1,
7290106294165,false,מייק אפ מאט וולווט 107,גייד,IT,מייק אפ מאט 107,מיליליטרים,30.00,"100 מ""ל",false,0,125.00,416.67,true,1,
7290106294509,false,גייד מי פנים לניקוי וטיהור העור 200 מל,דניה,IL,PURIFYING לפנים,מיליליטרים,200.00,"100 מ""ל",false,0,45.00,22.50,true,1,
7290106294745,false,שפתון גלוס עמיד28 יח',גייד,IT,שפתון גלוס עמ28,יחידה,1.00,יחידה,false,0,79.00,79.00,true,1,
7290106294790,false,שפתון גלוס עמיד35 יח',גייד,IT,שפתון גלוס עמ35,יחידה,1.00,יחידה,false,0,79.00,79.00,true,1,
7290106294813,false,שפתון גלוס עמיד37 יח',גייד,IT,שפתון גלוס עמ37,יחידה,1.00,יחידה,false,0,79.00,79.00,true,1,
7290106294851,false,שפתון גלוס עמיד42 יח',גייד,IT,שפתון גלוס עמ42,יחידה,1.00,יחידה,false,0,79.00,79.00,true,1,
7290106295407,false,ROSES ICON תחליב גוף אשה,גייד בישום,IL,ICON תחליב גוף,מיליליטרים,200.00,"100 מ""ל",false,0,48.90,24.45,true,1,
7290106295438,false,שפתון טרו קולור94 יח',גייד,IT,שפתון טרו קולור9,יחידה,1.00,יחידה,false,0,69.00,69.00,true,1,
7290106295452,false,שפתון טרו קולור143 יח',גייד,IT,שפתון טרו קולור1,יחידה,1.00,יחידה,false,0,69.00,69.00,true,1,
7290106295742,false,גייד תרחיץ גרגרים עדין 200 מל,דניה,IL,תרחיץ גרגירים,מיליליטרים,200.00,"100 מ""ל",false,0,59.00,29.50,true,1,
7290106296169,false,BLACK ICON אדט גבר 100מל,גייד בישום,IL,BLACK ICON לגבר,מיליליטרים,100.00,"100 מ""ל",false,0,125.00,125.00,true,1,
7290106296497,false,שפתון גלוס עמיד56 יח',גייד,IL,שפתון גלוס עמ56,יחידה,1.00,יחידה,false,0,79.00,79.00,true,1,
7290106296503,false,INSTINCT ICON א.ד.ט לאשה,גייד בישום,IL,INSTINCT ICONאשה,מיליליטרים,100.00,"100 מ""ל",false,0,149.00,149.00,true,1,
7290106296633,false,עפרון גבות איידיליק 200,גייד,IT,עפרון גבות איידי,יחידה,1.00,יחידה,false,0,59.00,59.00,true,1,
7290106296862,false,עפרון שפתיים עמיד93 יח',גייד,IL,עפרון שפתיים 93,יחידה,1.00,יחידה,false,0,49.00,49.00,true,1,
7290106296909,false,גייד קצף ניקוי מרגיע 150 מל,דניה,IL,SOOTHING קצף,מיליליטרים,150.00,"100 מ""ל",false,0,49.00,32.67,true,1,
7290106296985,false,לק קריסטל 523 יח',גייד,IL,לק קריסטל 523,יחידה,1.00,יחידה,false,0,29.00,29.00,true,1,
7290106297067,false,צללית בייסיק לגבות יח',גייד,IL,צללית בייסיק לגב,יחידה,1.00,יחידה,false,0,69.00,69.00,true,1,
7290106297197,false,קונסילר איידילק אקסטר15,גייד,IT,קונסילר איידילק,מיליליטרים,10.00,"100 מ""ל",false,0,85.00,850.00,true,1,
7290106297203,false,קונסילר איידילק אקסטר16,גייד,IT,קונסילר איידילק,מיליליטרים,10.00,"100 מ""ל",false,0,85.00,850.00,true,1,
7290106297272,false,גייד גולד פרימיום קרם לילה 50 מל,דניה,CH,PREMIUM GOLD קרם,מיליליטרים,50.00,"100 מ""ל",false,0,219.00,438.00,true,1,
7290106297593,false,דאו.לגבר אייקון אקס200מל,גייד בישום,IL,דאודורנט לגבר אי,מיליליטרים,200.00,"100 מ""ל",false,0,29.00,14.50,true,1,
7290106297647,false,גייד שמן הידרה סובלים שמן טיפולי 30 מל,דניה,IL,SUBLIME HYDRAשמן,מיליליטרים,30.00,"100 מ""ל",false,0,119.00,396.67,true,1,
7290106297685,false,עפרון שפתיים טרו קולור01,גייד,IL,עפרון שפתיים טרו,יחידה,1.00,יחידה,false,0,49.00,49.00,true,1,
7290106297784,false,שפתון מויסטוריטי מאט120,גייד,IL,שפתון מויסטוריטי,יחידה,1.00,יחידה,false,0,59.00,59.00,true,1,
7290106297999,false,שפתון איד סופט סאטן562,גייד,IL,שפתון איד סופט ס,יחידה,1.00,יחידה,false,0,65.00,65.00,true,1,
7290106298231,false,שפתון איידליק מאט 730 יח,גייד,IT,שפתון איידליק מא,יחידה,1.00,יחידה,false,0,75.00,75.00,true,1,
7290106298286,false,עפרון עיניים 51PRECISION,גייד,IL,עפרון עיניים 51P,יחידה,1.00,יחידה,false,0,59.00,59.00,true,1,
7290106298453,false,לק קריסטל 539 יח',גייד,FR,לק קריסטל 539,יחידה,1.00,יחידה,false,0,29.00,29.00,true,1,
7290106298606,false,קונסילר סטיק לתיקון21 יח,גייד,IT,קונסילר סטיק לתי,יחידה,1.00,יחידה,false,0,79.00,79.00,true,1,
7290106298613,false,קונסילר סטיק לתיקון22 יח,גייד,IT,קונסילר סטיק לתי,יחידה,1.00,יחידה,false,0,79.00,79.00,true,1,
7290106298651,false,OIL MUSK ICON בושם לאשה,גייד בישום,IL,M-O ICON לאשה,מיליליטרים,100.00,"100 מ""ל",false,0,199.00,199.00,true,1,
7290106298910,false,STARSHINE פלטה שימר,גייד,IL,STARSHINE פלטה,יחידה,1.00,יחידה,false,0,105.00,105.00,true,1,
7290106299139,false,שפתון טרו קולור245 יח',גייד,IT,שפתון טרו קולור2,יחידה,1.00,יחידה,false,0,69.00,69.00,true,1,
7290106299207,false,שפתון גלוס עמיד65 יח',גייד,IT,שפתון גלוס עמ65,יחידה,1.00,יחידה,false,0,79.00,79.00,true,1,
7290106299542,false,גייד מגבונים להסרת איפור לעיניים ולפנים,דניה,IL,מגבון מסיר איפור,יחידה,1.00,יחידה,false,0,35.00,35.00,true,1,
7290106299719,false,לק832.,גייד,IL,לק832.,יחידה,1.00,יחידה,false,0,29.00,29.00,true,1,
7290106299801,false,פודרה בשילוב 2 גוונים24,גייד,IL,פודרה בשילוב 2 ג,יחידה,1.00,יחידה,false,0,129.00,129.00,true,1,
7290106299900,false,פלטה צללית וולטין 45 יח',גייד,IL,פלטה צללית וולטי,יחידה,1.00,יחידה,false,0,95.00,95.00,true,1,
7290106299917,false,פלטה צללית וולטין 46 יח',גייד,IL,פלטה צללית וולטי,יחידה,1.00,יחידה,false,0,95.00,95.00,true,1,
7290106299924,false,פלטה צללית וולטין 47 יח',גייד,IL,פלטה צללית וולטי,יחידה,1.00,יחידה,false,0,95.00,95.00,true,1,
7290106299931,false,פלטה צללית וולטין 48 יח',גייד,IL,פלטה צללית וולטי,יחידה,1.00,יחידה,false,0,95.00,95.00,true,1,
7290106508880,false,אורל בי חשמלית בנות יח',פרוקטר & גמבל,IL,אורל בי חשמלית,יחידה,1.00,יחידה,false,1,83.90,83.90,true,1,
7290106525399,false,קפסולות 06 ברזיל למכונות נספרסו עלית 10יח',הנסיך- מפעל לייצור ט,IL,קפסולות קפה,גרמים,50.00,100 גרם,false,1,19.90,39.80,true,1,
7290106525405,false,קפסולות 07 נטול נספרסו עלית 10 יח',שטראוס קפה בי.וי.,IL,קפסולות נטול מס7,גרמים,50.00,100 גרם,false,0,19.90,39.80,true,1,
7290106573277,false,חטיף קרקר קריספי עם זיתים כבושים,מיוצר עי קונדיטוריית,IL,חטיפי קריספי,גרמים,150.00,100 גרם,false,0,10.00,6.66,true,1,
7290106573314,false,חטיף קריספי בטעם כפרי 150 ג' אסם,מיוצר עי קונדיטוריית,IL,חטיף קריספי,גרמים,150.00,100 גרם,false,0,10.00,6.66,true,1,
7290106574977,false,בייגלה שטוחים כעכים שטוחים עם מלח,מיוצר עי קונדיטוריית,IL,בייגלה שטוחים,גרמים,300.00,100 גרם,false,0,11.90,3.97,true,1,
7290106652996,false,כיף כף מקלות קוקוס חלבי 40 גר',סולן בעבור שטראוס,TR,כיף כף מקלות,יחידה,1.00,יחידה,false,0,5.90,5.90,true,1,
7290106720626,false,צ'יטוס קראנצ' בטעם גבינה - חלבי,"שטראוס פריטו ליי בע""\מ )",IL,ציטוס גבינה,גרמים,80.00,100 גרם,false,1,4.90,6.13,true,1,
7290106721913,false,מסטיק מאסט MUST ללא סוכר בטעם מנטה מרעננת,"שטראוס גרופ בע""מ",IL,מסטיק מרעננת,גרמים,66.00,100 גרם,false,1,11.90,18.03,true,1,
7290106721920,false,צנצנת מסטיק מאסט בטעם ספירמינט עדין 66 ג' עלית,"שטראוס גרופ בע""\מ.",IL,מסטיק ספירמינט,גרמים,66.00,100 גרם,false,1,11.90,18.03,true,1,
7290106819788,false,קיט שוטף יח',,IL,קיט שוטף,יחידה,1.00,יחידה,false,1,49.90,49.90,true,1,
7290107280020,false,שלישיית מטליות לחות לניקוי כללי סנו סושי 50 יחידות,טרופיקל דגיל- תעשיות,IL,מטליות לחות מארז,יחידה,1.00,יחידה,false,0,26.90,26.90,true,1,
7290107280396,false,"סנו - ג'ט מרסס לניקוי יסודי במטבח 750 מ""ל","סנו מפעלי ברונוס בע""",IL,מתז ג'ט למטבח,מיליליטרים,750.00,"100 מ""ל",false,0,13.90,1.85,true,1,
7290107280761,false,נוזל לניקוי כלים בניחוח לימון רענן סנו ספארק Spark,מיוצר עי קונדיטוריית,IL,נוזל כלים לימון,ליטרים,1.00,ליטר,false,0,12.90,12.90,true,1,
7290107280839,false,קרמה ק.גוף 500 לחות מוגברת,קוסמופארם בע'\'\מ,IL,קרם גוף קרמה,מיליליטרים,500.00,"100 מ""ל",false,1,19.90,3.98,true,1,
7290107536042,false,מארז גיפט קארד מרובע ניי,.,IL,מארז גיפטקארד,יחידה,1.00,יחידה,false,1,6.00,6.00,true,1,
7290107543866,false,מארז טיפוח לאישה care יח,ביירסדורץ,IL,מארז טיפוח לאישה,יחידה,1.00,יחידה,false,1,69.90,69.90,true,1,
7290107544498,false,קרם להסרת שיער לקו ביקיני אורנה 19 80 ג',אלפא קוסמטיקה,IL,דפילטור בקיני,גרמים,80.00,100 גרם,false,1,24.90,31.13,true,1,
7290107646826,false,"חטיף שוגי שוקו תלמה 156 גרם מארז 6 יחידות בד""צ",יוניליוור ישראל מזון בעמ,IL,חטיפי שוגי 6 יח,גרמים,156.00,100 גרם,false,1,15.90,10.19,true,1,
7290107646833,false,תלמה שוגי חטיף דגנים פצפוצי שוקולד שישי,יוניליוור ישראל מזון בעמ,IL,חטיפי שוגי 6 יח,גרמים,138.00,100 גרם,false,1,15.90,11.52,true,1,
7290107936958,false,עד חצות ביסקוויט אצבעות שוקולד 125 גרם,ביסקוויטס טור ד'\אלבון,FR,עד חצות אצבעות,גרמים,125.00,100 גרם,false,1,12.90,10.32,true,1,
7290107937627,false,מסטיק מאסט Must קוביות ללא סוכר בטעם מנטה עדינה,אסקום קונפקשיין,DE,קוביות מסטיק,גרמים,58.00,100 גרם,false,1,11.90,20.52,true,1,
7290107937634,false,צנצנית מסטיק מאסט קוביות פפירמינט 58 ג' עלית,אסקום קונפקשיין,DE,קוביות מסטיק,גרמים,58.00,100 גרם,false,1,11.90,20.52,true,1,
7290107937641,false,צנצנת מסטיק בזוקה קוביות ללא סוכר,אסקום קונפקשיין,DE,קוביות מסטיק,גרמים,58.00,100 גרם,false,1,11.90,20.52,true,1,
7290107951104,false,בפלות ופלים ארוכים בטעם שוקולד,"שטראוס גרופ בע""\מ",IL,בפלות טעם שוקולד,גרמים,200.00,100 גרם,false,1,5.50,2.75,true,1,
7290107951715,false,צנצנת מסטיק מאסט קוביות בטעם ענבים 58 ג' עלית,אסקום קונפקשיין,IL,מסטיק קוביות,גרמים,58.00,100 גרם,false,1,11.90,20.52,true,1,
7290107956901,false,קפסולות בטעם אגוזים למכונת נספרסו עלית 10 יחידות,שטראוס קפה בי.וי.,IL,קפסולות אספרסו,גרמים,50.00,100 גרם,false,1,19.90,39.80,true,1,
7290107956925,false,קפסולות 13 אוגנדה למכונת נספרסו עלית 10יח',שטראוס קפה בי.וי.,IL,קפסולות קפה,גרמים,50.00,100 גרם,false,1,19.90,39.80,true,1,
7290107971539,false,פרי חטיף בוטנים וקשיו עם שוקולד מריר 125 גרם,אמקו סאם מילס ספול.,CZ,חטיף FREE,גרמים,140.00,100 גרם,false,1,19.90,14.21,true,1,
7290107971751,false,מי פה קולגייט טוטל ללא אלכוהול פפרמינט,יבואן ומשווק: ש. שסט,PL,מי פה קולגייט,מיליליטרים,500.00,"100 מ""ל",false,1,17.90,3.58,true,1,
7290107973014,false,"סבון ידיים משאבה פלמוליב חלב ודבש 300 מ""ל",הנסיך- מפעל לייצור ט,TR,סבון ידיים,מיליליטרים,300.00,"100 מ""ל",false,1,9.90,3.30,true,1,
7290107973038,false,"סבון ידיים משאבה פלמוליב אקווריום 300 מ""ל",הנסיך- מפעל לייצור ט,IT,סבון פלמוליב,מיליליטרים,300.00,"100 מ""ל",false,1,9.90,3.30,true,1,
7290107973311,false,קולגייט מברשת שיניים 360 פחם זהב זוג,הנסיך- מפעל לייצור ט,CN,מברשות קולגייט,יחידה,1.00,יחידה,false,1,29.90,29.90,true,1,
7290107974301,false,ליידי ספיד סטיק - דאודורנט ג'ל לאישה אלוורה 45 גרם,ליידי ספיד סטיק Lady Speed Stick,US,ליידי ספיד סטיק,גרמים,45.00,100 גרם,false,1,17.90,39.78,true,1,
7290107974646,false,מרידול נשימה רעננה שטיפת פה 400 מל,הנסיך- מפעל לייצור ט,PL,מרידול מי פה,מיליליטרים,400.00,"100 מ""ל",false,1,33.90,8.48,true,1,
7290107975360,false,ליידי ספיד סטיק פיור פרשנס ג'ל נשים 65ג',ליידי ספיד סטיק Lady Speed Stick,US,ליידי ספיד סטיק,גרמים,45.00,100 גרם,false,1,17.90,39.78,true,1,
7290107975544,false,"קולגייט משחת שיניים סמיילס ברבי לגילאי 6 50מ""ל",קולגייט- פלמוליב,PL,משחת שיניים,מיליליטרים,50.00,"100 מ""ל",false,1,14.90,29.80,true,1,
7290107977456,false,"פלמוליב - ג'ל רחצה ושמפו ספורט לגבר 750 מ""ל",קולגייט פלמוליב,TR,ג'ל רחצה פלמוליב,מיליליטרים,750.00,"100 מ""ל",false,1,16.90,2.26,true,1,
7290107977753,false,"משחת שיניים פרודונט אקספרס 75 מ""ל ""מרידול""",קולגייט פלמוליב,PL,משחת שיניים,מיליליטרים,75.00,"100 מ""ל",false,1,24.90,33.20,true,1,
7290107978101,false,מש.שיניים קולגייט א.וויט אקסטרה פאוור 75,קולגייט-פלמוליב,PL,משחת אופטיק וייט,מיליליטרים,75.00,"100 מ""ל",false,1,19.90,26.54,true,1,
7290107978637,false,משחת שיניים לחניכיים רגישות,קולגייט פלמוליב,PL,משחת מרידול,מיליליטרים,75.00,"100 מ""ל",false,1,19.90,26.53,true,1,
7290108200225,false,אבקת כביסה ורוד קליה אוקסי גולד 470 ג' וניש,רקיט בנקיזר,IT,וניש גולד אבקה,גרמים,470.00,100 גרם,false,1,19.90,4.23,true,1,
7290108350531,false,סנו ספארק נוזל כלים בניחוח קלאסי עם משאבה 1 ל',מיוצר עי קונדיטוריית,IL,ספארק לכלים,ליטרים,1.00,ליטר,false,1,12.90,12.90,true,1,
7290108350623,false,מרכך כביסה סופר מרוכז סופט סילק מקסימה 1 ל' סנו,"סנו מפעלי ברונוס בע""\מ",IL,מרכך מקסימה,ליטרים,1.00,ליטר,false,1,17.90,17.90,true,1,
7290108350722,false,אורביטול גוניור משחת שיניים בוב ספוג 70ג,טרופיקל דגיל תעשיות קוסמ,IL,משחת אורביטול +6,גרמים,70.00,100 גרם,false,1,11.90,17.00,true,1,
7290108350746,false,מברשת שיניים חשמלית פיות אורביטול,החברה הדרומית,CN,מברשת חשמלית,יחידה,1.00,יחידה,false,1,36.90,36.90,true,1,
7290108351118,false,K4000 קוטל זבובים/יתושים,סנו מפעלי ברונוס בעמ,IL,קוטל זבוב/יתוש,מיליליטרים,750.00,"100 מ""ל",false,1,34.90,4.65,true,1,
7290108351156,false,ג'ל ניקוי כללי בתוספת חומץ בריח לבנדר סנו ג'ט 1.5 ליטר,"סנו מפעלי ברונוס בע""\מ",IL,סנו ג'ט פלוס,ליטרים,1.50,ליטר,false,1,13.90,9.27,true,1,
7290108351484,false,"BLACK POWDER - קרם גוף 250 מ""ל",,IL,קרם גוף POWDRE,מיליליטרים,250.00,"100 מ""ל",false,1,27.90,11.16,true,1,
7290108351552,false,"סנו - ג'ט לניקוי כללי בתוספת חומץ בניחוח לבנדר 750 מ""ל","סנו מפעלי ברונוס בע""\מ",IL,סנו ג'ט עם חומץ,מיליליטרים,750.00,"100 מ""ל",false,1,15.90,2.12,true,1,
7290108351613,false,סנו ריצפז פרש הום בניחוח מלון חלומי 2 ל,"סנו מפעלי ברונוס בע""\מ",IL,ריצפז פרש הום,ליטרים,2.00,ליטר,false,1,24.90,12.45,true,1,
7290108351620,false,"סנו פרש NO.2 תרסיס לשירותים לוכד ריחות רעים 60מ""ל","סנו מפעלי ברונוס בע""\מ",IL,סנו פרש NO2,מיליליטרים,60.00,"100 מ""ל",false,1,13.90,23.17,true,1,
7290108351668,false,מטליות לחות לניקוי כללי בתוספת חומץ בניחוח לבנדר,טרופיקל דיגל- תעשיות,IL,סנו ג'ט מטליות,יחידה,1.00,יחידה,false,1,11.90,11.90,true,1,
7290108351743,false,"סנו נוזל לניקוי כללי אקולוגי 750 מ""ל GREEN POWER",סנו מפעלי ברונוס בעמ,IL,נוזל לניקוי כללי,מיליליטרים,750.00,"100 מ""ל",false,1,19.90,2.65,true,1,
7290108351804,false,מרכך כביסה סופר מרוכז Gentl Breeze סנו מקסימה 1 ליטר,מיוצר עי קונדיטוריית,IL,מרכך מקסימה,ליטרים,1.00,ליטר,false,1,17.90,17.90,true,1,
7290108351811,false,מרכך כביסה סופר מרוכז Floral touch סנו מקסימה 1 ליטר,מיוצר עי קונדיטוריית,IL,מרכך מקסימה,ליטרים,1.00,ליטר,false,1,17.90,17.90,true,1,
7290108352047,false,אורביטול - צמד מברשות שיניים 808 + חוט דנטלי במתנה,החברה הדרומית,CN,זוג מברשות+חוט,יחידה,1.00,יחידה,false,1,16.90,16.90,true,1,
7290108352054,false,אורביטול - צמד מברשות שיניים 980 + חוט דנטלי במתנה,החברה הדרומית,CN,זוג מברשות + חוט,יחידה,1.00,יחידה,false,1,16.90,16.90,true,1,
7290108352061,false,משחת שיניים Go White אורביט 145 גרם עם פחם,טרופיקל דגיל תעשיות קוסמ,IL,משחת אורביטול,גרמים,145.00,100 גרם,false,1,11.90,8.21,true,1,
7290108352078,false,"שטיפת פה protective salt אורביטול 500 מ""ל",טרופיקל דגיל תעשיות,IL,אורביטול שטיפה,מיליליטרים,500.00,"100 מ""ל",false,1,19.90,3.98,true,1,
7290108352085,false,"מי פה אורביטול רעננות חריפה 500 מ""ל",טרופיקל דגיל תעשיות,IL,אורביטול שטיפה,מיליליטרים,500.00,"100 מ""ל",false,1,16.90,3.38,true,1,
7290108352092,false,משחת שיניים אורביטול פרוטקטיב סולט בטעם מנטה,טרופיקל דגיל תעשיות קוסמ,IL,משחת אורביטול,גרמים,145.00,100 גרם,false,1,12.90,8.89,true,1,
7290108352139,false,ג'ל כביסה גרין פוויר אקולוגי 3 ל' סנו,סנו מפעלי ברונוס בעמ,IL,ג'ל כביסה אקולוג,ליטרים,3.00,ליטר,false,1,34.90,11.63,true,1,
7290108352276,false,מגבונים לניקוי וחיטוי יסודי לרצפה 10 יח 99.9%,"סנו מפעלי ברונס בע""\מ",IL,מטליות לרצפה,יחידה,1.00,יחידה,false,1,16.90,16.90,true,1,
7290108352450,false,ריצפז פרש הום בניחוח מרכך כביסה בלו בלוסום,סנו מפעלי ברונוס בעמ,IL,ריצפז פרש הום,ליטרים,2.00,ליטר,false,1,24.90,12.45,true,1,
7290108352535,false,סנו - מקסימה דפי בישום לחים למייבש הכביסה בניחוח מרכך כביסה,טרופיגל דגיל תעשיות קוסמ,IL,דפי בישום למייבש,יחידה,1.00,יחידה,false,1,12.90,12.90,true,1,
7290108352603,false,ממחטות אף סופט בוב ס,סנו,IL,ממחטות טישו לאף,יחידה,1.00,יחידה,false,1,9.50,9.50,true,1,
7290108352641,false,סנו סושי מטלית הפלא לניקוי כללי במארז שלישייה,סנו מפעלי ברונוס.,IL,מטליות הפלא 3 יח,יחידה,1.00,יחידה,false,1,13.90,13.90,true,1,
7290108352672,false,צמד מטליות הפלא לרצפה מיקרפייבר סנו סושי,סנו מפעלי ברונוס.,CN,מטליות לרצפה 2יח,יחידה,1.00,יחידה,false,1,18.90,18.90,true,1,
7290108352825,false,ספוג הפלא נירוסטה סנו סושי 3יח',ltdn s.k.a.tסנו מפעלי בר,CN,ספוג הפלא נירוסט,יחידה,1.00,יחידה,false,1,11.90,11.90,true,1,
7290108353099,false,ממחטות אף במארז ניילון סנו סופט 5 יח' * 100 דף,טרופיקל דגיל תעשיות,IL,ממחטות סופט מארז,יחידה,1.00,יחידה,false,1,13.70,13.70,true,1,
7290108353372,false,אורביטול צמד מברשות שיניים 12000 סיבי פחם,"קוסמופארם בע""\מ",IL,מברשות שיניים2יח,יחידה,1.00,יחידה,false,1,29.90,29.90,true,1,
7290108353402,false,צמד מברשות שיניים עם סיבי פחם דקים במיוחד,יבואן ומשווק: ש. שסט,CN,מברשות שיניים,יחידה,1.00,יחידה,false,1,16.90,16.90,true,1,
7290108353419,false,צמד מברשות שיניים עם סיבי הלבנה ספירליים,החברה הדרומית,IL,מברשות שיניים,יחידה,1.00,יחידה,false,1,16.90,16.90,true,1,
7290108353440,false,אורביטול מברשות שיניים נאנו לחניכיים 2יח,החברה הדרומית,CN,מברשות שיניים2יח,יחידה,1.00,יחידה,false,1,29.90,29.90,true,1,
7290108353747,false,"תחליב רחצה אירוודה, בניחוח טונקה 600 מ""ל קרימה","קוסמופארם בע""\מ",IL,קרמה תחליב רחצה,מיליליטרים,600.00,"100 מ""ל",false,1,19.90,3.32,true,1,
7290108353754,false,"קרם גוף קרמה אשכולית ולמון גראס 500 מ""ל",קוסמופארם בע'\'\מ,IL,קרם גוף ואשכולית,מיליליטרים,500.00,"100 מ""ל",false,1,19.90,3.98,true,1,
7290108353761,false,"תחליב רחצה זן, בניחוח קשמיר 600 מ""ל קרימה","קוסמופארם בע""\מ",IL,קרמה תחליב רחצה,מיליליטרים,600.00,"100 מ""ל",false,1,19.90,3.32,true,1,
7290108353778,false,"נקה 7 - תחליב רחצה שוודיה בניחוח פיטנגו 750 מ""ל","אמיליה קוסמטיקס בע""מ",IL,תחליב רח.פינטגו,מיליליטרים,750.00,"100 מ""ל",false,1,12.90,1.72,true,1,
7290108353792,false,"תחליב רחצה יפן נקה 7 בניחוח פריחת הדובדבן 750 מ""ל","אמיליה קוסמטיקס בע""מ",IL,תחליב רחצה בניחו,מיליליטרים,750.00,"100 מ""ל",false,1,12.90,1.72,true,1,
7290108353808,false,"תחליב רחצה מדגסקר נקה 7 בניחוח אמבר 750 מ""ל","אמיליה קוסמטיקס בע""מ",IL,תחליב רחצה בניחו,מיליליטרים,750.00,"100 מ""ל",false,1,12.90,1.72,true,1,
7290108353815,false,"תחליב רחצה מדיטציה, בניחוח פצ'ולי לבנדר 600 מ""ל קרימה","קוסמופארם בע""\מ",IL,קרמה תחליב רחצה,מיליליטרים,600.00,"100 מ""ל",false,1,19.90,3.32,true,1,
7290108353884,false,"קרמה דאודורנט רול און אשכולית ולמון גראס 75 מ""ל","קוסמופארם בע""\מ",IL,דאודורנט קרמה,מיליליטרים,75.00,"100 מ""ל",false,1,13.90,18.53,true,1,
7290108353891,false,"קרמה - דאודורנט רול און לאישה קרמה מאסק 75 מ""ל","קוסמופארם בע""\מ",IL,דאודורנט קרמה,מיליליטרים,75.00,"100 מ""ל",false,1,13.90,18.53,true,1,
7290108353969,false,"קרמה - דאודורנט ספריי לאישה קרמה מאסק 150 מ""ל",מיוצר עי : אמיליה קוסמטי,IL,דאודורנט קרמה,מיליליטרים,150.00,"100 מ""ל",false,1,16.90,11.27,true,1,
7290108353983,false,"קרמה - קרם גוף קרמה קלאסי 500 מ""ל",טרופיקל דגיל תעשיות,IL,קרם גוף קלאסי,מיליליטרים,500.00,"100 מ""ל",false,1,19.90,3.98,true,1,
7290108353990,false,"קרמה - קרם גוף קרמה מאסק 500 מ""ל",טרופיקל דגיל תעשיות,IL,קרם גוף מאסק,מיליליטרים,500.00,"100 מ""ל",false,1,19.90,3.98,true,1,
7290108354263,false,אורביטול גוניור משחת שיניים חד קרן 70גרם,טרופיקל דגיל תעשיות קוסמ,IL,משחה אורביטול +6,גרמים,70.00,100 גרם,false,1,11.90,17.00,true,1,
7290108354355,false,סנו מגבוני היגיינים לניקוי הידיים 70 % אלכוהול 20 יח',דן - מור חומרי טבע וכימי,IL,סנו מדיק מגבונים,יחידה,1.00,יחידה,false,1,10.90,10.90,true,1,
7290108354416,false,"תחליב רחצה יוגה, בניחוח ברגמוט 600מ""ל קרימה","קוסמופארם בע""\מ",IL,קרמה תחליב רחצה,מיליליטרים,600.00,"100 מ""ל",false,1,19.90,3.32,true,1,
7290108354485,false,"קרליין מרכך 10 לשיער שמן ארגן 700 מ""ל","קוסמופארם בע""\מ",IL,מרכך 10 ארגן,מיליליטרים,700.00,"100 מ""ל",false,1,14.90,2.13,true,1,
7290108354492,false,"קרליין שמפו 10 לשיער שמן ארגן 700 מ""ל","קוסמופארם בע""\מ",IL,שמפו 10 ארגן,מיליליטרים,700.00,"100 מ""ל",false,1,14.90,2.13,true,1,
7290108354577,false,"קרמה דאודוראנט רולאון וניל ופלפל ורוד 75 מ""ל","קוסמופארם בע""\מ.",IL,דאודורנט קרמה,מיליליטרים,75.00,"100 מ""ל",false,1,13.90,18.53,true,1,
7290108354591,false,"תחליב רחצה בניחוח מי קקטוס ושמן באבאסו 750 מ""ל נקה 7","אמיליה קוסמטיקס בע""מ",IL,תחליב רחצה נקה 7,מיליליטרים,750.00,"100 מ""ל",false,1,12.90,1.72,true,1,
7290108354713,false,"קרמה - תחליב רחצה קלאסי 500 מ""ל","קוסמופארם בע""\מn\",IL,תחליב רחצה קרמה,מיליליטרים,500.00,"100 מ""ל",false,1,14.90,2.98,true,1,
7290108354768,false,"קרמה קרם גוף דבש 500 מ""ל",מיוצר בסין.יבוא ושיו,IL,קרם גוף קרמה דבש,מיליליטרים,500.00,"100 מ""ל",false,1,19.90,3.98,true,1,
7290108354829,false,"קרם ידיים קרמה ורד וניל 100 מ""ל מ""ל",קוסמופארם,IL,קרמה קרם ידיים,מיליליטרים,100.00,"100 מ""ל",false,1,7.90,7.90,true,1,
7290108354850,false,"דאורדוראנט רול און קרמה בריזת ים 75 מ""ל",החברה הדרומית,IL,דאודורנט קרמה,מיליליטרים,75.00,"100 מ""ל",false,1,13.90,18.53,true,1,
7290108354911,false,"שמפו, ג'ל רחצה וגילוח מועשר בתמצית אלוורה",טרופיקל דגיל תעשיות,IL,קרמה 3ב1,מיליליטרים,700.00,"100 מ""ל",false,1,21.90,3.13,true,1,
7290108354980,false,קרם ידיים מרוכז לידיים יבשות מאוד ללא בישום,קוסמופארם,IL,קרם ידיים מרוכז,מיליליטרים,50.00,"100 מ""ל",false,1,12.90,25.80,true,1,
7290108355000,false,"שמפו מיניונים לילדים נקה 7 750 מ""ל",אמיליה קוסמטיקס,IL,שמפו נקה7,מיליליטרים,750.00,"100 מ""ל",false,1,13.90,1.85,true,1,
7290108355024,false,"נקה 7 שמפו ומרכך לילדים מיניונים 750 מ""ל",קוסמופארם בע'\'\מ,IL,שמפו +מרכך נקה7,מיליליטרים,750.00,"100 מ""ל",false,1,13.90,1.85,true,1,
7290108355055,false,לחו.לשיער מקצועי גלייז נטורל פורמולה 400,נטורל פורמולה Natural Formula,IL,לחות נט.פורמולה,מיליליטרים,400.00,"100 מ""ל",false,1,29.90,7.48,true,1,
7290108355062,false,לחו.לשיער מקצועי קרטין נטורל פורמולה 400,אמיליה קוסמטיקס,IL,לחות נט.פורמולה,מיליליטרים,400.00,"100 מ""ל",false,1,29.90,7.48,true,1,
7290108355079,false,לחו.לשיער מקצועי קוקוס נטורל פורמולה 400,החברה הדרומית,IL,לחות נט.פורמולה,מיליליטרים,400.00,"100 מ""ל",false,1,29.90,7.48,true,1,
7290108355086,false,גלייז מקצועי לפיסול והגדרת תלתלים,נטורל פורמולה Natural Formula,IL,גלייז נט.פורמולה,מיליליטרים,350.00,"100 מ""ל",false,1,38.90,11.11,true,1,
7290108355116,false,אלסבון בייבי כיף לפני השינה+משאבה 750 מ,קוסמופארם,IL,בייבי כיף אלסבון,מיליליטרים,750.00,"100 מ""ל",false,1,17.90,2.39,true,1,
7290108355130,false,"בייבי כיף שמן גוף לפני שינה 500 מ""ל",קוסמופארם,IL,בייבי כיף שמן,מיליליטרים,500.00,"100 מ""ל",false,1,26.90,5.38,true,1,
7290108355178,false,"קרמה - קרם ידיים חמאת שיאה וקוקוי 100 מ""ל",החברה הדרומית,IL,קרמה קרם ידיים,מיליליטרים,100.00,"100 מ""ל",false,1,7.90,7.90,true,1,
7290108355185,false,"נטורל מסיכת קרטין אינטנס למניעת קשקשים 350 מ""ל",נטורל פורמולה Natural Formula,IL,מסכה נטורל פורמו,מיליליטרים,350.00,"100 מ""ל",false,1,39.90,11.40,true,1,
7290108355192,false,"נטורל מרכך קרטין אינטנס למניעת קשקשים 400 מ""ל",נטורל פורמולה Natural Formula,IL,מרכך נטורל פורמו,מיליליטרים,400.00,"100 מ""ל",false,1,29.90,7.48,true,1,
7290108355208,false,"שמפו קרטין אינטנס למניעת קשקשים נטורל 400 מ""ל",נטורל פורמולה Natural Formula,IL,שמפו נטורל פורמו,מיליליטרים,400.00,"100 מ""ל",false,1,29.90,7.48,true,1,
7290108355260,false,"נקה 7-שמפו 3ב1 שמפו ג'ל רחצה וסבון פנים לגבר 750 מ""ל","אמיליה קוסמטיקס בע""מ",IL,נקה7 שמפו/לרחצה,מיליליטרים,750.00,"100 מ""ל",false,1,14.90,1.99,true,1,
7290108355291,false,"קרם לשיער נקה 7 להתרת קשרים 750 מ""ל",קוסמופארם בעמ,IL,נקה 7 קרם,מיליליטרים,350.00,"100 מ""ל",false,1,17.90,5.11,true,1,
7290108355376,false,מרכך מעצים גוונים 250 מל,פארפארם בעמ,IL,מרכך מעצים גווני,מיליליטרים,250.00,"100 מ""ל",false,1,29.90,11.96,true,1,
7290108355383,false,נ.פורמולה מרכך פיגמנט בלונד,החברה הדרומית,IL,מרכך פיגמנט בלונ,מיליליטרים,250.00,"100 מ""ל",false,1,29.90,11.96,true,1,
7290108355451,false,"קרמה - דאודורנט רול און לאישה קרמה ורד ווניל 75 מ""ל","קוסמופארם בע""\מ",IL,דאודורנט קרמה,מיליליטרים,75.00,"100 מ""ל",false,1,13.90,18.53,true,1,
7290108355475,false,"קרמה דאודורנט רול און ג''ינג''ר ולמון גראס 75 מ""ל","קוסמופארם בע""\מ",IL,דאודורנט קרמה,מיליליטרים,75.00,"100 מ""ל",false,1,13.90,18.53,true,1,
7290108355482,false,"קרמה - דאודורנט רול און לאישה קרמה לבנדר ואקליפטוס 75 מ""ל","קוסמופארם בע""\מ",IL,דאודורנט קרמה,מיליליטרים,75.00,"100 מ""ל",false,1,13.90,18.53,true,1,
7290108355567,false,מרכך פיור אסנס תלתל600,קוסמופארם,IL,מרכך פיור אסנס,מיליליטרים,600.00,"100 מ""ל",false,1,17.90,2.98,true,1,
7290108355697,false,"קרליין - בודי מיסט פיור לוב 250 מ""ל",החברה הדרומית,IL,קרליין בודי מיסט,מיליליטרים,250.00,"100 מ""ל",false,1,39.90,15.96,true,1,
7290108355727,false,"קרליין קרם גוף מבושם PURE LOVE שפופרת 250 מ""ל",החברה הדרומית,IL,קרם גוף מבושם,מיליליטרים,250.00,"100 מ""ל",false,1,24.90,9.96,true,1,
7290108355765,false,דאודורנט ספריי קרמה בניחוח לבנדר ואקליפטוס,מיוצר עי : אמיליה קוסמטי,IL,דאודורנט קרמה,מיליליטרים,150.00,"100 מ""ל",false,1,16.90,11.27,true,1,
7290108355949,false,"תחליב רחצה קרמה נרולי ומנגוליה 700 מ""ל",קוסמופארם בעמ,IL,תחליב רחצה קרמה,מיליליטרים,700.00,"100 מ""ל",false,1,17.90,2.56,true,1,
7290108356007,false,כיף תחליב רחצה מרשמלו700,קוסמופארם,IL,כיף תחליב רחצה,מיליליטרים,700.00,"100 מ""ל",false,1,12.90,1.84,true,1,
7290108356014,false,"כיף תחליב רחצה בניחות מסקרפונה ופירות יער 700 מ""ל",החברה הדרומית,IL,כיף ת.רחצה,מיליליטרים,700.00,"100 מ""ל",false,1,12.90,1.84,true,1,
7290108356021,false,כיף תחליב רחצה בניחוח גלידת קרם עוגיות,גוד פוד פרודקטס S.p,IL,כיף תחליב רחצה,מיליליטרים,700.00,"100 מ""ל",false,1,12.90,1.84,true,1,
7290108356052,false,"כיף תחליב רחצה בניחות מנטה קפואה 700 מ""ל",קוסמופארם,IL,כיף תחליב רחצה,מיליליטרים,700.00,"100 מ""ל",false,1,12.90,1.84,true,1,
7290108356076,false,כיף תחליב רחצה קרמל 700מ,קוסמופארם,IL,כיף תחליב רחצה,מיליליטרים,700.00,"100 מ""ל",false,1,12.90,1.84,true,1,
7290108356090,false,קרמה תרחיץ גל לשטיפה אינטימית 220 מל,קוסמופארם בעמ,IL,תרחיץ שטיפה קרמה,מיליליטרים,220.00,"100 מ""ל",false,1,23.90,10.86,true,1,
7290108356106,false,כיף תחליב רחצה חלב שקדים 700 מל,החברה הדרומית,IL,כיף תחליב רחצה,מיליליטרים,700.00,"100 מ""ל",false,1,12.90,1.84,true,1,
7290108356113,false,כיף תחליב רחצה חלב ודבש 700 מל,קוסמופארם בעמ,IL,כיף תחליב רחצה,מיליליטרים,700.00,"100 מ""ל",false,1,12.90,1.84,true,1,
7290108356120,false,"תחליב רחצה כיף קוקוס וניל 700 מ""ל",קוסמופארם,IL,כיף תחליב רחצה,מיליליטרים,700.00,"100 מ""ל",false,1,12.90,1.84,true,1,
7290108356151,false,"תחליב רחצה כיף מאסק יסמין 700 מ""ל",גוד פוד פרודקטס S.p,IL,כיף תחליב רחצה,מיליליטרים,700.00,"100 מ""ל",false,1,12.90,1.84,true,1,
7290108356168,false,"כיף - תחליב רחצה אוקיינוס 700 מ""ל",גוד פוד פרודקטס S.p,IL,כיף תחליב רחצה,מיליליטרים,700.00,"100 מ""ל",false,1,12.90,1.84,true,1,
7290108356175,false,כיף אל סבון אבטיח ומנטה 1 ליטר משאבה,טרופיקל דגיל תעשיות,IL,אל סבון כיף,ליטרים,1.00,ליטר,false,1,12.90,12.90,true,1,
7290108356199,false,אל סבון כיף בניחוח אפרסק ופלפל שחור 1 ל,טרופיקל דגיל תעשיות,IL,אל סבון כיף,ליטרים,1.00,ליטר,false,1,12.90,12.90,true,1,
7290108356229,false,ג'ל גילוח לכל סוגי העור מועשר בפחם פעיל,טרופיקל דגיל תעשיות,TR,ג'ל גילוח מטהר,מיליליטרים,200.00,"100 מ""ל",false,1,16.90,8.45,true,1,
7290108356274,false,"כיף - מוס רחצה בניחוח תותים ושמנת 150 מ""ל",החברה הדרומית,IL,כיף מוס רחצה,מיליליטרים,150.00,"100 מ""ל",false,1,11.90,7.93,true,1,
7290108356298,false,"כיף - מוס רחצה בניחוח קרם עוגיות 150 מ""ל",קוסטר אירוסול,IL,כיף מוס רחצה,מיליליטרים,150.00,"100 מ""ל",false,1,11.90,7.93,true,1,
7290108356328,false,"כיף תחליב רחצה בניחות ברגמוט ונרולי 700 מ""ל",קוסמופארם בעמ,IL,כיף תחליב רחצה,מיליליטרים,700.00,"100 מ""ל",false,1,12.90,1.84,true,1,
7290108356373,false,סנו מדיק עם דמויות סיליקון מיניונים לתליה על תיק,beyond & health nantong,CN,ג'ל ניקוי ידיים,מיליליטרים,29.00,"100 מ""ל",false,1,12.90,44.48,true,1,
7290108356489,false,"כיף - תחליב רחצה אפרסק וחמאת מורומורו 700 מ""ל",קוסמופארם בעמ,IL,תחליב רחצה אפרסק,מיליליטרים,700.00,"100 מ""ל",false,1,12.90,1.84,true,1,
7290108356519,false,קרליין שמפו 10למניעת קשקשים 700מל,"קוסמופארם בע""\מ",IL,שמפו 10 קרליין,מיליליטרים,700.00,"100 מ""ל",false,1,14.90,2.13,true,1,
7290108356526,false,"קרליין - שמפו 10 לשיער יבש 700 מ""ל","קוסמופארם בע""\מ",IL,שמפו 10 קרליין,מיליליטרים,700.00,"100 מ""ל",false,1,14.90,2.13,true,1,
7290108356533,false,קרוליין 10 שמפו לשיער מתולתל 700 מל,"קוסמופארם בע""\מ",IL,שמפו 10 קרליין,מיליליטרים,700.00,"100 מ""ל",false,1,14.90,2.13,true,1,
7290108356571,false,"קרליין - מרכך 10 לשיער יבש 700 מ""ל","קוסמופארם בע""\מ",IL,מרכך 10 קרליין,מיליליטרים,700.00,"100 מ""ל",false,1,14.90,2.13,true,1,
7290108356588,false,קרוליין 10 מרכך לשיער מתולתל 700 מל,"קוסמופארם בע""\מ",IL,מרכך 10 קרליין,מיליליטרים,700.00,"100 מ""ל",false,1,14.90,2.13,true,1,
7290108357004,false,כיף שמפו ורד ושמן קוקוי לרכות וברק,טרופיקל דגיל תעשיות,IL,שמפו כיף,מיליליטרים,700.00,"100 מ""ל",false,1,11.90,1.70,true,1,
7290108357011,false,כיף קונדישינר לשיער שמן קוקוי 700 מל,טרופיקל דגיל תעשיות,IL,מרכך שיער כיף,מיליליטרים,700.00,"100 מ""ל",false,1,11.90,1.70,true,1,
7290108357059,false,"קרליין - נושם ביו דאודורנט רול און 75 מ""ל Secret Garden לאישה","קוסמופארם בע""\מ",IL,דאו.רול און ביו,מיליליטרים,75.00,"100 מ""ל",false,1,16.90,22.53,true,1,
7290108357080,false,"קרליין - נושם ביו דאודורנט ספריי 150 מ""ל Secret Garden לאישה",קוסטר אירוסול,IL,דאו.ספריי ביו,מיליליטרים,150.00,"100 מ""ל",false,1,16.90,11.27,true,1,
7290108357097,false,"קרליין - נושם ביו דאודורנט ספריי 150 מ""ל Velvet Rose לאישה",קוסטר אירוסול,IL,דאו.ספריי ביו,מיליליטרים,150.00,"100 מ""ל",false,1,16.90,11.27,true,1,
7290108357301,false,"סנו - K300 קוטל חרקים תיקנים ונמלים 300 מ""ל","סנו מפעלי ברונוס בע""\מ",IL,K300 סנו,מיליליטרים,300.00,"100 מ""ל",false,1,18.90,6.30,true,1,
7290108357394,false,"תחליב רחצה קרמה חלב ודבש 700 מ""ל",קוסמופארם בע'\'\מ,IL,תחליב רחצה קרמה,מיליליטרים,700.00,"100 מ""ל",false,1,17.90,2.56,true,1,
7290108357400,false,"תחליב רחצה קרמה לבנדר ואקליפטוס 700 מ""ל",קוסמופארם בעמ,IL,תחליב רחצה קרמה,מיליליטרים,700.00,"100 מ""ל",false,1,17.90,2.56,true,1,
7290108357417,false,"קרמה - קרם גוף קרמה ורד ווניל 500 מ""ל",טרופיקל דגיל תעשיות,IL,קרם גוף ורד ווני,מיליליטרים,500.00,"100 מ""ל",false,1,19.90,3.98,true,1,
7290108357448,false,"קרמה - קרם גוף קרמה לבנדר ואקליפטוס 500 מ""ל",קוסמופארם בע'\'\מ,IL,קרם גוף לבנדר,מיליליטרים,500.00,"100 מ""ל",false,1,19.90,3.98,true,1,
7290108357493,false,"תחליב רחצה קרמה וניל ופלפל ורוד 700 מ""ל",גוד פוד פרודקטס S.p,IL,תחליב רחצה קרמה,מיליליטרים,700.00,"100 מ""ל",false,1,17.90,2.56,true,1,
7290108357509,false,"קרמה קרם גוף וניל ופלפל ורוד 500 מ""ל",טרופיקל דגיל תעשיות,IL,קרם גוף קרמה,מיליליטרים,500.00,"100 מ""ל",false,1,19.90,3.98,true,1,
7290108357578,false,"קרם ידיים קרמ וניל ופלפל ורוד 100 מ""ל","קוסמופארם בע""\מ.",IL,קרם ידיים קרמה,מיליליטרים,100.00,"100 מ""ל",false,1,7.90,7.90,true,1,
7290108357707,false,"כיף שמפו לשיער רגיל- תפוח זרעי צ'יה 700 מ""ל",גוד פוד פרודקטס S.p,IL,כיף שמפו,מיליליטרים,700.00,"100 מ""ל",false,1,11.90,1.70,true,1,
7290108357714,false,"כיף שמפו לשיער יבש -רימונים ושמן ארגן 700 מ""ל",גוד פוד פרודקטס S.p,IL,כיף שמפו,מיליליטרים,700.00,"100 מ""ל",false,1,11.90,1.70,true,1,
7290108357745,false,"כיף שמפו ומרכך 700 מ""ל 2ב-1 תאנה ומנטה",גוד פוד פרודקטס S.p,IL,כיף 2in1 שמפו,מיליליטרים,700.00,"100 מ""ל",false,1,11.90,1.70,true,1,
7290108357769,false,"מרכך לשיער רגיל תפוח וזרעי צ'יה 700 מ""ל כיף",גוד פוד פרודקטס S.p,IL,כיף מרכך שיער,מיליליטרים,700.00,"100 מ""ל",false,1,11.90,1.70,true,1,
7290108357851,false,"כיף - ג'ל רחצה אליקסיר אוילס מועשר בשמן קוקוס 700 מ""ל","קוסמופארם בע""\מ",IL,כיף ג'ל רחצה,מיליליטרים,700.00,"100 מ""ל",false,1,12.90,1.84,true,1,
7290108357868,false,"כיף - ג'ל רחצה אליקסיר אויל מועשר בשמן מקדמיה 700 מ""ל","קוסמופארם בע""\מ",IL,כיף ג'ל רחצה,מיליליטרים,700.00,"100 מ""ל",false,1,12.90,1.84,true,1,
7290108357875,false,"כיף - שמפו לחות מוגברת עם אפרסק וחמאת מורומורו 700 מ""ל",קוסמופארם בעמ,IL,כיף שמפו אפרסק,מיליליטרים,700.00,"100 מ""ל",false,1,11.90,1.70,true,1,
7290108357882,false,"כיף - מרכך לחות מוגברת עם אפרסק וחמאת מורומורו 700 מ""ל",קוסמופארם בעמ,IL,כיף מרכך לשיער,מיליליטרים,700.00,"100 מ""ל",false,1,11.90,1.70,true,1,
7290108358070,false,"תחליב רחצה קרמה קלאסי 700 מ""ל",גוד פוד פרודקטס S.p,IL,קרמה תחליב רחצה,מיליליטרים,700.00,"100 מ""ל",false,1,17.90,2.56,true,1,
7290108358094,false,"קרמה - תחליב רחצה חמאת שיאה וקוקוי 500 מ""ל","קוסמופארם בע""\מn\",IL,תחליב רחצה קרמה,מיליליטרים,500.00,"100 מ""ל",false,1,14.90,2.98,true,1,
7290108359077,false,סנו - סופט לושן ממחטות אף בקופסא 3 שכבות 120 יח',"סנו מפעלו ברונוס בע""\מ",EG,סופט לושן ממחטות,יחידה,1.00,יחידה,false,1,9.90,9.90,true,1,
7290108359145,false,סנו סושי דפי ספוג הפלא12,קריות זול,CN,דפי ספוג הפלא,יחידה,1.00,יחידה,false,1,12.90,12.90,true,1,
7290108359176,false,סופט ממחטות אף צמד בשקית לושן 3 שכבות,סנו סופט,EG,סופט לושן צמד,יחידה,1.00,יחידה,false,1,13.90,13.90,true,1,
7290108359824,false,"כיף - בייבי כיף קרם 500 מ""ל",קוסמופארם בעמ,IL,קרם גוף בייבי,מיליליטרים,500.00,"100 מ""ל",false,1,24.90,4.98,true,1,
7290108359879,false,"אלסבון בייבי כיף+משאבה 750 מ""ל",קוסמופארם בעמ,IL,בייבי כיף אלסבון,מיליליטרים,750.00,"100 מ""ל",false,1,17.90,2.39,true,1,
7290108359893,false,"תחליב רחצה בייבי כיף+משאבה 750 מ""ל",גוד פוד פרודקטס S.p,IL,תחליב רחצה בייבי,מיליליטרים,750.00,"100 מ""ל",false,1,17.90,2.39,true,1,
7290108359985,false,סנו - ז'אוול מרסס קצף לניקוי וחינו בניחוח פריחה לבנה 1 ליטר,סנו ז'אוול Javel,IL,ג'אוול קצף ניקוי,ליטרים,1.00,ליטר,false,1,19.90,19.90,true,1,
7290108508734,false,כפפות חד פעמיות M100,,CN,כפפות חד פעמיות,יחידה,1.00,יחידה,false,1,31.90,31.90,true,1,
7290108508741,false,כפפות חד פעמיות L100,,CN,כפפות חד פעמיות,יחידה,1.00,יחידה,false,1,31.90,31.90,true,1,
7290110327620,false,"GO אבקת חלבון ללא תוספת טעם 2.27 ק""ג",בעמק טכנולוגיות מתקדמות,IL,אבקה חלבון,קילוגרמים,2.27,"ק""ג",false,1,299.00,131.72,true,1,
7290110327798,false,חטיף חלבון GO בטעם שוקולד 20 גרם חלבון,"בלמונט קונפקציות בע""\מ.",US,חטיף חלבון,גרמים,60.00,100 גרם,false,1,13.90,23.17,true,1,
7290110327804,false,חטיף חלבון GO בטעם בצק עוגיות 20 גרם חלבון,"בלמונט קונפקציות בע""\מ.",US,חטיף חלבון,גרמים,60.00,100 גרם,false,1,13.90,23.17,true,1,
7290110327811,false,חטיף חלבון GO בטעם קוקוס 20 גרם חלבון,"בלמונט קונפקציות בע""\מ.",US,חטיף חלבון,גרמים,60.00,100 גרם,false,1,13.90,23.17,true,1,
7290110327828,false,חטיף חלבון GO בטעם חמאת בוטנים 20 גרם חלבון,"בלמונט קונפקציות בע""\מ.",US,חטיף חלבון,גרמים,60.00,100 גרם,false,1,13.90,23.17,true,1,
7290110450052,false,צללית וולטין מאט232 יח',גייד,IL,צללית וולטין מאט,יחידה,1.00,יחידה,false,0,69.00,69.00,true,1,
7290110450113,false,סומק ושימר ולווטין22 יח',גייד,IL,סומק ושימר ולווט,יחידה,1.00,יחידה,false,0,109.00,109.00,true,1,
7290110450137,false,סומק ושימר ולווטין42 יח',גייד,IL,סומק ושימר ולווט,יחידה,1.00,יחידה,false,0,109.00,109.00,true,1,
7290110450205,false,שפתון וולטין מאט762 יח',גייד,IL,שפתון וולטין מאט,יחידה,1.00,יחידה,false,0,75.00,75.00,true,1,
7290110450298,false,שפתון גלוס עמיד75 יח',גייד,IL,שפתון גלוס עמיד7,יחידה,1.00,יחידה,false,1,79.00,79.00,true,1,
7290110450304,false,שפתון וולטין מאט763 יח',גייד,IL,שפתון וולטין מאט,יחידה,1.00,יחידה,false,0,75.00,75.00,true,1,
7290110450434,false,לק571.,גייד,IL,לק571.,יחידה,1.00,יחידה,false,0,29.00,29.00,true,1,
7290110450502,false,סומק עם מראה אידיליק40,גייד,IL,סומק עם מראה 40,יחידה,1.00,יחידה,false,0,89.00,89.00,true,1,
7290110450649,false,גייד לק 573 יח',גייד,IL,גייד לק 573,יחידה,1.00,יחידה,false,0,29.00,29.00,true,1,
7290110450694,false,.575גייד ל,גייד,IL,57,יחידה,1.00,יחידה,false,0,29.00,29.00,true,1,
7290110450731,false,גייד אניגמה FX קרם אנטי אייגינג 50 מל,דניה,CH,אניגמה קרם אנטי,מיליליטרים,50.00,"100 מ""ל",false,1,229.00,458.00,true,1,
7290110450762,false,לק קריסטליק קווי580 יח',גייד,IL,לק קריסטליק ק580,יחידה,1.00,יחידה,false,0,29.00,29.00,true,1,
7290110450946,false,שפתון איידליק מאט 736 יח,,IT,שפתון איידליק מא,יחידה,1.00,יחידה,false,1,75.00,75.00,true,1,
7290110450984,false,לק 586,גייד,FR,לק 586,יחידה,1.00,יחידה,false,0,29.00,29.00,true,1,
7290110451042,false,592גייד לקי,גייד,IL,592,יחידה,1.00,יחידה,false,0,29.00,29.00,true,1,
7290110451226,false,גייד פרו +קליר קרם יום נטול שומן 50 מל,דניה,CH,פרו+קליר קרם יום,מיליליטרים,50.00,"100 מ""ל",false,1,79.00,158.00,true,1,
7290110451233,false,גייד פרו +קליר מסכת לילה מרגיעה לעור הפנ,דניה,CH,מסיכת לילה,מיליליטרים,50.00,"100 מ""ל",false,1,79.00,158.00,true,1,
7290110451301,false,לק קריסטל גלו יח',גייד,IL,לק קריסטל גלו,יחידה,1.00,יחידה,false,1,29.00,29.00,true,1,
7290110451486,false,ולווטין הייליטר 123 יח',,IL,ולווטין הייליטר,יחידה,1.00,יחידה,false,1,99.00,99.00,true,1,
7290110451509,false,ולווטין דואט סומק ושימר,,IL,ולווטין דואט סומ,יחידה,1.00,יחידה,false,1,109.00,109.00,true,1,
7290110451554,false,גייד אקווה גולט קרם לחות גל עור רגיל-יבש,דניה,CH,אקווה ג'ולט קרם,מיליליטרים,50.00,"100 מ""ל",false,1,109.00,218.00,true,1,
7290110451561,false,גייד אקווה גולט קרם לחות גל עור שמן-מעור,דניה,CH,אקווה ג'ולט קרם,מיליליטרים,50.00,"100 מ""ל",false,1,109.00,218.00,true,1,
7290110451578,false,גייד אקווה גולט קרם גל ממריץ לעיניים 15,דניה,CH,אקווה ג'ולט עיני,מיליליטרים,15.00,"100 מ""ל",false,1,89.00,593.33,true,1,
7290110451585,false,וולנטיין סומק קונטור 125,דניה קוסמטיקס,IL,וולנטיין סומק קו,יחידה,1.00,יחידה,false,1,79.00,79.00,true,1,
7290110451653,false,עפרון שפתיים עמיד97 יח',,IT,עפרון שפתיים 97,יחידה,1.00,יחידה,false,1,49.00,49.00,true,1,
7290110451783,false,לק קריסטל גלו יח',,FR,לק קריסטל גלו,יחידה,1.00,יחידה,false,1,29.00,29.00,true,1,
7290110451790,false,לק קריסטל גלו יח' 606,,FR,לק קריסטל גלו,יחידה,1.00,יחידה,false,1,29.00,29.00,true,1,
7290110451868,false,שפתון גלוס עמיד 84 יח',דניה קוסמטיקס,IT,שפתון גלוס עמיד,יחידה,1.00,יחידה,false,1,79.00,79.00,true,1,
7290110451882,false,ספרקלס ערכת היילייטרים י,גייד,IL,ספרקלס ערכת הייל,יחידה,1.00,יחידה,false,1,169.90,169.90,true,1,
7290110451899,false,לונגיויטי פודרה 505 יח',,IL,לונגיויטי פודרה,יחידה,1.00,יחידה,false,1,95.00,95.00,true,1,
7290110451929,false,לונגיוטי פודרה 508 יח',,IL,לונגיוטי פודרה,יחידה,1.00,יחידה,false,1,95.00,95.00,true,1,
7290110451981,false,מייק אפ לונגיוויטי 116יח,,IT,לונגיויטי עמיד 1,יחידה,1.00,יחידה,false,1,135.00,135.00,true,1,
7290110452032,false,לונגיויטי מתקן גוון עמ20,אינטרקוסמא,IT,לונגיויטי מתקן ג,יחידה,1.00,יחידה,false,1,79.00,79.00,true,1,
7290110452070,false,גייד מים מיסלריים לניקוי פנים 200 מל,דניה,IL,מים מיסלריים לני,מיליליטרים,200.00,"100 מ""ל",false,1,45.00,22.50,true,1,
7290110452162,false,לק קריסטל גלו 607 יח',,FR,לק קריסטל גלו,יחידה,1.00,יחידה,false,1,29.00,29.00,true,1,
7290110452193,false,לק קריסטל גלו 610 יח',,FR,לק קריסטל גלו,יחידה,1.00,יחידה,false,1,29.00,29.00,true,1,
7290110452278,false,גלו בוקס הייליטר יח',גייד,IT,גלו בוקס הייליטר,יחידה,1.00,יחידה,false,1,148.90,148.90,true,1,
7290110452308,false,ולווטין גלוס 418 1 יחידה,גייד,IL,ולווטין גלוס 418,יחידה,1.00,יחידה,false,1,69.90,69.90,true,1,
7290110452322,false,"קד""מ גייד אוגוסט יח'",גייד,IL,"קד""מ גייד אוגוסט",יחידה,1.00,יחידה,false,1,59.90,59.90,true,1,
7290110452377,false,ליפגלוס קריסטל לייטס533,גייד,IL,ליפגלוס קריסטל ל,יחידה,1.00,יחידה,false,1,79.00,79.00,true,1,
7290110452414,false,וולווטין שפתון 780 יח',,IT,וולווטין שפתון,יחידה,1.00,יחידה,false,1,75.00,75.00,true,1,
7290110452513,false,לק קריסטל גלו 616 יח',גייד,FR,לק קריסטל גלו616,יחידה,1.00,יחידה,false,1,29.00,29.00,true,1,
7290110452629,false,גייד רויוליסט מסכת פורצלן להבהרה 50 מל,דניה,IL,רויוליסט מסכת פו,מיליליטרים,50.00,"100 מ""ל",false,1,99.00,198.00,true,1,
7290110452674,false,ולווטין גלוס 423 1 יחידה,,IL,ולווטין גלוס 423,יחידה,1.00,יחידה,false,1,69.90,69.90,true,1,
7290110452728,false,לק קריסטל גלו 622 יח',,FR,לק קריסטל גלו622,יחידה,1.00,יחידה,false,1,29.00,29.00,true,1,
7290110452742,false,לק קריסטל גלו 625יח',,IL,לק קריסטל גלו625,יחידה,1.00,יחידה,false,1,29.00,29.00,true,1,
7290110452766,false,לק קריסטל גלו 626 יח',,FR,לק קריסטל גלו,יחידה,1.00,יחידה,false,1,29.00,29.00,true,1,
7290110453060,false,שפתון וולווטין מאט 769 י,,IT,שפתון וולווטין מ,יחידה,1.00,יחידה,false,1,75.00,75.00,true,1,
7290110453206,false,שפתון וולווטין מאט 790יח,,IT,ולווטין עמיד מאט,יחידה,1.00,יחידה,false,1,75.00,75.00,true,1,
7290110453213,false,שפתון וולווטין מאט 791יח,,IT,ולווטין עמיד מאט,יחידה,1.00,יחידה,false,1,75.00,75.00,true,1,
7290110453350,false,לונגיוויטי קונסילר 27,גייד,IT,לונגיוויטי קונסי,יחידה,1.00,יחידה,false,1,89.00,89.00,true,1,
7290110453404,false,סומק ללא מראה 44,,IL,סומק ללא מראה 44,יחידה,1.00,יחידה,false,1,75.00,75.00,true,1,
7290110453596,false,גייד הידרה סובלים תמצית רימונים קרם עיני,דניה,CH,קרם עיניים רימונ,מיליליטרים,15.00,"100 מ""ל",false,1,129.00,860.00,true,1,
7290110453664,false,אייקון ונילה תחליב 200מל,,IL,אייקון ונילה בלא,מיליליטרים,200.00,"100 מ""ל",false,1,49.00,24.50,true,1,
7290110453695,false,קיט יוני 2019 יח',,IL,קיט יוני 2019,יחידה,1.00,יחידה,false,1,79.00,79.00,true,1,
7290110453725,false,גייד אקווה גולט סרום לחות אינטנסיבית 30,דניה,IL,אקווה ג'ולט סרום,מיליליטרים,30.00,"100 מ""ל",false,1,119.00,396.67,true,1,
7290110453749,false,לק קריסטל גלו 636 יח',,FR,לק קריסטל גלו 63,יחידה,1.00,יחידה,false,1,29.00,29.00,true,1,
7290110453756,false,לק קריסטל גלו 637 יח',,FR,לק קריסטל גלו637,יחידה,1.00,יחידה,false,1,29.00,29.00,true,1,
7290110453800,false,לק קריסטל גלו 642יח',,FR,לק קריסטל גלו642,יחידה,1.00,יחידה,false,1,29.00,29.00,true,1,
7290110453824,false,שפתון טרו קולור 268 יח',גייד,IT,שפתון טרו קולור,יחידה,1.00,יחידה,false,1,69.00,69.00,true,1,
7290110453879,false,גייד SENSE 5 שמן הזנה לפנים 30 מל,דניה,IT,SENSE 5 שמן הזנה,מיליליטרים,30.00,"100 מ""ל",false,1,99.00,330.00,true,1,
7290110453893,false,קריסטל לייטס 812 ליפגלוס,,IL,קריסטל לייטס 812,יחידה,1.00,יחידה,false,1,79.00,79.00,true,1,
7290110453909,false,BROWITY מסקרה ג'ל לגבות,,IT,BROWITY מסקרה ג',יחידה,1.00,יחידה,false,1,69.00,69.00,true,1,
7290110453930,false,גייד הידרה סובלים תמצית רימונים קרם יום,דניה,IL,קרם יום רימונים,מיליליטרים,50.00,"100 מ""ל",false,1,179.00,358.00,true,1,
7290110454265,false,EXTREMITY מסקרה לנפח 12,,DE,EXTREMITY מסקרה,יחידה,1.00,יחידה,false,1,89.00,89.00,true,1,
7290110454302,false,גייד גולד פרמיום דאבל סרום למיצוק העור 5,דניה,CH,גולדפרימיום דאבל,מיליליטרים,50.00,"100 מ""ל",false,1,249.90,499.80,true,1,
7290110454326,false,וולווטין דואט סומק 48,,IL,וולווטין דואט סו,יחידה,1.00,יחידה,false,1,109.00,109.00,true,1,
7290110454333,false,וולווטין דואט סומק 50,,IL,וולווטין דואט סו,יחידה,1.00,יחידה,false,1,109.00,109.00,true,1,
7290110454357,false,גייד סנס 5 קרם הזנה אינטנסיבי לפנים ולצו,דניה,CH,סנס 5 אינטנסיבי,מיליליטרים,50.00,"100 מ""ל",false,1,99.00,198.00,true,1,
7290110454463,false,שפתון סלפי 859 יח',,IT,שפתון סלפי 859,יחידה,1.00,יחידה,false,1,79.00,79.00,true,1,
7290110454487,false,שפתון סלפי 861 יח',,IT,שפתון סלפי 861,יחידה,1.00,יחידה,false,1,79.00,79.00,true,1,
7290110454784,false,לק קריסטל גלו 645 יח',,FR,לק קריסטל גלו 64,יחידה,1.00,יחידה,false,1,29.00,29.00,true,1,
7290110454807,false,לק קריסטל גלו 647 יח',,IL,לק קריסטל גלו 64,יחידה,1.00,יחידה,false,1,29.00,29.00,true,1,
7290110454814,false,לק קריסטל גלו 648 יח',,FR,לק קריסטל גלו 64,יחידה,1.00,יחידה,false,1,29.00,29.00,true,1,
7290110454869,false,אפקטיק מסקרה יח',,DE,אפקטיק מסקרה,יחידה,1.00,יחידה,false,1,89.00,89.00,true,1,
7290110454883,false,סלפי מארז שלישית סמקים 5,,IL,סלפי מארז שלישית,יחידה,1.00,יחידה,false,1,99.00,99.00,true,1,
7290110454968,false,שפתון גלוס עמיד 88 יח',,IT,שפתון גלוס עמיד,יחידה,1.00,יחידה,false,1,79.00,79.00,true,1,
7290110454975,false,שפתון גלוס עמיד 88 יח',,IT,שפתון גלוס עמיד,יחידה,1.00,יחידה,false,1,79.00,79.00,true,1,
7290110455064,false,מארז אייקון פרל יח',,IL,מארז אייקון פרל,יחידה,1.00,יחידה,false,1,149.00,149.00,true,1,
7290110455118,false,קיט מרץ 2020 יח',,IL,קיט מרץ 2020,יחידה,1.00,יחידה,false,1,34.90,34.90,true,1,
7290110455132,false,בייסיקס מט מארז צלליות י,,IL,בייסיקס מט מארז,יחידה,1.00,יחידה,false,1,119.00,119.00,true,1,
7290110455149,false,גייד רויוליסט מסכה מתקלפת להארת עור הפני,דניה,IL,רויוליסט מסכה מת,מיליליטרים,50.00,"100 מ""ל",false,1,99.00,198.00,true,1,
7290110455163,false,קריסטל לייטס 814 יח',,IL,קריסטל לייטס 814,יחידה,1.00,יחידה,false,1,79.00,79.00,true,1,
7290110455187,false,קריסטל לייטס 816 יח',,IL,קריסטל לייטס 816,יחידה,1.00,יחידה,false,1,79.00,79.00,true,1,
7290110455293,false,לק קריסטל גלו 654 יח',,FR,לק קריסטל גלו 65,יחידה,1.00,יחידה,false,1,29.00,29.00,true,1,
7290110455408,false,לק קריסטל גלו 658 יח',,FR,לק קריסטל גלו 65,יחידה,1.00,יחידה,false,1,29.00,29.00,true,1,
7290110455453,false,לונגיויטי איילנר שחור יח,,IL,לונגיויטי איילנר,יחידה,1.00,יחידה,false,1,79.00,79.00,true,1,
7290110455668,false,גייד סנס 6 קרם להצערת העור ולטיפול בקמטי,דניה,CH,סנס 6 קרם להצערת,מיליליטרים,50.00,"100 מ""ל",false,1,229.00,458.00,true,1,
7290110455675,false,גייד סנס 6 סרום להצערת העור ולטיפול בקמט,דניה,CH,סנס 6 סרום להצער,מיליליטרים,30.00,"100 מ""ל",false,1,229.00,763.33,true,1,
7290110455767,false,"תחליב גוף אייקון 200מ""ל",,IL,תחליב גוף אייקון,מיליליטרים,200.00,"100 מ""ל",false,1,49.00,24.50,true,1,
7290110455774,false,היילש מסקרה המאריכה יח,,IL,היילש מסקרה המאר,יחידה,1.00,יחידה,false,1,99.00,99.00,true,1,
7290110455828,false,סלפי 2 מארז יח',,IL,סלפי 2 מארז,יחידה,1.00,יחידה,false,1,114.00,114.00,true,1,
7290110455903,false,גלרי מארז צלליות עיניים,,IL,גלרי מארז צלליות,יחידה,1.00,יחידה,false,1,129.00,129.00,true,1,
7290110456030,false,אידיליק קונסילר 34 יח',INTERCOS,IT,אידיליק קונסילר,יחידה,1.00,יחידה,false,1,99.00,99.00,true,1,
7290110456122,false,גייד סידאולוגי קרם עיניים להפחתת סימני ע,דניה,IL,סידאולוגי קרם עי,מיליליטרים,15.00,"100 מ""ל",false,1,149.00,993.33,true,1,
7290110456139,false,ולווטין דואטסומק ושימר54,,IL,ולווטין דואטסומק,יחידה,1.00,יחידה,false,1,109.00,109.00,true,1,
7290110456214,false,לק קריסטל גלו 660 יח',,IL,לק קריסטל גלו660,יחידה,1.00,יחידה,false,1,29.00,29.00,true,1,
7290110456221,false,לק קריסטל גלו 661 יח',,FR,לק קריסטל גלו661,יחידה,1.00,יחידה,false,1,29.00,29.00,true,1,
7290110456238,false,לק קריסטל גלו 662 יח',,FR,לק קריסטל גלו662,יחידה,1.00,יחידה,false,1,29.00,29.00,true,1,
7290110456252,false,לק קריסטל גלו 664יח',,FR,לק קריסטל גלו664,יחידה,1.00,יחידה,false,1,29.00,29.00,true,1,
7290110456283,false,לק קריסטל גלו667 יח',,FR,לק קריסטל גלו667,יחידה,1.00,יחידה,false,1,29.00,29.00,true,1,
7290110456290,false,שפתון גלוס עמיד 90 יח',,IL,שפתון גלוס שפתון,יחידה,1.00,יחידה,false,1,79.00,79.00,true,1,
7290110456399,false,אניגמה FX קרם אנטי אייג',,CH,אניגמה FX קרם אנ,מיליליטרים,10.00,"100 מ""ל",false,1,79.00,790.00,true,1,
7290110456405,false,גייד אקווה גולט קרם לילה מזין 50 מל,דניה,IL,אקווה ג'ולט קרם,מיליליטרים,50.00,"100 מ""ל",false,1,119.00,238.00,true,1,
7290110456610,false,שפתון סלפי 868 יח',,IL,שפתון סלפי 868,יחידה,1.00,יחידה,false,1,79.00,79.00,true,1,
7290110456627,false,שפתון סלפי 869 יח',,IL,שפתון סלפי 869,יחידה,1.00,יחידה,false,1,79.00,79.00,true,1,
7290110456672,false,מחזק ציפורניים מתקדם יח',,FR,מחזק ציפורניים מ,יחידה,1.00,יחידה,false,1,39.00,39.00,true,1,
7290110456795,false,שפתון גלוס עמיד 91 יח',,IT,שפתון גלוס עמיד,יחידה,1.00,יחידה,false,1,79.00,79.00,true,1,
7290110456818,false,און פוינט קונסילרסטיק 50,,IT,און פוינט קונסיל,יחידה,1.00,יחידה,false,1,89.00,89.00,true,1,
7290110456832,false,און פוינט קונסילרסטיק 52,,IT,און פוינט קונסיל,יחידה,1.00,יחידה,false,1,89.00,89.00,true,1,
7290110456849,false,און פוינט קונסילרסטיק 53,,IT,און פוינט קונסיל,יחידה,1.00,יחידה,false,1,89.00,89.00,true,1,
7290110456870,false,אוורגלו ערכת היילייטרים,,IL,אוורגלו ערכת היי,יחידה,1.00,יחידה,false,1,179.00,179.00,true,1,
7290110456900,false,מארז אייקון פרייבט 50+15,,IL,מארז אייקון פריי,יחידה,1.00,יחידה,false,1,159.00,159.00,true,1,
7290110457013,false,"אייקון בלאק בלאם 150 מ""ל",,IL,אייקון בלאק בלאם,מיליליטרים,150.00,"100 מ""ל",false,1,109.00,72.67,true,1,
7290110457099,false,לונגיויטי מייק אפ 555,,IT,לונגיוטי מייק אפ,מיליליטרים,30.00,"100 מ""ל",false,1,135.00,450.00,true,1,
7290110457112,false,לק קריסטל גלו669 יח',,FR,לק קריסטל 669,יחידה,1.00,יחידה,false,1,29.00,29.00,true,1,
7290110457136,false,לק קריסטל גלו671 יח',,FR,לק קריסטל 671,יחידה,1.00,יחידה,false,1,29.00,29.00,true,1,
7290110457143,false,לק קריסטל גלו672 יח',,FR,לק קריסטל 672,יחידה,1.00,יחידה,false,1,29.00,29.00,true,1,
7290110457167,false,לק קריסטל גלו 674 יח',,FR,לק קריסטל 674,יחידה,1.00,יחידה,false,1,29.00,29.00,true,1,
7290110457310,false,גלו FX שלושה גוונים 141,,IL,גלו FX שלושה גוו,יחידה,1.00,יחידה,false,1,99.00,99.00,true,1,
7290110457716,false,קריסטל לייטס גלוס 823 יח,גייד,IL,קריסטל לייטס גלו,יחידה,1.00,יחידה,false,1,79.00,79.00,true,1,
7290110457723,false,קריסטל לייטס גלוס 824יח,גייד,IL,קריסטל לייטס גלו,יחידה,1.00,יחידה,false,1,79.00,79.00,true,1,
7290110457839,false,סלפי עיפרון שפתיים 851,INTERCOS,IT,סלפי עיפרון שפתי,יחידה,1.00,יחידה,false,1,59.00,59.00,true,1,
7290110457877,false,סלפי עיפרון שפתיים 859,INTERCOS,IT,סלפי עיפרון שפתי,יחידה,1.00,יחידה,false,1,59.00,59.00,true,1,
7290110457891,false,סלפי עיפרון שפתיים 866,INTERCOS,IT,סלפי עיפרון שפתי,יחידה,1.00,יחידה,false,1,59.00,59.00,true,1,
7290110458058,false,שפתון טרו קולור 280 יח',,IL,שפתון טרו קולור,יחידה,1.00,יחידה,false,1,69.00,69.00,true,1,
7290110458096,false,סט אייקון מאסק אויל בושם,,IL,אייקון מאסק אויל,יחידה,1.00,יחידה,false,1,199.00,199.00,true,1,
7290110458133,false,אייקון פרל בושם+,,,אייקון פרל בושם+,יחידה,1.00,יחידה,false,0,199.00,199.00,true,1,
7290110458362,false,קיט גייד מאי 22 יח',,IL,קיט גייד מאי 22,יחידה,1.00,יחידה,false,1,24.90,24.90,true,1,
7290110458447,false,אייקון רוזס בושם,,,אייקון רוזס בושם,יחידה,1.00,יחידה,false,0,199.00,199.00,true,1,
7290110458461,false,שפתון טרו קולור 284יח',,IL,שפתון טרו קולור,יחידה,1.00,יחידה,false,1,69.00,69.00,true,1,
7290110458560,false,אידיליק קונסילר 38 יח',INTERCOS,IT,אידיליק קונסילר,יחידה,1.00,יחידה,false,1,99.00,99.00,true,1,
7290110458652,false,תיק מתנה יולי 2022 יח',גייד,IT,תיק מתנה יולי 20,יחידה,1.00,יחידה,false,1,24.90,24.90,true,1,
7290110459093,false,תיק מתנה ספטמבר 2022 יח',גייד,IL,תיק מתנה ספטמבר,יחידה,1.00,יחידה,false,1,59.00,59.00,true,1,
7290110459215,false,תיק מתנה אוקטובר 2022 יח,גייד,IL,תיק מתנה אוקטובר,יחידה,1.00,יחידה,false,1,59.00,59.00,true,1,
7290110459390,false,תיק מתנה דצמבר 2022 יח',גייד,IL,תיק מתנה דצמבר22,יחידה,1.00,יחידה,false,1,59.00,59.00,true,1,
7290110559755,false,ריל מאגדת בוטנים פיסטוק וחמוציות שטראוס 105 גרם,"ואמואליס פודס אס.איי,",GR,חטיפי ריל אנרגי,גרמים,105.00,100 גרם,false,1,12.90,12.29,true,1,
7290110560324,false,"הפריכיות הטעימות תפו""א, אורז, אפונה ומלח ים","פרח תעשיו מזון בע""מ",IL,פריכיות אנרג'י,גרמים,30.00,100 גרם,false,1,5.50,18.33,true,1,
7290110572129,false,כיף כף מקלות שוקולד לבן 40 ג' עלית,סולן בעבור שטראוס,TR,כיף כף מקלות,גרמים,40.00,100 גרם,false,1,5.90,14.75,true,1,
7290110572969,false,כיף כף פצפצים עקרם לבן 40ג' עלית,שולן צ'\יקולטה גידה סאן.,TR,כיף כף פצפצים,גרמים,40.00,100 גרם,false,1,5.90,14.75,true,1,
7290110730109,false,נוטרילון קומפורט תרכובת מזון מגיל לידה,נוטרישיה קאלק,NL,נוטרילון 900 גרם,גרמים,900.00,100 גרם,false,1,101.90,11.32,true,1,
7290110804206,false,"אוליב סרום לשיער 60 מ""ל",א.פ.חורי,IL,אוליב סרום לשיער,מיליליטרים,60.00,"100 מ""ל",false,1,24.90,41.50,true,1,
7290111090134,false,"I-CARE שלישיית מגבוני רענון לידיים,12 *3",נאופארם,IL,מגבוני רענון,יחידה,1.00,יחידה,false,0,5.00,5.00,true,1,
7290111091520,false,"דר' עור תחליב רחצה קלאסי -קוקוס 700 מ""ל","אמיליה קוסמטיקס בע""מ",IL,תחליב רחצה,מיליליטרים,700.00,"100 מ""ל",false,1,14.90,2.13,true,1,
7290111093432,false,דר עור חמאת גוף אנטי אייגינג בניחוח סחלב,ניאופארם,IL,חמאת גוף 250,מיליליטרים,250.00,"100 מ""ל",false,1,21.90,8.76,true,1,
7290111093760,false,קוויק מטליות לחות לניקוי רצפות ניחוח מרכך כביסה 10 יחידות,די.פי.אל,IL,קוויק לניקוי רצפ,יחידה,1.00,יחידה,false,1,10.00,10.00,true,1,
7290111094248,false,"קוויק שקית אשפה חזקה וגדולה במיוחד (90*78), 20 יח'",,TR,שקיות אשפה חזקות,יחידה,1.00,יחידה,false,1,16.90,16.90,true,1,
7290111094392,false,"טרופיקל תחליב רחצה קוקוס וליים 700 מ""ל דר' עור","אמיליה קוסמטיקס בע""\מ",IL,תחליב רחצה,מיליליטרים,700.00,"100 מ""ל",false,1,14.90,2.13,true,1,
7290111096082,false,תיק נשיאה בייביסיטר,די.פי.אל,IL,תיק נשיאה בייביס,יחידה,1.00,יחידה,false,1,9.90,9.90,true,1,
7290111096921,false,קוויק מגבונים לניקוי כללי בתוספת חומץ ומלח לימון 50 יח',די.פי.אל,IL,קוויק מגבונים,יחידה,1.00,יחידה,false,1,9.90,9.90,true,1,
7290111096945,false,בקבוק אימון מד טמפרטורה,נוק,IL,נוק בקבוק אימון,יחידה,1.00,יחידה,false,1,44.90,44.90,true,1,
7290111097041,false,מגבוני בייביסיטר מבושמים 66*8,קיבוץ עמיר dpl,IL,מגבוני בייביסיטר,יחידה,1.00,יחידה,false,1,19.90,19.90,true,1,
7290111097065,false,בקבוק אימון מד טמפרטורה,נוק,IL,נוק בקבוק אימון,יחידה,1.00,יחידה,false,1,44.90,44.90,true,1,
7290111097447,false,תחליב רחצה רילקס תפוח700,"אמיליה קוסמטיקס בע""\מ",IL,תחליב רחצה רילקס,מיליליטרים,700.00,"100 מ""ל",false,1,14.90,2.13,true,1,
7290111097546,false,קוויק מגבונים 99.9% לניקוי כללי למשטחים בניחוח מרכך כביסה 50 יחידות,די.פי.אל,IL,קוויק ניקוי משטח,יחידה,1.00,יחידה,false,1,9.90,9.90,true,1,
7290111170126,false,כבל מוסיקה שטוח יח',פוג'יקום,CN,כבל מוסיקה שטוח,יחידה,1.00,יחידה,false,1,39.90,39.90,true,1,
7290111170270,false,כבל מוסיקה שטוח 2 מטר 2,פוג'יקום,CN,כבל מוסיקה שטוח,יחידה,1.00,יחידה,false,1,49.90,49.90,true,1,
7290111171062,false,אוזניות בלוטוס גלילה חדשות,פוג'יקום,CN,אוזניית בלוטות',יחידה,1.00,יחידה,false,1,164.90,164.90,true,1,
7290111286537,false,שוקולד לב באריזת מתנה 45,,CN,שוקולד לב באריזת,גרמים,45.00,100 גרם,false,1,14.90,33.11,true,1,
7290111340109,false,דיפנד - מגן תחתון לנשים אקטיב 22 יח',קימברלי קלארק,IL,מגן תחתון דיפנד,יחידה,1.00,יחידה,false,1,21.90,21.90,true,1,
7290111340185,false,מטליות לחות רצפה ניחוח מרכך כביסה ניקול 10 יחידות,חוגלה קימברלי,IL,מטליות לרצפה,יחידה,1.00,יחידה,false,1,11.90,11.90,true,1,
7290111340956,false,ניקול מטליות לחות לרצפה בניחוח פריחה לבנה,חוגלה קימברלי,IL,מטליות רצפה לחות,יחידה,1.00,יחידה,false,1,11.90,11.90,true,1,
7290111341434,false,תחבושות דיפנד נורמל אקטיב לנשים 12 יח,קימברלי קלארק,IL,תחבושות דיפנד,יחידה,1.00,יחידה,false,1,21.90,21.90,true,1,
7290111341496,false,תחבושות דיפנד מיני אקטיב לנשים 14 יח,קימברלי קלארק,IL,תחבושות דיפנד,יחידה,1.00,יחידה,false,1,21.90,21.90,true,1,
7290111341557,false,קוטקס אקטיב טמפונים ללא מוליך סופר 32יח,קימברלי קלארק צ'כיה,CZ,טמפוני קוטקס,יחידה,1.00,יחידה,false,1,27.90,27.90,true,1,
7290111341984,false,לילי - מגבוני נייר טואלט לח פיור רביעייה,קימברלי,IL,נייר טואלט לח4יח,יחידה,1.00,יחידה,false,1,23.90,23.90,true,1,
7290111342059,false,50 מטליות מיקרופייבר לשטחים אנטיבקטריאלי ניקול,ניקול,IL,מטליות לחות50יח,יחידה,1.00,יחידה,false,1,16.90,16.90,true,1,
7290111342073,false,מטליות מקרופייבר למשטחים אנטיבקטריאלי ניקול,ניקול,IL,מטליות מקרופייבר,יחידה,1.00,יחידה,false,1,14.90,14.90,true,1,
7290111342738,false,לילי - מגבוני נייר טואלט לח קידס רביעייה,לילי נייר טואלט חוגלה,IL,נייר טואלט לח4יח,יחידה,1.00,יחידה,false,1,23.90,23.90,true,1,
7290111343117,false,"קלינקס לושן סופט פק זוגות 140 דף ""חדש""",קימברלי קלארק,IL,קלינקס ממחטות,יחידה,1.00,יחידה,false,1,14.90,14.90,true,1,
7290111343445,false,מגבונים לחים אנטיבקטריאליים לניקוי וחיטוי משטחים 70% אלכוהול ALCO-WIPES,חוגלה קימברלי,IL,מטליות 70%אלכהול,יחידה,1.00,יחידה,false,1,27.90,27.90,true,1,
7290111343483,false,קוטקס יאנג נייט תחבושות עם כנפיים 20 יח,חוגלה,CZ,תחבושות קוטקס,יחידה,1.00,יחידה,false,1,21.90,21.90,true,1,
7290111343742,false,דיפנד תחתונים סופגים L נשים 9 יח,חוגלה,IL,דיפנד תחתון סופג,יחידה,1.00,יחידה,false,1,44.90,44.90,true,1,
7290111343759,false,דיפנד תחתונים סופגים XL נשים 9 יח,חוגלה,IL,דיפנד תחתון סופג,יחידה,1.00,יחידה,false,1,44.90,44.90,true,1,
7290111344183,false,דיפנד תחתונים סופגים M נשים 10 יח,חוגלה,IL,דיפנד תחתון סופג,יחידה,1.00,יחידה,false,1,44.90,44.90,true,1,
7290111344206,false,-מגבונים לחים לעור רגיש ללא בישום האגיס 4*64 יחידות,חוגלה קימברלי,IL,מגבונים האגיס 4*,יחידה,1.00,יחידה,false,1,24.90,24.90,true,1,
7290111344459,false,תחבושות קוטקס נייט אקסטרא לונג 18 יח,חוגלה קימברלי,CN,תחבושות נייט,יחידה,1.00,יחידה,false,1,21.90,21.90,true,1,
7290111344503,false,חיתולי האגיס אקסטרה קייר מידה +4 36 יח',חוגלה קימברלי,IL,האגיס אקסטרה קר,יחידה,1.00,יחידה,false,1,57.90,57.90,true,1,
7290111344732,false,קלינקס - טיישו אלרג'י קומפורט ניילון זוגות 140 דף,קימברלי קלארק,IL,קלינקס זוג,יחידה,1.00,יחידה,false,1,16.90,16.90,true,1,
7290111344824,false,מגן תחתון קוטקס אקסטרא אנטיבקטריאלי לארג',חוגלה,CN,מגן תחתון קוטקס,יחידה,1.00,יחידה,false,1,21.90,21.90,true,1,
7290111344831,false,קוטקס - מגיני יום אקסטרא פרוטקט נורמל ביג 60 יח',חוגלה קימברלי,CN,מגן תחתון קוטקס,יחידה,1.00,יחידה,false,1,21.90,21.90,true,1,
7290111344855,false,קוטקס - מגיני יום אקסטרא פרוטקט לארג' ביג 52 יח',חוגלה קימברלי,CN,מגן תחתון קוטקס,יחידה,1.00,יחידה,false,1,21.90,21.90,true,1,
7290111344879,false,קוטקס מגיני תחתון 2IN1 מחזור+שתן 44 יחיד,חוגלה,CN,מגן תחתון קוטקס,יחידה,1.00,יחידה,false,1,21.90,21.90,true,1,
7290111345753,false,תחבושות נטורל דואו נורמל 24 יח' קוטקס,קריות זול,CZ,תחבושות כותנה נו,יחידה,1.00,יחידה,false,1,21.90,21.90,true,1,
7290111345760,false,תחבושות נטורל דואו סופר 18 יח' קוטקס,קריות זול,CZ,תחבושות קוטקס,יחידה,1.00,יחידה,false,1,21.90,21.90,true,1,
7290111345777,false,תחבושת קוטקס כותנה לילה 16 יח' קוטקס,קריות זול,CZ,תחבושות קוטקס,יחידה,1.00,יחידה,false,1,21.90,21.90,true,1,
7290111353055,false,סוכריות גומי בטעמי פירות בצורת דובי,טופגם תעשיות ממתקים,TR,סוכריות גומי דוב,גרמים,200.00,100 גרם,false,1,10.90,5.45,true,1,
7290111424977,false,ג'ל רחצה קוקוס ומנגו300,ארמן,IL,ג'ל ר.קוקוס מנגו,מיליליטרים,300.00,"100 מ""ל",false,0,20.90,6.97,true,1,
7290111425028,false,קרם גוף אשכולית וליים,ארמן,IL,ק.גוף אשכוליות,מיליליטרים,200.00,"100 מ""ל",false,0,36.90,18.45,true,1,
7290111425103,false,קרם ידיים וניל וקקאו100מ,ארמן,IL,ק.ידיים ונילה,מיליליטרים,100.00,"100 מ""ל",false,0,20.90,20.90,true,1,
7290111425110,false,ג'ל רחצה תאנים ואוכמ300,ארמן,IL,ג'ל ר.תאנים אוכמ,מיליליטרים,300.00,"100 מ""ל",false,0,20.90,6.97,true,1,
7290111425127,false,ק.גוף תאנים ואוכמניות200,ארמן,IL,ק.גוף תאנים אוכמ,מיליליטרים,200.00,"100 מ""ל",false,0,36.90,18.45,true,1,
7290111425141,false,ג'ל רח.תפוח ופירי יער300,ארמן,IL,ג'ל ר.תפוח פירות,מיליליטרים,300.00,"100 מ""ל",false,0,20.90,6.97,true,1,
7290111425233,false,ק.ידיים הדרקון קוקו100מ,ארמן,IL,ק.ידיים דרקון,מיליליטרים,100.00,"100 מ""ל",false,0,20.90,20.90,true,1,
7290111425301,false,פילינג פנים ענבים וצ'יה,ארמן,IL,פ.פנים ענב וצ'יה,מיליליטרים,125.00,"100 מ""ל",false,0,36.90,29.52,true,1,
7290111425325,false,קרם פנים במבוק ותה ירוק,ארמן,IL,ק.פנים במבוק ותה,מיליליטרים,50.00,"100 מ""ל",false,0,46.90,93.80,true,1,
7290111425462,false,מרכך מנדרין ואובליפיחה,ארמן,IL,מ.מנדרין אובליפי,מיליליטרים,300.00,"100 מ""ל",false,0,19.90,6.63,true,1,
7290111425509,false,סבון מוצק מים100גר,ארמן,IL,סבון מים,גרמים,100.00,100 גרם,false,0,20.90,20.90,true,1,
7290111425516,false,סבון מוצק קאפקייק100גר,ארמן,IL,סבון קאפקייק,גרמים,100.00,100 גרם,false,0,20.90,20.90,true,1,
7290111425592,false,סבון CHILL,ארמן,IL,סבון CHILL,גרמים,100.00,100 גרם,false,0,12.90,12.90,true,1,
7290111564277,false,פריכיות דקות ונימוחות 3 דגנים פיטנס Fitness,פרח תעשיות בעמ,IL,פריכיות פיטנס,גרמים,120.00,100 גרם,false,1,11.90,9.92,true,1,
7290111870903,false,מרשמלו מסולסל ארוך 432גר,,CN,מרשמלו מסולסל אר,גרמים,432.00,100 גרם,false,1,24.90,5.76,true,1,
7290111873034,false,אצ.שוקולד כוח פי ג'יי 50,מאלבי פודס,UA,א.שוקולד פי ג'יי,גרמים,50.00,100 גרם,false,1,5.90,11.80,true,1,
7290111930928,false,חטיף פוף לבבות גריל 40 גרם,פוף POOF,IL,פוף לבבות גריל,גרמים,40.00,100 גרם,false,1,4.90,12.25,true,1,
7290111931321,false,"קולגייט משחת שיניים ילדים 6+ מיניונים 50 מ""ל",קולגייט- פלמוליב,PL,קולגייט מיניונים,מיליליטרים,50.00,"100 מ""ל",false,1,14.90,29.80,true,1,
7290111931338,false,סבון רחצה פלמוליב לומינוס מועשר בשמנים טבעיים,קולגייט פלמוליב,TR,סבון פלמוליב,מיליליטרים,500.00,"100 מ""ל",false,1,17.90,3.58,true,1,
7290111932502,false,"משחת שיניים קולגייט אופטיק וייט אקספרט וויט 75 מ""ל",קולגייט Colgate,MX,משחת שיניים,מיליליטרים,75.00,"100 מ""ל",false,1,24.90,33.20,true,1,
7290111933318,false,פלמוליב ס.נוזלי לומינוס מקדמיה 750 משאבה,קולגייט פלמוליב,TR,סבון פמוליב,מיליליטרים,750.00,"100 מ""ל",false,1,16.90,2.26,true,1,
7290111935800,false,דאו ליידי ספיד סטיק דרמה ויטמין אי 45 גר,ליידי ספיד סטיק Lady Speed Stick,US,ליידי ספיד סטיק,גרמים,45.00,100 גרם,false,1,17.90,39.78,true,1,
7290111935817,false,דאו ליידי ספיד סטיק סטיק דרמה פנינה 45 ג,ספיד סטיק,US,ליידי ספיד סטיק,גרמים,45.00,100 גרם,false,1,17.90,39.78,true,1,
7290111936203,false,"ליידי ספיד סטיק דרמה ספריי ויטמין אי 150 מ""ל",ליידי ספיד סטיק Lady Speed Stick,RU,ליידי ספיד סטיק,מיליליטרים,150.00,"100 מ""ל",false,1,14.90,9.93,true,1,
7290111936265,false,"ספריי גוף ספיד סטיק קול לייף 140 מ""ל",קולגייט פלמוליב,MX,ספיד סטיק ספריי,מיליליטרים,140.00,"100 מ""ל",false,1,14.90,10.64,true,1,
7290111936296,false,"פלמוליב סבון נוזלי בניחוח סנסיישן מסאז' ,750 מ""ל",קולגייט פלמוליב,TR,סבון פלמוליב,מיליליטרים,750.00,"100 מ""ל",false,1,16.90,2.26,true,1,
7290111937651,false,פצצת אמבט מנגו לכל סוגי העור,בלונס Balloons,CN,בלונס - פצצת אמב,יחידה,1.00,יחידה,false,1,11.90,11.90,true,1,
7290111937668,false,פצצת אמבט תפוח לכל סוגי העור,בלונס Balloons,CN,בלונס - פצצת אמב,יחידה,1.00,יחידה,false,1,11.90,11.90,true,1,
7290111937767,false,מגבת מיקרופייבר ליבוש,,CN,מגבת מיקרופייבר,יחידה,1.00,יחידה,false,1,20.90,20.90,true,1,
7290111938320,false,משחת קולגייט ג'ל 100*2מ,,PL,משחת שיניים,מיליליטרים,200.00,"100 מ""ל",false,1,29.90,14.95,true,1,
7290111939280,false,משחת קולגייט אדומה 75*4מ,,PL,משחת קולגייט 4יח,מיליליטרים,300.00,"100 מ""ל",false,1,29.90,9.97,true,1,
7290112000712,false,ויט קרם להסרת שיער לגבר למקלחת 150 מל,רקיט בנקיזר צרפת,FR,ויט קרם לגבר,מיליליטרים,150.00,"100 מ""ל",false,1,49.90,33.27,true,1,
7290112000729,false,ויט קרם להסרת שיער לגבר 200 מל,רקיט בנקיזר צרפת,FR,ויט קרם לגבר,מיליליטרים,200.00,"100 מ""ל",false,1,54.90,27.45,true,1,
7290112000736,false,פיניש טבליות aio 80 יח אריזת חסכון,רקיט בנקיזר,PL,פיניש 80 טבליות,יחידה,1.00,יחידה,false,1,59.90,59.90,true,1,
7290112000798,false,"דיטול תרסיסי חיטוי וניקוי אנטי בקטריאלי 750 מ""ל",רקיט בנקיזר,US,דטול מחטא משטחים,מיליליטרים,750.00,"100 מ""ל",false,1,14.90,1.99,true,1,
7290112001436,false,"פיניש מנקה מדיח כלים בניחוח לימון 250 מ""ל",רקיט בנקיזר,PL,פיניש מנקה מדיח,מיליליטרים,250.00,"100 מ""ל",false,1,10.90,4.36,true,1,
7290112002044,false,טבליות פיניש מנקה מדיח 3 יח,רקיט בנקיזר,HU,פיניש מנקה מדיח,יחידה,1.00,יחידה,false,1,10.90,10.90,true,1,
7290112002099,false,קולון גל כביסה מרוכז 2.5 ליטר קלאסי,רקיט בנקיזר,IL,ג'ל כביסה קולון,ליטרים,2.50,ליטר,false,1,27.90,11.16,true,1,
7290112003072,false,קולון מבשם בדים משב רוח ים (כחול),רקיט בנקיזר,ES,קולון מבשם כביסה,מיליליטרים,300.00,"100 מ""ל",false,1,26.90,8.97,true,1,
7290112003188,false,קולון קפסולות גל לכביסה 60 יחידות,רקיט בנקיזר,IT,קולון ג'ל קאפס,יחידה,1.00,יחידה,false,1,59.90,59.90,true,1,
7290112004970,false,פיניש אולטימייט קוואנטום 50 טבליות למדיח,רקיט בנקיזר,IL,פיניש אולטימייט,יחידה,1.00,יחידה,false,1,64.90,64.90,true,1,
7290112005076,false,אבקה להסרת כתמים לכביסה צבעונית וניש קליה 480 גרם,רקיט בנקיזר,IT,וניש אבקה לכביסה,גרמים,480.00,100 גרם,false,1,14.90,3.11,true,1,
7290112192561,false,"משחת שיניים פרודונטקס הגנה מלאה מרעננת הלבנה 75 מ""ל",ג'י.אס.קיי קונסיומר,IE,משחה פרודונטקס,מיליליטרים,75.00,"100 מ""ל",false,1,34.90,46.53,true,1,
7290112192578,false,משחת שיניים פרודונטקס אקסטרה פרש הגנה מלאה,ג'י.אס.קיי קונסיומר,IE,משחת פרודונטקס,מיליליטרים,75.00,"100 מ""ל",false,1,34.90,46.53,true,1,
7290112192585,false,פרודונטקס מברשת שיניים הגנה מלאה סופט,גלקסוס סמית קליין,IE,מברשת פרודונטקס,יחידה,1.00,יחידה,false,1,27.90,27.90,true,1,
7290112192875,false,"סנסודיין - משחת שיניים רגישות וחניכיים 75 מ""ל",סנסודיין Sensodyne,GB,משחת סנסודיין,מיליליטרים,75.00,"100 מ""ל",false,1,34.90,46.53,true,1,
7290112192882,false,"סנסודיין - משחת שיניים רגישות וחניכיים מלבינה 75 מ""ל",ג'י.אס.קיי קונסיומר,GB,משחת סנסודיין,מיליליטרים,75.00,"100 מ""ל",false,1,34.90,46.53,true,1,
7290112192943,false,"ספירה אנתוש אלוורה 50 מ""ל",ספירה Spira,IT,אנתוש דוחה יתוש,מיליליטרים,50.00,"100 מ""ל",false,1,19.90,39.80,true,1,
7290112192981,false,סטייל מתולתלות קרם לחות לשיער גלי 400,גורי,IL,סטייל קרם לחות,מיליליטרים,400.00,"100 מ""ל",false,1,27.90,6.98,true,1,
7290112192998,false,סטייל מתולתלות קרם לחות לשיער מקורזל 400,גורי,IL,קרם לחות לשיער,מיליליטרים,400.00,"100 מ""ל",false,1,27.90,6.98,true,1,
7290112193117,false,סטייל קרם לחות לשיער המפ 400 מל,א.ל. ארמן,IL,קרם לחות לשיער,מיליליטרים,400.00,"100 מ""ל",false,1,34.90,8.73,true,1,
7290112193278,false,"סטייל - שמפו מתולתלות לניקוי יסודי 600 מ""ל",א.ל.ארמן ייצור תמרוקים ב,IL,שמפו מתולתלות,מיליליטרים,600.00,"100 מ""ל",false,1,21.90,3.65,true,1,
7290112193285,false,"סטייל - מרכך מתולתלות מגביר לחות 600 מ""ל",א.ל.ארמן ייצור תמרוקים ב,IL,מרכך מתולתלות,מיליליטרים,600.00,"100 מ""ל",false,1,21.90,3.65,true,1,
7290112193292,false,"סטייל - מתולתלות מסכה לטיפול עמוק 500 מ""ל",א.ל.ארמן ייצור תמרוקים ב,IL,מסכה מתולתלות,מיליליטרים,500.00,"100 מ""ל",false,1,27.90,5.58,true,1,
7290112193315,false,"סטייל - מתולתלות קרם לחות להורדת פריז 400 מ""ל",א.ל.ארמן ייצור תמרוקים ב,IL,קרם לחות מתולתלו,מיליליטרים,400.00,"100 מ""ל",false,1,27.90,6.98,true,1,
7290112196736,false,סטייל שמפו קולור קונטרול סילבר 400 מל,גורי,IL,שמפו קולור קונטר,מיליליטרים,400.00,"100 מ""ל",false,1,24.90,6.23,true,1,
7290112196743,false,סטייל קרם לחות קולור קונטרול לטיפול עמוק,גורי,IL,קרם לחות קולור,מיליליטרים,400.00,"100 מ""ל",false,1,29.90,7.48,true,1,
7290112197078,false,"סטייל - תחליב רחצה לניקוי וטיפוח הידיים חמאת שיאה 500 מ""ל",רנקסאן פלסטיק יאנגר,TR,תחליב ידיים,מיליליטרים,500.00,"100 מ""ל",false,1,8.90,1.78,true,1,
7290112197139,false,"סטייל - סבון ידיים אדום 500 מ""ל חדש",רנקסאן פלסטיק יאנגר,TR,סטייל סבון ידיים,מיליליטרים,500.00,"100 מ""ל",false,1,7.90,1.58,true,1,
7290112332585,false,פריכיות משולש תפוא אורז בתיבול סלק ומלח ים אנרג'י 30 גרם,"פרח תעשיו מזון בע""מ",IL,"פריכיות תפו""א",גרמים,30.00,100 גרם,false,1,5.50,18.33,true,1,
7290112332691,false,פינוקיות עוגיות קרם פסק זמן אגוזים 200 גרם,"הגביע מוצרי וופלים בע""\מ",IL,פינוקיות פסק זמן,גרמים,200.00,100 גרם,false,1,11.90,5.95,true,1,
7290112336644,false,סוכריות מאסט ללא סוכר לימון 80 ג' עלית,שטראוס גרופ,PL,סוכריות מאסט,גרמים,80.00,100 גרם,false,1,8.90,11.13,true,1,
7290112337474,false,סוכריות מאסט ללא סוכר פטל לימון 80 ג' עלית,שטראוס גרופ,PL,סוכריות מאסט,גרמים,80.00,100 גרם,false,1,8.90,11.13,true,1,
7290112337481,false,סוכריות מאסט ללא סוכר קפצ''ינו 80 ג' עלית,שטראוס גרופ,PL,סוכריות מאסט,גרמים,80.00,100 גרם,false,1,8.90,11.13,true,1,
7290112340252,false,צנצנת מסטיק מאסט בטעם אבטיח מלון 66 ג' עלית,"שטראוס גרופ בע""\מ",IL,מסטיק אבטיח מלון,גרמים,66.00,100 גרם,false,1,11.90,18.03,true,1,
7290112343499,false,חטיף צ'יטוס פאפס אפוי בטעם גבינה,"שטראוס פריטו ליי בע""\מ )",IL,חטיף צ'יטוס puff,גרמים,55.00,100 גרם,false,1,3.90,7.09,true,1,
7290112347770,false,שוקולית מארז 500+400 גרם,שטראוס קפה בי.וי.,IL,שוקולית מארז,גרמים,900.00,100 גרם,false,1,22.00,2.44,true,1,
7290112348586,false,עלית - קפה נמס מילקשייק אייס קלאסי 200 גרם (2),שטראוס קפה בי.וי,IL,מילקשייק אייס,גרמים,200.00,100 גרם,false,1,16.90,8.45,true,1,
7290112348999,false,הפריכיות הטעימות תירס דקות אנרג'י 135 גרם,פרח תעשיות,IL,פריכיות תירס,גרמים,135.00,100 גרם,false,1,14.90,11.04,true,1,
7290112349538,false,קפה עלית טורקי 160 גרם,שטראוס קפה בי.וי.,IL,קפה טורקי עלית,גרמים,160.00,100 גרם,false,1,11.90,7.44,true,1,
7290112350312,false,קפסולות 15 קפה יותר למכונות נספרסו עלית 10יח',הנסיך- מפעל לייצור ט,IL,קפסולות קפה,גרמים,50.00,100 גרם,false,1,19.90,39.80,true,1,
7290112351463,false,שלישיית סוכריות מאסט FRESH פטל לימון 45 ג' עלית,"הליקון גידה בע""\מ",TR,"סוכריות לל""ס",גרמים,45.00,100 גרם,false,1,9.50,21.11,true,1,
7290112351470,false,סוכריות ללא סוכר בטעם תות רימון מאסט פרש,"הליקון גידה בע""\מ",TR,"סוכריות לל""ס",גרמים,45.00,100 גרם,false,1,9.50,21.11,true,1,
7290112354945,false,תפוצ'יפס WAVY בטעם טבעי 50 גרם,שטראוס פריטו ליי בע”,IL,תפוצ'יפס,גרמים,50.00,100 גרם,false,1,4.30,8.60,true,1,
7290112354952,false,תפוצ'יפס WAVY בטעם פפריקה 50 גרם,שטראוס פריטו ליי בע”,IL,תפוצ'יפס,גרמים,50.00,100 גרם,false,1,4.30,8.60,true,1,
7290112358004,false,פסק זמן קראנצ' עלית 32 גרם,שולן צ'\יקולטה גידה סאן.,TR,חטיף פסק זמן,גרמים,32.00,100 גרם,false,1,5.00,15.63,true,1,
7290112358561,false,קפה נמס פלטינום קלאסי 47 ג' עלית,"אינסטנטבה בע""\מ",PL,קפה פלטינום קלאס,גרמים,47.00,100 גרם,false,1,8.90,18.94,true,1,
7290112359902,false,"קפה פלטינום ברזיל עלית, 47 גרם","אינסטנטבה בע""\מ",PL,פלטינום ברזיל47ג,גרמים,47.00,100 גרם,false,1,8.90,18.94,true,1,
7290112490117,false,קליק אקסטרא לארג שוקולד חלב עם וופל ואגוזים,יוניליוור ישראל מזון בעמ,IL,שוקולד קליק,גרמים,85.00,100 גרם,false,1,6.90,8.12,true,1,
7290112490827,false,תרסיס ריחני למייבש הכביסה בדין בייבי 500,"זוהר דליה, קיבוץ דליה, 1",IL,תרסיס בדין בייבי,מיליליטרים,500.00,"100 מ""ל",false,1,19.90,3.98,true,1,
7290112492449,false,פינוק שמפו שיער רגיל 700 מל-חדש,יוניליוור ישראל טיפוח אי,IL,שמפו לשיער רגיל,מיליליטרים,700.00,"100 מ""ל",false,1,13.90,1.99,true,1,
7290112492456,false,"שמפו פינוק לשיער יבש/פגום 700 מ""ל",יוניליוור ישראל טיפוח אי,IL,שמפו לשיער יבש,מיליליטרים,700.00,"100 מ""ל",false,1,13.90,1.99,true,1,
7290112492463,false,"שמפו ומרכך 2 ב-1 לשיער רגיל פינוק 700 מ""ל.",יוניליוור ישראל טיפו,IL,פינוק שמפו+מרכך,מיליליטרים,700.00,"100 מ""ל",false,0,13.90,1.99,true,1,
7290112492500,false,פינוק שמפו לשיער עם שמן קוקוס 700 מל,"יוניליור ישראל, טיפו",IL,שמפו פינוק,מיליליטרים,700.00,"100 מ""ל",false,1,13.90,1.99,true,1,
7290112492593,false,תחליב רחצה פינוק בניחוח פינוק קלאסי 700,יוניליוור ישראל טיפוח אי,IL,תחליב רחצה פינוק,מיליליטרים,700.00,"100 מ""ל",false,1,11.90,1.70,true,1,
7290112492609,false,"תחליב רחצה פינוק 700 מ""ל לבנדר ווניל",יוניליוור ישראל טיפוח אי,IL,תחליב רחצה פינוק,מיליליטרים,700.00,"100 מ""ל",false,1,11.90,1.70,true,1,
7290112492616,false,פינוק תחליב רחצה 700 בתוספת שמן מרוקאי,יוניליוור ישראל טיפוח אי,IL,תחליב רחצה פינוק,מיליליטרים,700.00,"100 מ""ל",false,1,11.90,1.70,true,1,
7290112492678,false,פינוק שמפו לשיער רגיל אריזת נסיעות 100 מ,יוניליוור ישראל טיפוח אי,IL,שמפו פינוק,מיליליטרים,100.00,"100 מ""ל",false,1,6.50,6.50,true,1,
7290112492685,false,פינוק מרכך לשיער רגיל אריזת נסיעות 100 מ,יוניליוור ישראל טיפוח אי,IL,מרכך פינוק,מיליליטרים,100.00,"100 מ""ל",false,1,6.50,6.50,true,1,
7290112492746,false,"מרכך פינוק אל דמע לסירוק קל לילדים 700 מ""ל",יוניליוור ישראל טיפוח אי,IL,מרכך פינוק ילדים,מיליליטרים,700.00,"100 מ""ל",false,1,14.90,2.13,true,1,
7290112492753,false,"פינוק - לילדים אל סבון 700 מ""ל",יוניליוור ישראל טיפוח אי,IL,אל סבון לילדים,מיליליטרים,700.00,"100 מ""ל",false,1,14.90,2.13,true,1,
7290112492777,false,פינוק 2ב1 שמפו ומרכך למניעת קשקשים 700 מ,אתר ליוור - HPC,IL,שמפו פינוק,מיליליטרים,700.00,"100 מ""ל",false,1,14.90,2.13,true,1,
7290112494238,false,קליק - כדורים חלב תפזורת 65 גרם,יוניליוור ישראל מזון בע\,IL,קליק כדורים,גרמים,65.00,100 גרם,false,1,7.90,12.15,true,1,
7290112494283,false,קליק - מעורב חום לבן תפזורת 65 גרם,יוניליוור ישראל מזון בע\,IL,קליק חום לבן,גרמים,65.00,100 גרם,false,1,7.90,12.15,true,1,
7290112494795,false,בדין-ג'ל לכביסה לבנה וצבעונית בניחוח עדין כחול 2.5 ליטר,"זוהר דליה, קיבוץ דליה, 1",IL,בדין ג'ל כביסה,ליטרים,2.50,ליטר,false,1,35.90,14.36,true,1,
7290112494825,false,תרחיץ פנים לעור רגיש מכיל 25% קרם לחות,יוניליוור ישראל טיפוח אי,IL,דאב תרחיץ פנים,מיליליטרים,180.00,"100 מ""ל",false,1,15.90,8.83,true,1,
7290112494832,false,"דאב - תרחיץ פנים לעור רגיל 180 מ""ל",יוניליוור ישראל טיפוח אי,IL,דאב תרחיץ פנים,מיליליטרים,180.00,"100 מ""ל",false,1,15.90,8.83,true,1,
7290112495945,false,גל כביסה בדין מיני בניחוח בדין כחול 425,"זוהר דליה, קיבוץ דליה, 1",IL,בדין ג'ל לכביסה,מיליליטרים,425.00,"100 מ""ל",false,1,9.90,2.33,true,1,
7290112496195,false,"אקס - בושם גוף טיקט לגבר בלאק 17 מ""ל","קוסטר אירוסול, גבזה,",TR,אקס בושם כיס,מיליליטרים,17.00,"100 מ""ל",false,1,19.90,117.06,true,1,
7290112496201,false,"אקס - בושם גוף טיקט לגבר שוקולד 17 מ""ל","קוסטר אירוסול, גבזה,",TR,אקס בושם כיס,מיליליטרים,17.00,"100 מ""ל",false,1,19.90,117.06,true,1,
7290112496287,false,פתית - צ'יפס בטטה בטעם טבעי 21 גרם,JLM גלובל פודסn37\ דרך א,GB,פתית צ'יפס,גרמים,21.00,100 גרם,false,1,5.50,26.19,true,1,
7290112497123,false,סחלב תערובת להכנת מעדן בטעם סחלב 112גרם,יוניליוור ישראל מזון בע\,IL,תערובת לסחלב,גרמים,112.00,100 גרם,false,1,13.90,12.41,true,1,
7290112497369,false,דאב דאו רול און טלק סופט לנשים,"יוניליוור אנגליה, דרך קו",GB,דאו דאב רול און,מיליליטרים,50.00,"100 מ""ל",false,1,12.90,25.80,true,1,
7290112497994,false,"גרנולה תלמה פרוטאין בתוספת חלבון ואגוזים, 300 גרם","רפאלס בריא וטעים בע""\מ,",IL,גרנולה פרוטאין,גרמים,300.00,100 גרם,false,1,17.90,5.97,true,1,
7290112498526,false,"פתית צ'יפס עם בטטה סגולה בטעם שמנת ובצל, 22 גרם",JLM גלובל פודסn37\ דרך א,GB,פתית צ'יפס בטטה,גרמים,22.00,100 גרם,false,1,5.50,25.00,true,1,
7290112499455,false,פינוק תחליב רחצה 700 בתוספת שמן מרוקאי,יוניליוור ישראל טיפוח אי,IL,תחליב רחצה פינוק,מיליליטרים,700.00,"100 מ""ל",false,1,11.90,1.70,true,1,
7290112499493,false,"רקסונה - דאודורנט ספריי לאישה אלוורה 150 מ""ל","ארנסט, רחוב קומבינצקיה 6",RU,דאו רקסונה,מיליליטרים,150.00,"100 מ""ל",false,1,17.90,11.93,true,1,
7290112634337,false,מסכת מגן שקוף כתר יחידה,,IL,מסכת מגן שקוף כת,יחידה,1.00,יחידה,false,1,19.90,19.90,true,1,
7290112961372,false,פיטנס חטיפי פריכיות דקות קינמון 60 גרם,"פרח תעשיות מזון בע""\מ",IL,פיטנס פריכיות,גרמים,60.00,100 גרם,false,1,10.90,18.17,true,1,
7290112961464,false,פיטנס חטיפי פריכיות דגנים וחומוס מתובלות,"פרח תעשיות מזון בע""\מ",IL,חטיפי פריכיות,גרמים,60.00,100 גרם,false,1,10.90,18.17,true,1,
7290112963918,false,פיטנס חטיפי קרקר דק רוזמרין 140 גרם,נסטלה Nestle,IL,קרקר דק פיטנס,גרמים,140.00,100 גרם,false,1,14.90,10.64,true,1,
7290112964175,false,אפרופופקו מיקס 100 גרם,פרו מן יו פתרונות אריזה,IL,אפרופופקו מיקס,גרמים,100.00,100 גרם,false,1,8.90,8.90,true,1,
7290112965660,false,פיטנס - חטיף מולטיגריין מלח פלפל 25 גרם,מיוצר עי קונדיטוריית,IL,חטיף פיטנס מלח,גרמים,25.00,100 גרם,false,1,5.50,22.00,true,1,
7290112965684,false,פיטנס - חטיף מולטיגריין עשבי תיבול 25 גרם,מיוצר עי קונדיטוריית,IL,חטיף פיטנס,גרמים,25.00,100 גרם,false,1,5.50,22.00,true,1,
7290112965707,false,פיטנס - חטיף מולטיגריין צילי מעודן 25 גרם,"אסם השקעות בע""\מ",IL,חטיף פיטנס צ'ילי,גרמים,25.00,100 גרם,false,1,5.50,22.00,true,1,
7290112968807,false,פיטנס - קרקר דק סלק 140 גרם,מפעל אסם יקנעם,IL,קרקר דק פיטנס,גרמים,140.00,100 גרם,false,1,14.90,10.64,true,1,
7290113560055,false,פרודונטקס מי פה טיפול יומי לחניכיים 500,"מאסטרפוד אוסטריה בע""מ",GB,פרודונטקס מי פה,מיליליטרים,500.00,"100 מ""ל",false,1,31.90,6.38,true,1,
7290113560109,false,פרודונטקס מ.שיניים בטעם צמחי 75 מל,פרודונטקס Parodontax,SK,משחה פרודונטקס,מיליליטרים,75.00,"100 מ""ל",false,1,31.90,42.53,true,1,
7290113560277,false,זוג מברשות שיניים רפיד רליף סנסודיין,גלקסוס סמית קליין,GB,מברשות רפיד 2 יח,יחידה,1.00,יחידה,false,1,19.90,19.90,true,1,
7290114146418,false,קומפקט פודרה 100-לייט יח,,IL,קומפקט פודרה 10-,יחידה,1.00,יחידה,false,1,69.90,69.90,true,1,
7290114601917,false,שפתון HD היפר מאט יח',,IL,שפתון HD היפר מא,יחידה,1.00,יחידה,false,1,49.90,49.90,true,1,
7290114605342,false,פירסט סמייל רפידות הנקה גודל מדיום 110,צאנזו שאנג קאר פרודק,CN,רפידות הנקה,יחידה,1.00,יחידה,false,1,26.90,26.90,true,1,
7290114607391,false,"קולגייט משחת לילדים ברבי 2-5 שנים, 75 מ""ל",קולגייט פלמוליב,PL,קולגייט מינייוני,מיליליטרים,75.00,"100 מ""ל",false,1,16.90,22.53,true,1,
7290114609388,false,קירינס עטיפת זוהר לפנים,,KP,קירינס עטיפת זוה,יחידה,1.00,יחידה,false,1,9.90,9.90,true,1,
7290114659949,false,מסיכה לפנים חד פעמי - 50 יחידות בחבילה,נ'יאנג יונג,CN,מסכת פנים חד פעמ,יחידה,1.00,יחידה,false,1,12.90,12.90,true,1,
7290114720007,false,קיט לעיניים יח',,IL,קיט לעיניים,יחידה,1.00,יחידה,false,1,149.90,149.90,true,1,
7290114720014,false,קיט לשפתיים יח',,IL,קיט לשפתיים,יחידה,1.00,יחידה,false,1,149.90,149.90,true,1,
7290114721301,false,זוג ראשי מברשות תואם אורל בי Sensitive,פוג'יקום,CN,ראש למברשת חשמלי,יחידה,1.00,יחידה,false,1,19.90,19.90,true,1,
7290114721400,false,זוג ראשי פחם Soft תואם אורל בי,פוג'יקום,CN,ראש למברשת חשמלי,יחידה,1.00,יחידה,false,1,19.90,19.90,true,1,
7290114721592,false,מברשת שיניים חשמלית פוג'יקום דינוזאור,פוג'יקום,CN,מברשת שיניים,יחידה,1.00,יחידה,false,1,29.90,29.90,true,1,
7290114721608,false,מברשת שיניים חשמלית פוג'יקום חד קרן,פוג'יקום,CN,מברשת שיניים,יחידה,1.00,יחידה,false,1,29.90,29.90,true,1,
7290114721677,false,אוזניות מקרופון עם חיבור,פוג'יקום,CN,אוזניות מקרופון,יחידה,1.00,יחידה,false,1,59.90,59.90,true,1,
7290114721790,false,מראת איפור מוארת+ארגונית,,CN,מראת איפור מוארת,יחידה,1.00,יחידה,false,1,249.90,249.90,true,1,
7290114751131,false,משחת שיניים אורל בי לילדים קארס 114 גר,פרוקטר אנד גמבל,DE,משחת שיניים לילד,מיליליטרים,75.00,"100 מ""ל",false,1,14.90,19.86,true,1,
7290115071481,false,6 מטבעות שוקולד באריזת רשת 31 גר LOL,שמחה זה אנחנו,NL,מטבעות שוקולד,גרמים,31.00,100 גרם,false,1,5.90,19.03,true,1,
7290115071528,false,מטבעות שוקולד ברשת מיניונים 31 גר,,NL,מטבעות שוקולד,גרמים,31.00,100 גרם,false,1,5.90,19.03,true,1,
7290115071535,false,מטבעות שוקולד ברשת מפרץ הרפתקאות 31 גר,,NL,מטבעות שוקולד,גרמים,31.00,100 גרם,false,1,5.90,19.03,true,1,
7290115073676,false,מסכה לפנים חד פעמי 50 יח צבעוניות,שמחה זה אנחנו,CN,מסכת פנים חד פעמ,יחידה,1.00,יחידה,false,1,12.90,12.90,true,1,
7290115073683,false,מסכה לפנים חד פעמי מארז 10 יח צבעוניות,,IL,מסכת פנים חד פעמ,יחידה,1.00,יחידה,false,1,6.90,6.90,true,1,
7290115074963,false,מסכה חד פעמית קיטי 5 יח',Unknown,IL,מסכה חד פעמית קי,יחידה,1.00,יחידה,false,1,5.90,5.90,true,1,
7290115075182,false,6 מטבעות שוקולד באריזת רשת 31 גר חד קרן,שמחה זה אנחנו,NL,מטבעות שוקולד,גרמים,31.00,100 גרם,false,1,5.90,19.03,true,1,
7290115205176,false,פיטנס - קרקר דק כפרי פיטנס 140 גרם,נסטלה Nestle,IL,קרקר דק פיטנס,גרמים,140.00,100 גרם,false,1,14.90,10.64,true,1,
7290115205312,false,קרקר פיטנס דק עם זיתי קלמטה ועשבי תיבול,"אסם השקעות בע""\מ",IL,קרקר דק פיטנס,גרמים,140.00,100 גרם,false,1,14.90,10.64,true,1,
7290115209198,false,במבה אוורירית אסם 80 גרם,"אסם תעשיות בע""מ",IL,במבה אוורירית,גרמים,80.00,100 גרם,false,1,5.90,7.38,true,1,
7290115291834,false,"אויל 10 ב 1 150 מ""ל",,IL,אויל 10 ב 1,מיליליטרים,150.00,"100 מ""ל",false,1,79.90,53.27,true,1,
7290115291872,false,"קונדישינר אויל 400 מ""ל",,IL,קונדישינר אויל,מיליליטרים,400.00,"100 מ""ל",false,1,79.90,19.98,true,1,
7290115291889,false,"שמפו אויל 400 מ""ל",,IL,שמפו אויל,מיליליטרים,400.00,"100 מ""ל",false,1,79.90,19.98,true,1,
7290115295047,false,"שמן גוף ריחני 50 מ""ל",,IL,שמן גוף ריחני,מיליליטרים,50.00,"100 מ""ל",false,1,139.00,278.00,true,1,
7290115295887,false,שפתוני גלוס להוספת נפח,,IL,שפתוני גלוס להו,יחידה,1.00,יחידה,false,1,129.00,129.00,true,1,
7290115671223,false,מסטיק מאסט פאן אבטיח מנגו צנצנת 58 גרם,אסקום קונפקשיין,DE,מסטיק מאסט,גרמים,58.00,100 גרם,false,1,11.90,20.52,true,1,
7290115671308,false,מסטיק מאסט פאן תות דובדבן צנצנת 58 גרם,אסקום קונפשטיין,DE,מסטיק מאסט,גרמים,58.00,100 גרם,false,1,11.90,20.52,true,1,
7290115671346,false,מיני פינוקיות טופי קרמל מלוח עלית 180 גרם,"הגביע מוצרי ופלים בע""\מ",IL,מיני פינוקיות,גרמים,180.00,100 גרם,false,1,11.90,6.61,true,1,
7290115676341,false,אריזות דבש אישיות טו גו 18 * 162 ג' יד מרדכי,מכוורת יד מרדכי שטראוס ב,IL,דבש טהור בסשאטים,גרמים,162.00,100 גרם,false,1,18.90,11.67,true,1,
7290116244051,false,אצבעות שוקולד חלב 84 גרם LOL,סטילנד שוקולד,NL,אצבעות שוקולד,גרמים,84.00,100 גרם,false,1,10.90,12.98,true,1,
7290116244082,false,מפרץ הרפתקאות אצבעות שוקולד חלב 84 גרם,סטילנד שוקולד,NL,אצבעות שוקולד חל,גרמים,84.00,100 גרם,false,1,10.90,12.98,true,1,
7290116530895,false,"תרסיס ריחני למייבש כביסה פינוק כחול בדין 500 מ""ל","זוהר דליה, קיבוץ דליה, 1",TR,תרסיס למייבש,מיליליטרים,500.00,"100 מ""ל",false,1,19.90,3.98,true,1,
7290116531243,false,"שמפו ומרכך 2ב-1 למניעת קשקשים 700 מ""ל פינוק",יוניליוור ישראל טיפוח אי,IL,שמפו פינוק,מיליליטרים,700.00,"100 מ""ל",false,1,14.90,2.13,true,1,
7290116531663,false,"תחליב רחצה פינוק בניחוח תפוח 700 מ""ל",יוניליוור ישראל טיפוח אי,IL,תחליב רחצה פינוק,מיליליטרים,700.00,"100 מ""ל",false,1,11.90,1.70,true,1,
7290116531762,false,דפים ריחניים למייבש כביסה בדין ורוד 40 יחידות,"קלינטסט - 3p ארה""ב",US,דפים למייבש,יחידה,1.00,יחידה,false,1,18.90,18.90,true,1,
7290116531977,false,אקס דאודורנט בודי ספריי סקייטבורד וורדים,"קוסטר אירוסול, גבזה 4140",GB,דאו .ספריי אקס,מיליליטרים,150.00,"100 מ""ל",false,1,11.90,7.93,true,1,
7290116532035,false,קליק קורנפלקס חום לבן כשר לפסח 65 גרם,"דרך השוקולד ,1 צפת 13404",IL,חטיף קליק,גרמים,65.00,100 גרם,false,1,7.90,12.15,true,1,
7290116532394,false,"אל סבון ידיים נוזלי חמאת קקאו 950 מ""ל פינוק",יוניליוור ישראל טיפוח אי,TR,פינוק סבון ידיים,מיליליטרים,950.00,"100 מ""ל",false,1,14.90,1.57,true,1,
7290116532615,false,"שמפו לשיער בתוספת תמצית גוג'י ברי פינוק 700 מ""ל.",יוניליוור ישראלn\טיפוח א,IL,שמפו פינוק,מיליליטרים,700.00,"100 מ""ל",false,1,13.90,1.99,true,1,
7290116532622,false,"מרכך לשיער בתוספת תמצית גוג'י ברי פינוק 700 מ""ל.",יוניליוור ישראלn\טיפוח א,IL,מרכך עם גוגי ברי,מיליליטרים,700.00,"100 מ""ל",false,1,13.90,1.99,true,1,
7290116532868,false,פינוק בייבי שמפו אל דמע לתינוקות 900 מל,יוניליוור ישראלn\טיפוח א,IL,בייבי שמפו,מיליליטרים,900.00,"100 מ""ל",false,1,21.90,2.43,true,1,
7290116532875,false,פינוק בייבי אל סבון לתינוקות 970 מל-משאבה,יוניליוור ישראלn\טיפוח א,IL,אל סבון לתינוק,מיליליטרים,900.00,"100 מ""ל",false,1,21.90,2.43,true,1,
7290116533094,false,"פינוק - שמפו בניחוח ורדים לבנים 700 מ""ל",יוניליוור ישראל טיפוח אי,IL,שמפו פינוק ורדים,מיליליטרים,700.00,"100 מ""ל",false,1,13.90,1.99,true,1,
7290116930015,false,GO חטיף חלבון חטיף בוטנים קריספי 20 גרם חלבון,"בלמונט קונפקציות בע""\מ.",US,חטיף חלבון GO,גרמים,60.00,100 גרם,false,1,13.90,23.17,true,1,
7290116930022,false,חטיף חלבון GO קרם עוגיות ציפוי קריספי 20 גרם,"בלמונט קונפקציות בע""\מ.",US,חטיף חלבון GO,גרמים,60.00,100 גרם,false,1,13.90,23.17,true,1,
7290117821398,false,ביצת הפתעה פלסטיק עם סוכריות קשות 10 גרם כבאית,PAZARLAMA GIDA GLOBAL,TR,ביצת הפתעה סוכ.,גרמים,10.00,100 גרם,false,1,5.90,59.00,true,1,
7290117821411,false,ביצת הפתעה פלסטיק עם סוכריות קשות 10 גרם דינוזאור,PAZARLAMA GIDA GLOBAL,TR,ביצת הפתעה סוכ.,גרמים,10.00,100 גרם,false,1,5.90,59.00,true,1,
7290117821435,false,ביצת הפתעה פלסטיק עם סוכריות קשות 10 גרם חד קרן,PAZARLAMA GIDA GLOBAL,TR,ביצת הפתעה חד קר,גרמים,10.00,100 גרם,false,1,5.90,59.00,true,1,
7290117823798,false,בדיקה עצמית מהירה לזיהוי אנטיגן 5 יח,,CN,בדיקת אנטיגן עצמ,יחידה,1.00,יחידה,false,1,39.90,39.90,true,1,
7290117824061,false,ממתק ליקריץ מקלות 35גר-בטעם פירות הלו קי,שמחה זה אנחנו,TR,ליקריץ מקלות פיר,גרמים,35.00,100 גרם,false,1,2.90,8.29,true,1,
7290117825785,false,מסכה KN95 לבן 5 יחידות,,CN,מסכה לפנים KN95,יחידה,1.00,יחידה,false,1,10.00,10.00,true,1,
7290117825860,false,ממתק ליקריץ מקלות 35גר-בטעם פירות LOL,שמחה זה אנחנו,TR,ליקריץ מקלות פיר,גרמים,35.00,100 גרם,false,1,2.90,8.29,true,1,
7290117825907,false,ליקריץ מקלות תות 35 גרם,,TR,ליקריץ מקלות תות,גרמים,35.00,100 גרם,false,1,2.90,8.29,true,1,
7290117825914,false,ממתק מקלות קולה 35 גרם,,TR,ממתק מקלות קולה,גרמים,35.00,100 גרם,false,1,2.90,8.29,true,1,
7290117860038,false,"הוואי - תחליב רחצה יוגורט בניחוח אוכמניות 700 מ""ל","טרופיקל דגיל בע""\מ",IL,תחליב רחצה הוואי,מיליליטרים,700.00,"100 מ""ל",false,1,11.90,1.70,true,1,
7290117860045,false,שמפו תמציות אלוורה ותה ירוק לשיער רגיל,"טרופיקל גליל בע""מ",IL,שמפו הוואי,מיליליטרים,700.00,"100 מ""ל",false,1,11.90,1.70,true,1,
7290117860090,false,מרכך תמציות אלוורה ותה ירוק לשיער רגיל,"טרופיקל דגיל בע""\מ",IL,מרכך מטפח לשיער,מיליליטרים,700.00,"100 מ""ל",false,1,11.90,1.70,true,1,
7290117860144,false,הוואי שמפו פירות אקזוטיים וקלנדולה 700,"טרופיקל גליל בע""מ",IL,שמפו הוואי,מיליליטרים,700.00,"100 מ""ל",false,1,11.90,1.70,true,1,
7290117860182,false,"הוואי - תחליב רחצה בניחוח מגנוליה ושמן שקדים 700 מ""ל","טרופיקל דגיל בע""\מ",IL,תחליב רחצה הוואי,מיליליטרים,700.00,"100 מ""ל",false,1,11.90,1.70,true,1,
7290117860199,false,שמפו שמן ורד הבר ושמן מקדמיה לשיער יבש,"טרופיקל דגיל בע""\מ",IL,שמפו הוואי,מיליליטרים,700.00,"100 מ""ל",false,1,11.90,1.70,true,1,
7290117860236,false,"הוואי - קרם רחצה בניחוח ויולה ורודה 700 מ""ל","טרופיקל דגיל בע""\מ",IL,קרם רחצה הוואי,מיליליטרים,700.00,"100 מ""ל",false,1,11.90,1.70,true,1,
7290117860243,false,"הוואי - מרכך מעניק לחות לשיער יבש 700 מ""ל","טרופיקל גליל בע""מ",IL,מרכך הוואי,מיליליטרים,700.00,"100 מ""ל",false,1,11.90,1.70,true,1,
7290117860281,false,"הוואי - ג'ל רחצה לגבר בניחוח עוצמתי 700 מ""ל","טרופיקל דגיל בע""\מ",IL,ג'ל רחצה לגבר,מיליליטרים,700.00,"100 מ""ל",false,1,11.90,1.70,true,1,
7290117860298,false,שמפו קומפלקס קרטין לשיער עדין או חלש,"טרופיקל גליל בע""מ",IL,שמפו הוואי,מיליליטרים,700.00,"100 מ""ל",false,1,11.90,1.70,true,1,
7290117860335,false,"הוואי ג'ל רחצה לגבר בניחוח מעורר 700 מ""ל","טרופיקל דגיל בע""\מ",IL,ג'ל רחצה לגבר,מיליליטרים,700.00,"100 מ""ל",false,1,11.90,1.70,true,1,
7290117860342,false,מרכך קומפלקס קרטין לשיער עדין או חלש,"טרופיקל גליל בע""מ",IL,מרכך הוואי,מיליליטרים,700.00,"100 מ""ל",false,1,11.90,1.70,true,1,
7290117860380,false,"תחליב רחצה יוגורט בניחוח אלוורה 700 מ""ל הוואי","טרופיקל דגיל בע""\מ",IL,תחליב רחצה הוואי,מיליליטרים,700.00,"100 מ""ל",false,1,11.90,1.70,true,1,
7290117860397,false,שמפו תמצית פריחת הדובדבן לשיער רגיל,"טרופיקל גליל בע""מ",IL,שמפו הוואי,מיליליטרים,700.00,"100 מ""ל",false,1,11.90,1.70,true,1,
7290117860649,false,הוואי שמפו קרטין קיק ללא סולפטים 700 מל,"טרופיקל גליל בע""מ",IL,שמפו הוואי,מיליליטרים,700.00,"100 מ""ל",false,1,11.90,1.70,true,1,
7290117860694,false,הוואי מרכך קרטין קיק ללא סולפטים 700 מל,"טרופיקל גליל בע""מ",IL,מרכך הוואי,מיליליטרים,700.00,"100 מ""ל",false,1,11.90,1.70,true,1,
7290117860748,false,הוואי שמפו תמצית יסמין מעניק נפח 700 מל,"טרופיקל גליל בע""מ",IL,שמפו הוואי,מיליליטרים,700.00,"100 מ""ל",false,1,11.90,1.70,true,1,
7290117860793,false,הוואי מרכך תמצית יסמין מעניק נפח 700 מל,"טרופיקל דגיל בע""\מ",IL,מרכך הוואי,מיליליטרים,700.00,"100 מ""ל",false,1,11.90,1.70,true,1,
7290117860892,false,"הוואי - תחליב רחצה יוגורט בניחוח וניל ודבש 700 מ""ל","טרופיקל דגיל בע""\מ",IL,תחליב רחצה הוואי,מיליליטרים,700.00,"100 מ""ל",false,1,11.90,1.70,true,1,
7290117860946,false,"תחליב רחצה יוגורט בניחוח קוקוס 700 מ""ל הוואי","טרופיקל דגיל בע""\מ",IL,תחליב רחצה הוואי,מיליליטרים,700.00,"100 מ""ל",false,1,11.90,1.70,true,1,
7290117860991,false,"תחליב רחצה יוגורט בניחוח שקדים 700 מ""ל הוואי","טרופיקל דגיל בע""\מ",IL,תחליב רחצה הוואי,מיליליטרים,700.00,"100 מ""ל",false,1,11.90,1.70,true,1,
7296073011217,false,פסטה פנה ריגטה31שופר500ג,שופרסל,IT,פסטה פנה ריגטה,גרמים,500.00,100 גרם,false,0,4.70,0.94,true,1,
7296073059097,false,25 מגבונים להסרת איפור,שופרסל,IL,מגבונים לאיפור,יחידה,1.00,יחידה,false,0,10.10,10.10,true,1,
7296073074441,false,פתי בר שוקו גדול שופר500,שופרסל,IL,פתי בר גדול שוקו,גרמים,500.00,100 גרם,false,0,9.30,1.86,true,1,
7296073079040,false,פריכיות זעתר שופרסל 50גר,"פרח תעשיות מזון בע""\מ",IL,פריכיות אורז,גרמים,50.00,100 גרם,false,0,7.90,15.80,true,1,
7296073095583,false,"אצטון שופרסל 100 מ""ל","ש. שוורץ )באר שבע( בע""\מ",IL,אצטון BE,מיליליטרים,100.00,"100 מ""ל",false,0,3.90,3.90,true,1,
7296073195115,false,דייסת קורנפלור שופרסל200,שופרסל,IL,דייסת קורנפלור,גרמים,200.00,100 גרם,false,0,9.90,4.95,true,1,
7296073198314,false,דייסת דגנים מעורבים 200ג,שופרסל,IL,דייסת דגנים,גרמים,200.00,100 גרם,false,0,9.90,4.95,true,1,
7296073206682,false,טונה בשמן קנולה 160*4ג,"תעשיות פילטונה בע""מ",IL,טונה בשמן 4 יח,גרמים,640.00,100 גרם,false,0,22.90,3.58,true,1,
7296073218661,false,מטליות לרצפה 3יח,,CN,מטליות לרצפה 3יח,יחידה,1.00,יחידה,false,0,24.90,24.90,true,1,
7296073218807,false,בישקוטים,,IT,בישקוטים,גרמים,200.00,100 גרם,false,0,5.90,2.95,true,1,
7296073223009,false,שמן זית,,IT,שמן זית,מיליליטרים,750.00,"100 מ""ל",false,0,29.90,3.99,true,1,
7296073224815,false,מרכך מרוכז כחול,,IL,מרכך מרוכז כחול,ליטרים,1.00,ליטר,false,0,10.90,10.90,true,1,
7296073230656,false,מגבות נייר שופרסל 6 גל.,"שניב תעשיות נייר בע""\מ",IL,מגבות נייר,מטרים,63.00,מטר,false,0,10.90,0.17,true,1,
7296073236597,false,דייסת קורנפלור וניל 200ג,אשבל בעמ,IL,דייסת קורנפלור,גרמים,200.00,100 גרם,false,1,9.90,4.95,true,1,
7296073237556,false,ממחטות אף 100*5 יח',שניב תעשיות נייר,IL,ממחטות אף100*5יח,יחידה,1.00,יחידה,false,1,14.90,14.90,true,1,
7296073239017,false,מכשיר טרימר להסרת שיער,TECHONGGIES TAIKONE,CN,מכשיר טרימר,יחידה,1.00,יחידה,false,1,49.90,49.90,true,1,
7296073241393,false,טלק טיפולי לכף הרגל 200מ,ש.שוורץ,IL,טלק לכפות רגליים,מיליליטרים,200.00,"100 מ""ל",false,1,9.90,4.95,true,1,
7296073241522,false,ממחטות אף 100*5 יח,שניב תעשיות נייר,IL,ממחטות אף 5 יח,יחידה,1.00,יחידה,false,1,14.90,14.90,true,1,
7296073242314,false,קרם חמצן 6% שופרסל60מ,שופרסל,IL,קרם חמצן,מיליליטרים,60.00,"100 מ""ל",false,1,3.90,6.50,true,1,
7296073248668,false,30 פדים להנקה,LT F.H.P.CO,CN,פדים להנקה,יחידה,1.00,יחידה,false,1,12.90,12.90,true,1,
7296073254270,false,"אל סבון ירוק 3 500* מ""ל",שופרסל,TR,אל סבון נוזלי3יח,ליטרים,1.50,ליטר,false,1,12.90,8.60,true,1,
7296073254287,false,"אל סבון כחול 3 500* מ""ל",שופרסל,TR,אל סבון נוזלי3יח,ליטרים,1.50,ליטר,false,1,12.90,8.60,true,1,
7296073261384,false,"אל סבון מעורב 500*3 מ""ל",טאהא קימיה,TR,אל סבון נוזלי3יח,ליטרים,1.50,ליטר,false,1,12.90,8.60,true,1,
7296073267010,false,מחית סלט פירות שופרסל190,,CZ,מחית סלט פירות,גרמים,190.00,100 גרם,false,1,4.90,2.58,true,1,
7296073273448,false,"ג'ל אלוורה 100מ""ל",ש.שוורץ,IL,ג'ל אלוורה,מיליליטרים,100.00,"100 מ""ל",false,1,9.90,9.90,true,1,
7296073275107,false,משקפיים דגם אף נמוך,שופרסל,IL,משקפי קריאה,יחידה,1.00,יחידה,false,1,21.90,21.90,true,1,
7296073275152,false,שלישיית רדידי אלומיניום,.,IL,רדיד אלומיניום,מטרים,22.00,מטר,false,1,12.90,0.59,true,1,
7296073277248,false,מגבונים ללא בישום 64*5יח,דינמיק,IL,מגבונים לחים 5יח,יחידה,1.00,יחידה,false,1,22.90,22.90,true,1,
7296073277255,false,מארז מגבונים לחים 6 יח,דינמיק,IL,מארז מגבוניםלחים,יחידה,1.00,יחידה,false,1,22.90,22.90,true,1,
7296073281696,false,מגבוני טואלט לילד 40*3יח,שופרסל,IL,"מגבוני נ""ט לילד",יחידה,1.00,יחידה,false,1,9.90,9.90,true,1,
7296073281702,false,מגבוני נ.טואלט למבוגרים,דינמיק תעשיות מגבונים,IL,מגבוני נייר לחים,יחידה,1.00,יחידה,false,1,9.90,9.90,true,1,
7296073285397,false,נר נשמה 24 שעות יחידה,CANDLE ITBRIGHT,CN,נר נשמה 24 שעות,יחידה,1.00,יחידה,false,1,2.40,2.40,true,1,
7296073286073,false,"אורז בסמטי בצנצנת 1 ק""ג",SETIA LAL CHAMAN,IN,אורז בסמטי,קילוגרמים,1.00,"ק""ג",false,1,14.90,14.90,true,1,
7296073287568,false,משחת החתלה לתינוק 110 גר,BFF,TR,משחת החתלה לתינו,גרמים,110.00,100 גרם,false,1,12.90,11.73,true,1,
7296073289715,false,מגבוני אף עדינים תינוק30,שופרסל,IL,מגבוני אף לתינוק,יחידה,1.00,יחידה,false,1,9.90,9.90,true,1,
7296073291077,false,משטחי החתלה שופרסל 10יח,PAKTEN,TR,משטחי החתלה,יחידה,1.00,יחידה,false,1,16.90,16.90,true,1,
7296073291084,false,עוגיות חמאה דניות 150גרם,BAKERY JACOBSENS,DK,עוגיות חמאה בפח,גרמים,150.00,100 גרם,false,1,14.00,9.33,true,1,
7296073320289,false,אלסבון סילקי ארט 500*3מל,אקסן קוסמטיק,TR,אלסבון שופרסל3יח,ליטרים,1.50,ליטר,false,1,12.90,8.60,true,1,
7296073321071,false,דלי שטיפה 12 ליטר יחידה,לדריבריס,CN,דלי שטיפה,יחידה,1.00,יחידה,false,1,9.90,9.90,true,1,
7296073322979,false,בוטנים מצופים קלויים50ג,ששון ושות'\ )ש.ת. תעשיות,IL,בוטנים אמריקאים,גרמים,50.00,100 גרם,false,1,2.50,5.00,true,1,
7296073330400,false,מברשת איפור נשלפת לתיק,BE NOW,CN,מברשת איפור נשלפ,יחידה,1.00,יחידה,false,0,49.90,49.90,true,1,
7296073330417,false,מברשת מחודדת למייקאפ,BE NOW,CN,מברשת למייקאפ,יחידה,1.00,יחידה,false,0,39.90,39.90,true,1,
7296073330424,false,מברשת סומק ישרה,BE NOW,CN,מברשת סומק ישרה,יחידה,1.00,יחידה,false,0,39.90,39.90,true,1,
7296073330431,false,מברשת לאייליינר ומסרק,BE NOW,CN,מברשת לאייליינר,יחידה,1.00,יחידה,false,0,32.90,32.90,true,1,
7296073330493,false,מברשת לסומק משיער טבעי,BE NOW,CN,מברשת לסומק טבעי,יחידה,1.00,יחידה,false,0,49.90,49.90,true,1,
7296073330561,false,מנקה מברשות איפור,BE NOW,CN,מנקה מברשות א.,יחידה,1.00,יחידה,false,0,34.90,34.90,true,1,
7296073330653,false,ספוגית לטקס למייקאפ אובל,BE NOW,CN,ספוגית למייקאפ,יחידה,1.00,יחידה,false,0,12.90,12.90,true,1,
7296073330677,false,ספוגית לבן לטקס עם לבבות,BE NOW,CN,ספוגית למייקאפ,יחידה,1.00,יחידה,false,0,12.90,12.90,true,1,
7296073330738,false,ספוגיות מעויינות למייקאפ,BE NOW,CN,4 ספוגיות מעויין,יחידה,1.00,יחידה,false,0,11.90,11.90,true,1,
7296073330820,false,ספוג קונגאק טיפה לפנים,BE NOW,CN,ספוג קונגאק טיפה,יחידה,1.00,יחידה,false,0,29.90,29.90,true,1,
7296073330929,false,פינצטה אפורה קצה אלכסון,BE NOW,CN,פינצטה א. אפור,יחידה,1.00,יחידה,false,0,19.90,19.90,true,1,
7296073330943,false,פינצטה אפורה קצה מכופף,BE NOW,CN,פינצטה מ. אפור,יחידה,1.00,יחידה,false,0,19.90,19.90,true,1,
7296073330950,false,פינצטה לבנה קצה אלכסון,BE NOW,CN,פינצטה א. לבן,יחידה,1.00,יחידה,false,0,14.90,14.90,true,1,
7296073330974,false,פינצטה לאב יו איכותית,BE NOW,CN,פינצטה לאב יו,יחידה,1.00,יחידה,false,0,19.90,19.90,true,1,
7296073330981,false,פינצטה מנומרת איכותית,BE NOW,CN,פינצטה ציור שחור,יחידה,1.00,יחידה,false,0,24.90,24.90,true,1,
7296073330998,false,פינצטה הדפס עיגולים,BE NOW,CN,פינצטה צבעוני,יחידה,1.00,יחידה,false,0,24.90,24.90,true,1,
7296073331032,false,פינצטה עם תאורה,BE NOW,CN,פינצטה עם תאורה,יחידה,1.00,יחידה,false,0,39.90,39.90,true,1,
7296073331056,false,קוצץ קטן,BE NOW,CN,קוצץ קטן,יחידה,1.00,יחידה,false,0,8.90,8.90,true,1,
7296073331070,false,קוצץ עם אשפתון,BE NOW,CN,קוצץ עם אשפתון,יחידה,1.00,יחידה,false,0,14.90,14.90,true,1,
7296073331087,false,קוצץ אל חלד גדול,BE NOW,CN,קוצץ גדול,יחידה,1.00,יחידה,false,0,19.90,19.90,true,1,
7296073331124,false,צבת מקצועית לציפורניים,BE NOW,CN,צבת לציפורניים,יחידה,1.00,יחידה,false,0,59.90,59.90,true,1,
7296073331148,false,מספריים לציפורניים מבריק,BE NOW,CN,מספריים לציפורן,יחידה,1.00,יחידה,false,0,29.90,29.90,true,1,
7296073331216,false,מספריים אל חלד לשיער,BE NOW,CN,מספריים לשיער,יחידה,1.00,יחידה,false,0,39.90,39.90,true,1,
7296073331223,false,מספריים אל חלד לגבות,BE NOW,CN,מספריים לגבות,יחידה,1.00,יחידה,false,0,39.90,39.90,true,1,
7296073331230,false,פצירות גפרורים,BE NOW,CN,פצירות גפרורים,יחידה,1.00,יחידה,false,0,9.90,9.90,true,1,
7296073331261,false,פצירת אקריל,BE NOW,CN,פצירת אקריל,יחידה,1.00,יחידה,false,0,8.90,8.90,true,1,
7296073331360,false,מבריק ציפורניים 4 שלבים,BE NOW,CN,מבריק צ. 4 שלבים,יחידה,1.00,יחידה,false,0,19.90,19.90,true,1,
7296073331407,false,מגרדת לכף הרגל רחבה,BE NOW,CN,מגרדת לכף רגל,יחידה,1.00,יחידה,false,0,14.90,14.90,true,1,
7296073331469,false,"סכינים למכשיר פדיקור כ""ר",BE NOW,CN,סכינים מכשיר פדי,יחידה,1.00,יחידה,false,0,24.90,24.90,true,1,
7296073331568,false,מברשת שיער מאורכת,BE NOW,CN,מברשת ש.ללא כרית,יחידה,1.00,יחידה,false,0,19.90,19.90,true,1,
7296073331582,false,מברשת שיער אובל ורודה L,BE NOW,CN,מברשת אובל Lורוד,יחידה,1.00,יחידה,false,0,24.90,24.90,true,1,
7296073331605,false,מברשת שיער לתיק ורודה,BE NOW,CN,מברשת לתיק ורודה,יחידה,1.00,יחידה,false,0,19.90,19.90,true,1,
7296073331612,false,מברשת שיער מטקה שחורה,BE NOW,CN,מברשת מטקה שחורה,יחידה,1.00,יחידה,false,0,29.90,29.90,true,1,
7296073331629,false,מברשת שיער אובלית שחורה,BE NOW,CN,מברשת אובל שחורה,יחידה,1.00,יחידה,false,0,28.90,28.90,true,1,
7296073331643,false,מברשת שיער לתיק שחורה,BE NOW,CN,מברשת לתיק שחורה,יחידה,1.00,יחידה,false,0,22.90,22.90,true,1,
7296073331650,false,מברשת שיער לפן שחורה,BE NOW,CN,מברשת לפן שחורה,יחידה,1.00,יחידה,false,0,29.90,29.90,true,1,
7296073331667,false,מברשת שיער לילדות,BE NOW,CN,מברשת שיער ילדות,יחידה,1.00,יחידה,false,0,24.90,24.90,true,1,
7296073331681,false,מברשת קרמית לפן בינונית,BE NOW,CN,מברשת קרמית לפןM,יחידה,1.00,יחידה,false,0,37.90,37.90,true,1,
7296073331704,false,מברשת עץ לפן גדולה,BE NOW,CN,מברשת עץ לפן L,יחידה,1.00,יחידה,false,0,29.90,29.90,true,1,
7296073331810,false,מברשת שיער ספרים מקצועית,BE NOW,CN,מברשת שיער ספרים,יחידה,1.00,יחידה,false,0,29.90,29.90,true,1,
7296073331834,false,מברשת ש.עגולה עם שיערות,BE NOW,CN,מברשת עגולה שיער,יחידה,1.00,יחידה,false,0,39.90,39.90,true,1,
7296073331841,false,מסרק גדול שחור,BE NOW,CN,מסרק גדול שחור,יחידה,1.00,יחידה,false,0,9.90,9.90,true,1,
7296073331858,false,מסרק לתלתלים עם ידית,BE NOW,CN,מסרק לתלתלים,יחידה,1.00,יחידה,false,0,9.90,9.90,true,1,
7296073331865,false,מסרק כיס שחור,BE NOW,CN,מסרק כיס שחור,יחידה,1.00,יחידה,false,0,8.90,8.90,true,1,
7296073331889,false,מסרק שחור עם ידית,BE NOW,CN,מסרק שחור ידית,יחידה,1.00,יחידה,false,0,9.90,9.90,true,1,
7296073331896,false,מסרק חום עם ידית,BE NOW,CN,מסרק חום ידית,יחידה,1.00,יחידה,false,0,9.90,9.90,true,1,
7296073331902,false,2 מברשות למריחת צבע שיער,BE NOW,CN,זוג מברשות לצבע,יחידה,1.00,יחידה,false,0,12.90,12.90,true,1,
7296073331919,false,מסרק ומברשת לצבע שיער,BE NOW,CN,מסרק ומברשת לצבע,יחידה,1.00,יחידה,false,0,6.90,6.90,true,1,
7296073331926,false,קערית לצבע לשיער,BE NOW,CN,קערית לצבע לשיער,יחידה,1.00,יחידה,false,0,9.90,9.90,true,1,
7296073331940,false,גומיות שחורות 12 יח,BE NOW,CN,12 גומיות שחורות,יחידה,1.00,יחידה,false,0,9.90,9.90,true,1,
7296073331964,false,גומיות בלונד,,CN,גומיות בלונד,יחידה,1.00,יחידה,false,0,9.90,9.90,true,1,
7296073331988,false,גומיות שחורות דקות 12 יח,BE NOW,CN,12גומיות שחור דק,יחידה,1.00,יחידה,false,0,9.90,9.90,true,1,
7296073332077,false,גומיות פפיון ופנינה,BE NOW,CN,גומיות פפיון,יחידה,1.00,יחידה,false,0,16.90,16.90,true,1,
7296073332091,false,מארז גומיות שחורות 32 יח,BE NOW,CN,מארז גומיות לשיע,יחידה,1.00,יחידה,false,0,19.90,19.90,true,1,
7296073332114,false,גומיות מגבת שחורות 8 יח,BE NOW,CN,8ג.מגבת שחור,יחידה,1.00,יחידה,false,0,9.90,9.90,true,1,
7296073332121,false,8 גומיות מגבת צבעוניות,BE NOW,CN,8ג.מגבת צבעוני,יחידה,1.00,יחידה,false,0,9.90,9.90,true,1,
7296073332138,false,8 גומיות מגבת צר שחור,BE NOW,CN,8ג.מגבת צר שחור,יחידה,1.00,יחידה,false,0,9.90,9.90,true,1,
7296073332145,false,8 גומיות מגבת צר צבעוני,BE NOW,CN,8ג.מגבת צר צבע,יחידה,1.00,יחידה,false,0,9.90,9.90,true,1,
7296073332183,false,6 גומיות צבעוני פתוחות,BE NOW,CN,6גומיות צבע פתוח,יחידה,1.00,יחידה,false,0,9.90,9.90,true,1,
7296073332190,false,גומיות דקות לצמות 100 יח,BE NOW,CN,100 גומיות דקות,יחידה,1.00,יחידה,false,0,9.90,9.90,true,1,
7296073332206,false,3 גומיות סקונצים דק שחור,BE NOW,CN,3גומיות סקונצ'ים,יחידה,1.00,יחידה,false,0,9.90,9.90,true,1,
7296073332220,false,2גומיות סקונצים עבה שחור,BE NOW,CN,2גומיות סקונצי'ם,יחידה,1.00,יחידה,false,0,14.90,14.90,true,1,
7296073332237,false,2 סרט ילדות שחור וכוכבים,BE NOW,CN,2סרט ילדות כוכב,יחידה,1.00,יחידה,false,0,14.90,14.90,true,1,
7296073332251,false,3 גומיות מסולסלות שחורות,BE NOW,CN,3גומיות מסולסלות,יחידה,1.00,יחידה,false,0,9.90,9.90,true,1,
7296073332312,false,סרט סטנדרטי שחור,BE NOW,CN,סרט סטנדרטי שחור,יחידה,1.00,יחידה,false,0,14.90,14.90,true,1,
7296073332329,false,סרט פפיון טורקיז,BE NOW,CN,סרט פפיון טורקיז,יחידה,1.00,יחידה,false,0,14.90,14.90,true,1,
7296073332367,false,2 זוגות תיקתק לב וכוכב,BE NOW,CN,2 זוגות תיקתק לב,יחידה,1.00,יחידה,false,0,9.90,9.90,true,1,
7296073332404,false,סיכות תיקתק צבעוני משולב,BE NOW,CN,תיקתק צבע משולב,יחידה,1.00,יחידה,false,0,17.90,17.90,true,1,
7296073332411,false,תיקתק חד קרן 4 יח,BE NOW,CN,4 תיקתק חד קרן,יחידה,1.00,יחידה,false,0,16.90,16.90,true,1,
7296073332428,false,6 תיקתק לבבות ופינגווין,BE NOW,CN,6תיקתק פינגווין,יחידה,1.00,יחידה,false,0,19.90,19.90,true,1,
7296073332459,false,סיכות תיקתק חתול 4 יח,BE NOW,CN,סיכות חתול 4 יח,יחידה,1.00,יחידה,false,0,10.90,10.90,true,1,
7296073332473,false,סיכות תיקתק כסוף 6 יח,BE NOW,CN,6סיכות תיקתק כסף,יחידה,1.00,יחידה,false,0,13.50,13.50,true,1,
7296073332480,false,סיכות תיקתק שחור 6 יח,BE NOW,CN,6תיקתק שחור,יחידה,1.00,יחידה,false,0,13.50,13.50,true,1,
7296073332497,false,סיכות סבתא שחור 40 יח,BE NOW,CN,40סיכות שחורות,יחידה,1.00,יחידה,false,0,14.90,14.90,true,1,
7296073332534,false,קליפסים קטנים 8 יח שחור,BE NOW,CN,8קליפסים S שחור,יחידה,1.00,יחידה,false,0,14.90,14.90,true,1,
7296073332541,false,קליפסים קטנים 8 יח חום,BE NOW,CN,8קליפסים S חום,יחידה,1.00,יחידה,false,0,14.90,14.90,true,1,
7296073332558,false,קליפס בינוני 4 יח שחור,BE NOW,CN,4קליפס M שחור,יחידה,1.00,יחידה,false,0,14.90,14.90,true,1,
7296073332565,false,קליפס בינוני 4 יח חום,BE NOW,CN,4קליפס M חום,יחידה,1.00,יחידה,false,0,14.90,14.90,true,1,
7296073332572,false,קליפס בינוני חזק 3 יח,BE NOW,CN,3קליפס M חזק,יחידה,1.00,יחידה,false,0,14.90,14.90,true,1,
7296073332589,false,"קליפס ענק 13 ס""מ",BE NOW,CN,קליפס ענק 13 סמ,יחידה,1.00,יחידה,false,0,14.90,14.90,true,1,
7296073332596,false,קליפס בננה,BE NOW,CN,קליפס בננה,יחידה,1.00,יחידה,false,0,14.90,14.90,true,1,
7296073332602,false,קליפס מקור,BE NOW,CN,קליפס מקור,יחידה,1.00,יחידה,false,0,14.90,14.90,true,1,
7296073332619,false,קליפס L גומי מונע החלקה,BE NOW,CN,קליפס ענק גומי,יחידה,1.00,יחידה,false,0,19.90,19.90,true,1,
7296073332640,false,קליפס M שחור בצורת רשת,BE NOW,CN,קליפס M שחור רשת,יחידה,1.00,יחידה,false,0,10.90,10.90,true,1,
7296073332664,false,תופסן ספרים 3 יח,BE NOW,CN,תופסן ספרים 3 יח,יחידה,1.00,יחידה,false,0,9.90,9.90,true,1,
7296073332671,false,זוג קליפסים שחור,BE NOW,CN,זוג קליפסים שחור,יחידה,1.00,יחידה,false,0,9.90,9.90,true,1,
7296073332688,false,זוג קליפסים חום,BE NOW,CN,זוג קליפסים חום,יחידה,1.00,יחידה,false,0,9.90,9.90,true,1,
7296073332787,false,קשת עם כתר,BE NOW,CN,קשת עם כתר,יחידה,1.00,יחידה,false,0,14.90,14.90,true,1,
7296073332794,false,ספוג רחצה חבלים,BE NOW,CN,ספוג רחצה חבלים,יחידה,1.00,יחידה,false,0,9.90,9.90,true,1,
7296073332824,false,כפפת רחצה עם אצבע,BE NOW,CN,כפפת רחצה אצבע,יחידה,1.00,יחידה,false,0,14.90,14.90,true,1,
7296073332848,false,ספוג רשת ספוגים כתום,BE NOW,CN,ספוג רשת כתום,יחידה,1.00,יחידה,false,0,8.90,8.90,true,1,
7296073332855,false,ספוג פלא ספוגים טורקיז,BE NOW,CN,ספוג פלא טורקיז,יחידה,1.00,יחידה,false,0,8.90,8.90,true,1,
7296073332886,false,ספוג רשת פרח,BE NOW,CN,ספוג רשת פרח,יחידה,1.00,יחידה,false,0,11.90,11.90,true,1,
7296073332893,false,ספוג רשת שלישייה,BE NOW,CN,ספוג רשת שלישיה,יחידה,1.00,יחידה,false,0,9.90,9.90,true,1,
7296073332916,false,מברשת גב עץ,BE NOW,CN,מברשת גב עץ,יחידה,1.00,יחידה,false,0,21.90,21.90,true,1,
7296073332923,false,מברשת גב פלסטיק,BE NOW,CN,מברשת גב פלסטיק,יחידה,1.00,יחידה,false,0,19.90,19.90,true,1,
7296073332954,false,כפפת רחצה מסיבי טופו,BE NOW,CN,כפפת רחצה טופו,יחידה,1.00,יחידה,false,0,29.90,29.90,true,1,
7296073332961,false,ספוג רחצה טבעי תה ירוק,BE NOW,CN,ספוג רחצה תה,יחידה,1.00,יחידה,false,0,29.90,29.90,true,1,
7296073332985,false,ספוג רחצה לבנדר NOW,BE NOW,CN,ספוג רחצה לבנדר,יחידה,1.00,יחידה,false,0,29.90,29.90,true,1,
7296073332992,false,כובע אמבט ניילון,BE NOW,CN,כובע אמבט ניילון,יחידה,1.00,יחידה,false,0,9.90,9.90,true,1,
7296073333005,false,כובע אמבט כפול,BE NOW,CN,כובע אמבטיה כפול,יחידה,1.00,יחידה,false,0,16.90,16.90,true,1,
7296073333036,false,מגבת לייבוש שיער עם חוט,BE NOW,CN,מגבת לייבוש שיער,יחידה,1.00,יחידה,false,0,19.90,19.90,true,1,
7296073333050,false,ספוג פירות בצורת תות,BE NOW,CN,ספוג פירות תות,יחידה,1.00,יחידה,false,0,9.90,9.90,true,1,
7296073333272,false,סט בקבוקוני מילוי,BE NOW,CN,סט בקבוקי מילוי,יחידה,1.00,יחידה,false,0,19.90,19.90,true,1,
7296073333319,false,בקבוקון סיליקון לנסיעות,BE NOW,CN,בקבוקון סיליקון,יחידה,1.00,יחידה,false,0,23.90,23.90,true,1,
7296073333418,false,מבריק ציפורניים 7 שלבים,BE NOW,CN,מבריק צ. 7 שלבים,יחידה,1.00,יחידה,false,0,19.90,19.90,true,1,
7296073333432,false,מברשת איפור לאבקה/קרםM-,BE NOW,CN,מברשת איפור M,יחידה,1.00,יחידה,false,0,39.90,39.90,true,1,
7296073333593,false,תיק איפור קטן,BE NOW,CN,תיק איפור קטן,יחידה,1.00,יחידה,false,0,29.90,29.90,true,1,
7296073333616,false,תיק איפור גדול,BE NOW,CN,תיק איפור גדול,יחידה,1.00,יחידה,false,0,34.90,34.90,true,1,
7296073333623,false,זוג קשתות לשיער,BE NOW,CN,זוג קשתות לשיער,יחידה,1.00,יחידה,false,0,13.50,13.50,true,1,
7296073333630,false,כדור איסוף שיער,BE NOW,CN,כדור איסוף שיער,יחידה,1.00,יחידה,false,0,19.90,19.90,true,1,
7296073333654,false,מברשת שיער מטקה סגולה L,BE NOW,CN,מברשת מטקה Lסגול,יחידה,1.00,יחידה,false,0,24.90,24.90,true,1,
7296073333661,false,מברשת שיער אובל סגולה L,BE NOW,CN,מברשת אובל Lסגול,יחידה,1.00,יחידה,false,0,24.90,24.90,true,1,
7296073333678,false,מברשת שיער מאורכת סגול L,BE NOW,CN,מברשת מ. Lסגול,יחידה,1.00,יחידה,false,0,24.90,24.90,true,1,
7296073333753,false,מראה מתקפלת צבעונית לתיק,BE NOW,CN,מראה מתקפלת צבעו,יחידה,1.00,יחידה,false,1,19.90,19.90,true,1,
7296073334132,false,מכשיר להסרת עור בכף רגל,BE NOW,IL,מכשיר להסרת עור,יחידה,1.00,יחידה,false,1,24.90,24.90,true,1,
7296073334231,false,ערכת מתנה,CHILL,IL,ערכת מתנה,יחידה,1.00,יחידה,false,1,39.90,39.90,true,1,
7296073334347,false,"אציטון בי 115 מ""ל",,TR,אציטון BE,מיליליטרים,115.00,"100 מ""ל",false,1,4.90,4.26,true,1,
7296073340096,false,שמפו מפרץ הרפתקאות 1ליטר,,TR,שמפו לילדים,ליטרים,1.00,ליטר,false,1,14.90,14.90,true,1,
7296073341697,false,ממחטות אף לכיס 10 יחידות,שניב תעשיות נייר,IT,ממחטות אף לכיס,יחידה,1.00,יחידה,false,1,7.90,7.90,true,1,
7296073343134,false,אלסבון מ.הרפתקאות ורוד1ל,אמיליה קוסמטיקס,TR,אל סבון ורוד,ליטרים,1.00,ליטר,false,1,14.90,14.90,true,1,
7296073343264,false,פדים להסרת איפור-שלישיה,BE NOW,IL,פדים להסרת איפור,יחידה,1.00,יחידה,false,1,19.90,19.90,true,1,
7296073343271,false,פדים להסרת איפור יחידה,BE NOW,IL,פדים להסרת איפור,יחידה,1.00,יחידה,false,1,9.90,9.90,true,1,
7296073343288,false,צמר גפן 100 גר' יחידה,BE NOW,IL,צמר גפן 100 גר',גרמים,100.00,100 גרם,false,1,9.90,9.90,true,1,
7296073343295,false,קסמי אזניים פלסטיק 300 י,BE NOW,IL,קסמי אזניים פלסט,יחידה,1.00,יחידה,false,1,10.90,10.90,true,1,
7296073343301,false,קסמי אזניים פלסטיק 200 י,BE NOW,IL,קסמי אזניים פלסט,יחידה,1.00,יחידה,false,1,6.90,6.90,true,1,
7296073343318,false,קסמי אזניים פלסטיק 100י,BE NOW,IL,קסמי אזניים פלסט,יחידה,1.00,יחידה,false,1,2.90,2.90,true,1,
7296073343325,false,קסמי אזניים מעץ 100 יחיד,BE NOW,CN,קסמי אזניים מעץ,יחידה,1.00,יחידה,false,1,2.90,2.90,true,1,
7296073343462,false,"קרם חמצן 6% 60 מ""ל",,IL,קרם חמצן 6%,מיליליטרים,60.00,"100 מ""ל",false,1,4.90,8.17,true,1,
7296073343479,false,"קרם חמצן 9% 60 מ""ל",,IL,קרם חמצן 9%,מיליליטרים,60.00,"100 מ""ל",false,1,4.90,8.17,true,1,
7296073343493,false,כדורי צמר גפן 100 יח',BE NOW,IL,כדורי צמר גפן,יחידה,1.00,יחידה,false,1,9.90,9.90,true,1,
7296073343592,false,Be אל סבון לידיים מארז,BE NOW,IL,אל סבון לידיים פ,מיליליטרים,1500.00,"100 מ""ל",false,1,12.90,0.86,true,1,
7296073343608,false,אל סבון לבנדר 1 ליטר BE,,IL,אל סבון לבנדר,ליטרים,1.00,ליטר,false,1,10.90,10.90,true,1,
7296073343615,false,אל סבון קמומיל 1 ליטר BE,,IL,אל סבון קמומילBE,ליטרים,1.00,ליטר,false,1,10.90,10.90,true,1,
7296073343653,false,"מסיר לק קלאסי 175 מ""ל BE",,TR,מסיר לק קלאסי,מיליליטרים,175.00,"100 מ""ל",false,1,10.90,6.23,true,1,
7296073343660,false,Be מסיר לק לא אציטון175מ,,TR,מסיר לק ללא אציט,מיליליטרים,175.00,"100 מ""ל",false,1,7.90,4.52,true,1,
7296073344018,false,מסיר צבע יחידה,BE NOW,IL,מסיר צבע,יחידה,1.00,יחידה,false,1,13.90,13.90,true,1,
7296073345299,false,משחת שיניים מלבינה 100מל,,BG,משחת שיניים,מיליליטרים,100.00,"100 מ""ל",false,1,7.90,7.90,true,1,
7296073345305,false,משחת שיניים פרופ+הרבל100,,BG,משחת שיניים הרבל,מיליליטרים,100.00,"100 מ""ל",false,1,7.90,7.90,true,1,
7296073345336,false,משחת שיניים לילדים 2-6,שופרסל,BG,משחת שיניים KIDS,מיליליטרים,50.00,"100 מ""ל",false,1,7.90,15.80,true,1,
7296073345404,false,מברשת שיניים חשמלית,,CN,מברשת שינ.חשמלית,יחידה,1.00,יחידה,false,1,29.90,29.90,true,1,
7296073345459,false,קיסמים עם חוט בשקית50יח,,CN,קיסמים עם חוט,יחידה,1.00,יחידה,false,1,10.90,10.90,true,1,
7296073345466,false,32 קיסמי פלסטיק מברשת,,CN,קיסמי פלסטיק,יחידה,1.00,יחידה,false,1,10.90,10.90,true,1,
7296073345473,false,חוט דנטלי שעווה 50 מטר,,CN,חוט דנטלי שעווה,מטרים,50.00,מטר,false,1,10.90,0.22,true,1,
7296073345480,false,חוט דנטלי שעווה מנטה 50מ,,CN,חוט דנטלי מנטה,מטרים,50.00,מטר,false,1,10.90,0.22,true,1,
7296073346333,false,עוגות אישיות קרם חלב350ג,קסליני,IT,עוגות אישיות,גרמים,350.00,100 גרם,false,1,14.90,4.26,true,1,
7296073346340,false,עוגות אישיות קרם שוקו350,קסליני,IT,עוגות אישיות,גרמים,350.00,100 גרם,false,1,14.90,4.26,true,1,
7296073348092,false,מברשת שיניים חשמלית ורוד,,CN,מברשת שינ.חשמלית,יחידה,1.00,יחידה,false,1,29.90,29.90,true,1,
7296073362821,false,סב.ידיים בצבעי פסטל500*3,טאהא קימיה,TR,סבון ידיים 3 יח,ליטרים,1.50,ליטר,false,1,14.90,9.93,true,1,
7296073363194,false,Be מסכה לשיער יבש500מל,א.משי תעשיות,IL,מסכה לשיער יבשBE,מיליליטרים,500.00,"100 מ""ל",false,1,29.90,5.98,true,1,
7296073363200,false,Be מסכה לשיער מוחלק 500מ,א.משי תעשיות,IL,מסכה לשיער יבשBE,מיליליטרים,500.00,"100 מ""ל",false,1,29.90,5.98,true,1,
7296073363217,false,Beשמפו לשיער מוחלק 500מל,,IL,שמפו לשיער יבשBE,מיליליטרים,500.00,"100 מ""ל",false,1,19.90,3.98,true,1,
7296073363224,false,שמפו לשיער יבש BE 500,א.משי תעשיות,IL,שמפו לשיער יבשBE,מיליליטרים,500.00,"100 מ""ל",false,1,19.90,3.98,true,1,
7296073363231,false,שמפו לשיער רגילBE 500,א.משי תעשיות,IL,שמפו לשיער רגיBE,מיליליטרים,500.00,"100 מ""ל",false,1,19.90,3.98,true,1,
7296073363248,false,מרכך לשיער רגילBE 500,א.משי תעשיות,IL,מרכך לשיער רגיBE,מיליליטרים,500.00,"100 מ""ל",false,1,19.90,3.98,true,1,
7296073363262,false,"מרכך לשיער מוחלק 500 מ""ל",א.משי תעשיות,IL,מרכך לשיער יבש,מיליליטרים,500.00,"100 מ""ל",false,1,19.90,3.98,true,1,
7296073363316,false,פרל קרם לשיער מתולתל BE,א.משי תעשיות,IL,קרם לשיער מתולתל,מיליליטרים,400.00,"100 מ""ל",false,1,21.90,5.48,true,1,
7296073363378,false,BE קיסמי אוזניים לתינוק,BE NOW,IL,Be קיסמי אוזניים,יחידה,1.00,יחידה,false,1,6.90,6.90,true,1,
7296073363460,false,אפליקטור אובלי שחור יח',,CN,אפליקטור אובלי ש,יחידה,1.00,יחידה,false,1,14.90,14.90,true,1,
7296073363750,false,מחיר חיסול 50,,IL,מחיר חיסול 50,יחידה,1.00,יחידה,false,1,50.00,50.00,true,1,
7296073363798,false,מחיר חיסול 10,,IL,מחיר חיסול 10,יחידה,1.00,יחידה,false,1,10.00,10.00,true,1,
7296073363804,false,Be רצועות להסרת שיער50יח,BE NOW,IL,Be רצועות להסרת,יחידה,1.00,יחידה,false,1,16.90,16.90,true,1,
7296073363958,false,Be כפפות לטקס 100יח M,,IL,Be כפפות לטקס M,יחידה,1.00,יחידה,false,1,39.90,39.90,true,1,
7296073363972,false,Be כפפות לטקס 100 יחXL',,IL,Be כפפות לטקס XL,יחידה,1.00,יחידה,false,1,39.90,39.90,true,1,
7296073363989,false,"סכיני גילוח חד""פ לאשה5יח",,US,"סכיני גילוח חד""פ",יחידה,1.00,יחידה,false,1,9.90,9.90,true,1,
7296073364184,false,"שקיות סלייד 25*20 ס""מ 30",,CN,שקיות סלייד,יחידה,1.00,יחידה,false,1,13.90,13.90,true,1,
7296073364719,false,משחת שיניים לילדים גיל 6,MENUFACLURER,BG,משחת שיניים לילד,מיליליטרים,100.00,"100 מ""ל",false,1,7.90,7.90,true,1,
7296073368212,false,טחינה אורגנית גרין 500 ג,,IL,טחינה אורגנית,גרמים,500.00,100 גרם,false,1,16.90,3.38,true,1,
7296073372103,false,קפסולות מס RISTRETTO 10,DELICA,CH,קפסולות ריסטרטו,גרמים,50.00,100 גרם,false,1,15.90,31.80,true,1,
7296073374640,false,Beשעווה למיקרוגל 500גר,ש.שוורץ,IL,שעווה למיקרוגל,גרמים,500.00,100 גרם,false,1,19.90,3.98,true,1,
7296073375722,false,זוג כפיות סיליקון 2 יח,LUV.N`CARE,CN,זוג כפית סיליקון,יחידה,1.00,יחידה,false,1,29.90,29.90,true,1,
7296073380313,false,גומיות פתוחות צבעוניות י,BE NOW,CN,גומיות פתוחות,יחידה,1.00,יחידה,false,1,9.90,9.90,true,1,
7296073380344,false,גומיות מנומרות שחורות יח,BE NOW,CN,גומיות מנומרות,יחידה,1.00,יחידה,false,1,14.90,14.90,true,1,
7296073380368,false,סיכות עננים ילדות יחידה,BE NOW,CN,סיכות עננים ילדו,יחידה,1.00,יחידה,false,1,17.90,17.90,true,1,
7296073380405,false,קליפסים בינונים שקופים 4,BE NOW,CN,קליפסים בינונים,יחידה,1.00,יחידה,false,1,14.90,14.90,true,1,
7296073380450,false,זוג מוצצים קצר 0-6 יחי,,CN,זוג מוצצים קצר,יחידה,1.00,יחידה,false,1,29.90,29.90,true,1,
7296073380467,false,זוג מוצצים בינוני +6 יחי,,CN,זוג מוצצים בינונ,יחידה,1.00,יחידה,false,1,29.90,29.90,true,1,
7296073380573,false,סינר מעוצב עם כיס ונשכן,,CN,סינר מעוצב עם כי,יחידה,1.00,יחידה,false,1,24.90,24.90,true,1,
7296073380665,false,מברשת התרת קשרים שחורה,BE NOW,CN,מברשת התרת קשרים,יחידה,1.00,יחידה,false,1,34.90,34.90,true,1,
7296073380818,false,Be ג'ל רחצה אבוקדו 700 מ,קוסמטיקס,TR,Be ג'ל רחצה,מיליליטרים,700.00,"100 מ""ל",false,1,13.90,1.99,true,1,
7296073380825,false,Be ג'ל רחצה מקדמיה 700מ,קוסמטיקס,TR,Be ג'ל רחצה,מיליליטרים,700.00,"100 מ""ל",false,1,13.90,1.99,true,1,
7296073380832,false,Be ג'ל רחצה אורכידאה 700,קוסמטיקס,TR,Be ג'ל רחצה,מיליליטרים,700.00,"100 מ""ל",false,1,13.90,1.99,true,1,
7296073380870,false,דאו גברCookie Night 150,סאסא קוסמטיקס,IL,דאו לגבר,מיליליטרים,150.00,"100 מ""ל",false,1,8.90,5.93,true,1,
7296073380887,false,דאו לגבר Boy Beach 150,סאסא קוסמטיקס,IL,דאו לגבר,מיליליטרים,150.00,"100 מ""ל",false,1,8.90,5.93,true,1,
7296073380900,false,רצועות שעווה לע.עדין 16י,VIOCOX,ES,רצועות שעווה,יחידה,1.00,יחידה,false,1,21.90,21.90,true,1,
7296073380917,false,רצועות שעווה לפנים 12 יח,VIOCOX,ES,רצועות שעווה,יחידה,1.00,יחידה,false,1,21.90,21.90,true,1,
7296073380924,false,רצועות שעווה לעור יבש 16,VIOCOX,ES,רצועות שעווה,יחידה,1.00,יחידה,false,1,21.90,21.90,true,1,
7296073381174,false,מברשת ספרים עם שיער .,BE NOW,CN,מברשת ספרים,יחידה,1.00,יחידה,false,1,34.90,34.90,true,1,
7296073381228,false,"תחליב רחצה Rose 700 מ""ל",שופרסל,TR,תחליב רחצה,מיליליטרים,700.00,"100 מ""ל",false,1,12.90,1.84,true,1,
7296073381235,false,תחליב רחצה Vanilla 700מ,שופרסל,TR,תחליב רחצה,מיליליטרים,700.00,"100 מ""ל",false,1,12.90,1.84,true,1,
7296073381242,false,"תחליב רחצה Cotton700מ""",שופרסל,TR,תחליב רחצה,מיליליטרים,700.00,"100 מ""ל",false,1,12.90,1.84,true,1,
7296073381402,false,פצצה גדולה שני צבעים 280,,IL,פצצה גדולה שני צ,גרמים,280.00,100 גרם,false,1,19.90,7.11,true,1,
7296073381419,false,פצצה גדולה שלושה צבע 280,,IL,פצצה גדולה שלושה,גרמים,280.00,100 גרם,false,1,19.90,7.11,true,1,
7296073381426,false,פצצה בינונית 160 גרם,,IL,פצצה בינונית,גרמים,160.00,100 גרם,false,1,16.90,10.56,true,1,
7296073381433,false,פצצה בינונית 160 גרם,,IL,פצצה בינונית,גרמים,160.00,100 גרם,false,1,16.90,10.56,true,1,
7296073381440,false,פצצה בינונית 160 גרם,,IL,פצצה בינונית,גרמים,160.00,100 גרם,false,1,16.90,10.56,true,1,
7296073381457,false,פצצה קטנה 110 גרם,"מיידלע סבונים בע""מ",IL,פצצה קטנה,גרמים,110.00,100 גרם,false,1,12.90,11.73,true,1,
7296073381464,false,פצצה קטנה 110 גרם,,IL,פצצה קטנה,גרמים,110.00,100 גרם,false,1,12.90,11.73,true,1,
7296073381495,false,קליפסים גודל בינוני זוג,BE NOW,CN,זוג קליפסים,יחידה,1.00,יחידה,false,1,12.90,12.90,true,1,
7296073381501,false,קליפס בינוני חזק חום 3יח,BE NOW,CN,קליפס בינוני,יחידה,1.00,יחידה,false,1,14.90,14.90,true,1,
7296073381518,false,שלישיית קליפסים ספרים,BE NOW,CN,שלישיית קליפסים,יחידה,1.00,יחידה,false,1,14.90,14.90,true,1,
7296073386063,false,סכיני גילוח חד'פ לנשים 2,EDGEWELL,US,סכין גילוח 5 להב,יחידה,1.00,יחידה,false,1,19.90,19.90,true,1,
7296073390015,false,פרכיות ציפוי שוק.קוקוס60,NETHERLANDS SANORICE,NL,פריכיות קטנות,גרמים,60.00,100 גרם,false,1,8.90,14.83,true,1,
7296073391654,false,מגבונים לחיטוי וניקוי50י,טרופיקל דגיל,IL,מגבונים לניקוי,יחידה,1.00,יחידה,false,1,12.90,12.90,true,1,
7296073392934,false,נייר טואלט גליל כפול24יח,,IL,נייר טואלט 24 גל,מטרים,860.00,100 מטר,false,1,39.90,4.64,true,1,
7296073399582,false,"סבון קוביה ירקרק 500 מ""ל",שופרסל,TR,סבון נוזלי,מיליליטרים,500.00,"100 מ""ל",false,1,7.90,1.58,true,1,
7296073404279,false,צלחות גדולות חד פעמיות,,GR,צלחות גדולות,קילוגרמים,1.00,"ק""ג",false,1,39.90,39.90,true,1,
7296073411215,false,מרכך כביסה פרחי בר 1ל,,IL,מרכך כביסה מרוכז,ליטרים,1.00,ליטר,false,1,14.90,14.90,true,1,
7296073411246,false,מרכך מרוכז יסמין/לילך1ל,,IL,מרכך כביסה מרוכז,ליטרים,1.00,ליטר,false,1,14.90,14.90,true,1,
7296073415114,false,מגני תחתון נורמל 60 יח,קוראטקס,DE,מגני תחתון B,יחידה,1.00,יחידה,false,1,9.90,9.90,true,1,
7296073415121,false,מגני תחתון לארג' 52 יחיד,קוראטקס,DE,מגני תחתון B,יחידה,1.00,יחידה,false,1,9.90,9.90,true,1,
7296073415138,false,44 מגני תחתון לונג,קוראטקס,DE,מגני תחתון B,יחידה,1.00,יחידה,false,1,9.90,9.90,true,1,
7296073415145,false,60מגני תחתון נערות נורמל,קוראטקס,DE,מגני תחתון B,יחידה,1.00,יחידה,false,1,9.90,9.90,true,1,
7296073415152,false,60מגני תחתון לנערות פלקס,קוראטקס,DE,מגני תחתון B,יחידה,1.00,יחידה,false,1,9.90,9.90,true,1,
7296073418979,false,אל סבון למון גרס 500*3מל,רנקסאן פלסטיק יאנגר סאן,TR,אל סבון 3 יח,ליטרים,1.50,ליטר,false,1,10.90,7.27,true,1,
7296073440109,false,קפסולות לכביסה 36 יחידות,גליל כימיקלים בעמ,IL,קפסולות לכביסה,יחידה,1.00,יחידה,false,1,34.90,34.90,true,1,
7296073441335,false,פריכיות אורז מלא 110 גרם,"פרח תעשיות מזון בע""\מ",IL,פריכיות אורז מלא,גרמים,110.00,100 גרם,false,1,6.90,6.27,true,1,
7296073441625,false,ג'ל רחצה לגבר 3 ב1- 700מ,טאהא קימיה,TR,ג'ל רחצה לגבר,מיליליטרים,700.00,"100 מ""ל",false,1,10.90,1.56,true,1,
7296073444213,false,52 חיתולים שלב 3 שופרסל,די.פי.אל תעשיות מוצרים ח,IL,חיתולים שופרסל,יחידה,1.00,יחידה,false,1,29.90,29.90,true,1,
7296073444237,false,40חיתולים שלב 4+ שופרסל,די.פי.אל תעשיות מוצרים ח,IL,חיתולים שופרסל,יחידה,1.00,יחידה,false,1,29.90,29.90,true,1,
7296073444244,false,34 חיתולים שלב 5 שופרסל,די.פי.אל תעשיות מוצרים ח,IL,חיתולים שופרסל,יחידה,1.00,יחידה,false,1,29.90,29.90,true,1,
7296073444251,false,30 חיתולים שלב 6 שופרסל,די.פי.אל תעשיות מוצרים ח,IL,חיתולים שופרסל,יחידה,1.00,יחידה,false,1,29.90,29.90,true,1,
7296073445395,false,"תרחיץ פנים מיסלרי 150מ""ל",קוסמטיקס,TR,תרחיץ פנים מיסלר,מיליליטרים,150.00,"100 מ""ל",false,1,9.90,6.60,true,1,
7296073445401,false,"תרחיץ פנים גרגירי150 מ""ל",קוסמטיקס,TR,תרחיץ פנים מיסלר,מיליליטרים,150.00,"100 מ""ל",false,1,9.90,6.60,true,1,
7296073445548,false,"מכשיר גילוח ר""פ לנשים2+",EDGEWELL,US,מ.גילוח לנשים,יחידה,1.00,יחידה,false,1,29.90,29.90,true,1,
7296073445692,false,"מחית תפו""ע בננה שופרסל90",DELAFRUIT,ES,"מחית תפו""ע ובננה",גרמים,90.00,100 גרם,false,1,4.90,5.44,true,1,
7296073445708,false,מחית תפוח אפרסק בננה 90ג,DELAFRUIT,ES,מחית מיקס פירות,גרמים,90.00,100 גרם,false,1,4.90,5.44,true,1,
7296073449119,false,"תחליב רחצה לנערות 700מ""ל",BFF,TR,תחליב רחצה,מיליליטרים,700.00,"100 מ""ל",false,1,11.90,1.70,true,1,
7296073449126,false,"שמפו לנערות 700 מ""ל",BFF,TR,שמפו לנערות 700,מיליליטרים,700.00,"100 מ""ל",false,1,11.90,1.70,true,1,
7296073449508,false,מגבוני ניו בורן 64*4,דינמיק,IL,מגבוני ניו בורן,יחידה,1.00,יחידה,false,1,25.90,25.90,true,1,
7296073449522,false,"סבון קוביה ורוד 500 מ""ל",טאהא קימיה,TR,סבון קוביה ורוד,מיליליטרים,500.00,"100 מ""ל",false,1,7.90,1.58,true,1,
7296073449539,false,"סבון קוביה כחול 500 מ""ל",טאהא קימיה,TR,סבון קוביה כחול,מיליליטרים,500.00,"100 מ""ל",false,1,7.90,1.58,true,1,
7296073449744,false,בושם לשיער ולגוף Pink,א.משי תעשיות,IL,בושם לשיער ולגוף,מיליליטרים,15.00,"100 מ""ל",false,1,39.90,266.00,true,1,
7296073449782,false,קרם רחצה passion Purple,א.משי תעשיות,IL,מוצר לצ'יל,מיליליטרים,300.00,"100 מ""ל",false,1,39.90,13.30,true,1,
7296073449799,false,קרם רחצה passion Green,א.משי תעשיות,IL,קרם רחצה p Green,מיליליטרים,300.00,"100 מ""ל",false,1,39.90,13.30,true,1,
7296073449836,false,קרם גוף passion Green,א.משי תעשיות,IL,קרם גוף pa Green,מיליליטרים,300.00,"100 מ""ל",false,1,24.90,8.30,true,1,
7296073451181,false,מגבת רחצה עם כובע,SUN,CN,מגבת עם כובע,יחידה,1.00,יחידה,false,1,49.90,49.90,true,1,
7296073451204,false,סדין למיטת תינוק מודפס,SUN,CN,סדין למיטת תינוק,יחידה,1.00,יחידה,false,1,36.90,36.90,true,1,
7296073451273,false,דאו.ספריי פרש שאוור150מ,סאסא קוסמטיקס,IL,דאו.ספריי אישה,מיליליטרים,150.00,"100 מ""ל",false,1,10.90,7.26,true,1,
7296073451280,false,דאו.ספרייאנטי פרספפו150מ,סאסא קוסמטיקס,IL,דאו.ספרייאנטי,מיליליטרים,150.00,"100 מ""ל",false,1,10.90,7.26,true,1,
7296073451297,false,"powder freshדאו רול50מ""ל",סאסא קוסמטיקס,IL,דאו.רול און אישה,מיליליטרים,50.00,"100 מ""ל",false,1,9.90,19.80,true,1,
7296073451303,false,"fresh showerדאו.רול50מ""ל",סאסא קוסמטיקס,IL,דאו.רול און אישה,מיליליטרים,50.00,"100 מ""ל",false,1,9.90,19.80,true,1,
7296073457800,false,מוס רחצה לגוף דובדבן 200,סאסא קוסמטיקס,IL,מוס רחצה לגוף דו,מיליליטרים,200.00,"100 מ""ל",false,1,29.90,14.95,true,1,
7296073459262,false,"אל סבון לתינוק 750מ""ל",BFF,TR,אל סבון לתינוק,מיליליטרים,750.00,"100 מ""ל",false,1,14.90,1.99,true,1,
7296073459286,false,"שמפו לתינוק 750 מ""ל",BFF,TR,שמפו לתינוק,מיליליטרים,750.00,"100 מ""ל",false,1,14.90,1.99,true,1,
7296073460404,false,מראת חיילים  מלבנית יח',,CN,מראת חיילים  מלב,יחידה,1.00,יחידה,false,1,14.90,14.90,true,1,
7296073473558,false,בושם שמן מרוכז אשה musk,דרימי,IL,בושם שמן מרוכז א,מיליליטרים,30.00,"100 מ""ל",false,1,39.90,133.00,true,1,
7296073473572,false,בושם שמן מרוכז גבר woody,דרימי,IL,בושם שמן מרוכז ג,מיליליטרים,30.00,"100 מ""ל",false,1,39.90,133.00,true,1,
7296073484240,false,שקיות אוכל 150*2 יחידות,אשפלסט,IL,שקיות אוכל זוג,יחידה,1.00,יחידה,false,1,10.90,10.90,true,1,
7296073484332,false,קפסולות קפה 14 יחידות,DELICA,CH,סט 14 קפסולות,יחידה,1.00,יחידה,false,1,15.90,15.90,true,1,
7296073485124,false,נר ספייסי שחור 450 גרם,דרימי,IL,נר ספייסי שחור,גרמים,450.00,100 גרם,false,1,69.90,15.53,true,1,
7296073485131,false,מבשם בית ונילה מאסק 200,דרימי,IL,מבשם בית ונילה מ,מיליליטרים,200.00,"100 מ""ל",false,1,39.90,19.95,true,1,
7296073495901,false,קרם רחצה מבשם passi Real,א.משי תעשיות,IL,קרם רחצה מבשם Re,מיליליטרים,300.00,"100 מ""ל",false,1,39.90,13.30,true,1,
7296073495925,false,קרם גוף מבשם passio Deep,א.משי תעשיות,IL,קרם גוף מבשם Dee,מיליליטרים,300.00,"100 מ""ל",false,1,24.90,8.30,true,1,
7296073495949,false,קרם גוף מבשם passio Real,א.משי תעשיות,IL,קרם גוף מבשם Rea,מיליליטרים,300.00,"100 מ""ל",false,1,24.90,8.30,true,1,
7296073495970,false,מארז זוגי passion Real י,א.משי תעשיות,IL,מארז זוגי p Real,יחידה,1.00,יחידה,false,1,79.90,79.90,true,1,
7296073496472,false,מגבוני נייר טואלט 56 יחי,דינמיק תעשיות מגבונים,IL,מגבוני נ.טואלט,יחידה,1.00,יחידה,false,1,7.90,7.90,true,1,
7296073496564,false,ספוג רחצה 50 גרם,,CN,ספוג רחצה,גרמים,50.00,100 גרם,false,1,14.90,29.80,true,1,
7296073515050,false,"משחת שיניים קוקוס 75 מ""ל",MENUFACLURER,BG,משחת שיניים,מיליליטרים,75.00,"100 מ""ל",false,1,14.90,19.86,true,1,
7296073516286,false,מגבונים לחים לילדים 72*4,"DPL בע""מ",IL,מגבונים לחים,יחידה,1.00,יחידה,false,1,16.90,16.90,true,1,
7296073526919,false,פרל שמפו לשיער מוחלק500מ,א.משי תעשיות,IL,שמפו פרל לשיער,מיליליטרים,500.00,"100 מ""ל",false,1,19.90,3.98,true,1,
7296073526926,false,פרל שמפו לשיער צבוע500מל,א.משי תעשיות,IL,שמפו פרל לשיער,מיליליטרים,500.00,"100 מ""ל",false,1,19.90,3.98,true,1,
7296073526957,false,פרל מסכה לשיער מוחלק500מ,א.משי תעשיות,IL,פרל מסכה לשיער,מיליליטרים,500.00,"100 מ""ל",false,1,29.90,5.98,true,1,
7296073527039,false,סיכות תיק תק פרפרים .,BE NOW,CN,סיכות תיק תק פרפ,יחידה,1.00,יחידה,false,1,12.90,12.90,true,1,
7296073527046,false,סיכה בארט מנומר .,BE NOW,CN,סיכה בארט מנומר,יחידה,1.00,יחידה,false,1,17.90,17.90,true,1,
7296073527060,false,גומיות ורודות לשיער .,BE NOW,CN,גומיות ורודות לש,יחידה,1.00,יחידה,false,1,12.90,12.90,true,1,
7296073527084,false,סיכות בארט שחור/חום זוג,BE NOW,CN,סיכות בארט שחור/,יחידה,1.00,יחידה,false,1,19.90,19.90,true,1,
7296073527121,false,גומיות סקונץ צבעוניות תכ,BE NOW,CN,גומיות סקונץ צבע,יחידה,1.00,יחידה,false,1,12.90,12.90,true,1,
7296073527138,false,גומיות סקונץ צבעוניות ור,BE NOW,CN,גומיות סקונץ צבע,יחידה,1.00,יחידה,false,1,12.90,12.90,true,1,
7296073528531,false,פרל מסכות לשיער צבוע 500,א.משי תעשיות,IL,פרל מסכות לשיער,מיליליטרים,500.00,"100 מ""ל",false,1,29.90,5.98,true,1,
7296073528777,false,קיסמי אוזניים עץ שק300יח,אל ואי טי,CN,קיסמי אוזניים,יחידה,1.00,יחידה,false,1,6.90,6.90,true,1,
7296073529859,false,בדיקת קורונה ביתית10יח,פארמה דיל,CN,בדיקת קורונה בית,יחידה,1.00,יחידה,false,1,159.90,159.90,true,1,
7296073530145,false,ערכת לידה,,IL,ערכת לידה,יחידה,1.00,יחידה,false,1,100.00,100.00,true,1,
7296073530299,false,בדיקת קורונה מהירה20יח,,CN,בדיקת קורונה,יחידה,1.00,יחידה,false,1,159.90,159.90,true,1,
7296073531289,false,פדים להסרת איפור אובלי40,LTD CO S.T.O,TR,פדים להסרת איפור,יחידה,1.00,יחידה,false,1,7.90,7.90,true,1,
7296073552833,false,"סבון נוזלי לבן 500 מ""ל",טאהא קימיה,TR,סבון נוזלי,מיליליטרים,500.00,"100 מ""ל",false,1,11.90,2.38,true,1,
7296073564683,false,BE אל סבון מאסק 1ליטר,טאהא קימיה,TR,BE אל סבון,ליטרים,1.00,ליטר,false,1,11.90,11.90,true,1,
7296073564706,false,BE אל סבון ורדים 1 ליטר,טאהא קימיה,TR,BE אל סבון,ליטרים,1.00,ליטר,false,1,11.90,11.90,true,1,
7296073565161,false,קוצץ ציפורניים גדול מקצו,BE NOW,CN,קוצץ ציפורניים ג,יחידה,1.00,יחידה,false,1,19.90,19.90,true,1,
7296073566298,false,מטבעות שוקולד חלב 36 גרם,ואל קור קורסניני אס אנ ס,IT,מטבעות שוקולד,גרמים,37.00,100 גרם,false,1,3.90,10.54,true,1,
7296089001752,false,בדיקת קורונה 5 יח' ORIENT/ECOTEST,פארמה דיל,CN,בדיקת קורונה בית,יחידה,1.00,יחידה,false,1,39.90,39.90,true,1,
7296168001390,false,אציטון 100 גרם,איתן ספקים E,IL,אציטון,מיליליטרים,100.00,"100 מ""ל",false,0,5.90,5.90,true,1,
7296168009631,false,SWEETIE מוצץ גומי אפרסק 0-6,מלאזיה מקס,MY,מוצץ גומי צבעוני,יחידה,1.00,יחידה,false,0,22.90,22.90,true,1,
7296168015205,false,20 סינרים חד פעמיים,איתן ספקים E,IL,סינר חד פעמי,יחידה,1.00,יחידה,false,0,31.90,31.90,true,1,
7296168070518,false,קיסם מברשת לשיניים 100יח,איתן כללי,IL,קיסם מברשת לשיני,יחידה,1.00,יחידה,false,0,12.90,12.90,true,1,
7296168089015,false,סוויטי שרשרת סרט למוצץ,סוויטי,IL,סוויטי שרשרת סרט,יחידה,1.00,יחידה,false,0,24.90,24.90,true,1,
7296168089114,false,כוס חלוקה לאבקת חלב,סוויטי,IL,כוס חלוקה לאבקת,יחידה,1.00,יחידה,false,0,19.90,19.90,true,1,
7296168089169,false,נשכן רשת לפירות SWEETIE,סוויטי,IL,נשכן רשת לפירות,יחידה,1.00,יחידה,false,0,29.90,29.90,true,1,
7296168092923,false,תחתון חד פעמי רשתוני,איתן ספקים E,CN,תחתוני רשת XL,יחידה,1.00,יחידה,false,0,15.90,15.90,true,1,
7296168120558,false,רצועת מסאג' איכותית,איתן כללי,JP,רצועת מסאג' איכו,יחידה,1.00,יחידה,false,0,32.90,32.90,true,1,
7296168705113,false,וולטרס קיסמי שיניים דנטליים,ארוינג טישו,CN,קיסמי שיניים,יחידה,1.00,יחידה,false,0,24.90,24.90,true,1,
7296168810077,false,מוצץ גומי צבעוני תכלת,מלאזיה מקס,MY,מוצץ גומי צבעוני,יחידה,1.00,יחידה,false,1,22.90,22.90,true,1,
7296169000644,false,פינצטה קצה מוזהב אלכסון רחב קייזר,מג'יק,IL,פינצטה קייזר קצה,יחידה,1.00,יחידה,false,0,24.90,24.90,true,1,
7296169000712,false,"פצירה 7"" כרום קייזר",.D.M.M סוכנויות ומפיצים,IL,"פצירה 7"" כרום קי",יחידה,1.00,יחידה,false,0,19.90,19.90,true,1,
7296169000736,false,מספריים לציפורניים אל-חל,,CN,"מספריים אל-חלד """,יחידה,1.00,יחידה,false,1,80.00,80.00,true,1,
7296169004260,false,מספריים עור דק כרום אל-חלד קייזר,מג'יק,IL,מספריים עור דק ק,יחידה,1.00,יחידה,false,0,59.90,59.90,true,1,
7296169005519,false,"צבתית לציפורניים 10 ס""מ קייזר",,CN,צבתית לציפורניים,יחידה,1.00,יחידה,false,1,80.00,80.00,true,1,
7296169500090,false,קוצץ ציפורניים בינוני אל-חלד קייזר,מג'יק,IL,קוצץ ציפורניים ב,יחידה,1.00,יחידה,false,0,19.90,19.90,true,1,
7296169500106,false,קוצץ ציפורניים גדול אל-חלד קייזר,מג'יק,IL,קוצץ ציפורניים ב,יחידה,1.00,יחידה,false,0,29.90,29.90,true,1,
7296179006278,false,שיק לק עמיד 264 יח,שיק לקים,IL,שיק לק עמיד,יחידה,1.00,יחידה,false,0,13.90,13.90,true,1,
7296179006292,false,שיק לק עמיד 282 יח,שיק לקים,IL,שיק לק עמיד,יחידה,1.00,יחידה,false,0,13.90,13.90,true,1,
7296179006308,false,שיק לק עמיד 492 יח,שיק לקים,IL,שיק לק עמיד,יחידה,1.00,יחידה,false,0,13.90,13.90,true,1,
7296179006315,false,שיק לק עמיד 469 יח,שיק לקים,IL,שיק לק עמיד,יחידה,1.00,יחידה,false,0,13.90,13.90,true,1,
7296179006933,false,לק צבע מט 931 יחידה,שיק לקים,IL,לק צבע מט 931,יחידה,1.00,יחידה,false,0,18.90,18.90,true,1,
7296179006971,false,לק צבע מט 933 יחידה,שיק לקים,IL,לק צבע מט,יחידה,1.00,יחידה,false,0,18.90,18.90,true,1,
7296179007398,false,שיק.מסיר לק אלוורה250 מל,שיק לקים,IL,שיק.מסיר לק אלוו,מיליליטרים,250.00,"100 מ""ל",false,0,16.90,6.76,true,1,
7296179008005,false,שיק לק עמיד 505,שיק לקים,IL,שיק לק עמיד,יחידה,1.00,יחידה,false,0,13.90,13.90,true,1,
7296179008029,false,שיק לק עמיד 443,שיק לקים,IL,שיק לק עמיד,יחידה,1.00,יחידה,false,0,13.90,13.90,true,1,
7296179008043,false,שיק לק עמיד 485,שיק לקים,IL,שיק לק עמיד,יחידה,1.00,יחידה,false,0,13.90,13.90,true,1,
7296179008074,false,מייבש לק עם מברשת שי,שיק לקים,IL,מייבש לכה מהיר,יחידה,1.00,יחידה,false,0,29.90,29.90,true,1,
7296179008081,false,שיק לק עמיד 498,שיק לקים,IL,שיק לק עמיד,יחידה,1.00,יחידה,false,0,13.90,13.90,true,1,
7296179008098,false,לק שיק כסף יחידה,שיק לקים,IL,לק שיק כסף,יחידה,1.00,יחידה,false,0,18.90,18.90,true,1,
7296179008241,false,טופ קוט למראה ג'ל בת,שיק לקים,IL,לכה טופ למראה גל,יחידה,1.00,יחידה,false,0,32.90,32.90,true,1,
7296179008333,false,שיק לק עמיד 506 יח,שיק לקים,IL,שיק לק עמיד,יחידה,1.00,יחידה,false,0,13.90,13.90,true,1,
7296179010213,false,שיק לק עמיד 022,שיק לקים,IL,שיק לק עמיד,יחידה,1.00,יחידה,false,0,13.90,13.90,true,1,
7296179010305,false,שיק לק עמיד 031,שיק לקים,IL,שיק לק עמיד,יחידה,1.00,יחידה,false,0,13.90,13.90,true,1,
7296179010312,false,שיק לק עמיד 032,שיק לקים,IL,שיק לק עמיד,יחידה,1.00,יחידה,false,0,13.90,13.90,true,1,
7296179010329,false,שיק לק עמיד 033,שיק לקים,IL,שיק לק עמיד,יחידה,1.00,יחידה,false,0,13.90,13.90,true,1,
7296179010381,false,שיק לק עמיד 039,שיק לקים,IL,שיק לק עמיד,יחידה,1.00,יחידה,false,0,13.90,13.90,true,1,
7296179010435,false,שיק לק עמיד 044,שיק לקים,IL,שיק לק עמיד,יחידה,1.00,יחידה,false,0,13.90,13.90,true,1,
7296179010510,false,שיק לק עמיד 052,שיק לקים,IL,שיק לק עמיד,יחידה,1.00,יחידה,false,0,13.90,13.90,true,1,
7296179010718,false,שיק לק עמיד 072,שיק לקים,IL,שיק לק עמיד,יחידה,1.00,יחידה,false,0,13.90,13.90,true,1,
7296179010732,false,שיק לק עמיד 074,שיק לקים,IL,שיק לק עמיד,יחידה,1.00,יחידה,false,0,13.90,13.90,true,1,
7296179010909,false,שיק לק עמיד 091,שיק לקים,IL,שיק לק עמיד,יחידה,1.00,יחידה,false,0,13.90,13.90,true,1,
7296179010930,false,שיק לק עמיד 094,שיק לקים,IL,שיק לק עמיד,יחידה,1.00,יחידה,false,0,13.90,13.90,true,1,
7296179011203,false,שיק לק עמיד 265,שיק לקים,IL,שיק לק עמיד,יחידה,1.00,יחידה,false,0,13.90,13.90,true,1,
7296179011210,false,שיק לק עמיד 238,שיק לקים,IL,שיק לק עמיד,יחידה,1.00,יחידה,false,0,13.90,13.90,true,1,
7296179011272,false,שיק לק עמיד 230,שיק לקים,IL,שיק לק עמיד,יחידה,1.00,יחידה,false,0,13.90,13.90,true,1,
7296179011333,false,שיק לק עמיד 102,שיק לקים,IL,שיק לק עמיד,יחידה,1.00,יחידה,false,0,13.90,13.90,true,1,
7296179011494,false,שיק לק עמיד 118,שיק לקים,IL,שיק לק עמיד,יחידה,1.00,יחידה,false,0,13.90,13.90,true,1,
7296179011562,false,שיק לק עמיד 225,שיק לקים,IL,שיק לק עמיד,יחידה,1.00,יחידה,false,0,13.90,13.90,true,1,
7296179011579,false,שיק לק עמיד 226,שיק לקים,IL,שיק לק עמיד,יחידה,1.00,יחידה,false,0,13.90,13.90,true,1,
7296179011654,false,שיק לק עמיד 223,שיק לקים,IL,שיק לק עמיד,יחידה,1.00,יחידה,false,0,13.90,13.90,true,1,
7296179011692,false,שיק לק עמיד 299,שיק לקים,IL,שיק לק עמיד,יחידה,1.00,יחידה,false,0,13.90,13.90,true,1,
7296179011715,false,שיק לק עמיד 214,שיק לקים,IL,שיק לק עמיד,יחידה,1.00,יחידה,false,0,13.90,13.90,true,1,
7296179011722,false,שיק לק עמיד 215,שיק לקים,IL,שיק לק עמיד,יחידה,1.00,יחידה,false,0,13.90,13.90,true,1,
7296179011784,false,לכה טופ מאט,שיק לקים,IL,לכה טופ מאט,יחידה,1.00,יחידה,false,0,21.90,21.90,true,1,
7296179011791,false,מחזק ציפורניים סגול,שיק לקים,IL,מחזק ציפורניים,יחידה,1.00,יחידה,false,0,32.90,32.90,true,1,
7296179011807,false,Coat Base לכת בסיס,שיק לקים,IL,בייס קוט,יחידה,1.00,יחידה,false,0,16.90,16.90,true,1,
7296179011814,false,לק שכבת הגנה,שיק לקים,IL,טופ קוד,יחידה,1.00,יחידה,false,0,16.90,16.90,true,1,
7296179011876,false,מחזק ציפורניים אורנג',שיק לקים,IL,מחזק ציפורניים,יחידה,1.00,יחידה,false,0,32.90,32.90,true,1,
7296179011920,false,מייבש לק וטופ קוט אורנג',שיק לקים,IL,מייבש לק אורנג',יחידה,1.00,יחידה,false,0,32.90,32.90,true,1,
7296179011999,false,מחזק ציפורניים אורנג 17,,IL,מחזק ציפורניים א,מיליליטרים,17.00,"100 מ""ל",false,1,32.90,193.53,true,1,
7296179012002,false,שיק לק עמיד 309,שיק לקים,IL,שיק לק עמיד,יחידה,1.00,יחידה,false,0,13.90,13.90,true,1,
7296179012057,false,שיק לק עמיד 317,שיק לקים,IL,שיק לק עמיד,יחידה,1.00,יחידה,false,0,13.90,13.90,true,1,
7296179012088,false,שיק לק עמיד 270,שיק לקים,IL,שיק לק עמיד,יחידה,1.00,יחידה,false,0,13.90,13.90,true,1,
7296179012224,false,שיק לק עמיד 278,שיק לקים,IL,שיק לק עמיד,יחידה,1.00,יחידה,false,0,13.90,13.90,true,1,
7296179012279,false,שיק לק עמיד 219,שיק לקים,IL,שיק לק עמיד,יחידה,1.00,יחידה,false,0,13.90,13.90,true,1,
7296179012392,false,צבעי קישוט לציפורניים8מל,שיק לקים,IL,צבע קישוט לציפור,יחידה,1.00,יחידה,false,0,21.90,21.90,true,1,
7296179012606,false,"מייבש לק וטופ קוט 17 מ""ל",,IL,מייבש לק וטופ קו,מיליליטרים,17.00,"100 מ""ל",false,1,32.90,193.53,true,1,
7296179012699,false,שיק לק עמיד 420,שיק לקים,IL,שיק לק עמיד,יחידה,1.00,יחידה,false,0,13.90,13.90,true,1,
7296179014495,false,"מסיר לק עם ספוג ורוד ללא אצטון 70 מ""ל",,IL,מסיר לק עם ספוג,מיליליטרים,70.00,"100 מ""ל",false,1,11.90,17.00,true,1,
7296179014501,false,"מסיר לק עם ספוג 70 מ""ל",,IL,מסיר לק עם ספוג,מיליליטרים,70.00,"100 מ""ל",false,1,11.90,17.00,true,1,
7296179014952,false,לק עמיד 410,שיק לקים,IL,שיק.לק 410,יחידה,1.00,יחידה,false,0,13.90,13.90,true,1,
7296179021059,false,לק עמיד שיק 483,שיק לקים,IL,לק 483,יחידה,1.00,יחידה,false,0,13.90,13.90,true,1,
7296179021288,false,לק 804,שיק לקים,IL,לק 804,יחידה,1.00,יחידה,false,0,13.90,13.90,true,1,
7296179021677,false,מידנייט WHITE חמאת גוף 300 מל,חלאבין,IL,חמאת גוף 300 מל,מיליליטרים,300.00,"100 מ""ל",false,0,49.90,16.63,true,1,
7296179021776,false,סט בראשית לאב ליין מארז,חלאבין,IL,סט בראשית,יחידה,1.00,יחידה,false,1,69.90,69.90,true,1,
7296179021820,false,לאב לין רוז סט בראשית R.L.L,חלאבין,IL,סט בראשית,יחידה,1.00,יחידה,false,1,69.90,69.90,true,1,
7296179024579,false,"מסיר לק לימון 100 מ""ל",,IL,מסיר לק לימון,מיליליטרים,100.00,"100 מ""ל",false,1,7.90,7.90,true,1,
7296179024586,false,"מסיר לק לילך י100 מ""ל",,IL,מסיר לק לילך,מיליליטרים,100.00,"100 מ""ל",false,1,7.90,7.90,true,1,
7296179024593,false,"מסיר לק קוקוס 100 מ""ל",,IL,מסיר לק קוקוס,מיליליטרים,100.00,"100 מ""ל",false,1,7.90,7.90,true,1,
7296179026337,false,מידנייט ווילד סט סלסלה חבצלת השרון,תעשיות שיק,IL,סלסלה חבצלת השרו,יחידה,1.00,יחידה,false,1,79.90,79.90,true,1,
7296179028614,false,סבון נשית חמוציות 250מל,חלאבין,IL,סבון נשית חמוציו,מיליליטרים,250.00,"100 מ""ל",false,1,27.90,11.16,true,1,
7296179029116,false,לק עמיד 807יח',שיק לקים,IL,לק עמיד 807,יחידה,1.00,יחידה,false,1,13.90,13.90,true,1,
7296179029154,false,לק עמיד 811 יח',שיק לקים,IL,לק עמיד 811,יחידה,1.00,יחידה,false,1,13.90,13.90,true,1,
7296179029765,false,לק עמיד 812 יח',,IL,לק עמיד 812,יחידה,1.00,יחידה,false,1,13.90,13.90,true,1,
7296179029789,false,לק עמיד 814 יח',,IL,לק עמיד814,יחידה,1.00,יחידה,false,1,13.90,13.90,true,1,
7296279023250,false,שיק.לק סאטן 941,שיק לקים,IL,שיק.לק סאטן 941,יחידה,1.00,יחידה,false,0,18.90,18.90,true,1,
7298074501995,false,בליסטקס סטיק אולטרא SPF50,מדיליין פריגו,US,בליסטקס אולטרא S,יחידה,1.00,יחידה,false,1,9.90,9.90,true,1,
7298074502220,false,בליסטקס ליפ אינפיוזן סגול NOURISH,מדיליין פריגו,US,בליסטקס אינפיוזן,יחידה,1.00,יחידה,false,1,14.90,14.90,true,1,
7298074502268,false,בליסטקס ליפ אינפיוזן כחול HYDRATION,מדיליין פריגו,US,בליסטקס אינפיוזן,יחידה,1.00,יחידה,false,1,14.90,14.90,true,1,
7298074502374,false,בליסטקס ליפ אינפיוזן כתום,מדיליין פריגו,US,בליסטקס אינפיוזן,יחידה,1.00,יחידה,false,1,14.90,14.90,true,1,
7298074502381,false,בליסטקס ליפ אינפיוזן ירוק,מדיליין פריגו,US,בליסטקס אינפיוזן,יחידה,1.00,יחידה,false,1,14.90,14.90,true,1,
7501013122114,false,"נקטר משקה אננס בקרטונית ג'ומקס, 1 ל'",חומקס קומר קומרסאליזדורה,MX,משקה ג'ומקס אננס,ליטרים,1.00,ליטר,false,1,9.90,9.90,true,1,
7509546057545,false,ליידי ספיד סטיק פרו 5 סטיק 45 גרם,קולגייט פלמוליב,US,ליידי ספיד סטיק,גרמים,45.00,100 גרם,false,1,17.90,39.78,true,1,
7509546061160,false,קולגייט משחת שיניים לילדים מיניונים 75 מל,קולגייט פלמוליב,PL,קולגייט מינייוני,מיליליטרים,75.00,"100 מ""ל",false,1,16.90,22.53,true,1,
7509546063515,false,ליידי ספיד סטיק -סטיק פרו 5 ספריי 150 מל,קולגייט פלמוליב,MX,דאו.ליידי ס.סטיק,מיליליטרים,150.00,"100 מ""ל",false,1,14.90,9.93,true,1,
7509546666846,false,"קולגייט טוטאל משחת שיניים פחם 75 מ""ל",קולגייט פלמוליב,MX,טוטאל פחם,מיליליטרים,75.00,"100 מ""ל",false,1,21.90,29.20,true,1,
7509546678702,false,קולגייט משחת שיניים טוטל אנטי טרטר 100 מ,קולגייט-פלמוליב,PL,משחת קולגייט,מיליליטרים,100.00,"100 מ""ל",false,1,15.90,15.90,true,1,
7610400068505,false,לינדט לינדור בונבוניירה שוקולד חלב 200 גרם,לינדט ושפרונגלי קילשברג,CH,בונבונירה לינדור,גרמים,200.00,100 גרם,false,0,22.90,11.45,true,1,
7610400068529,false,לינדט לינדור בונבוניירה כדורי שוקולד מטעמים 200 גרם,לינדט ושפרונגלי קילשברג,CH,בונבונ.לינדור,גרמים,200.00,100 גרם,false,0,22.90,11.45,true,1,
7610472857748,false,מוצצים ביבי סימטרים זוג,ביבי,IL,מוצצים ביבי סימט,יחידה,1.00,יחידה,false,1,19.90,19.90,true,1,
7613036878135,false,גרבר מחית סלט פירות 190 גרם,נסטלה,PL,מחית סלט פירות,גרמים,190.00,100 גרם,false,1,6.90,3.63,true,1,
7613036880534,false,גרבר מחית ירקות מעורבים מטרנה 190 גר',נסטלה פולסקה אס.איי,PL,מחית מרק ירקות,גרמים,190.00,100 גרם,false,1,6.90,3.63,true,1,
7613036958967,false,קפסולות Starbucks ורונה,נספרסו נסטלה,CH,קפסולות Starbuck,גרמים,55.00,100 גרם,false,1,22.90,41.64,true,1,
7613036959049,false,סטארבקס קפסולות סומט,נספרסו נסטלה,CH,קפסולות Starbuck,גרמים,55.00,100 גרם,false,1,22.90,41.64,true,1,
7613036961622,false,קפסולות סטארבקס אספר,נסטלה שוויץ - קפה,CH,קפסולות Starbuck,גרמים,57.00,100 גרם,false,1,22.90,40.18,true,1,
7613037686906,false,פיטנס שקדים ודבש 355 גרם מופחת סוכר,נסטלה צרפת איטנקורט,FR,פיטנס שקדים ודבש,גרמים,355.00,100 גרם,false,1,23.00,6.48,true,1,
7613039547632,false,גרבר מחית תפוח בננה ותות 90 גרם פאוץ,שוורצקוף& הנקל דיסלד,ES,פאוץ גרבר תפוח,גרמים,90.00,100 גרם,false,1,5.90,6.56,true,1,
7613039547731,false,גרבר מחית תפוח עץ ומשמש 90 גרם פאוץ,"מפעל סברס, נסטלה ספרד ס.",ES,פאוץ גרבר תפוח מ,גרמים,90.00,100 גרם,false,1,5.90,6.56,true,1,
7613039547922,false,גרבר מחית אגס תפוח ובננה 90 גרם פאוץ,נסטלה ספרד,ES,פאוץ גרבר אגס,גרמים,90.00,100 גרם,false,1,5.90,6.56,true,1,
7613039881965,false,גרבר מחית גזר תפוח ומנגו 190 גרם,נסטלה פולסקה אס.איי,PL,גרבר גזר תפוח,גרמים,190.00,100 גרם,false,1,6.90,3.63,true,1,
7613039882030,false,גרבר מחית תפוח גזר בטטה 6*190 גרם,נסטלה פולסקה אס.איי,PL,גרבר תפוח בטטה,גרמים,190.00,100 גרם,false,1,6.90,3.63,true,1,
7613287155832,false,גרבר מחית תפוחי עץ 90 גרם פאוץ,"מפעל סברס, נסטלה ספרד ס.",ES,גרבר תפוח,גרמים,90.00,100 גרם,false,1,5.90,6.56,true,1,
7613287155863,false,מטרנה מחית אגס פאוץ' 90 גר',"מפעל סברס, נסטלה ספרד ס.",ES,גרבר אגס פאוץ,גרמים,90.00,100 גרם,false,1,5.90,6.56,true,1,
7613287155894,false,"גרבר מחית אפרסק פאוץ כשל""פ 90 גרם","מפעל סברס, נסטלה ספרד ס.",ES,גרבר אפרסק,גרמים,90.00,100 גרם,false,1,5.90,6.56,true,1,
7613287155924,false,מטרנה מחית תפוח וגזר פאוץ' 90 גר',"מפעל סברס, נסטלה ספרד ס.",ES,גרבר תפוח,גרמים,90.00,100 גרם,false,1,5.90,6.56,true,1,
7614500035788,false,טובלרון שוקולד חלב 200 גרם,מונדלייז,CH,טובלרון חלב,גרמים,200.00,100 גרם,false,0,19.90,9.95,true,1,
7616500642560,false,שוקולד חלב פריי 300 גרם,"שוקולד פריי בע""מ",CH,שוקולד חלב 300 ג,גרמים,300.00,100 גרם,false,0,11.90,3.97,true,1,
7616500642577,false,שוקולד חלב עם אגוזים300ג,צוקולאט פריי אייץגיץ,CH,שוקולד אגוזים,גרמים,300.00,100 גרם,false,0,11.90,3.97,true,1,
7616500642584,false,שוקולד מריר פריי 300 גרם,"שוקולד פריי בע""מ",CH,שוקולד מריר 300ג,גרמים,300.00,100 גרם,false,0,11.90,3.97,true,1,
7616500664395,false,שוק.חלב אגוז/צימוק 300 ג,צוקולאט פריי אייץגיץ,CH,שוקולד חלב אגוז,גרמים,300.00,100 גרם,false,1,11.90,3.97,true,1,
7616500666092,false,שוק.חלב לוז/פיסטוק/שק200,פריי )שוקולד(,CH,שוקולד חלב אגוז,גרמים,180.00,100 גרם,false,1,21.90,12.17,true,1,
7622010001858,false,עוגיות אוראו ממולאות קרם וניל 176 גרם.,פי אר ג'\יי אס אי מנדלז,UA,עוגיות אוראו,גרמים,176.00,100 גרם,false,1,9.90,5.63,true,1,
7622201401900,false,עוגיות סנסיישן אוראו מילקה 156 גרם,מונדלז פולסקה פרודקש,PL,עוגיות מילקה,גרמים,156.00,100 גרם,false,1,13.90,8.91,true,1,
7622201801809,false,מילקה שוקולד חלב עם אגוזים 100 גרם חדש,מנדלז דויצ'\לנד סנקס פרו,DE,שוקולד מילקה,גרמים,100.00,100 גרם,false,1,8.90,8.90,true,1,
7622201802363,false,מילקה טבלת שוקולד חלב וצימוקים ואגוזים 100ג',מנדלז דויצ'\לנד סנקס פרו,DE,שוקולד מילקה,גרמים,100.00,100 גרם,false,1,8.90,8.90,true,1,
7622201802394,false,שוקולד מילקה חלב מסרונים 100 גרם,מנדלז דויצ'\לנד סנקס פרו,DE,שוקולד חלב מילקה,גרמים,100.00,100 גרם,false,1,8.90,8.90,true,1,
7622201808631,false,אוראו מיני עוגיות ממולאות קרם וניל 67גרם,פי.טי. מונדלז אינדונ,ID,עוגיות אוראו מינ,גרמים,67.00,100 גרם,false,1,8.90,13.28,true,1,
7622201809188,false,ביסקוויט עם שוקולד חלב מילקה,מונדלז פרנס ביסקוויט פרו,FR,ביסקוויט מילקה,גרמים,150.00,100 גרם,false,1,13.90,9.27,true,1,
7622201813390,false,עוגיות מילקה וואפל במילוי קרם קקאו 150 ג,מונדליז סי.אר. ביסקוויט,CZ,וופל ממולא מילקה,גרמים,150.00,100 גרם,false,1,13.90,9.27,true,1,
7622201819170,false,שוקולד מילקה דרק שקדים 85 גרם.,מונדלז דויטשלנד סנאק,DE,שוקולד מילקה,גרמים,85.00,100 גרם,false,1,8.50,10.00,true,1,
7622210137234,false,עוגיות אוראו עם דאבל קרים וניל 170 גר,מונדלייז,ES,עוגיות אוראו,גרמים,170.00,100 גרם,false,1,9.90,5.82,true,1,
7622210392589,false,טובלרון טייני שוקולד חלב 200 גרם,מונדלז סוויצרלנד פרודקשן,CH,טובלרון חלב,גרמים,200.00,100 גרם,false,1,14.90,7.45,true,1,
7622210464729,false,אוראו גולדן עוגיות וניל במילוי קרם וניל,מונדלייז,CZ,עוגיות אוראו,גרמים,154.00,100 גרם,false,1,9.90,6.43,true,1,
7622210637994,false,מיני עוגיות אוראו קראנצ'י בייטס אורגינל,מונדלז אספניה ג'לאטס,ES,עוגיות אוראו,גרמים,110.00,100 גרם,false,1,10.90,9.91,true,1,
7622210690883,false,מילקה שוקולד חלב-מהדורת מונדיאל 270 גרם,מונדלייז,AT,שוקולד מונדיאל,גרמים,270.00,100 גרם,false,1,15.90,5.89,true,1,
7622210826053,false,שוקולד מילקה אוראו סנדוויץ 92 גר',גיאורי קאקסז קייאףטי,HU,שוקולד מילקה,גרמים,92.00,100 גרם,false,1,8.90,9.67,true,1,
7622210835338,false,אוראו עוגיות ממולאות טעם בראוניז 176 גרם,מנדלז אספנה גאלטס פר,ES,עוגיות אוראו,גרמים,176.00,100 גרם,false,1,9.90,5.63,true,1,
7622300200237,false,שוקולד מילקה שוקולד חלב 250 גרם,מונדליז אוסטרייך פרו,AT,שוקולד חלב מילקה,גרמים,250.00,100 גרם,false,0,16.90,6.76,true,1,
7622300356767,false,מילקה - עוגיות עם גרנולה וחתיכות של שוקולד חלב,מונדלז פולסקה פרודקש,PL,עוגיות שוקוצ'יפס,גרמים,168.00,100 גרם,false,0,13.90,8.27,true,1,
7622300489427,false,עוגיות אוראו בציפוי בטעם שוקולד לבן 246 גרם,מנדלז אספנה גאלטס פר,ES,עוגיות אוראו,גרמים,246.00,100 גרם,false,1,19.90,8.09,true,1,
7622300495046,false,מילקה שוקולד חלב עם אקסטרה קקאו 100 גרם,מנדלז דויצ'\לנד סנקס פרו,DE,שוקולד מילקה,גרמים,100.00,100 גרם,false,0,8.90,8.90,true,1,
7622300503079,false,עוגיות ביסקוויט מצופה שוקולד חלב מילקה 200 גרם,מונדלז פולסקה פרודקש,PL,ביסקוויט מצופה,גרמים,200.00,100 גרם,false,0,13.90,6.95,true,1,
7622300617820,false,מילקה שוקולד חלב במילוי קרם חלב ווניל ושבבי עוגיות אוראו 100 גרם,מנדלז דויצ'\לנד סנקס פרו,DE,שוקולד מילקה,גרמים,100.00,100 גרם,false,0,8.90,8.90,true,1,
7630477891592,false,סטארבקס קפסולות קפה האוס בלנד 10 יחידות,נסטלה שוויץ - קפה,CH,קפסולות Starbuck,גרמים,57.00,100 גרם,false,1,22.90,40.18,true,1,
7630477891677,false,סטארבקס קפסולות קפה פייק פלייס 10 יחידות,נסטלה שוויץ - קפה,CH,קפסולות Starbuck,גרמים,53.00,100 גרם,false,1,22.90,43.21,true,1,
7630477891691,false,סטארבקס קפסולות קפה קולמביה 10 יחידות,נסטלה שוויץ - קפה,CH,קפסולות Starbuck,גרמים,57.00,100 גרם,false,1,22.90,40.18,true,1,
7630477891714,false,סטארבקס קפסולות קפה אספרסו 10 יחידות,נסטלה שוויץ - קפה,CH,קפסולות Starbuck,גרמים,57.00,100 גרם,false,1,22.90,40.18,true,1,
7630477891738,false,סטארבקס קפסולות קפה אספרסו בלונד 10 יחיד,נסטלה שוויץ - קפה,CH,קפסולות Starbuck,גרמים,53.00,100 גרם,false,1,22.90,43.21,true,1,
7638900248357,false,סוללות אנרג'ייזר ליתיום 2032זוג ריפרש,אנרג'ייזר,CN,סוללות 2032 זוג,יחידה,1.00,יחידה,false,1,19.90,19.90,true,1,
7638900295641,false,זוג סוללות אנרגייזר A23,אנרג'ייזר,CN,סוללות אנרג''זר,יחידה,1.00,יחידה,false,1,19.90,19.90,true,1,
7638900426663,false,סוללת אדוונס פורמולה,אנרג'ייזר,CN,סוללות ADVANCED,יחידה,1.00,יחידה,false,1,30.00,30.00,true,1,
7640111494027,false,Cabotine א.ד.ט לאשה,לילית בישום,,Cabotine א.ד.ט,מיליליטרים,100.00,"100 מ""ל",false,0,89.00,89.00,true,1,
7640137510022,false,סרום הילרוני למיצוק 12מל,CALLYS,CH,סרום הילרוני למי,מיליליטרים,12.00,"100 מ""ל",false,1,149.00,1241.67,true,1,
7702018069347,false,סכיני גילוח חד פעמיים לנשים Blue 2,פרוקטר אנד גמבל,PL,סכיני גילח לנשים,יחידה,1.00,יחידה,false,0,32.90,32.90,true,1,
7702018263936,false,8 סכיני פיוזן פרוגליד פלקסבול פאוור,פרוקטר & גמבל,DE,סכיני גילוח,יחידה,1.00,יחידה,false,1,193.00,193.00,true,1,
7702018271788,false,"דאודורנט קליר ג'ילט בניחוח ספורט 70 מ""ל",פרוקטר אנד גמבל,PL,דאודורנט קליר,מיליליטרים,70.00,"100 מ""ל",false,0,16.90,24.14,true,1,
7702018321520,false,דאודורנט סטיק לגבר Pro G Arctic ice,תות ממתקי איכות,US,דאודורנט סטיק,מיליליטרים,45.00,"100 מ""ל",false,0,23.90,53.11,true,1,
7702018321582,false,דאודורנט סטיק לגבר Pro G Cool Wave,פרוקטר אנד גמבל,US,דאודורנט סטיק,מיליליטרים,45.00,"100 מ""ל",false,0,23.90,53.11,true,1,
7702018323531,false,ג'ילט - ונוס סמווט' ידית ו2 סכינים,פרוקטר & גמבל,IL,ונוס +SMOOTHסכינ,יחידה,1.00,יחידה,false,1,44.90,44.90,true,1,
7702018347629,false,ונוס אקסטרה סמוט סכיני גילוח רביעייה,ג'ילט ונוס Gillette Venus,PL,גילט רביעית,יחידה,1.00,יחידה,false,1,62.90,62.90,true,1,
7702018349869,false,גילט מארז 16 סכיני פיוזן ידני,פרוקטר & גמבל,DE,סכיני גילוח,יחידה,1.00,יחידה,false,1,179.00,179.00,true,1,
7702018357871,false,גל גילוח 2 ב1 לעור רגיש פרוגלייד 170 מל,פרוקטר אנד גמבל,PL,ג'ל גילוח,מיליליטרים,200.00,"100 מ""ל",false,1,25.90,12.95,true,1,
7702018441075,false,גילט מארז סכינים פיוזן ידני 12 יחידות,דיפלומט,PL,סכיני גילוח,יחידה,1.00,יחידה,false,1,139.00,139.00,true,1,
7702018459445,false,גילט פיוזן פאואר סכיני גילוח 12 יחידות,פרוקטר & גמבל,DE,סכיני גילוח פיוז,יחידה,1.00,יחידה,false,1,199.00,199.00,true,1,
7702018468447,false,גילט בלו 2 פלוס סכינים חד פעמיים עשירייה,פרוקטר אנד גמבל,PL,סכיני גילוח,יחידה,1.00,יחידה,false,1,29.90,29.90,true,1,
7702018469826,false,מכשיר גילוח ונוס+3 סכינים,ג'\ילט פרוקטר אנד גמבל,DE,ג'ילט מכשיר 3* ס,יחידה,1.00,יחידה,false,1,49.90,49.90,true,1,
7702018469901,false,ג'ילט מארז מוגדל פיוזן שמיניה -חדש,פרוקטר אנד גמבל,DE,סכיני גילוח,יחידה,1.00,יחידה,false,1,133.00,133.00,true,1,
7702018470884,false,גילט מארז פיוזן 16 סכיני גילוח,"פרוקטר אנד גמבל, גרמניה",PL,סכיני גילוח,יחידה,1.00,יחידה,false,1,179.00,179.00,true,1,
7702018471096,false,סכיני גילוח חד פעמי 4 יח VENUS SIMPLY3,פרוקטר & גמבל,US,ונוס סימפלי 4 סכ,יחידה,1.00,יחידה,false,1,19.90,19.90,true,1,
7702018489619,false,גילט בלו 3 סכין גילוח חד פעמי לגבר 3 יח,פרוקטר אנד גמבל,PL,סכיני גילוח בלו3,יחידה,1.00,יחידה,false,1,17.90,17.90,true,1,
7702018493647,false,גילט גל גילוח סקינגארד לעור רגיש 200 מל,פרוקטר & גמבל,GB,ג'ל גילוח ג'ילט,מיליליטרים,200.00,"100 מ""ל",false,1,25.90,12.95,true,1,
7702018514472,false,גילט מאך 3 טורבו מכשיר גילוח,פרוקטר אנד גמבל,CN,מכשיר גילוח מאך,יחידה,1.00,יחידה,false,1,48.90,48.90,true,1,
7702018544738,false,קינג סי מכונה לעיצוב הזקן גילט,דיפלומט,CA,מכונה לעיצוב זקן,יחידה,1.00,יחידה,false,1,184.90,184.90,true,1,
7702018581467,false,ונוס סווירל מארז ידית מכשיר+8 סכינים,דיפלומט,US,סווירל מארז,יחידה,1.00,יחידה,false,1,149.00,149.00,true,1,
7702018607532,false,גילט מארז פרוגלייד 14 סכינים,"פרוקטר אנד גמבל, גרמניה",DE,סכיני גילוח 14יח,יחידה,1.00,יחידה,false,1,179.00,179.00,true,1,
7702018609154,false,גילט מארז פרוגלייד 10 סכינים,"פרוקטר אנד גמבל, גרמניה",DE,סכיני גילוח,יחידה,1.00,יחידה,false,1,139.00,139.00,true,1,
7702018886364,false,ונוס קומפורטגליד בריז,פרוקטר & גמבל,IL,ונוס קומפורטגליד,יחידה,1.00,יחידה,false,1,59.90,59.90,true,1,
7702018911981,false,דאודורנט גל פאוור בי,ג'\ילט פרוקטר אנד גמבל,DE,דאו.קליר ג'ל,מיליליטרים,75.00,"100 מ""ל",false,0,32.90,43.87,true,1,
7702018978106,false,"ג'ילט - דאודורנט ג'ל לגבר ארטיק אייס 70 מ""ל",פרוקטר אנד גמבל,PL,דאו.קליר ג'ל,מיליליטרים,70.00,"100 מ""ל",false,0,16.90,24.14,true,1,
7702018978120,false,"ג'ילט - דאודורנט ג'ל לגבר קול וייב 70 מ""ל",פרוקטר אנד גמבל,PL,דאו.קליר ג'ל,מיליליטרים,70.00,"100 מ""ל",false,0,16.90,24.14,true,1,
7702018980925,false,"קצף גילוח לעור רגיל 200 מ""ל ג'ילט",קימברלי,GB,ג'ילט קצף גילוח,מיליליטרים,200.00,"100 מ""ל",false,0,14.90,7.45,true,1,
7702018980932,false,"קצף גילוח לעור רגיש 200 מ""ל ג'ילט",קימברלי,GB,ג'לט קצף גילוח ל,מיליליטרים,200.00,"100 מ""ל",false,0,14.90,7.45,true,1,
7702018997022,false,12סכינ.גילוח פיוז'ן ידני,פרוקטר & גמבל,DE,סכיני גילוח,יחידה,1.00,יחידה,false,0,139.00,139.00,true,1,
7702024074625,false,פיטנס - חטיפי קרקר חיטה מלאה 234 גרם,קומסטיבלס לה רוזה אס.איי,CO,חטיפי קרקר פיטנס,גרמים,234.00,100 גרם,false,1,14.90,6.37,true,1,
7792860006218,false,סוכריות לקקנים בייבי דול Baby Doll לריטר,גוד פוד פרודקטס S.p,AR,בייבי דול לקקן,גרמים,24.00,100 גרם,false,0,2.20,9.17,true,1,
7891024027998,false,קולגייט מי פה טוטאל הגנה מפני אבן 500 מל,קולגייט- פלמוליב,BR,מי פה קולגייט,מיליליטרים,500.00,"100 מ""ל",false,1,17.90,3.58,true,1,
7891024124826,false,קולגייט משחת אופטיק ספרקלינג וייט 75מל,הנסיך- מפעל לייצור ט,BR,משחת קולגייט,מיליליטרים,75.00,"100 מ""ל",false,0,20.90,27.87,true,1,
7891024179482,false,"שטיפת פה קולגייט אופטיק וייט 500מ""ל",יבואן ומשווק: ש. שסט,PL,מי פה קולגייט,מיליליטרים,500.00,"100 מ""ל",false,0,33.90,6.78,true,1,
8000380003723,false,וופל אגוזים בציפוי שוקולד לואקר 100 גרם,קריניציה ויטמינה אס,IT,גראנד פטיסרי,גרמים,100.00,100 גרם,false,0,14.20,14.20,true,1,
8000380004676,false,קוביות וופל סנדוויץ Sandwich עם וניל וחלב,"א. לואקר, קונפקט ג'י",AT,ופלים לואקר,גרמים,200.00,100 גרם,false,0,13.60,6.80,true,1,
8000380004911,false,קוביות וופל קואדרטיני Quadratini קרם אגוזים,קריניציה ויטמינה אס,AT,ופל קואדרטיני,גרמים,250.00,100 גרם,false,0,15.30,6.12,true,1,
8000380004966,false,וופל קוארדטיני לואקר קוביות שוקולד 250ג',קריניציה ויטמינה אס,AT,ופל קואדרטיני,גרמים,250.00,100 גרם,false,0,15.30,6.12,true,1,
8000380007219,false,וופלים בטעם אגוזים לואקר 175 גרם,ליימן מותגים,AT,ופלים לואקר,גרמים,175.00,100 גרם,false,0,12.00,6.86,true,1,
8000380007257,false,וופל גרדנה אגוזים לואקר 200 גרם,קריניציה ויטמינה אס,IT,ופלים גרדנה,גרמים,200.00,100 גרם,false,0,15.90,7.95,true,1,
8000380106028,false,טורטינה לואקר וופל שוקולד ואגוזים שישיה 125ג',קריניציה ויטמינה אס,IT,וופל טורטינה,גרמים,125.00,100 גרם,false,0,17.30,13.84,true,1,
8000380153442,false,וופל קלאסיק בטעם אגוזים לואקר 90 גרם,ליימן שליסל,IT,לואקר קלאסי,גרמים,90.00,100 גרם,false,0,8.90,9.89,true,1,
8000500023624,false,חטיפי הפי היפו Happy Hippo במילוי קרם חלב וקקאו,פררו - אלבה,IT,קינדר הפי היפו,גרמים,102.00,100 גרם,false,0,13.90,13.63,true,1,
8000500023976,false,בונבוניירת רפאלו פררו 150 גרם,פררו - אלבה,PL,בונבונ.רפאלו,גרמים,150.00,100 גרם,false,0,18.90,12.60,true,1,
8000500026731,false,שוקולד ביצי הפתעה קינדר שלישייה,פררו אס.פי.אי,IT,ביצי הפתעה קינדר,גרמים,60.00,100 גרם,false,1,16.00,26.67,true,1,
8000500071083,false,אצבעות שוקולד קינדר Kinder שש עשרה יחידות,פררו - אלבה,IT,שוקולד חלב קינדר,גרמים,200.00,100 גרם,false,0,11.90,5.95,true,1,
8000500075708,false,ביצי שוקולד הפתעה קינדר ג'וי כחול בנים שלישיה,פררו - אלבה,ZA,קינדר ג'וי כחול,גרמים,60.00,100 גרם,false,0,16.00,26.67,true,1,
8000500121436,false,מארז קינדר בואנו Kinder Bueno לבן שלוש יחידות,פררו - אלבה,PL,קינדר בואנו לבן,גרמים,117.00,100 גרם,false,0,11.90,10.17,true,1,
8000500167656,false,קינדר שוקולד עם דגנים סיריאל 94 ג',פררו,IT,קינדר שוקולד,גרמים,94.00,100 גרם,false,1,8.90,9.47,true,1,
8000500192801,false,בונבוניירה רושה 100 גרם,פררו,IT,בונבוניירה רושה,גרמים,100.00,100 גרם,false,1,15.90,15.90,true,1,
8000500227848,false,נוטלה - בי רדי אצבעות ביסקוויט במילוי שוקולד 6 יח' * 22 גרם,פררו,IT,נוטלה בי רדי,גרמים,132.00,100 גרם,false,1,13.50,10.23,true,1,
8000500247150,false,פררו רושה קולקשיין קוקוס מילוי קרם ושקד שלם 172ג',פררו,DE,פררו רושה,גרמים,172.00,100 גרם,false,1,24.90,14.48,true,1,
8000500249352,false,קינדר בואנו מיני מיקס שקית 205 ג',פררו - אלבה,PL,קינדר בואנו מיני,גרמים,205.00,100 גרם,false,1,19.90,9.71,true,1,
8000500256213,false,שוקולד מיני קינדר 120 גרם,פררו - אלבה,IT,שוקולד מיני,גרמים,120.00,100 גרם,false,1,11.20,9.33,true,1,
8000500267103,false,קינדר דליס עוגת ספוג קקאו במילוי חלבי*10,קינדר Kinder,IT,עוגות קינדר דליס,גרמים,390.00,100 גרם,false,1,20.90,5.36,true,1,
8000500269169,false,קינדר קארדס Kinder Cards - חמישייה,קריות זול,IT,קינדר קארדס,גרמים,128.00,100 גרם,false,1,13.90,10.86,true,1,
8000500294345,false,רושר איש שלג שוקולד חלב ואגוזי לוז 90 גר,פררו,PL,רושה סנו-מן,גרמים,90.00,100 גרם,false,1,14.90,16.56,true,1,
8000500359358,false,מארז שלישיית עוגיות נוטלה באריזה אישית - NUTELLA BISCUITTS,,IT,ביסקוויט נוטלה,גרמים,41.00,100 גרם,false,1,5.40,13.17,true,1,
8000500366073,false,נוטלה עוגיות נוטלה בשקית 20 יח'- NUTELLA BISCUITTS,נוטלה Nutella,IT,ביסקוויט נוטלה,גרמים,276.00,100 גרם,false,1,23.90,8.66,true,1,
8000500374542,false,שוקולד מריר מעולה אגוזי לוז פררו רושה125,רושר,PL,גרנד רושה פררו,גרמים,125.00,100 גרם,false,1,14.90,11.92,true,1,
8001090015969,false,פיירי טבליות למדיח פלטינום 63 יחידות,פרוקטר אנד גמבל,BE,פיירי טבליות,יחידה,1.00,יחידה,false,1,64.90,64.90,true,1,
8001090065964,false,אולוויז דיסקריט נורמל 12 יח,פרוקטר אנד גמבל,DE,דיסקריט תחבושות,יחידה,1.00,יחידה,false,1,21.90,21.90,true,1,
8001090184412,false,"פיירי נוזל לניקוי כלים לימון שקוף, 900 מ""ל",פרוקטר אנד גמבל,GB,פיירי לכלים,מיליליטרים,900.00,"100 מ""ל",false,1,12.90,1.43,true,1,
8001090222428,false,"הרבל אסנסס - שמפו חלב קוקוס 400 מ""ל",הרבל אסנס Herbal Essences,FR,שמפו הרבל אסנס,מיליליטרים,400.00,"100 מ""ל",false,1,19.90,4.98,true,1,
8001090222541,false,הרבל אסנסס שמפו תות שדה ומנטה 400 גרם,הרבל אסנס Herbal Essences,FR,שמפו הרבל אסנס,מיליליטרים,400.00,"100 מ""ל",false,1,19.90,4.98,true,1,
8001090222725,false,"הרבל אסנסס - שמפו שמן מורינגה 400 מ""ל",הרבל אסנס Herbal Essences,FR,שמפו הרבל אסנס,מיליליטרים,400.00,"100 מ""ל",false,1,19.90,4.98,true,1,
8001090222756,false,"הרבל אסנסס - מרכך שמן מורינגה 400 מ""ל",הרבל אסנס Herbal Essences,FR,מרכך הרבל אסנסס,מיליליטרים,400.00,"100 מ""ל",false,1,19.90,4.98,true,1,
8001090222848,false,"הרבל אסנסס - שמפו שיקום שמן ארגן 400 מ""ל",הרבל אסנס Herbal Essences,FR,שמפו הרבל אסנס,מיליליטרים,400.00,"100 מ""ל",false,1,19.90,4.98,true,1,
8001090222879,false,"הרבל אסנסס - מרכך שיקום שמן ארגן 400 מ""ל",הרבל אסנס Herbal Essences,FR,מרכך הרבל אסנס,מיליליטרים,400.00,"100 מ""ל",false,1,19.90,4.98,true,1,
8001090290830,false,"אוראל בי משחת שיניים- להלבנה פנינה בוהקת 75 מ""ל",פרוקטר אנד גמבל,DE,משחת אורל בי,מיליליטרים,75.00,"100 מ""ל",false,1,29.90,39.87,true,1,
8001090336354,false,פמפרס בייבי דריי חיתולים מידה 2 46 יח,פרוקטר אנד גמבל,DE,פמפרס בייבי,יחידה,1.00,יחידה,false,1,36.90,36.90,true,1,
8001090336408,false,חיתולים בייבי דריי מידה 3 38 יח' פמפרס,פרוקטר אנד גמבל,DE,פמפרס בייבי,יחידה,1.00,יחידה,false,1,36.90,36.90,true,1,
8001090336446,false,פמפרס בייבי דריי חיתולים מידה 4 34 יח,פרוקטר אנד גמבל,DE,פמפרס בייבי,יחידה,1.00,יחידה,false,1,36.90,36.90,true,1,
8001090336491,false,פמפרס בייבי דריי חיתולים מידה +4 31 יח,פרוקטר אנד גמבל,DE,פמפרס בייבי,יחידה,1.00,יחידה,false,1,36.90,36.90,true,1,
8001090336606,false,פמפרס בייבי דריי חיתולים מידה 6 26 יח,פרוקטר אנד גמבל,DE,פמפרס בייבי,יחידה,1.00,יחידה,false,1,36.90,36.90,true,1,
8001090364104,false,"משחת שיניים אורל בי G&E אורגינל 75 מ""ל",פרוקטר אנד גמבל,DE,משחת אורל בי,מיליליטרים,75.00,"100 מ""ל",false,1,16.90,22.53,true,1,
8001090364159,false,"משחת שיניים אורל בי G&E רעננות מוגברת 75 מ""ל",פרוקטר אנד גמבל,DE,משחת אורל בי,מיליליטרים,75.00,"100 מ""ל",false,1,16.90,22.53,true,1,
8001090364203,false,"משחת שיניים אורל בי G&E להלבנה עדינה 75 מ""ל",פרוקטר אנד גמבל,DE,משחת אורל בי,מיליליטרים,75.00,"100 מ""ל",false,1,16.90,22.53,true,1,
8001090364258,false,"אורל בי משחת שיניים לניקוי עדין 75 מ""ל",פרוקטר אנד גמבל,DE,אורל בי משחה G&E,מיליליטרים,75.00,"100 מ""ל",false,1,16.90,22.53,true,1,
8001090364319,false,קפסולות ג'ל לכביסה טייד אפקט פיירי 37 יח',פרוקטר & גמבל,FR,טייד קפסולות,יחידה,1.00,יחידה,false,1,59.90,59.90,true,1,
8001090375285,false,"פנטן מרכך מרוכז 200 מ""ל למגע רך כשמי",פרוקטר אנד גמבל,FR,מרכך פנטן,מיליליטרים,200.00,"100 מ""ל",false,1,28.90,14.45,true,1,
8001090377487,false,מסכה לשיער פנטן לחות מוגברת 300 מל,פרוקטר אנד גמבל,RO,מסיכה פנטן,מיליליטרים,300.00,"100 מ""ל",false,1,37.90,12.63,true,1,
8001090377531,false,"מסכה לשיער פנטן לצבע מלא חיים 300 מ""ל",פרוקטר אנד גמבל,RO,מסיכה פנטן,מיליליטרים,300.00,"100 מ""ל",false,1,37.90,12.63,true,1,
8001090379337,false,פמפרס פרימיום קר חיתולים שלב 3 40 יח VP,פרוקטר אנד גמבל,PL,פמפרס פרימיום,יחידה,1.00,יחידה,false,1,39.90,39.90,true,1,
8001090379368,false,פמפרס פרימיום קר חיתולים שלב 4 34 יח VP,פרוקטר אנד גמבל,PL,פמפרס פרימיום,יחידה,1.00,יחידה,false,1,39.90,39.90,true,1,
8001090379399,false,פמפרס פרימיום קר חיתולים שלב 5 30 יח VP,פרוקטר אנד גמבל,PL,פמפרס פרימיום,יחידה,1.00,יחידה,false,1,39.90,39.90,true,1,
8001090560117,false,"פנטן - מרכך מיסלר 675 מ""ל",פרוקטר אנד גמבל,FR,פנטן מרכך מיסלר,מיליליטרים,675.00,"100 מ""ל",false,1,23.90,3.54,true,1,
8001090632715,false,מש.שיניים אורל בי לילדים פרוזן וקארס120ג,פרוקטר אנד גמבל,DE,משחת שיניים לילד,מיליליטרים,75.00,"100 מ""ל",false,1,14.90,19.86,true,1,
8001090678195,false,"הד אנד שולדרס מרכך סופרים לחות 275 מ""ל",פרוקטר אנד גמבל,FR,מרכך הד&שולדרס,מיליליטרים,275.00,"100 מ""ל",false,1,18.90,6.87,true,1,
8001090715043,false,אולוויז דיסקרט לבריחת שת,פרוקטר אנד גמבל,DE,אולוויז דיסקרט,יחידה,1.00,יחידה,false,1,38.90,38.90,true,1,
8001090721129,false,אריאל קפסולות גל לכביסה 3ב1 קולור 27 יח,פרוקטר אנד גמבל,FR,קפסולות גל כביסה,יחידה,1.00,יחידה,false,1,37.90,37.90,true,1,
8001090737809,false,מגן תחתון אולוויז סינגל טנגה 36 יחידות,פרוקטר אנד גמבל,ES,אולוויז חוטיני,יחידה,1.00,יחידה,false,1,16.90,16.90,true,1,
8001090784124,false,40פמפרס אקטיב ביבי שלב+4,פרוקטר אנד גמבל )ראה קוד,DE,חיתולי פמפרס,יחידה,1.00,יחידה,false,1,46.90,46.90,true,1,
8001090832450,false,"שמפו פנטן הנוסחה הקלאסית 660 מ""ל",פרוקטר אנד גמבל,RO,שמפו פנטן,מיליליטרים,660.00,"100 מ""ל",false,1,23.90,3.62,true,1,
8001090832535,false,"שמפו פנטן שמן מרוקאי משקם 660 מ""ל",פרוקטר אנד גמבל,RO,שמפו פנטן,מיליליטרים,660.00,"100 מ""ל",false,1,23.90,3.62,true,1,
8001090832573,false,"שמפו פנטן לחות מוגברת 660 מ""ל",פרוקטר אנד גמבל,RO,שמפו פנטן,מיליליטרים,660.00,"100 מ""ל",false,1,23.90,3.62,true,1,
8001090832610,false,"שמפו פנטן למגע רך כמשי 660 מ""ל",פרוקטר אנד גמבל,RO,שמפו פנטן,מיליליטרים,660.00,"100 מ""ל",false,1,23.90,3.62,true,1,
8001090832696,false,"פנטן שמפו לתלתלים מושלמים 660 מ""ל",פרוקטר אנד גמבל,RO,שמפו פנטן,מיליליטרים,660.00,"100 מ""ל",false,1,23.90,3.62,true,1,
8001090832818,false,מרכך פנטן הנוסחה הקלאסית לשיער רגיל ומעורב,פרוקטר אנד גמבל,RO,מרכך פנטן,מיליליטרים,660.00,"100 מ""ל",false,1,23.90,3.62,true,1,
8001090832894,false,מרכך לשיער חלש ופגום לחות מוגברת,פרוקטר אנד גמבל,RO,מרכך פנטן,מיליליטרים,660.00,"100 מ""ל",false,1,23.90,3.62,true,1,
8001090832931,false,"פנטן 660 מ""ל קונדישינר למגע רך כמשי",פרוקטר אנד גמבל,RO,מרכך פנטן,מיליליטרים,660.00,"100 מ""ל",false,1,23.90,3.62,true,1,
8001090833167,false,גל כביסה אריאל בניחוח הרים 2.365 ליטר,פרוקטור אנד גמבל,FR,אריאל ג'ל כביסה,ליטרים,2.37,ליטר,false,1,32.90,13.88,true,1,
8001090861276,false,"פנטן קונדישנר סופר פוד 660 מ""ל",פרוקטר אנד גמבל,RO,מרכך פנטן,מיליליטרים,660.00,"100 מ""ל",false,1,23.90,3.62,true,1,
8001090861795,false,"פנטן שמפו סופר פוד 660 מ""ל",פרוקטר אנד גמבל,RO,שמפו פנטן,מיליליטרים,660.00,"100 מ""ל",false,1,23.90,3.62,true,1,
8001090883490,false,הד&שולדרס קולור פרפקט400,פרוקטר אנד גמבל,FR,הד&שולדרס קולור,מיליליטרים,400.00,"100 מ""ל",false,1,26.90,6.73,true,1,
8001090886460,false,לנור כדוריות הבושם בניחוח אביבי 140 גרם,פרוקטור אנד גמבל,US,לנור מבשם כביסה,גרמים,140.00,100 גרם,false,1,23.90,17.07,true,1,
8001090899194,false,תחבושות אולוויז פלטינום נורמל 24 יחידות,פרוקטר אנד גמבל,DE,תחבושות אולוויז,יחידה,1.00,יחידה,false,1,25.90,25.90,true,1,
8001090899224,false,תחבושות אולוויז פלטינום לונג 20 יחידות,פרוקטר אנד גמבל,DE,תחבושות אולוייז,יחידה,1.00,יחידה,false,1,25.90,25.90,true,1,
8001090899255,false,תחבושות אולוויז פלטינום לילה 16 יחידות,פרוקטר אנד גמבל,DE,תחבשות אולוויז,יחידה,1.00,יחידה,false,1,25.90,25.90,true,1,
8001090899286,false,תחבושות אולוויז פלטינום לילה בטוח 14 יח',פרוקטר אנד גמבל,DE,תחבושות אולוויז,יחידה,1.00,יחידה,false,1,25.90,25.90,true,1,
8001090992338,false,פיירי טבליות למדיח פלטינום פלוס 50 יחידו,פרוקטר אנד גמבל,BE,פיירי טב' למדיח,יחידה,1.00,יחידה,false,1,64.90,64.90,true,1,
8001090993502,false,טמפקס כותנה סופר 16 יח',פרוקטר אנד גמבל,US,טמפקס כותנה סופר,יחידה,1.00,יחידה,false,1,23.90,23.90,true,1,
8001160000888,false,"גטורייד משקה ספורט תפוז 500 מ""ל",אקווה מינרלה סאן בנדטו,IT,גטורייד תפוז,מיליליטרים,500.00,"100 מ""ל",false,1,10.90,2.18,true,1,
8001160001786,false,"משקה אנרגיה גטורייד ספורט כחול 500מ""ל",אקווה מינרלה סאן בנדטו,IT,גטורייד כחול,מיליליטרים,500.00,"100 מ""ל",false,0,10.90,2.18,true,1,
8001160001892,false,"משקה אנרגיה גטורייד ספורט תפוז אדום 500מ""ל",אקווה מינרלה סאן בנדטו,IT,גטורייד תפוז,מיליליטרים,500.00,"100 מ""ל",false,0,10.90,2.18,true,1,
8001359108319,false,ספא פארמה קרם יום 50 SPF25מ'ל,ספא פארמה,IL,קרם לחות יום,מיליליטרים,50.00,"100 מ""ל",false,0,19.90,39.80,true,1,
8001359108654,false,"מויסטר ריסורס קרם פנים 250מ""ל",אנדראה טיפוח,IL,ק.לחות לפנים 250,מיליליטרים,250.00,"100 מ""ל",false,0,24.90,9.96,true,1,
8001620015612,false,"משקה פרוטה גזר תפוז לימון 400 מ""ל",אקווה מינרלה סאן בנדטו ב,IT,פרוטה גזר תפוז,מיליליטרים,400.00,"100 מ""ל",false,1,7.90,1.98,true,1,
8001620015636,false,"משקה פרוטה מיקס פירות 400 מ""ל",אקווה מינרלה סאן בנדטו ב,IT,משקה פרוטה,מיליליטרים,400.00,"100 מ""ל",false,1,7.90,1.98,true,1,
8001620019160,false,"סן בנדטו מים מינרלים בטעם אפרסק 500 מ""ל",אקווה מינרלה סאן בנדטו ב,IT,סאן בנדטו אפרסק,מיליליטרים,400.00,"100 מ""ל",false,1,6.90,1.73,true,1,
8001620019177,false,"סן בנדטו מים מינרלים בטעם ענבים 500 מ""ל",אקווה מינרלה סאן בנדטו ב,IT,סאן סנדטו ענבים,מיליליטרים,400.00,"100 מ""ל",false,1,6.90,1.73,true,1,
8001841006710,false,לנור כדוריות הריח בניחוח רענן 210 גרם,פרוקטר אנד גמבל,US,לנור מבשם כביסה,גרמים,210.00,100 גרם,false,1,34.90,16.62,true,1,
8001841053684,false,תחבושות אולוויז עבה לונג פלוס 12 יחידות,פרוקטר אנד גמבל )ראה קוד,HU,תחבושות אולוויז,יחידה,1.00,יחידה,false,1,13.90,13.90,true,1,
8001841053806,false,תחבושות היגייניות אולוויז מקסי עבה לילה,פרוקטר אנד גמבל,HU,תחבושות אולוויז,יחידה,1.00,יחידה,false,1,13.90,13.90,true,1,
8001841062624,false,פמפרס מגבונים לחים ללא בישום רביעייה,פרוקטר אנד גמבל.,DE,מגבוני פמפרס 4יח,יחידה,1.00,יחידה,false,1,17.90,17.90,true,1,
8001841077949,false,מארז מגבוני פמפרס בניחוח מרענן - רביעייה,פרוקטר אנד גמבל,DE,מגבוני פמפרס 4יח,יחידה,1.00,יחידה,false,1,17.90,17.90,true,1,
8001841104751,false,פמפרס פרימיום קר חיתולים שלב 1 52 יח VP,פרוקטר אנד גמבל,PL,פמפרס,יחידה,1.00,יחידה,false,1,39.90,39.90,true,1,
8001841104799,false,פמפרס פרימיום קר חיתולים שלב 2 46 יח VP,פרוקטר אנד גמבל,PL,פמפרס,יחידה,1.00,יחידה,false,1,39.90,39.90,true,1,
8001841105093,false,פמפרס פרימיום קר חיתולים שלב 6 26 יח VP,פרוקטר אנד גמבל,PL,פמפרס,יחידה,1.00,יחידה,false,1,39.90,39.90,true,1,
8001841226224,false,ש.הד&שולדרס מן אולטרה540,פרוקטר אנד גמבל,RO,שמפו הד&שולדרס,מיליליטרים,540.00,"100 מ""ל",false,1,26.90,4.98,true,1,
8001841272757,false,אורל-בי משחת שיניים להלבנה פחם- לניקוי עמוק,פרוקטור אנד גמבל,DE,משחת אורל בי,מיליליטרים,75.00,"100 מ""ל",false,1,29.90,39.87,true,1,
8001841332307,false,אולוויז תחבושת בוטיק לונג 8 יח,פרוקטר אנד גמבל,DE,דיסקריט תחבושות,יחידה,1.00,יחידה,false,1,21.90,21.90,true,1,
8001841394060,false,"לנור מרכך כביסה בניחוח אוקיינוס 500 מ""ל",פרוקטר אנד גמבל,FR,לנור מרכך כביסה,מיליליטרים,500.00,"100 מ""ל",false,1,8.90,1.78,true,1,
8001841410524,false,שמפו הד&שולדרס קוקוס600מ,פרוקטר אנד גמבל,RO,שמפו הד&שולדרס,מיליליטרים,600.00,"100 מ""ל",false,1,25.90,4.32,true,1,
8001841413334,false,קונד.הד&שולדרס קוקוס275מ,פרוקטר אנד גמבל,RO,קונדיש.הד&שולדרס,מיליליטרים,275.00,"100 מ""ל",false,1,18.90,6.87,true,1,
8001841427164,false,אולוויז פרו פרש מגן תחתון 4ב-1 לארג 40,פרוקטר אנד גמבל,DE,מגן תחתון פרו פר,יחידה,1.00,יחידה,false,1,19.90,19.90,true,1,
8001841427201,false,אולוויז מגן תחתון פרו פרש נורמל 48 יח',פרוקטר אנד גמבל,DE,מגן תחתון פרו פר,יחידה,1.00,יחידה,false,1,19.90,19.90,true,1,
8001841449944,false,אולוויז תחבושות פלטינום סופר 20יח,,DE,תחבושות פלטינום,יחידה,1.00,יחידה,false,1,19.90,19.90,true,1,
8001841500799,false,"הרבל אסנסס - שמפו ללא סולפטים אלוורה ומנגו 380 מ""ל",הרבל אסנס Herbal Essences,FR,שמפו ללא סולפטים,מיליליטרים,380.00,"100 מ""ל",false,1,25.90,6.82,true,1,
8001841500942,false,"הרבל אסנסס - שמפו ללא סולפטים אלוורה ובמבוק 380 מ""ל",הרבל אסנס Herbal Essences,FR,שמפו ללא סולפטים,מיליליטרים,380.00,"100 מ""ל",false,1,25.90,6.82,true,1,
8001841560090,false,מגן תחתון אולוויז לונג60,פרוקטר & גמבל,DE,מגן תחתון אולווי,יחידה,1.00,יחידה,false,1,17.90,17.90,true,1,
8001841625362,false,"נוזל כלים בניחוח לימון פלטינום 780 מ""ל פיירי",פרוקטר אנד גמבל,GB,פיירי נוזל כלים,מיליליטרים,780.00,"100 מ""ל",false,1,12.90,1.65,true,1,
8001841660257,false,מסכת מינרלס במבוק לשיער חזק וארוך,פנטן Pantene,FR,פנטן מיראקלס במב,מיליליטרים,160.00,"100 מ""ל",false,1,18.90,11.81,true,1,
8001841660530,false,קרם לחות מינרלס במבוק + חלבון משקם לשיער ארוך,פנטן Pantene,FR,קרמ פנטן מיראקלס,גרמים,270.00,100 גרם,false,1,23.90,8.85,true,1,
8001841669465,false,קפסולות לכביסה אריאל בניחוח לנור 24 יחידות,פרוקטר אנד גמבל,FR,קפסולות גל כביסה,יחידה,1.00,יחידה,false,1,37.90,37.90,true,1,
8001841669519,false,קפסולות לכביסה ALL IN ONE אריאל 55 יחידות,פרוקטר אנד גמבל,FR,קפסולות לכביסה,יחידה,1.00,יחידה,false,1,72.90,72.90,true,1,
8001841715957,false,"ג'ל רחצה ושמפו ניקוי אינטנסיסי האד אנד שולדרס 360 מ""ל","נארז ע""י : א.ג. גילר",FR,שולדרס ג'ל רחצה,מיליליטרים,360.00,"100 מ""ל",false,1,21.90,6.08,true,1,
8001841722344,false,מגן תחתון לונג פלוס 40 י,,DE,מגן תחתון לונג פ,יחידה,1.00,יחידה,false,1,17.90,17.90,true,1,
8001841841373,false,הרבל אסנס שמפו ללא סולפטים שמן אבוקדו,דיפלומט,FR,שמפו הרבל,מיליליטרים,380.00,"100 מ""ל",false,1,25.90,6.82,true,1,
8001841971261,false,תחבושות אולוויז כפול נורמל 28 יח,פרוקטר & גמבל,DE,אולוויז תחבושות,יחידה,1.00,יחידה,false,1,17.90,17.90,true,1,
8001943543458,false,צ'וקטה ביצת שוקולד שלישיה,ואל קור קורסניני אס אנ ס,IT,ביצי שוקולד 3 יח,גרמים,60.00,100 גרם,false,1,11.90,19.83,true,1,
8001943549122,false,"צ'וקטה מטבעות שוקולד חלב, 40 גרם",ואל קור קורסניני אס אנ ס,IT,מטבעות שוקולד,גרמים,40.00,100 גרם,false,1,4.90,12.25,true,1,
8002110383709,false,נוטרוגינה ס.נורבגית ק.ידיים לא מבושם 50מל,ניוטרוג'ינה Neutrogena,FR,קרם ידיים,מיליליטרים,50.00,"100 מ""ל",false,0,28.90,57.80,true,1,
8002270236808,false,סאן פלגרינו בטעם תפוז אדום ופטל 500 מ,סן פלגרינו,IT,אסנזה טעם תפוז א,מיליליטרים,500.00,"100 מ""ל",false,1,5.90,1.18,true,1,
8002910043476,false,ויט רצועות שעווה מוכנות לקו הביקיני 12 יחידות,רקיט בנקיזר צרפת,FR,רצועות שעווה ויט,יחידה,1.00,יחידה,false,1,38.90,38.90,true,1,
8003440997871,false,מסטיק פיורפרש תות אריזת חיסכון 200 ג,פרפטי ואן מלה ברדה,TR,מסטיק מנטוס,גרמים,200.00,100 גרם,false,1,22.00,11.00,true,1,
8004800004802,false,לאגו פלאסיר גליליוופל קרם דומדמניות 100 גרם,לגו גרופ ס.פ.א.,IT,גלילי וופל לאגו,גרמים,100.00,100 גרם,false,1,13.90,13.90,true,1,
8005200486526,false,"נסטי, תה קר בטעם אפרסק 500 מל",מפעל סאנפלגרינו S.p.,IT,נסטי בטעם אפרסק,מיליליטרים,500.00,"100 מ""ל",false,0,5.90,1.18,true,1,
8005610255668,false,"בוס בוטלד טוניק ג100.מ""ל",לילית-בוס,IL,בוס בוטלד טוניק,מיליליטרים,100.00,"100 מ""ל",false,0,269.00,269.00,true,1,
8005610266831,false,לקוסט מג'נטיק ג.אדט90מל,לילית-לקוסט,IL,לקוסט מג'נטיק ג.,מיליליטרים,90.00,"100 מ""ל",false,0,249.00,276.67,true,1,
8006540051054,false,פנטן מיראקלס שמפו ללא סולפטים 225 מל,דיפלומט,BE,שמפו פנטן,מיליליטרים,225.00,"100 מ""ל",false,1,21.90,9.73,true,1,
8006540088692,false,הרבל אסנס מסכה אינטנסיבית ארגן 450 מל,S BLOIS GAMBLE & PROCTER,FR,הרבל אסנס מסכה,מיליליטרים,450.00,"100 מ""ל",false,1,46.90,10.42,true,1,
8006540110317,false,שמפו מינרלס ביוטין + במבוק לשיער חזק וארוך,פרוקטר אנד גמבל,RO,פנטן מיראקלס,גרמים,400.00,100 גרם,false,1,18.90,4.73,true,1,
8006540112793,false,"מרכך כביסה מרוכז בניחוח יסמין לנור 900 מ""ל",פרוקטר אנד גמבל,US,לנור מרכך מרוכז,מיליליטרים,900.00,"100 מ""ל",false,1,19.90,2.21,true,1,
8006540112823,false,"לנור מרכך כביסה מרוכז בניחוח האוקיינוס 900 מ""ל",פרוקטר אנד גמבל,FR,לנור מרכך מרוכז,מיליליטרים,900.00,"100 מ""ל",false,1,19.90,2.21,true,1,
8006540157374,false,מרכך מינרלס ביוטין + במבוק לשיער חזק וארוך,פנטן Pantene,FR,פנטן מיראקלס,מיליליטרים,275.00,"100 מ""ל",false,1,18.90,6.87,true,1,
8006540221068,false,מגן תחתון אולוויז וליופק לונג פלוס 40 יח,פרוקטר & גמבל,DE,מגן תחתון אולווי,יחידה,1.00,יחידה,false,1,17.90,17.90,true,1,
8006540221341,false,אולוויז מגן תחתון וליופק לארג' 48 יחידות,,DE,מגן תחתון אולווי,יחידה,1.00,יחידה,false,1,17.90,17.90,true,1,
8006540221426,false,מגן תחתון דייליס סלים 74,,DE,מגן תחתון דייליס,יחידה,1.00,יחידה,false,1,17.90,17.90,true,1,
8006540221464,false,מגן תחתון אולוויז וליופק נורמל 56 יחידות,,DE,מגן תחתון אולווי,יחידה,1.00,יחידה,false,1,17.90,17.90,true,1,
8006540222089,false,פמפרס מגבונים היגיינים לתינוקות וילדים TO GO 40 יח',פרוקטור אנד גמבל,DE,מגבוני פמפרס,יחידה,1.00,יחידה,false,1,8.90,8.90,true,1,
8006540358498,false,טמפקס פרל סופר-פלוס 18 יחידות חדש,פרוקטר אנד גמבל,HU,טמפקס,יחידה,1.00,יחידה,false,1,23.90,23.90,true,1,
8006540385029,false,הד&שולדרס MEN שמפו ומרכך 2ב-1 אולטרא 540,URLATI GAMBLE & PROCTER,RO,הד&שולדרס מן 2ב1,מיליליטרים,540.00,"100 מ""ל",false,1,26.90,4.98,true,1,
8006540385067,false,הד&שולדרס MEN שמפו אולטרא ספורט מרענן540,URLATI GAMBLE & PROCTER,RO,ה&ש שמפו מן,מיליליטרים,540.00,"100 מ""ל",false,1,26.90,4.98,true,1,
8006540404850,false,דיסקריט תחבושות לבריחת שתן לונג 10 יח,פרוקטר & גמבל,DE,דיסקריט תחבושות,יחידה,1.00,יחידה,false,1,21.90,21.90,true,1,
8006540404935,false,דיסקריט תחבושות לבריחת שתן נורמל 12 יח,פרוקטר & גמבל,DE,דיסקריט תחבושות,יחידה,1.00,יחידה,false,1,21.90,21.90,true,1,
8006540405031,false,דיסקריט תחבושות לבריחת שתן סמול פלוס 16,פרוקטר & גמבל,DE,דיסקריט תחבושות,יחידה,1.00,יחידה,false,1,21.90,21.90,true,1,
8006540406694,false,פמפרס בייבי דריי פנטס מידה 4 42 יח,דיפלומט,PL,פמפרס מכנסונים,יחידה,1.00,יחידה,false,1,54.90,54.90,true,1,
8006540406793,false,פמפרס בייבי דריי פנטס מידה 6 34 יח,דיפלומט,PL,פמפרס מכנסונים,יחידה,1.00,יחידה,false,1,54.90,54.90,true,1,
8006540407684,false,דיסקריט תחבושות לבריחת שתן לילה 8 יח,דיפלומט,DE,תחבושות לילה,יחידה,1.00,יחידה,false,1,21.90,21.90,true,1,
8006540463550,false,פיירי טבליות למדיח פלטינום 63 יחידות,פרוקטר אנד גמבל,BE,פיירי טבליות,יחידה,1.00,יחידה,false,1,64.90,64.90,true,1,
8006540495186,false,לנור מרכך כביסה מרוכז רגיש בייבי 900 מל,פרוקטר אנד גמבל,FR,מרכך כביסה בייבי,מיליליטרים,900.00,"100 מ""ל",false,1,19.90,2.21,true,1,
8006540592434,false,אולוויז תחבושות נורמל 28 יח,פרוקטר & גמבל,HU,תחבושות אולטרא,יחידה,1.00,יחידה,false,1,17.90,17.90,true,1,
8006540592465,false,אולוויז תחבושות לונג 24 יח,פרוקטר & גמבל,HU,תחבושות לונג,יחידה,1.00,יחידה,false,1,17.90,17.90,true,1,
8006540592496,false,תחבושות אולוויז אולטרא כפול לילה 20 יח,פרוקטר & גמבל,HU,תחבושות כפול ליל,יחידה,1.00,יחידה,false,1,17.90,17.90,true,1,
8008090606975,false,ספירה גרין - צמיד אישי דוחה יתושים 2 יח',זובלה,IT,צמיד נגד יתושים,יחידה,1.00,יחידה,false,1,34.90,34.90,true,1,
8011003791880,false,ורסצ'ה תיק אופנתי שחור,לילית בישום,FR,תיק אופנתי שחור,יחידה,1.00,יחידה,false,1,29.90,29.90,true,1,
8011003801619,false,ורסאצה פור הום אדט200גבר,,IT,ורסאצה פור הום,מיליליטרים,200.00,"100 מ""ל",false,1,319.00,159.50,true,1,
8011003809219,false,VERSACE EROS EDT 100 ML,לילית בישום,IT,EROS א.ד.ט לגבר,מיליליטרים,100.00,"100 מ""ל",false,0,219.00,219.00,true,1,
8011003810185,false,25ML+GEL VERSACE,,,25ML+GEL VERSACE,יחידה,1.00,יחידה,false,0,25.00,25.00,true,1,
8011003810420,false,מארז ברייט קריסטל יח',,FR,מארז ברייט קריסט,יחידה,1.00,יחידה,false,1,25.00,25.00,true,1,
8011003810451,false,ורסצה מיני קופרה לגבר,לילית בישום,IL,ורסצה מיני קופרה,יחידה,1.00,יחידה,false,0,25.00,25.00,true,1,
8011003818112,false,BRIGHT CRYSTAL ABSOLU EDP 90 ML,לילית בישום,IT,CRYSTAL BRIGHT,מיליליטרים,90.00,"100 מ""ל",false,0,239.00,265.55,true,1,
8011003826612,false,מארז ורסצה דילן בלו,,FR,מארז ורסצה דילן,יחידה,1.00,יחידה,false,0,25.00,25.00,true,1,
8011003827343,false,ארוס אדט,לילית בישום,IL,ארוס אדט,מיליליטרים,100.00,"100 מ""ל",false,0,299.00,299.00,true,1,
8011003832828,false,מיסוני א.אדט 100מל,מיסוני לילית,IL,מיסוני א.אדט 100,מיליליטרים,100.00,"100 מ""ל",false,0,399.00,399.00,true,1,
8011003839117,false,Blue Dylan א.ד.פ לאשה,לילית בישום,IT,Blue Dylan א.ד.פ,מיליליטרים,100.00,"100 מ""ל",false,0,299.00,299.00,true,1,
8011003846900,false,תיק רחצה אופנתי יח',,IL,תיק רחצה אופנתי,יחידה,1.00,יחידה,false,1,49.90,49.90,true,1,
8011003848133,false,מארז דיסקוורד wood אדט י,,IT,מארז דיסקוורד wo,יחידה,1.00,יחידה,false,1,369.00,369.00,true,1,
8011003854622,false,מארז ארוס פלאם יח',,FR,מארז ארוס פלאם,יחידה,1.00,יחידה,false,1,339.00,339.00,true,1,
8011003858620,false,מארז Turquois Dylan,,FR,TURQUOISE DYLAN,יחידה,1.00,יחידה,false,1,29.90,29.90,true,1,
8011003861224,false,EROS א.ד.פ לגבר וסצ'ה,,IT,EROS א.ד.פ לגבר,מיליליטרים,100.00,"100 מ""ל",false,1,259.00,259.00,true,1,
8011003863495,false,תיק אישה ורסצה יח',,IL,תיק אישה ורסצה,יחידה,1.00,יחידה,false,1,49.90,49.90,true,1,
8011003873357,false,מארז ברייט קריסטל לאישה,,IT,ברייט קריסטל סט,יחידה,1.00,יחידה,false,1,379.00,379.00,true,1,
8011003873487,false,מארז דילן טורקיז לאשה,,IT,מארז דילן טורקיז,יחידה,1.00,יחידה,false,1,379.00,379.00,true,1,
8011003876594,false,מארז ברייט קריסטל לאישה,EUROITALIA,IT,מארז ברייט קריסט,יחידה,1.00,יחידה,false,1,379.00,379.00,true,1,
8011003876761,false,מארז דילן בלו לאישה,EUROITALIA,IT,מארז דילן בלו לא,יחידה,1.00,יחידה,false,1,379.00,379.00,true,1,
8011003876808,false,מארז דילן טורקיז לאישה,EUROITALIA,IT,מארז דילן טורקיז,יחידה,1.00,יחידה,false,1,369.00,369.00,true,1,
8011003993819,false,"ורסצ'ה ברייט קריסטל א.ד.ט 50 מ""ל",לילית בישום,IT,CRYSTAL BRIGHT,מיליליטרים,50.00,"100 מ""ל",false,0,199.00,398.00,true,1,
8011003995967,false,homme pour א.ד.ט לגבר,לילית בישום,IT,homme pour א.ד.ט,מיליליטרים,100.00,"100 מ""ל",false,0,219.00,219.00,true,1,
8011530005405,false,מארז רומא וואומו מארז,,IL,מארז רומא וואומו,יחידה,1.00,יחידה,false,1,199.00,199.00,true,1,
8011530015060,false,"טרוסרדי דונה 100 מ""ל",,IT,טרוסרדי דונה,מיליליטרים,100.00,"100 מ""ל",false,1,299.00,299.00,true,1,
8011530805920,false,"סאונד אוף דונה 100 מ""ל",לילית בישום,IT,סאונד אוף דונה,מיליליטרים,100.00,"100 מ""ל",false,1,429.00,429.00,true,1,
8011530830021,false,"LAND MY אדט 100 מ""ל",לילית בישום,IT,LAND MY אדט,מיליליטרים,100.00,"100 מ""ל",false,1,399.00,399.00,true,1,
8011530870027,false,"HIM FOR WAY A אדט 100 מ""",לילית בישום,IT,HIM FOR WAY A,מיליליטרים,100.00,"100 מ""ל",false,1,279.00,279.00,true,1,
8011530995621,false,Scent My TRUSSARDIאדפ100,לילית בישום,IT,Sce My TRUSSARDI,מיליליטרים,100.00,"100 מ""ל",false,1,359.00,359.00,true,1,
8018080355882,false,אוזניות בלוטוס סטיראו MUSIC SOUND שחור,פוג'יקום,CN,אוזניות בלוטות',יחידה,1.00,יחידה,false,1,99.90,99.90,true,1,
8018080426919,false,אוזניות TWS יוקרתיות - שחור פוג'יקום,פוג'יקום,CN,אוזניות TWS,יחידה,1.00,יחידה,false,1,99.90,99.90,true,1,
8018365071469,false,VERSACE CRYSTAL NOIR EDT VAPO 90ML,לילית בישום,IT,NOIR CRYSTAL,מיליליטרים,90.00,"100 מ""ל",false,0,299.00,332.22,true,1,
8021660010538,false,מייבש שיער גאמה 2750,,IT,מייבש שיער גאמה,יחידה,1.00,יחידה,false,1,499.00,499.00,true,1,
8028544101085,false,"TDNתחליב גוף לאשה250 מ""ל",LORENZO,IT,תחליב גוף לאשה,מיליליטרים,250.00,"100 מ""ל",false,1,550.00,220.00,true,1,
8028544101856,false,"TDN קרם גוף לאשה 200 מ""ל",LORENZO,IT,קרם גוף לאשה,מיליליטרים,200.00,"100 מ""ל",false,1,600.00,300.00,true,1,
8028713250354,false,edc colonia box hat 180,,IT,edc colonia,מיליליטרים,20.00,"100 מ""ל",false,1,765.00,3825.00,true,1,
8028713490040,false,refill spray purse rosa,,IL,spray purse rosa,יחידה,1.00,יחידה,false,1,539.00,539.00,true,1,
8032529118852,false,פאראגמו סיגנוריה אדפ100מ,אלפא בישום,IT,פאראגמו סיגנוריה,מיליליטרים,100.00,"100 מ""ל",false,0,435.00,435.00,true,1,
8032880800243,false,פיקניק הפתעה - אגוזי לוז ומקלות אפויים,"הוסטה איטליה, ס.ר.ל.",IT,פיקניק הפתעה,גרמים,50.00,100 גרם,false,0,9.90,19.80,true,1,
8033488156381,false,XERJOFF OUVERTURE EDP 100ML,קסרג'וף,IT,אוורטיור אדפ,מיליליטרים,100.00,"100 מ""ל",false,0,999.00,999.00,true,1,
8034097956188,false,פרגמו אקווה אסנ.ג100.בלו,PARFUM FERRAGAMO,IT,פרגמו אקווה אסנ.,מיליליטרים,100.00,"100 מ""ל",false,0,295.00,295.00,true,1,
8034097959714,false,פאראגמו מיסתריוסה50מל,אלפא בישום,IL,פאראגמו מיסתריוס,מיליליטרים,50.00,"100 מ""ל",false,0,269.00,538.00,true,1,
8052086372979,false,פרגמו אומו סלבטורה 100מל,אלפא בישום,IL,פרגמו אומו סלבטו,מיליליטרים,100.00,"100 מ""ל",false,0,325.00,325.00,true,1,
8052086373976,false,"פאראגמו אמו א.אדפ 50 מ""ל",אלפא בישום,IL,אמו אדפ,מיליליטרים,50.00,"100 מ""ל",false,1,269.00,538.00,true,1,
8052464890705,false,"פרגמו לגבר אדפ 100 מ""ל",PARFUM FERRAGAMO,IT,פרגמו לגבר אדפ,מיליליטרים,100.00,"100 מ""ל",false,1,379.00,379.00,true,1,
8053853181435,false,טישו LOLקובית ממחטות נייר 56יח',,IL,ממחטות נייר 56יח,יחידה,1.00,יחידה,false,1,11.90,11.90,true,1,
8053853182562,false,FROZENקובית ממחטות נייר 56יח',,IL,ממחטות נייר 56יח,יחידה,1.00,יחידה,false,1,11.90,11.90,true,1,
8058045420347,false,VIBE BLUE RIFLESSO אדט 1,לילית בישום,IT,VI BLUE RIFLESSO,מיליליטרים,100.00,"100 מ""ל",false,1,299.00,299.00,true,1,
8058045425649,false,TRUSSARDI NEW FEMININE EDP 90ML,,FR,FEMINI TRUSSARDI,מיליליטרים,90.00,"100 מ""ל",false,1,339.00,376.67,true,1,
8058045432920,false,טרוסרדי לברירו אישה100מל,S.P.A BEAUTY ANGELINI,IT,טרוסרדי לברירו ק,מיליליטרים,100.00,"100 מ""ל",false,1,469.00,469.00,true,1,
8076800195057,false,ברילה - צ.א ספגטי מס5 חדש 500 גרם,ברילה גי.אי.אר פרטלי ס.פ,IT,ספגטי מס 5 ברילה,גרמים,500.00,100 גרם,false,0,11.90,2.38,true,1,
8076809523738,false,דפי לזניה ברילה 500 גרם,ברילה גי.אי.אר פרטלי ס.פ,IT,לזניה ברילה,גרמים,500.00,100 גרם,false,0,21.90,4.38,true,1,
8076809545440,false,ספגטי 5 ברילה ללא גלוטן 400 גרם,ברילה ג'.אי.אר פרטלי,IT,אטריות ללא גלוטן,גרמים,400.00,100 גרם,false,1,13.90,3.48,true,1,
8410076610508,false,"חטיף שיבולת שועל מלאה עם בוטנים, שקדים ושוקולד מריר בציפוי בטעם שוקולד",נייצ'ר ואלי Nature Valley,ES,חטיפי צ'ואי 5 יח,גרמים,150.00,100 גרם,false,1,15.90,10.60,true,1,
8410076620613,false,קאפס נאט קרים בוטנים140ג,ליימן מותגים,PT,קאפס נאט בוטנים,גרמים,140.00,100 גרם,false,1,21.90,15.64,true,1,
8410104045111,false,"פיניש מלח למדיח כלים 2ק""ג",רקיט בנקיזר,IL,מלח למדיח,קילוגרמים,2.00,"ק""ג",false,0,16.90,8.45,true,1,
8410104511340,false,ויט רצועות שעווה מוכנות לעור יבש 12 יחידות,רקיט בנקיזר צרפת,FR,רצועות שעווה ויט,יחידה,1.00,יחידה,false,0,38.90,38.90,true,1,
8410179100043,false,שמן זית בורחס מעולה750מל,בורחס אגריקולטורל וא,ES,שמן זית כתית,מיליליטרים,750.00,"100 מ""ל",false,0,34.90,4.65,true,1,
8410436218092,false,צבע שיער סאיוס אולאו אינטנס 4-18,סאיוס syoss,DE,צבע לשיער אולאו,יחידה,1.00,יחידה,false,0,29.90,29.90,true,1,
8410436218177,false,צבע שיער סאיוס אולאו אינטנס 5-86,סאיוס syoss,DE,צבע לשיער אולאו,יחידה,1.00,יחידה,false,0,29.90,29.90,true,1,
8410436218214,false,סאיוס אולאו אינטנס 7-10 בלונד טבעי,סאיוס syoss,DE,צבע לשיער אולאו,יחידה,1.00,יחידה,false,0,29.90,29.90,true,1,
8410436218252,false,סאיוס אולאו אינטנס 6-10 בלונד כהה,סאיוס syoss,IL,צבע לשיער אולאו,יחידה,1.00,יחידה,false,0,29.90,29.90,true,1,
8410436218290,false,צבע שיער סאיוס אולאו אינטנס 1-10,סאיוס syoss,DE,צבע לשיער סאיוס,יחידה,1.00,יחידה,false,0,29.90,29.90,true,1,
8411061607152,false,קרולינה הררה CH א.אדט100,PUIG בישום,IL,קרולינה הררה CH,מיליליטרים,100.00,"100 מ""ל",false,0,299.00,299.00,true,1,
8411061636206,false,"בלו סדקשיין 50 מ""ל",לילית בישום,IL,בלו סדקשיין,מיליליטרים,50.00,"100 מ""ל",false,1,98.90,197.80,true,1,
8411061711767,false,VIP 212 א.ד.פ לאשה,PUIG בישום,IL,VIP 212 א.ד.פ,מיליליטרים,80.00,"100 מ""ל",false,0,329.00,411.25,true,1,
8411061777176,false,ROSE VIP 212 א.ד.פ לאשה,PUIG בישום,IL,ROSE VIP 212,מיליליטרים,80.00,"100 מ""ל",false,0,329.00,411.25,true,1,
8411061777183,false,ROSE VIP 212 א.ד.פ לאשה,PUIG בישום,IL,ROSE VIP 212,מיליליטרים,50.00,"100 מ""ל",false,0,249.00,498.00,true,1,
8411061815113,false,ולנטינו ולנטינה דונה50מל,P&G לילית,IL,ולנטינו ולנטינה,מיליליטרים,50.00,"100 מ""ל",false,0,259.00,518.00,true,1,
8411061853207,false,"קרולינה הררה 212 200 מ""ל",לילית בישום,FR,קרולינה הררה 212,מיליליטרים,200.00,"100 מ""ל",false,1,279.00,139.50,true,1,
8411061865439,false,.CA HERREAR 212 SEXY E.D.P NS 100ML,PUIG בישום,IL,sexy 212 א.ד.פ,מיליליטרים,100.00,"100 מ""ל",false,0,319.00,319.00,true,1,
8411061923245,false,BOY BAD א.ד.ט לגבר100מל,,FR,EDT BOY BAD,מיליליטרים,100.00,"100 מ""ל",false,1,399.00,399.00,true,1,
8411061944028,false,VIP 212 קלקטורבלאק 100,לילית בישום,FR,VIP 212 קלקטורב,מיליליטרים,100.00,"100 מ""ל",false,1,279.00,279.00,true,1,
8411061946183,false,VIP 212 קולקטור אדט100מ,לילית בישום,FR,VIP 212 קולקטור,מיליליטרים,100.00,"100 מ""ל",false,1,299.00,299.00,true,1,
8411061953167,false,VIP 212 רוזה מארז יח',,ES,VIP 212 רוזה מאר,יחידה,1.00,יחידה,false,1,269.00,269.00,true,1,
8411061978856,false,מארז לגבר MEN 212SEXY יח,,FR,מארז לגבר 212SEX,יחידה,1.00,יחידה,false,1,250.00,250.00,true,1,
8411061979358,false,סט 212 בושם א.ד.ט + ג'ל רחצה לגבר,קרולינה הררה Carolina Herrera,FR,212 לגבר א.ד.ט מ,יחידה,1.00,יחידה,false,1,250.00,250.00,true,1,
8411114084589,false,"בושם חד קרן לבנות 30 מ""ל",,ES,בושם חד קרן,מיליליטרים,30.00,"100 מ""ל",false,0,34.90,116.33,true,1,
8411114087535,false,מיקי תיק בושם וגל רחצה,,ES,מיקי בושם וג'ל ר,יחידה,1.00,יחידה,false,0,89.90,89.90,true,1,
8412300801072,false,"קרם רב שימושי ניוואה 400 מ""ל",ביירסדורץ,DE,"ניוואה קרם רב""ש",מיליליטרים,400.00,"100 מ""ל",false,1,34.90,8.73,true,1,
8423207206488,false,סלים דליס חטיף דגנים מצופה שוקולד חלב מרבה 6*20 גרם,אף.סי תבליני בגליל ב,ES,חטיפי דגנים מרבה,גרמים,120.00,100 גרם,false,0,15.90,13.25,true,1,
8423207207362,false,חטיפי סלים דליס שוקולד לבן מרבה 6 יחידות,ביסנצ'ורי אס.אל.יו,ES,סלים דליס,גרמים,120.00,100 גרם,false,0,15.90,13.25,true,1,
8423207208680,false,חטיף דגנים שוקולד סלים דליס לילדים מרבה 6 יחידות,ביסנצ'ורי אס.אל.יו,ES,סלים דליס 6 יח,גרמים,120.00,100 גרם,false,1,15.90,13.25,true,1,
8423207208697,false,חטיפי סלים דליס לילדים שוקולד לבן מרבה 6 יחידות,ביסנצ'ורי אס.אל.יו,ES,סלים דליס 6 יח,גרמים,120.00,100 גרם,false,1,15.90,13.25,true,1,
8423207208703,false,חטיפי סלים דליס שוקולד מריר מרבה 6 יחידות,ביסנצ'ורי אס.אל.יו,ES,סלים דליס 6 יח,גרמים,120.00,100 גרם,false,1,15.90,13.25,true,1,
8423207209793,false,סלים דליס שוקולד חלב6+1,ביסצ'ורי,ES,סלים דליס 6+1,גרמים,168.00,100 גרם,false,1,15.90,9.46,true,1,
8423207210287,false,מרבה סלים דליס שוקולד לבן בטעם יוגורט 120 ג',סלים דליס Slim Delis,ES,סלים דליס 6 יח,גרמים,120.00,100 גרם,false,1,15.90,13.25,true,1,
8423207210928,false,חטיף דגנים מצופה שוקולד חלב ואגוזי לוז - 5 במארז,נוטרישן אנד סנטה קוב,ES,חטיפי דגנים מרבה,גרמים,90.00,100 גרם,false,1,15.90,17.67,true,1,
8427030007281,false,סימילאק גולד קומפורט 1 תרכובת מזון על בסיס חלב,סימילאק Similac,ES,סימילאק קומפורט,גרמים,820.00,100 גרם,false,1,105.90,12.91,true,1,
8431754342016,false,"הלווין אדט לאישה 100 מ""ל - חיסוס דל פוזו",באלנסייגה,FR,HALLOWEEN א.ד.ט,מיליליטרים,100.00,"100 מ""ל",false,0,179.00,179.00,true,1,
8433937792991,false,דסיגואל סקס א.אדט100,אלפא דסיגואל,IL,דסיגואל סקס א.אד,מיליליטרים,100.00,"100 מ""ל",false,0,149.00,149.00,true,1,
8434101180293,false,"דסיגואל פרש א.אדט 100מ""ל",אלפא דסיגואל,IL,דסיגואל פרש א.אד,מיליליטרים,100.00,"100 מ""ל",false,0,199.00,199.00,true,1,
8434853000061,false,Vap Monsieur Bravoם125מ,,ES,E Monsieur Bravo,מיליליטרים,125.00,"100 מ""ל",false,1,249.00,199.20,true,1,
8435137704231,false,"PRADA א.ד.ט 100 מ""ל",פראדה בישום,IL,PRADA א.ד.ט,מיליליטרים,100.00,"100 מ""ל",false,0,429.00,429.00,true,1,
8435137751051,false,פראדה קנדי קיס א.אדפ50מל,פראדה בישום,IL,פראדה קנדי קיס א,מיליליטרים,50.00,"100 מ""ל",false,0,329.00,658.00,true,1,
8435137759781,false,"CARBON PLR א.ד.ט100 מ""ל",,FR,CARBON PLR,מיליליטרים,100.00,"100 מ""ל",false,0,329.00,329.00,true,1,
8435415000291,false,"גוטייה אסנס אדפ 50מ""ל",PUIG בישום,IL,גוטייה אסנס אדפ,מיליליטרים,50.00,"100 מ""ל",false,0,298.00,596.00,true,1,
8435415000307,false,גוטייה א.אסנס אדפ100מל,PUIG בישום,IL,גוטייה א.אסנס אד,מיליליטרים,100.00,"100 מ""ל",false,0,394.00,394.00,true,1,
8435415011341,false,ז'אן פול גוטייה אדט100מל,PUIG בישום,IL,ז'אן פול גוטייה,מיליליטרים,100.00,"100 מ""ל",false,0,339.00,339.00,true,1,
8435415017213,false,"קלאסיק לה בל 50 מ""ל",,FR,קלאסיק לה בל,מיליליטרים,50.00,"100 מ""ל",false,1,259.00,518.00,true,1,
8435415018470,false,סקנדל ביי נייט אדפ 50 מל,לילית בישום,FR,סקנדל ביי נייט,מיליליטרים,50.00,"100 מ""ל",false,1,299.00,598.00,true,1,
8435415022033,false,סקנדל זאן פול אדט 100מל,לילית בישום,ES,סקנדל זאן פול גו,מיליליטרים,100.00,"100 מ""ל",false,1,299.00,299.00,true,1,
8435415032544,false,"סו סקנדל אדפ 50 מ""ל",,IL,סו סקנדל אדפ,מיליליטרים,50.00,"100 מ""ל",false,1,249.00,498.00,true,1,
8435495807636,false,ג'ל כביסה היפואלרגני 2 ל' תינוקלין,פרוקטר אנד גמבל,TR,תינוקלין ג'ל,ליטרים,2.00,ליטר,false,1,34.90,17.45,true,1,
8436037792397,false,"קרם גוף קמומיל 400 מ""ל",RNB,ES,קרם גוף,מיליליטרים,400.00,"100 מ""ל",false,1,19.90,4.98,true,1,
8436550507584,false,"טוס לאב מי אדפ לאישה 90 מ""ל",PYD,ES,Me LOVE TOUS,מיליליטרים,90.00,"100 מ""ל",false,1,299.00,332.22,true,1,
8683130025574,false,"מרכך כביסה מרוכז אקסטרה לבנדר בדין 960 מ""ל",יבוא ושיווק: יוניליוור י,TR,מרכך בדין לבנדר,מיליליטרים,960.00,"100 מ""ל",false,1,18.90,1.97,true,1,
8683130025581,false,"מרכך כביסה מרוכז אקסטרה ענבר בדין 960 מ""ל",יבוא ושיווק: יוניליוור י,TR,מרכך בדין אקסטרה,מיליליטרים,960.00,"100 מ""ל",false,1,18.90,1.97,true,1,
8690504153740,false,גודייבה שוקולד מריר במילוי קרם גנאש 86 גרם,ביסקוט ביסקווי סילבר,TR,שוקולד מריר קרם,גרמים,86.00,100 גרם,false,1,14.90,17.33,true,1,
8690504153849,false,גודייבה שוקולד חלב במילוי קרם בטעם פרלין אגוזים 83 גרם,"אולקר מקבוצת פלאדיס,",TR,שוקולד חלב,גרמים,83.00,100 גרם,false,1,14.90,17.95,true,1,
8690526009261,false,חטיף קרמל שוקולד+דגני28ג,"GIDA ETI , טורקיה n\",TR,חטיף קרמל,גרמים,28.00,100 גרם,false,1,4.50,16.07,true,1,
8690526009278,false,אי טי אי - חטיף קרמל מצופה שוקולד וחלב כדורוני דגנים 126 גרם,"GIDA ETI , טורקיה n\",TR,חטיף קרמל מצופה,גרמים,126.00,100 גרם,false,1,10.90,8.65,true,1,
8690526009353,false,אי טי אי - מיני חטיף בוטנים נוגט קרמל מצופה שוקולד חלב 140 גרם,"GIDA ETI , טורקיה n\",TR,מיני חטיף בוטנים,גרמים,140.00,100 גרם,false,1,10.90,7.79,true,1,
8690526029238,false,אתי מארז וופלים במילוי שוקולד מריר 50גרם,"GIDA ETI , טורקיה n\",TR,וופל מצופה שוקול,גרמים,150.00,100 גרם,false,1,10.90,7.27,true,1,
8690572778326,false,פה ד.ספרי אנטיפרספינט 200 מל 1/12,שוורצקופף והנקל,DE,דאודורנט פה,מיליליטרים,200.00,"100 מ""ל",false,1,13.90,6.95,true,1,
8690572783931,false,"פה - דאודורנט ספריי לגבר אינוויזיבל פאוואר 200 מ""ל",שוורצקופף והנקל,DE,דאודורנט פה,מיליליטרים,200.00,"100 מ""ל",false,1,13.90,6.95,true,1,
8690572784303,false,שמפו גליס Gliss לשיער ארוך Supreme Length,שוורצקופף והנקל,TR,שמפו גליס,מיליליטרים,400.00,"100 מ""ל",false,1,17.90,4.48,true,1,
8690572788851,false,"גליס - שמפו ביו טק 400 מ""ל",שוורצקופף והנקל,TR,שמפו גליס ביו טק,מיליליטרים,400.00,"100 מ""ל",false,1,17.90,4.48,true,1,
8690572788912,false,"גליס - ביו טק מרכך 400 מ""ל",שוורצקופף והנקל,TR,מרכך גליס ביו טק,מיליליטרים,400.00,"100 מ""ל",false,1,17.90,4.48,true,1,
8690572794692,false,"גליס - שמפו לאיזון והזנת הקרקפת 400 מ""ל","הובי קוסמטיק, חברת ייצור",TR,שמפו לאיזון והזנ,מיליליטרים,400.00,"100 מ""ל",false,1,17.90,4.48,true,1,
8690572794715,false,"גליס - מרכך לאיזון והזנת הקרקפת 400 מ""ל","הובי קוסמטיק, חברת ייצור",TR,מרכך לאיזון והזנ,מיליליטרים,400.00,"100 מ""ל",false,1,17.90,4.48,true,1,
8690604462513,false,ליפסטיק עמיד 018,PRETTY,TR,ליפסטיק עמיד 018,יחידה,1.00,יחידה,false,0,16.90,16.90,true,1,
8690604462803,false,שפתון נוזלי במראה מט 010,PRETTY,TR,שפתון נוזלי מט10,יחידה,1.00,יחידה,false,0,17.90,17.90,true,1,
8690604465996,false,צללית SINGLE 009,PRETTY,TR,צללית SINGLE 009,יחידה,1.00,יחידה,false,0,12.50,12.50,true,1,
8690604466139,false,צללית MATTE SINGLE 002,PRETTY,TR,צללית SINGLE 002,יחידה,1.00,יחידה,false,0,11.90,11.90,true,1,
8690604466146,false,צללית MATTE SINGLE 003,PRETTY,TR,צללית SINGLE 003,יחידה,1.00,יחידה,false,0,11.90,11.90,true,1,
8690604466238,false,צללית MATTE SINGLE 012,PRETTY,TR,צללית SINGLE 012,יחידה,1.00,יחידה,false,0,11.90,11.90,true,1,
8690604468164,false,לק זוהר ונוצץ 001,PRETTY,TR,לק זוהר ונוצץ 01,יחידה,1.00,יחידה,false,0,5.90,5.90,true,1,
8690604468485,false,לק במראה מט 006,PRETTY,TR,לק במראה מט 006,יחידה,1.00,יחידה,false,0,5.90,5.90,true,1,
8690637505614,false,"מרכך כביסה בדין אקסטרה פינוק קוקוס 960 מ""ל",יוניליוור סנאיי וי טיקאר,TR,מרכך כביסה בדין,מיליליטרים,960.00,"100 מ""ל",false,1,18.90,1.97,true,1,
8690637505935,false,דאב תחליב רחצה לידיים שמן אבוקדו ותמצית קלנדולה,דאב Dove,TR,תחליב רחצת ידיים,מיליליטרים,500.00,"100 מ""ל",false,1,16.90,3.38,true,1,
8690637505959,false,דאב סבון ידיים הזנה לוטוס 500 מל,General,TR,תחליב רחצת ידיים,מיליליטרים,500.00,"100 מ""ל",false,1,16.90,3.38,true,1,
8690637506956,false,"דאב - שמפו למניעת קשקשים 600 מ""ל",יוניליוור סנאי ווי טיקאר,TR,דאב שמפו קשקשים,מיליליטרים,600.00,"100 מ""ל",false,1,21.90,3.65,true,1,
8690637555084,false,"מרכך כביסה מרוכז אקסטרה פריחת התפוז בדין 960 מ""ל",יוניליוור סנאיי וי טיקאר,TR,מרכך בדין אקסטרא,מיליליטרים,960.00,"100 מ""ל",false,0,18.90,1.97,true,1,
8690637704277,false,"שמפו ומרכך לשיער רגיל 600 מ""ל דאב",יוניליוור טורקיה. אזור ת,TR,שמפו דאב,מיליליטרים,600.00,"100 מ""ל",false,0,21.90,3.65,true,1,
8690637704376,false,"שמפו לטיפוח יום יומי דאב 600 מ""ל",יוניליוור סנאיי וי טיקאר,TR,שמפו דאב,מיליליטרים,600.00,"100 מ""ל",false,0,21.90,3.65,true,1,
8690637704390,false,"מרכך שיער לטיפוח יום יומי דאב 600 מ""ל",יוניליוור טורקיה. אזור ת,TR,דאב מרכך שיער,מיליליטרים,600.00,"100 מ""ל",false,0,21.90,3.65,true,1,
8690637704413,false,מרכך לשיקום אינטנסיבי לשיער פגום,יוניליוור טורקיה. אזור ת,TR,דאב מרכך משקם,מיליליטרים,600.00,"100 מ""ל",false,0,21.90,3.65,true,1,
8690637704437,false,שמפו עם שמני הזנה לטיפוח לשיער יבש,יוניליוור סנאיי וי טיקאר,TR,שמפו דאב,מיליליטרים,600.00,"100 מ""ל",false,0,21.90,3.65,true,1,
8690637704451,false,מרכך עם שמני הזנה לטיפוח לשיער יבש,יוניליוור טורקיה. אזור ת,TR,דאב מרכך,מיליליטרים,600.00,"100 מ""ל",false,0,21.90,3.65,true,1,
8690637865596,false,דאב תחליב רחצה לידיים 500 הזנה עמוקה,קוסטר אירוסול ולף סנ,TR,דאב סבון ידיים,מיליליטרים,500.00,"100 מ""ל",false,1,16.90,3.38,true,1,
8690637871047,false,דאב שמפו בתוספת שמן קוקוס וכורכום 600 מל,יוניליוור סנאיי וי טיקאר,TR,שמפו דאב,מיליליטרים,600.00,"100 מ""ל",false,1,21.90,3.65,true,1,
8690637871061,false,"דאב שמפו עם שמן אבוקדו ותמצית קלנדולה 600 מ""ל",יונילוור - תורכיה,TR,שמפו דאב,מיליליטרים,600.00,"100 מ""ל",false,1,21.90,3.65,true,1,
8690637916977,false,מרכך עם שמן קוקוס וכורכום למראה שיער משוקם,יוניליוור סנאיי וי טיקאר,TR,מרכך דאב,מיליליטרים,600.00,"100 מ""ל",false,1,21.90,3.65,true,1,
8690637916984,false,דאב מרכך עם שמן לבנדר600,יוניליוור,TR,מרכך דאב,מיליליטרים,600.00,"100 מ""ל",false,1,21.90,3.65,true,1,
8690637946301,false,"בדין - מרכך כביסה אקסטרא בייביי כחול 960 מ""ל",יוניליוור סנאיי וי טיקאר,TR,בדין מרכך בייבי,מיליליטרים,960.00,"100 מ""ל",false,1,18.90,1.97,true,1,
8690637976995,false,"מרכך כביסה מרוכז אקסטרה ורוד סחלבים פראי בדין 960 מ""ל",יוניליוור סנאיי וי טיקאר,TR,בדין אקסטרה ורוד,מיליליטרים,960.00,"100 מ""ל",false,1,18.90,1.97,true,1,
8690637994036,false,מרכך כביסה אקסטרה יסמין 1.44 ל' בדין,יוניליוור סנאיי וי טיקאר,TR,מרכך כביסה מרוכז,ליטרים,1.44,ליטר,false,1,24.90,17.29,true,1,
8690784516778,false,"דאק נוזל ג''ל לניקוי עם אקונומיקה מקציפה בניחות ים 750 מ""ל",אס.סי.גונסון,NL,ג'ל מקציף דאק,מיליליטרים,750.00,"100 מ""ל",false,1,15.90,2.12,true,1,
8691900172854,false,תחבושות אולטרה סופר 20 יח' קוטקס,חוגלה קימברלי,GB,קוטקס תחבושת,יחידה,1.00,יחידה,false,1,19.90,19.90,true,1,
8692229067258,false,W526 BEA'S אדפ אשה 50מל,COSMETICS FON,TR,בושם BEA'S,מיליליטרים,50.00,"100 מ""ל",false,0,49.90,99.80,true,1,
8692229067432,false,W544 BEA'S אדפ אשה 50מל,COSMETICS FON,TR,בושם BEA'S,מיליליטרים,50.00,"100 מ""ל",false,0,49.90,99.80,true,1,
8692229067517,false,W522 BEA'S אדפ אשה 50מל,COSMETICS FON,TR,בושם BEA'S,מיליליטרים,50.00,"100 מ""ל",false,0,49.90,99.80,true,1,
8692229067586,false,W559 BEA'S אדפ אשה 50מל,COSMETICS FON,TR,בושם BEA'S,מיליליטרים,50.00,"100 מ""ל",false,0,49.90,99.80,true,1,
8692229067630,false,W564 BEA'S אדפ אשה 50מל,COSMETICS FON,TR,בושם BEA'S,מיליליטרים,50.00,"100 מ""ל",false,0,49.90,99.80,true,1,
8692229067708,false,W571 BEA'S אדפ אשה 50מל,COSMETICS FON,TR,בושם BEA'S,מיליליטרים,50.00,"100 מ""ל",false,0,49.90,99.80,true,1,
8692229067869,false,M212 BEA'S אדפ לגבר 50מל,COSMETICS FON,TR,בושם BEA'S,מיליליטרים,50.00,"100 מ""ל",false,0,49.90,99.80,true,1,
8692229068026,false,M228 BEA'S אדפ לגבר 50מל,COSMETICS FON,TR,בושם BEA'S,מיליליטרים,50.00,"100 מ""ל",false,0,49.90,99.80,true,1,
8692229068446,false,"U728 BEA'S אדפ יונ 50מ""ל",COSMETICS FON,TR,בושם BEA'S,מיליליטרים,50.00,"100 מ""ל",false,0,49.90,99.80,true,1,
8693495037853,false,זוג מברשות שיניים קולגייט סלים סופט זהב,הנסיך- מפעל לייצור ט,CN,2 מברשות קולגייט,יחידה,1.00,יחידה,false,0,29.90,29.90,true,1,
8693495048019,false,קולגייט מב.שיניים 360 צרקואל זהב,קולגייט-פלמוליב,IL,מברשת קולגייט 36,יחידה,1.00,יחידה,false,1,10.00,10.00,true,1,
8693495052177,false,פלמוליב נטורלס תחליב רחצה זיתים 750 מל,קולגייט פלמוליב,TR,סבון פלמוליב,מיליליטרים,750.00,"100 מ""ל",false,1,16.90,2.26,true,1,
8693495052931,false,זוג מברשות שיניים אדוונסט 360 לניקוי כל חלל הפה,קולגייט פלמוליב,CN,מברשות קולגייט,יחידה,1.00,יחידה,false,1,31.90,31.90,true,1,
8693495053693,false,מברשות 360 קולגייט 4 יח,,CN,מברשות 360 4 יח,יחידה,1.00,יחידה,false,1,44.90,44.90,true,1,
8693495054034,false,פלמוליב ס.נוזלי לומינוס אבוקדו 750 משאבה,קולגייט פלמוליב,TR,פלמוליב ג'ל רחצה,מיליליטרים,750.00,"100 מ""ל",false,1,16.90,2.26,true,1,
8696814018120,false,מסכת בד רב פעמית צהוב יח,פארמה דיל,IL,מסכת בד רב פעמית,יחידה,1.00,יחידה,false,1,12.90,12.90,true,1,
8697562019209,false,דיסני מברשת שיער מיני אליפסה שחורה לסירוק קל,,IL,דיסני מ.שיער מינ,יחידה,1.00,יחידה,false,1,29.90,29.90,true,1,
8697659244897,false,בושם וונדר וומ+דאו ספריי,רון ביוטיפול,TR,סט דיסני מזוודה,יחידה,1.00,יחידה,false,1,79.90,79.90,true,1,
8699568534182,false,וולהפלקס ספריי אקסטרה עמיד 75 מל,HFC פרסטיג',DE,וולה פלקס 75מל,מיליליטרים,75.00,"100 מ""ל",false,1,10.90,14.53,true,1,
8699954702003,false,מסיכה בתוספת קולגן יח',,TR,מסיכה בתוספת קול,יחידה,1.00,יחידה,false,1,7.90,7.90,true,1,
8699954702027,false,מסיכה לאפקט עור חלק יח',,TR,מסיכה לאפקט עור,יחידה,1.00,יחידה,false,1,7.90,7.90,true,1,
8699954702119,false,מסיכת פחם באפקט מבהיר יח,,IL,מסיכת פחם באפקט,יחידה,1.00,יחידה,false,1,7.90,7.90,true,1,
8710103772132,false,מוצץ ללא ביספינול 0-3 יח,אוונט,IL,מוצץ ללא ביספינו,יחידה,1.00,יחידה,false,1,44.90,44.90,true,1,
8710103786672,false,אוונט כוס עם קש לגיל 9+ 200 מל בנים,כמיפל,ID,אוונט כוס לגן,יחידה,1.00,יחידה,false,1,49.90,49.90,true,1,
8710103797944,false,ONE BLADE מכשיר לעיצוב זיפים 60 דקות פעולה,פילפס,ID,וואן בלייד 60 דק,יחידה,1.00,יחידה,false,1,249.90,249.90,true,1,
8710103797951,false,פיליפס ONE BLADE 3 מכשיר לעיצוב זיפים 45,פילפס,ID,וואן בלייד מכשיר,יחידה,1.00,יחידה,false,1,189.90,189.90,true,1,
8710103811299,false,אוונט זוג מוצצים קלאסי 6-18 ורוד ורוד,פיליפס אוונט,GB,אוונט מוצץ 2 יח,יחידה,1.00,יחידה,false,1,44.90,44.90,true,1,
8710103851806,false,אוונט מוצץ קלאסי 0-6 פיטר פן,פיליפס אוונט,GB,מוצץ קלאסיק פיטר,יחידה,1.00,יחידה,false,1,49.90,49.90,true,1,
8710103860204,false,פיליפס שלישיית סכינים ONE BLADE,פיליפס-גילוח,ID,סכינים לוואן בלי,יחידה,1.00,יחידה,false,1,199.90,199.90,true,1,
8710103868699,false,אוונט בקבוק פוליפרופילן חלבי קלאסי 330 מ,פיליפס אוונט,GB,בקבוק אוונט,יחידה,1.00,יחידה,false,1,44.90,44.90,true,1,
8710103868842,false,אוונט בקבוק פוליפרופילן קלאסי פינגווין,פיליפס אוונט,GB,בקבוק פינגווין,יחידה,1.00,יחידה,false,1,44.90,44.90,true,1,
8710103870067,false,אוונט בקבוק נטורל 2 לויתן 260 מל,פיליפס אוונט,GB,בקבוק נטורל לוית,יחידה,1.00,יחידה,false,1,54.90,54.90,true,1,
8710103873990,false,אוונט זוג פטמות נטורל מעבר מהיר,פיליפס אוונט,GB,אוונט פטמת מעבר,יחידה,1.00,יחידה,false,1,43.90,43.90,true,1,
8710103876144,false,בקבוק נטורל תכלת 2 330מל,פיליפס אוונט,GB,בקבוק נטורל תכלת,יחידה,1.00,יחידה,false,1,54.90,54.90,true,1,
8710103876526,false,אוונט בקבוק נטורל 2 דרקון 260 מל,פיליפס אוונט,GB,אוונט בקבוק,יחידה,1.00,יחידה,false,1,59.90,59.90,true,1,
8710103876601,false,אוונט ערכת ניו בורן נטורל 2 חלבי,פיליפס אוונט,GB,ניו בורן נטורל 2,יחידה,1.00,יחידה,false,1,159.00,159.00,true,1,
8710103876656,false,אוונט ערכת ניו בורן נטורל 2 ורוד,פיליפס אוונט,GB,ניו ה נטורל 2,יחידה,1.00,יחידה,false,1,159.00,159.00,true,1,
8710103901716,false,אוונט מוצץ 0-6 אולטרה אייר לילה בנים,פיליפס אוונט,GB,מוצץ אולטרא אייר,יחידה,1.00,יחידה,false,1,54.90,54.90,true,1,
8710103901754,false,אוונט מוצץ 0-6 אולטרה אייר לילה בנות,פיליפס אוונט,GB,מוצץ אולטרא אייר,יחידה,1.00,יחידה,false,1,54.90,54.90,true,1,
8710103942702,false,אוונט מוצץ 0-6 אולטרה אייר ורוד-ורוד,פיליפס אוונט,NL,מוצץ אייר דיר או,יחידה,1.00,יחידה,false,1,54.90,54.90,true,1,
8710103952213,false,סכין לוואן בלייד יח',פיליפס-גילוח,ID,סכין לוואן בלייד,יחידה,1.00,יחידה,false,1,99.90,99.90,true,1,
8710428005762,false,תרכובת מזון לתינוקות על בסיס חלבון סויה איזומיל טף שלב 2,"אבוט מעבדות רפואיות בע""מ",NL,סימילאק צמחי,גרמים,400.00,100 גרם,false,0,45.90,11.48,true,1,
8710428016348,false,אבקת משקה להשלמה תזונתית וניל 400 ג' פדיאשור,אבוט מעבדות רפואיות,NL,פדיאשור ונילה,גרמים,400.00,100 גרם,false,1,34.90,8.73,true,1,
8710428017000,false,פדיאשור השלמה תזונתית בטעם וניל 850 גרם,General,NL,פדיאשור ונילה,גרמים,850.00,100 גרם,false,1,79.90,9.40,true,1,
8710428017024,false,פדיאשור השלמה תזונתית בטעם שוקולד 850 גר,General,NL,פדיאשור שוקולד,גרמים,850.00,100 גרם,false,1,79.90,9.40,true,1,
8710447224311,false,מרכך בוטניק בתוספת שמן קוקוס ואלוורה,יוניליוור פולין,PL,מרכך טרזמה,מיליליטרים,400.00,"100 מ""ל",false,1,18.90,4.73,true,1,
8710447224342,false,טרזמה שמפו קרטין לשיער 400 מל,"יוניליוור פולין, רחוב קר",PL,טרזמה שמפו קרטין,מיליליטרים,400.00,"100 מ""ל",false,1,18.90,4.73,true,1,
8710447275306,false,דאב קרם ידיים שמן אבוקדו ותמצית קלנדולה,"יוניליוור פולין, רחוב קר",PL,קרם ידיים דאב,מיליליטרים,75.00,"100 מ""ל",false,1,13.90,18.53,true,1,
8710447284117,false,"ג'ל רחצה אקס בלאק 400 מ""ל",יוניליוור גרמניה (בו,DE,אקס ג'ל רחצה בלק,מיליליטרים,400.00,"100 מ""ל",false,1,15.90,3.98,true,1,
8710447331095,false,טרזמה בוטניק מסכה לשיער 300 מל,יוניליוור פולין,PL,מסכה טרזמה,מיליליטרים,300.00,"100 מ""ל",false,1,34.90,11.63,true,1,
8710502064814,false,עוגיות מרבה שוקולד ציפס במרקם רך 175 גר,בנקטבקריי מרבה בי.וי,NL,עוגיות מרבה,גרמים,175.00,100 גרם,false,1,13.90,7.94,true,1,
8710502260032,false,מרבה עוגיות שוקוצ'יפס 150גרם,בנקטבקריי מרבה בי.וי,NL,עוגיות שוקולד,גרמים,150.00,100 גרם,false,0,10.90,7.27,true,1,
8710522584200,false,דאב תחליב רחצה אלוורה ומי ורדים 500 מל,"יוניליוור גרמניה, Gmbh &",DE,תחליב רחצה דאב,מיליליטרים,500.00,"100 מ""ל",false,1,17.90,3.58,true,1,
8710800961310,false,סוכריות בטעם תות מנטוס 4*375 גרם,פרפטי ואן מלה ברדה,NL,מנטוס תות 4 יח,גרמים,150.00,100 גרם,false,0,11.90,7.93,true,1,
8710847892134,false,בדין כדוריות הבושם ורוד 275 גרם,יוניליוור,RO,בדין כדוריות,גרמים,275.00,100 גרם,false,1,29.90,10.87,true,1,
8710847898853,false,"רקסונה - דאודורנט ספריי לגבר אקסטרא קול 150 מ""ל","יוניליוור אנגליה, דרך קו",GB,דאו.רקסונה ספריי,מיליליטרים,150.00,"100 מ""ל",false,1,17.90,11.93,true,1,
8710847942679,false,טרזמה שמפו לשיער יבש בתוספת שמן המפ,יוניליוור,PL,טרזמה שמפו,מיליליטרים,400.00,"100 מ""ל",false,1,18.90,4.73,true,1,
8710847942693,false,טרזמה מרכך לשיער יבש שמן המפ 400 מל,יוניליוור,PL,טרזמה מרכך,מיליליטרים,400.00,"100 מ""ל",false,1,18.90,4.73,true,1,
8710847995729,false,"רקסונה - דאודורנט ספריי לאישה דייזי פאוור 150 מ""ל","יוניליוור אנגליה, דרך קו",GB,דאודורנט רקסונה,מיליליטרים,150.00,"100 מ""ל",false,1,17.90,11.93,true,1,
8710908404184,false,"דאב דאו ספריי אורגינל 50 מ""ל*-ללא אלומני","פרמול איטליה, קומון",GB,דאודורנט דאב,מיליליטרים,150.00,"100 מ""ל",false,1,12.90,8.60,true,1,
8710908693809,false,"טרזמה מסכה טיפולית עם קרטין 300מ""ל","יוניליוור פולין, רחוב קר",PL,מסכה טרזמה,מיליליטרים,300.00,"100 מ""ל",false,1,34.90,11.63,true,1,
8710908882463,false,תחליב רחצה Invigorating Ritual עם שמן אבוקדו וקלנדולה,יוניליוור פארם,DE,תחליב רחצה דאב,מיליליטרים,500.00,"100 מ""ל",false,1,17.90,3.58,true,1,
8712400717984,false,נוטרילון קומפורט תרכובת מזון מגיל לידה,נוטרישה-נוטרילון,NL,נוטרילון 400 גרם,גרמים,400.00,100 גרם,false,0,46.90,11.73,true,1,
8712400802499,false,תרכובת מזון המשך לפעוטות על בסיס חלב שלב 1,נוטרישיה קאלק ב. ו.,NL,נוטרילון שלה1-,גרמים,800.00,100 גרם,false,0,68.90,8.61,true,1,
8712400802512,false,תרכובת מזון המשך לפעוטות על בסיס חלב שלב 2,נוטרישיה קאלק ב. ו.,NL,נוטרילון שלב2-,גרמים,800.00,100 גרם,false,0,68.90,8.61,true,1,
8712400802536,false,תרכובת מזון המשך לפעוטות על בסיס חלב שלב 3,נוטרישיה קאלק ב. ו.,NL,נוטרילון שלב3-,גרמים,800.00,100 גרם,false,0,68.90,8.61,true,1,
8712561594240,false,דאב תחליב רחצה להזנה עמוקה 500 מל חדש,"יוניליוור גרמניה, Gmbh &",DE,תחליב רחצה דאב,מיליליטרים,500.00,"100 מ""ל",false,1,17.90,3.58,true,1,
8712561594608,false,"דאב תחליב רחיצה להזנה עמוקה 750 מ""ל","יוניליוור גרמניה, Gmbh &",DE,תחליב רחצה דאב,מיליליטרים,750.00,"100 מ""ל",false,1,23.90,3.19,true,1,
8712561611183,false,דאב סבון נוזלי 500 תמציות מלפפונים ותה,"יוניליוור גרמניה, Gmbh &",DE,תחליב רחצה דאב,מיליליטרים,500.00,"100 מ""ל",false,1,17.90,3.58,true,1,
8712561626286,false,"תחליב רחצה דאב זוהר כמשי, 750 מ""ל",יוניליוור גרמניה (בו,DE,תחליב רחצה דאב,מיליליטרים,750.00,"100 מ""ל",false,1,23.90,3.19,true,1,
8712561679503,false,ספריי פרפקטלי טרזמה 200מ,יוניליוור פולין,PL,ספריי טרזמה,מיליליטרים,200.00,"100 מ""ל",false,1,32.90,16.45,true,1,
8714100730065,false,דאב קצף ניקוי פנים מזין לעור מעורב עד שמ,"יוניליוור רוסיה, ,123022",RU,קצף ניקוי פנים,מיליליטרים,160.00,"100 מ""ל",false,1,39.90,24.94,true,1,
8714599513866,false,"קפה נמס מיובש בהקפאה קרונג צנצנת ג'ייקובס 200 גרם לל""ס",אל.אל.סי גייקובס דאו,DE,קפה נמס ג'קובס,גרמים,200.00,100 גרם,false,1,36.90,18.45,true,1,
8714789183800,false,קולגייט 360 מברשת שיניים+ מנקה לשון,קולגייט-פלמוליב,IL,מברשת שיניים,יחידה,1.00,יחידה,false,0,10.00,10.00,true,1,
8714789218465,false,מברשת שיניים 360 סופט קולגייט 2 יחידות,הנסיך- מפעל לייצור ט,CN,2 מברשות שיניים,יחידה,1.00,יחידה,false,0,29.90,29.90,true,1,
8714789292939,false,קולגייט מברשת מקס פרש S זוג חדש,קולגייט-פלמוליב,CN,2 מברשות שיניים,יחידה,1.00,יחידה,false,0,23.90,23.90,true,1,
8714789303925,false,מברשת שיניים 360 סנסטיב רכה במיוחד קולגייט 2 יחידות,קולגייט- פלמוליב,CH,2 מברשות שיניים,יחידה,1.00,יחידה,false,0,29.90,29.90,true,1,
8714789402932,false,נוזל לניקוי כללי ורצפות בניחוח ורדי בוקר אג'קס 1.5 ליטר,הנסיך- מפעל לייצור ט,GR,אג'קס לניקוי,ליטרים,1.50,ליטר,false,0,17.90,11.94,true,1,
8714789529561,false,"משחת שיניים סנסטיב פרו ריליף להלבנה קולגייט 75 מ""ל",קולגייט-פלמוליב,BR,משחת קולגייט,מיליליטרים,75.00,"100 מ""ל",false,0,19.90,26.53,true,1,
8714789582764,false,אג'קס ספריי לניקוי חלונות ומשטחים,קולגייט-פלמוליב,GR,מרסס לחלונות,מיליליטרים,750.00,"100 מ""ל",false,0,13.90,1.86,true,1,
8714789699172,false,רביעית סבון פלמוליב דבש 4*90 גר,קולגייט פלמוליב,TR,סבון מוצק חלב וד,יחידה,1.00,יחידה,false,1,14.90,14.90,true,1,
8714789831275,false,מברשת שיניים 360 אופטיק ווייט קולגייט 2 יחידות,קולגייט-פלמוליב,CN,מברשות קולגייט,יחידה,1.00,יחידה,false,0,29.90,29.90,true,1,
8714789835112,false,קולגייט מברשת360 אופטיק וייט סופט חשמלית,COLGATE PALMOLIVE,CN,מברשת חשמלית,יחידה,1.00,יחידה,false,0,69.90,69.90,true,1,
8714789835136,false,רפיל אופטיק וויט חשמלית,קולגייט-פלמוליב,CN,מברשת שיניים,יחידה,1.00,יחידה,false,0,40.90,40.90,true,1,
8714789855929,false,משחת קולגייט טוטל גאם75מ,הנסיך- מפעל לייצור ט,IL,משחת קולגייט,מיליליטרים,75.00,"100 מ""ל",false,0,19.90,26.53,true,1,
8714789930848,false,"משחת שיניים אופטיק וייט הלבנה מיידית קולגייט 75 מ""ל",הנסיך- מפעל לייצור ט,PL,משחת קולגייט,מיליליטרים,75.00,"100 מ""ל",false,0,20.90,27.87,true,1,
8714789966403,false,ליידי ספיד סטיק פיור פרשנס ג'ל,קולגייט פלמוליב,US,ליידי ספיד סטיק,גרמים,65.00,100 גרם,false,1,17.90,27.54,true,1,
8717163607305,false,דאב סבון מוצק גרגירים לעיסוי עדין *4,יוניליוור גרמניה (בו,DE,סבון דאב רביעייה,גרמים,400.00,100 גרם,false,0,18.90,4.73,true,1,
8717163647219,false,אקס ספריי גוף אפולו 150מ,יוניליוור אנגליה,GB,אקס ספריי,מיליליטרים,150.00,"100 מ""ל",false,1,11.90,7.93,true,1,
8717163647226,false,"אקס דאודורנט ספריי גוף בלאק 150 מ""ל",ארנסט. רחוב קומבינצק,GB,אקס ספריי,מיליליטרים,150.00,"100 מ""ל",false,1,11.90,7.93,true,1,
8717163647240,false,"אקס דאודורנט ספריי גוף שוקולד 150 מ""ל",יוניליוור גרמניה (בו,GB,אקס ספריי,מיליליטרים,150.00,"100 מ""ל",false,1,11.90,7.93,true,1,
8717163647301,false,אקס דאודורנט ספריי גולד לגבר 150 מל,יוניליוור אנגליה,GB,אקס ספריי,מיליליטרים,150.00,"100 מ""ל",false,1,11.90,7.93,true,1,
8717163655825,false,"רקסונה דאו' ספריי לנשים בניחוח כותנה, 150 מ""ל","קוסטר אירוסול, גבזה 4140",GB,דאודורנט רקסונה,מיליליטרים,150.00,"100 מ""ל",false,1,17.90,11.93,true,1,
8717163658314,false,תחליב רחצה מים מיסלריים היפואלרגני לעור רגיש,יוניליוור גרמניה Gmbh &,DE,תחליב רחצה דאב,מיליליטרים,500.00,"100 מ""ל",false,1,17.90,3.58,true,1,
8717163666753,false,"ספריי אנטיפרספרנט אייס צ'יל לגבר 150 מ""ל אקס","יוניליוור אנגליה, דרך קו",GB,אקס ספריי,מיליליטרים,150.00,"100 מ""ל",false,1,11.90,7.93,true,1,
8717163714850,false,"דאו דאב ספריי קוקוס ויסמין 150 מ""ל","קוסטר אירוסול, גבזה 4140",TR,דאודורנט דאב,מיליליטרים,150.00,"100 מ""ל",false,1,12.90,8.60,true,1,
8717163842669,false,"תחליב רחצה חימר ירוק purifing דאב 500 מ""ל",יוניליוור גרמניה,DE,תחליב רחצה דאב,מיליליטרים,500.00,"100 מ""ל",false,1,17.90,3.58,true,1,
8717163842676,false,"תחליב רחצה חימר ורוד renewing glow דאב 500 מ""ל",יוניליוור גרמניה Gmb,DE,תחליב רחצה דאב,מיליליטרים,500.00,"100 מ""ל",false,1,17.90,3.58,true,1,
8717163859759,false,"רקסונה דאו' ספריי וורקאוט 150 מ""ל","יוניליוור אנגליה, דרך קו",GB,דאודורנט רקסונה,מיליליטרים,150.00,"100 מ""ל",false,1,17.90,11.93,true,1,
8717644390566,false,סבון מוצר רביעיה תמצית מלפפון ותה ירוק,יוניליוור גרמניה (בו,DE,סבון דאב רביעייה,גרמים,400.00,100 גרם,false,0,18.90,4.73,true,1,
8717677336616,false,שוקולד מריר עם שקדים ומלח טוניס' שוקולונלי 180 גרם,טוניס/שוקולונלי,NL,שוקולד מריר,גרמים,180.00,100 גרם,false,1,14.90,8.28,true,1,
8717677336661,false,שוקולד מריר 70% טוניס' שוקולונלי 180 גרם,טוניס/שוקולונלי,NL,שוקולד מריר,גרמים,180.00,100 גרם,false,1,14.90,8.28,true,1,
8718117607662,false,נוטרילון A.R תרכובת מזון מגיל לידה,נוטרישה-נוטרילון,NL,נוטרילון AR,גרמים,900.00,100 גרם,false,1,99.90,11.10,true,1,
8718951001589,false,"אג'קס ספריי מסיר שומנים במטבח 600 מ""ל",הנסיך- מפעל לייצור ט,GR,אגקס מסיר שומנים,מיליליטרים,600.00,"100 מ""ל",false,1,11.90,1.98,true,1,
8718951044913,false,מרידול משחת שיניים להלבנה 75 מל,קולגייט פלמוליב,PL,משחת מרידול,מיליליטרים,75.00,"100 מ""ל",false,1,20.90,27.87,true,1,
8718951052109,false,מברשת שיניים חשמלית קולגייט מיניונים (סוללות)##,קולגייט-פלמוליב,CH,מברשת שיניים חשמ,יחידה,1.00,יחידה,false,1,39.90,39.90,true,1,
8718951076402,false,"קולגייט משחת שיניים הרבל להלבנה 100 מ""ל",קולגייט פלמוליב,BR,משחת שיניים הרבל,מיליליטרים,100.00,"100 מ""ל",false,1,14.90,14.90,true,1,
8718951093331,false,מרידול זוג מברשות שיניים אקסטרה סופט,קולגייט פלמוליב,CH,זוג מברשות מרידו,יחידה,1.00,יחידה,false,1,38.90,38.90,true,1,
8718951144064,false,מרידול מברשת שיניים פרודונט אקספרט זוג,"ש. שסטוביץ בע""\מ",CH,זוג מברשות מרידו,יחידה,1.00,יחידה,false,1,38.90,38.90,true,1,
8718951148536,false,"קולגייט מי פה מינט פשתן 500 מ""ל",Colgate - Brazil,PL,מי פה פלאקס,מיליליטרים,500.00,"100 מ""ל",false,1,33.90,6.78,true,1,
8718951159402,false,"קולגייט משחת שיניים אופטיק וויט - אקסטרה פאוור 75 מ""ל",קולגייט,PL,מ.שיניים קולגייט,מיליליטרים,75.00,"100 מ""ל",false,1,19.90,26.54,true,1,
8718951187115,false,זוג מברשות שיניים אלמקס לילדים גילאי 3-6,GABA TRISA SWIZ,CN,מברשות אלמקס 2יח,יחידה,1.00,יחידה,false,1,25.90,25.90,true,1,
8718951187122,false,זוג מברשות שיניים אלמקס לילדים גילאי 0-3,GABA TRISA SWIZ,CN,מברשות אלמקס,יחידה,1.00,יחידה,false,1,25.90,25.90,true,1,
8718951222779,false,"מרידול פור משחה לשיניים וחניכיים בריאות 75 מ""ל",שסטוביץ,PL,משחת מרידול,מיליליטרים,75.00,"100 מ""ל",false,1,24.90,33.20,true,1,
8718951231504,false,מברשת שיניים חשמלית טרולים (סוללות) קולגיט,קולגייט-פלמוליב,CH,מברשת שיניים חשמ,יחידה,1.00,יחידה,false,1,39.90,39.90,true,1,
8718951236790,false,"קולגייט טוטאל משחת שיניים קלין מינט לפה בריא 100 מ""ל",קולגייט פלמוליב,PL,קולגייט טוטל,מיליליטרים,100.00,"100 מ""ל",false,1,15.90,15.90,true,1,
8718951236806,false,"קולגייט טוטאל הלבנה משחת שיניים המסייעת בהסרת כתמים 100 מ""ל",קולגייט Colgate,PL,קולגייט טוטל,מיליליטרים,100.00,"100 מ""ל",false,1,15.90,15.90,true,1,
8718951236813,false,"קולגייט טוטאל משחת שיניים ניקוי מתקדם לפה בריא יותר 100 מ""ל",קולגייט פלמוליב,PL,משחת קולגייט,מיליליטרים,100.00,"100 מ""ל",false,1,15.90,15.90,true,1,
8718951240742,false,"קולגייט טוטאל משחת שיניים פסים מרעננים 100 מ""ל",קולגייט פלמוליב,PL,קולגייט טוטל,מיליליטרים,100.00,"100 מ""ל",false,1,15.90,15.90,true,1,
8718951259409,false,"פלמוליב תחליב רחצה נטורלס לעור עדין 750 מ""ל",קולגייט פלמוליב,IT,תחליב רחצה נטורל,מיליליטרים,750.00,"100 מ""ל",false,1,16.90,2.26,true,1,
8718951264618,false,"קולגייט אופטיק וייט פחם צ'רקול משחת שיניים, 75 מ""ל",קולגייט-פלמוליב,PL,משחת קולגייט,מיליליטרים,75.00,"100 מ""ל",false,1,19.90,26.54,true,1,
8718951265103,false,קולגייט זוג מברשת שיניים אולטרה סופט,קולגייט פלמוליב,CN,מברשות קולגייט2*,יחידה,1.00,יחידה,false,1,31.90,31.90,true,1,
8718951278851,false,מ.שיניים אדוונס וויט פחם,קולגייט,PL,מ.שיניים קולגייט,מיליליטרים,100.00,"100 מ""ל",false,1,19.90,19.90,true,1,
8718951286672,false,"משחת שיניים לחניכיים, 75 מ""ל קולגייט",קולגייט פלמוליב,PL,קולגייט מ.שיניים,מיליליטרים,75.00,"100 מ""ל",false,1,17.90,23.86,true,1,
8718951301092,false,פלמוליב ס.נוזלי ויטמין B ותפוז 750 משאבה,שסטוביץ,TR,פלמוליב תחליב,מיליליטרים,750.00,"100 מ""ל",false,1,16.90,2.26,true,1,
8718951319806,false,פלמוליב לגבר גל רחצה ושמפו מרענן 750 משא,פלמוליב Palmolive,TR,ג'ל רחצה לגבר,מיליליטרים,750.00,"100 מ""ל",false,1,16.90,2.26,true,1,
8718951329218,false,"ספיד סטיק 24/7 לסס ספריי גו 150 מ""ל",קולגייט פלמוליב,RU,דאו. ספיד סטיק,מיליליטרים,150.00,"100 מ""ל",false,1,14.90,9.93,true,1,
8718951334465,false,"סופלין מרכך כביסה מרוכז לבנדר, 1.3ליטר",קריות זול,GR,סופלין מרכך,ליטרים,1.30,ליטר,false,1,21.90,16.85,true,1,
8718951350137,false,"פלמוליב תחליב רחצה מקדמיה וקקאו עם חמאת שיאה 750 מ""ל",קולגייט פלמוליב,IT,תחליב רחצה קקאו,מיליליטרים,750.00,"100 מ""ל",false,1,16.90,2.26,true,1,
8718951365865,false,קולגייט זוג מברשות עם סיבי פחם בצפיפות ג,קולגייט פלמוליב,PL,מברשת עם סיבי פח,יחידה,1.00,יחידה,false,1,31.90,31.90,true,1,
8718951377998,false,קולגייט סופט פואם זוג מברשות שיניים לניק,קולגייט פלמוליב,CN,זוג מברשות סופט,יחידה,1.00,יחידה,false,1,31.90,31.90,true,1,
8718951381292,false,"משחת שיניים מקס דיטוקס פואם קולגייט 125 מ""ל",קולגייט Colgate,PL,משחת מקס דיטוקס,מיליליטרים,125.00,"100 מ""ל",false,1,22.90,18.32,true,1,
8718951382640,false,"פלמוליב ג'ל רחצה חימר ואלוורה 750 מ""ל",קולגייט פלמוליב,TR,סבון פמוליב,מיליליטרים,750.00,"100 מ""ל",false,1,16.90,2.26,true,1,
8718951382664,false,"פלמוליב ג'ל רחצה חימר ואקליפטוס 750 מ""ל",קולגייט פלמוליב,TR,סבון פמוליב,מיליליטרים,750.00,"100 מ""ל",false,1,16.90,2.26,true,1,
8718951382718,false,"פלמוליב ג'ל רחצה חימר התחדשות 750 מ""ל",קולגייט פלמוליב,TR,סבון פמוליב,מיליליטרים,750.00,"100 מ""ל",false,1,16.90,2.26,true,1,
8718951400474,false,"תחליב רחצה קמליה ושקדים ללא משאבה750 מ""ל פלמולי",קולגייט פלמוליב,TR,תחליב רחצה שקדים,מיליליטרים,750.00,"100 מ""ל",false,1,16.90,2.26,true,1,
8718951400597,false,"תחליב רחצה קוקוס וחלב ללא משאבה750 מ""ל פלמוליב",קולגייט פלמוליב,TR,תחליב רחצה קוקוס,מיליליטרים,750.00,"100 מ""ל",false,1,16.90,2.26,true,1,
8718951409798,false,זוג מברשות שיניים מקס וויט פחם קולגייט,הנסיך- מפעל לייצור ט,PL,מברשת שיניים פחם,יחידה,1.00,יחידה,false,1,28.90,28.90,true,1,
8718951410510,false,מרידול מנקה לשון לנשימה רעננה,שסטוביץ,CH,מנקה לשון מרידול,יחידה,1.00,יחידה,false,1,32.90,32.90,true,1,
8718951412378,false,משחת שיניים לחניכיים רגישות ולנשימה רעננה,קולגייט פלמוליב,PL,מרידול משחה,מיליליטרים,75.00,"100 מ""ל",false,1,24.90,33.20,true,1,
8718951415836,false,קולגייט מי פה פלאקס פחם לחיוך לבן 500 מל,קולגייט Colgate,PL,קולגייט מי פה,מיליליטרים,500.00,"100 מ""ל",false,1,35.90,7.18,true,1,
8718951428492,false,"פלמוליב סבון רחצה לגבר 4ב1 מועשר בפחם 750 מ""ל",שסטוביץ,TR,סבון רחצה לגבר,מיליליטרים,750.00,"100 מ""ל",false,1,16.90,2.26,true,1,
8718951428522,false,"פלמוליב סבון רחצה לגבר 4 ב-1 המפ 750 מ""ל",שסטוביץ,TR,סבון פלמוליב,מיליליטרים,750.00,"100 מ""ל",false,1,16.90,2.26,true,1,
8718951431614,false,"סבון רחצה סו פירם מינרלים 750 מ""ל פלמוליב",קולגייט פלמוליב,TR,פלמוליב סב.רחצה,מיליליטרים,750.00,"100 מ""ל",false,1,16.90,2.26,true,1,
8718951433120,false,קולגייט טוטאל משחת שיניים לילדים לגילאי,קולגייט פלמוליב,PL,משחת קולגייט ילד,מיליליטרים,50.00,"100 מ""ל",false,1,15.90,31.80,true,1,
8718951452756,false,סבון גוף עדין קוקוס500מ,קולגייט פלמוליב,TR,סבון גוף פלמוליב,מיליליטרים,500.00,"100 מ""ל",false,1,17.90,3.58,true,1,
8718951452770,false,סבון גוף עדין שקדים500מל,קולגייט פלמוליב,TR,סבון גוף פלמוליב,מיליליטרים,500.00,"100 מ""ל",false,1,17.90,3.58,true,1,
8718951470538,false,קולגייט משחת שיניים מקס פרש ביטיוב 125*2 כשלפ,קולגייט פלמוליב,PL,משחת מקס פרש 2יח,מיליליטרים,250.00,"100 מ""ל",false,1,33.90,13.56,true,1,
8718951477384,false,"קולגייט משחת שיניים טוטאל ג'ל מתקדם פיור 75 מ""ל",קולגייט פלמוליב,PL,משחת טוטאל ג'ל,מיליליטרים,75.00,"100 מ""ל",false,1,21.90,29.20,true,1,
8718951509627,false,"קולגייט אופטיק וייט לאוהבי קפה ותה משחת שיניים 75 מ""ל",קולגייט פלמוליב,PL,קולגייט משחה,מיליליטרים,75.00,"100 מ""ל",false,1,24.90,33.20,true,1,
8720181043093,false,"דאו אקס ספריי גוף לגבר אפולו 150 מ""ל","יוניליוור אנגליה, דרך קו",GB,אקס דאו.ספריי גו,מיליליטרים,150.00,"100 מ""ל",false,1,11.90,7.93,true,1,
8720181045912,false,"אקס דאודורנט ספריי גוף אפריקה 150 מ""ל","יוניליוור אנגליה, דרך קו",GB,אקס ספריי,מיליליטרים,150.00,"100 מ""ל",false,1,11.90,7.93,true,1,
8720181046605,false,דאב - דאודורנט ספריי לאישה אורגינל כחול 150מל,"יוניליוור אנגליה, דרך קו",TR,דאודורנט דאב,מיליליטרים,150.00,"100 מ""ל",false,1,12.90,8.60,true,1,
8720181046612,false,"דאב - דאודורנט רול און לאישה אורגינל 50 מ""ל","יוניליוור אנגליה, דרך קו",GB,דאב רול און,מיליליטרים,50.00,"100 מ""ל",false,1,12.90,25.80,true,1,
8720181090202,false,"תחליב רחצה דאב עם שמן זית, 750 מ""ל","יוניליוור גרמניה, Gmbh &",DE,תחליב רחצה דאב,מיליליטרים,750.00,"100 מ""ל",false,1,23.90,3.19,true,1,
8720181090219,false,תחליב רחצה רימונים ותמצית פרח היביסקוס,"יוניליוור גרמניה, Gmbh &",DE,תחליב רחצה דאב,מיליליטרים,750.00,"100 מ""ל",false,1,23.90,3.19,true,1,
8720181123955,false,"אקס - ג'ל רחצה ריצארג קריד 400 מ""ל",יוניליוור גרמניה Gmbh &,GB,ג'ל רחצה ריצ'ארג,מיליליטרים,400.00,"100 מ""ל",false,1,15.90,3.98,true,1,
8720181201332,false,דאב אל סבון מוצק גרגרים 90 גרם רביעייה,יוניליוור ישראל טיפוח אי,DE,דאב סבון מוצק גר,גרמים,360.00,100 גרם,false,1,17.00,4.72,true,1,
8720181204111,false,"אקס תחליב רחצה אפיק פרש 400 מ""ל",יוניליוור ישראלn\טיפוח א,DE,אקס ג'ל רחצה,מיליליטרים,400.00,"100 מ""ל",false,1,15.90,3.98,true,1,
8720182256850,false,דאב אל סבון מוצק קלאסי 90 גרם רביעייה,יוניליוור ישראל טיפוח אי,DE,דאב סבון מוצק קל,גרמים,360.00,100 גרם,false,1,17.00,4.72,true,1,
8809389030682,false,מסיכת אסנס אלוורה יח',,KP,מסיכת אסנס אלוור,יחידה,1.00,יחידה,false,1,30.90,30.90,true,1,
8850006331699,false,שלישיית מברשת שיניים קולגייט סלים סופט,קולגייט פלמוליב,CN,3 מברשות קולגייט,יחידה,1.00,יחידה,false,1,31.90,31.90,true,1,
8850006332405,false,קולגייט מברשת סלים סופט,קולגייט- פלמוליב,CN,מברשות קולגייט,יחידה,1.00,יחידה,false,1,24.90,24.90,true,1,
8850161167041,false,"קוקו וואי משקה קוקוס 270 מ""ל",טויו טייקאן קו.אל.טי.די,TH,חלב קוקוס קוקו,מיליליטרים,270.00,"100 מ""ל",false,1,9.90,3.67,true,1,
8850389103111,false,סאפי משקה אלוורה בטעם ענבים 300מל,סאפה פובליק קומפני ל,TH,משקה סאפה ענבים,מיליליטרים,300.00,"100 מ""ל",false,0,7.90,2.63,true,1,
8850389103128,false,סאפי משקה אלוורה בטעם תפוח 300מל,סאפה פובליק קומפני ל,TH,משקה סאפה תפוח,מיליליטרים,300.00,"100 מ""ל",false,0,7.90,2.63,true,1,
8850389103159,false,"משקה ליצ'י עם חתיכות גלי קוקוס 320 מ""ל מוגו מוגו",סאפה פובליק קומפני לימיט,TH,מוגו ליצ'י קוקוס,מיליליטרים,320.00,"100 מ""ל",false,1,6.90,2.16,true,1,
8850389104637,false,"משקה קל סאפה אלוורה אפרסק 300 מ""ל",סאפה פובליק קומפני ל,TH,סאפה אפרסק,מיליליטרים,300.00,"100 מ""ל",false,0,7.90,2.63,true,1,
8850389111352,false,"משקה מלון עם חתיכות גלי קוקוס 320 מ""ל מוגו מוגו",סאפה פובליק קומפני לימיט,TH,מוגו מלון קוקוס,מיליליטרים,320.00,"100 מ""ל",false,1,6.90,2.16,true,1,
8850389115312,false,"סאפה אלוורה מלון בקבוק 300 מ""ל",סאפה פובליק קומפני ל,TH,סאפה אלוורה,מיליליטרים,300.00,"100 מ""ל",false,1,7.90,2.63,true,1,
8850632604259,false,"יוגטה, חיספוסים, ממתק חמוץ בצורת מקלות בטעם תות שדה,50 גרם",ג'נרל קנדי בעמ,TH,יוגטה ממתק חמוץ,גרמים,50.00,100 גרם,false,0,4.90,9.80,true,1,
8850632604372,false,"יוגטה, חיספוסים בצורת שטיח בטעם תות שדה 50 גרם",ג'נרל קנדי בעמ,TH,יוגטה ממתק חמוץ,גרמים,50.00,100 גרם,false,0,4.90,9.80,true,1,
8888021200126,false,סוללות אנרג'יזר מקס AA - מארז 4 יח',אנרג'יזר Energizer,SG,סוללות AA רביעיה,יחידה,1.00,יחידה,false,0,19.90,19.90,true,1,
8888021200256,false,סוללות אנרג'ייזר AA מקס 8 יחידות,יצרן: אנרג'ייזר סינג,SG,שמינית סוללות,יחידה,1.00,יחידה,false,0,22.90,22.90,true,1,
8901138825591,false,"משחת שיניים הימלאיה מלבינה 75 מ""ל",הימלאיה Himalaya,IN,משחת שיניים,מיליליטרים,75.00,"100 מ""ל",false,1,24.90,33.20,true,1,
8901138825614,false,"משחת שיניים הימלאיה מינט פרש 75 מ""ל",הימלאיה,IN,משחת שיניים מינט,מיליליטרים,75.00,"100 מ""ל",false,1,24.90,33.20,true,1,
8901314116079,false,מברשת ילדים ברבי,קולגייט-פלמוליב,CN,מברשת לילדים,יחידה,1.00,יחידה,false,1,10.90,10.90,true,1,
8901314517487,false,קולגייט מברשת 4יח 3,,IN,מברשת קולגייט360,יחידה,1.00,יחידה,false,1,23.90,23.90,true,1,
8901314517999,false,מברשת קולגייט צ'רקואלי4י,,CN,מברשת קולגייט360,יחידה,1.00,יחידה,false,1,23.90,23.90,true,1,
8906008231304,false,FRIENDS חיתולים למבוגרים (10 טיפות) XL,נובל חייגיאן,IN,חיתולי לילה למבו,יחידה,1.00,יחידה,false,1,44.90,44.90,true,1,
9000100806657,false,"פה - דאודורנט רול און לאישה בלתי נראה 50 מ""ל",שוורצקופף והנקל,DE,דאודורנט פה,מיליליטרים,50.00,"100 מ""ל",false,0,13.90,27.80,true,1,
9000100843256,false,"גליס תמציות שמן 6 פעולות משקמות 75 מ""ל",שוורצקוף Schwarzkopf,SK,גליס שמן משקם,מיליליטרים,75.00,"100 מ""ל",false,0,24.90,33.20,true,1,
9000101329322,false,ברף בניחוח מתחלף תפוח נופר 50 גר,הנקל סוד,RS,ברף בניחוח מתחלף,גרמים,50.00,100 גרם,false,1,10.90,21.80,true,1,
9000101418163,false,"סבון אסלה בניחוח מתחלף תפוח ירוק נופר, 3 יחידות",ברף Bref,RS,ברף לאסלה 3 יח,גרמים,150.00,100 גרם,false,1,20.90,13.93,true,1,
9000101515817,false,קפסולות ג'ל כביסה לבנה וצבעונית 56 יח' פרסיל,הנקל סוד,IL,פרסיל ג'ל,יחידה,1.00,יחידה,false,1,64.90,64.90,true,1,
9000101520965,false,"סבון אסלה בניחוח מתחלף לוטוס עדין במבוק, 3 יחידות",ברף Bref,RS,ברף לאסלה 3 יח,גרמים,150.00,100 גרם,false,1,20.90,13.93,true,1,
9000101537550,false,פרסיל קאפסולות לכביסה לבנה וצבעונית 52 יח',הנקל סוד,HU,פרסיל פאוור קאפס,יחידה,1.00,יחידה,false,1,64.90,64.90,true,1,
9001616202117,false,מאם מוצצים סיליקון 0-6 זמן לאהבה אפור,טרופיקל דגיל תעשיות,HU,2 מוצצי סיליקון,יחידה,1.00,יחידה,false,0,38.90,38.90,true,1,
9001616202148,false,מאם מוצצים לטקס 16+ כחול,General,HU,זוג מוצצים,יחידה,1.00,יחידה,false,0,38.90,38.90,true,1,
9001616202193,false,מאם מוצצים לטקס 0-2 תכלת,General,HU,זוג מוצצים,יחידה,1.00,יחידה,false,0,38.90,38.90,true,1,
9001616203305,false,זוג פטמות X לבקבוק 6+ חודשים,מאם Mam,HU,פיטמה למזון סמיך,יחידה,1.00,יחידה,false,0,29.90,29.90,true,1,
9001616203626,false,מאם זוג פטמות מס 3 זרימה מהירה,General,AT,מאמ פטמות,יחידה,1.00,יחידה,false,0,29.90,29.90,true,1,
9001616205781,false,מאם מוצצים סיליקון 6+ אנימלס כחול,אלפא,HU,מוצץ מאמ,יחידה,1.00,יחידה,false,0,38.90,38.90,true,1,
9001616205835,false,מאם כוס ספורט 330 מל כחול,אלפא,AT,כוס ספורט כחול,מיליליטרים,330.00,"100 מ""ל",false,0,49.90,15.12,true,1,
9001616668616,false,מאם בקבוק זכוכית 260 מל תכלת,General,AT,בקבוק זכוכית תכל,יחידה,1.00,יחידה,false,1,75.90,75.90,true,1,
9001616669903,false,"בקבוק לתינוק ללא ביספנול 0+ מאם 160 מ""ל",מאם Mam,HU,מאמ בקבוק,יחידה,1.00,יחידה,false,0,38.90,38.90,true,1,
9001616671579,false,מאם מוצצים סיליקון 0-6 אייר תכלת,מאם Mam,AT,מוצץ מאמ AIR 0-6,יחידה,1.00,יחידה,false,1,38.90,38.90,true,1,
9001616676406,false,מאם בקבוק אנטי קוליק 320 מל תכלת,אלפא,AT,בקבוק אנטי קוליק,יחידה,1.00,יחידה,false,0,38.90,38.90,true,1,
9001616680991,false,"בקבוק לתינוק אנטי קוליק מאמ 260 מ""ל",מאם Mam,AT,בקבוק אנטי קוליק,יחידה,1.00,יחידה,false,1,38.90,38.90,true,1,
9001616681363,false,"בקבוק לתינוק אנטי קוליק מאמ 260 מ""ל",General,HU,בקבוק אנטי קוליק,מיליליטרים,260.00,"100 מ""ל",false,1,38.90,14.96,true,1,
9001616682216,false,מאם בקבוק אנטי קוליק 160 מל תכלת,אלפא,HU,בקבוק אנטי קוליק,מיליליטרים,160.00,"100 מ""ל",false,1,38.90,24.31,true,1,
9001616682223,false,מאם בקבוק אנטי קוליק 160 מל ורוד,אלפא,HU,בקבוק אנטי קוליק,מיליליטרים,160.00,"100 מ""ל",false,1,38.90,24.31,true,1,
9001616702655,false,מאם מוצצים סיליקון 0-6 לילה זוהרים ורוד,General,HU,זוג מוצצים 0-6 ז,יחידה,1.00,יחידה,false,1,38.90,38.90,true,1,
9001616702662,false,מאם מוצצים סיליקון 0-6 פרל ורוד,General,HU,זוג מוצצים פרל 0,יחידה,1.00,יחידה,false,1,38.90,38.90,true,1,
9001616702679,false,זוג מוצצים סיליקון זמן לאהבה מאמ 0-6 ורוד,General,HU,זוג מוצצים 0-6 ז,יחידה,1.00,יחידה,false,1,38.90,38.90,true,1,
9001616702693,false,זוג מוצצי סיליקון בעלי חיים 0-6 ורוד,אלפא,HU,זוג מוצצים 0-6 ב,יחידה,1.00,יחידה,false,1,38.90,38.90,true,1,
9001616702716,false,זוג מוצצים סיליקון זוהרים בלילה מאמ +6 ורוד,General,HU,זוג מוצצים +6 זו,יחידה,1.00,יחידה,false,1,38.90,38.90,true,1,
9001616702730,false,זוג מוצצי סיליקון לאב אנד אפקשן 6+ ו רוד,General,HU,זוג מוצצים +6 או,יחידה,1.00,יחידה,false,1,38.90,38.90,true,1,
9001616702914,false,מאם בקבוק אנטי קוליק 160 מל ירוק,אלפא,AT,בקבוק אנטי קוליק,מיליליטרים,160.00,"100 מ""ל",false,1,38.90,24.31,true,1,
9001616702976,false,"בקבוק לתינוק מאם 270 מ""ל",General,HU,בקבוק תינוק,יחידה,1.00,יחידה,false,1,38.90,38.90,true,1,
9001616703010,false,"בקבוק תינוק 330 מ""ל ורוד",General,AT,בקבוק תינוק ורוד,מיליליטרים,330.00,"100 מ""ל",false,1,38.90,11.79,true,1,
9001616703119,false,מאם זוג ידיות לבקבוקים ורוד,General,HU,זוג ידיות לבקבוק,יחידה,1.00,יחידה,false,1,25.90,25.90,true,1,
9001616804564,false,מאם זוג ידיות לבקבוק יום ולילה תכלת,אלפא,AT,ידיות לבקבוק תכל,יחידה,1.00,יחידה,false,1,34.90,34.90,true,1,
9001616804571,false,מאם זוג ידיות לבקבוק יום ולילה ורוד,אלפא,AT,ידיות לבקבוק ורו,יחידה,1.00,יחידה,false,1,34.90,34.90,true,1,
9001616813856,false,מוצצי +6 יום לילה מארז שלישיה,מאמ,AT,מוצצים יום ולילה,יחידה,1.00,יחידה,false,1,49.90,49.90,true,1,
9005800317014,false,"ניוואה סקראב אורז עור עדין פטל 75 מ""ל",אלפא,DE,פילינג אורז לעור,מיליליטרים,75.00,"100 מ""ל",false,1,19.90,26.54,true,1,
9005800317021,false,ניוואה סקראב אורז עור מעורב אלוורה 75מל,אלפא,DE,פילינג אורז לעור,מיליליטרים,75.00,"100 מ""ל",false,1,19.90,26.54,true,1,
9005800343143,false,"ניוואה מן אפטר-שייב קול קיק פרש 100 מ""ל",ניואה,DE,אפטר שייב ניוואה,מיליליטרים,100.00,"100 מ""ל",false,1,39.90,39.90,true,1,
9310072028743,false,טים טם ביסקוויט במילוי שוקולד 200 גרם,"ארנוטס ביסקוויטס בע""",AU,טים טם אורגינל,גרמים,200.00,100 גרם,false,1,15.90,7.95,true,1,
9310072028750,false,טים טם Tim Tam וופל שוקולד ציפוי כפול,"ארנוטס ביסקוויטס בע""",AU,טים טם דאבל,גרמים,200.00,100 גרם,false,1,15.90,7.95,true,1,
9310088007015,false,דיפנד תחבושות אוברנייט בלילה,קימברלי-קלארק,VN,תחבושות דיפנד,יחידה,1.00,יחידה,false,0,19.90,19.90,true,1,
9310714206140,false,שוורצקופף - ג'ל צביעה לגבר חום שחור,הנקל סוד,DE,ג'ל צביעה לגבר,יחידה,1.00,יחידה,false,0,64.90,64.90,true,1,
