code,internal_code,name,manufacturer_name,manufacture_country,manufacturer_item_description,unit_qty,quantity,unit_of_measure,weighted,qty_in_package,price,unit_of_measure_price,allow_discount,status,item_id
2,true,עגבניות,ביכורי שדה דרום 2002,,עגבניות,קילוגרמים,1.00,"ק""ג",true,,7.50,7.5000,true,1,109174
3,true,עגבניות שרי,ביכורי שדה דרום 2002,,עגבניות שרי,קילוגרמים,1.00,"ק""ג",true,,18.90,18.9000,true,1,109855
4,true,מלפפון,ביכורי שדה דרום 2002,,מלפפון,קילוגרמים,1.00,"ק""ג",true,,6.90,6.9000,true,1,111128
6,true,גזר ארוז,ביכורי שדה דרום 2002,,גזר ארוז,קילוגרמים,1.00,"ק""ג",true,,3.90,3.9000,true,1,110608
7,true,סלק,ביכורי שדה דרום 2002,,סלק,קילוגרמים,1.00,"ק""ג",true,,5.90,5.9000,true,1,108300
8,true,כרוב לבן,ביכורי שדה דרום 2002,,כרוב לבן,קילוגרמים,1.00,"ק""ג",true,,4.50,4.5000,true,1,108560
9,true,כרוב סיני,ביכורי שדה דרום 2002,,כרוב סיני,Unknown,0.00,Unknown,false,1,6.90,0.0000,true,1,108050
11,true,שזיף שגיב,ביכורי שדה דרום 2002,,שזיף שגיב,קילוגרמים,1.00,"ק""ג",true,,19.90,19.9000,true,1,110853
12,true,כרוב אדום,ביכורי שדה דרום 2002,,כרוב אדום,קילוגרמים,1.00,"ק""ג",true,,5.90,5.9000,true,1,109630
13,true,כרובית,ביכורי שדה דרום 2002,,כרובית,קילוגרמים,1.00,"ק""ג",true,,9.90,9.9000,true,1,109671
15,true,צנונית ארוזה,ביכורי שדה דרום 2002,,צנונית ארוזה,Unknown,0.00,Unknown,false,1,5.90,0.0000,true,1,109693
16,true,קישואים,ביכורי שדה דרום 2002,,קישואים,קילוגרמים,1.00,"ק""ג",true,,9.90,9.9000,true,1,106886
19,true,תרד,,,תרד,Unknown,0.00,Unknown,false,1,7.90,0.0000,true,1,110395
20,true,חציל,ביכורי שדה דרום 2002,,חציל,קילוגרמים,1.00,"ק""ג",true,,6.90,6.9000,true,1,109777
22,true,פלפל ירוק,ביכורי שדה דרום 2002,,פלפל ירוק,קילוגרמים,1.00,"ק""ג",true,,9.90,9.9000,true,1,110426
23,true,פלפל בהיר,ביכורי שדה דרום 2002,,פלפל בהיר,קילוגרמים,1.00,"ק""ג",true,,9.90,9.9000,true,1,110431
24,true,פלפל צילי,,,"פלפל צ""ילי",Unknown,0.00,Unknown,false,1,6.90,0.0000,true,1,110441
25,true,פלפל חריף ירוק,ביכורי שדה דרום 2002,,פלפל חריף ירוק,קילוגרמים,1.00,"ק""ג",true,,8.90,8.9000,true,1,107718
26,true,פלפל אדום,ביכורי שדה דרום 2002,,פלפל אדום,קילוגרמים,1.00,"ק""ג",true,,9.90,9.9000,true,1,106999
27,true,פלפל צהוב,ביכורי שדה דרום 2002,,פלפל צהוב,קילוגרמים,1.00,"ק""ג",true,,10.90,10.9000,true,1,107725
28,true,פלפל כתום,ביכורי שדה דרום 2002,,פלפל כתום,קילוגרמים,1.00,"ק""ג",true,,9.90,9.9000,true,1,111084
29,true,פלפל רומריאו/פלפלוני,ירק הגליל,,פלפל רומריאו/פלפלונים,Unknown,0.00,Unknown,false,1,6.90,0.0000,true,1,107745
30,true,מלון,ביכורי שדה דרום 2002,,מלון,קילוגרמים,1.00,"ק""ג",true,,6.90,6.9000,true,1,107748
31,true,בצל יבש,ביכורי שדה דרום 2002,,בצל יבש,קילוגרמים,1.00,"ק""ג",true,,3.90,3.9000,true,1,108631
32,true,בצל יבש לבן,ביכורי שדה דרום 2002,,בצל יבש לבן,קילוגרמים,1.00,"ק""ג",true,,5.90,5.9000,true,1,107031
33,true,בצל יבש אדום,ביכורי שדה דרום 2002,,בצל יבש אדום,קילוגרמים,1.00,"ק""ג",true,,6.90,6.9000,true,1,109867
34,true,בצל ירוק,,,בצל ירוק ארוז,Unknown,0.00,Unknown,false,1,4.90,0.0000,true,1,109243
35,true,קולורבי,ביכורי שדה דרום 2002,,קולורבי,קילוגרמים,1.00,"ק""ג",true,,8.90,8.9000,true,1,107486
36,true,חסה ערבית,ביכורי שדה דרום 2002,,חסה ערבית,Unknown,0.00,Unknown,false,1,3.90,0.0000,true,1,108642
37,true,חסה עגולה,ביכורי שדה דרום 2002,,חסה עגולה,Unknown,0.00,Unknown,false,1,5.90,0.0000,true,1,110504
38,true,חסה צבעונית,,,חסה צבעונית,Unknown,0.00,Unknown,false,1,7.90,0.0000,true,1,109249
41,true,סלט בייבי מיקס,,,סלט בייבי מיקס,Unknown,0.00,Unknown,false,1,7.90,0.0000,true,1,108084
44,true,לוף,ביכורי שדה דרום 2002,,לוף,קילוגרמים,1.00,"ק""ג",true,,14.90,14.9000,true,1,111161
46,true,שעועית ירוקה,ביכורי שדה דרום 2002,,שעועית ירוקה,קילוגרמים,1.00,"ק""ג",true,,17.90,17.9000,true,1,111173
50,true,דלעת,ביכורי שדה דרום 2002,,דלעת,קילוגרמים,1.00,"ק""ג",true,,11.50,11.5000,true,1,108698
51,true,דלורית,ביכורי שדה דרום 2002,,דלורית,קילוגרמים,1.00,"ק""ג",true,,7.90,7.9000,true,1,109948
52,true,שמיר ארוז,,,שמיר ארוז,Unknown,0.00,Unknown,false,1,3.90,0.0000,true,1,108705
53,true,כוסברה ארוזה,,,כוסברה ארוזה,Unknown,0.00,Unknown,false,1,3.90,0.0000,true,1,111192
54,true,נענע ארוזה,,,נענע ארוזה,Unknown,0.00,Unknown,false,1,3.90,0.0000,true,1,107773
55,true,סלרי ראש ארוז,,,סלרי ראש ארוז,Unknown,0.00,Unknown,false,1,4.90,0.0000,true,1,111196
56,true,סלרי אמריקאי ארו,,,סלרי אמריקאי ארו,Unknown,0.00,Unknown,false,1,5.90,0.0000,true,1,111207
57,true,שורש פטרוזיליה ארוז,,,שורש פטרוזיליה ארוז,Unknown,0.00,Unknown,false,1,4.90,0.0000,true,1,111210
59,true,בזיליקום ארוז,,,בזיליקום ארוז,Unknown,0.00,Unknown,false,1,4.90,0.0000,true,1,108743
60,true,תפוח עץ זהב,ביכורי שדה דרום 2002,,תפוח זהב,קילוגרמים,1.00,"ק""ג",true,,9.90,9.9000,true,1,109351
61,true,תפוח עץ סמיט גרנד,ביכורי שדה דרום 2002,,"תפו""ע סמיט גרנד",קילוגרמים,1.00,"ק""ג",true,,9.90,9.9000,true,1,108268
64,true,רוזמרין ארוז,,,רוזמרין ארוז,Unknown,0.00,Unknown,false,1,4.90,0.0000,true,1,108781
67,true,תפוח עץ גלה,ביכורי שדה דרום 2002,,תפוח עץ גלה,קילוגרמים,1.00,"ק""ג",true,,11.90,11.9000,true,1,107845
74,true,שום ירוק טרי,ביכורי שדה דרום 2002,,שום ירוק טרי,קילוגרמים,1.00,"ק""ג",true,,14.90,14.9000,true,1,109569
81,true,לבבות חסה רומית,ביכורי שדה דרום 2002,,לבבות חסה רומית,Unknown,0.00,Unknown,false,1,8.90,0.0000,true,1,109583
87,true,מנגולד ארוז,,,מנגולד ארוז,Unknown,0.00,Unknown,false,1,5.90,0.0000,true,1,109590
90,true,נבטים,ביכורי שדה דרום 2002,,נבטים,Unknown,0.00,Unknown,false,1,5.90,0.0000,true,1,109594
94,true,מלפפון מיני ארוז,,,מלפפון מיני ארוז,Unknown,0.00,Unknown,false,1,9.90,0.0000,true,1,110231
96,true,פטריות במשקל,מרינה פטריות הגליל,,פטריות במשקל,קילוגרמים,1.00,"ק""ג",true,,29.90,29.9000,true,1,109003
97,true,שום יבש,,,שום יבש,Unknown,0.00,Unknown,false,1,7.90,0.0000,true,1,108613
101,true,תירס ארוז,ביכורי שדה דרום 2002,,תירס ארוז,קילוגרמים,1.00,"ק""ג",true,,9.90,9.9000,true,1,106674
102,true,בטטה,ביכורי שדה דרום 2002,,בטטה,קילוגרמים,1.00,"ק""ג",true,,9.90,9.9000,true,1,106449
104,true,תפוח אדמה לבן,ביכורי שדה דרום 2002,,"תפו""א לבן",קילוגרמים,1.00,"ק""ג",true,,4.90,4.9000,true,1,106451
105,true,תפוח אדמה אדום,ביכורי שדה דרום 2002,,"תפו""א אדום",קילוגרמים,1.00,"ק""ג",true,,5.90,5.9000,true,1,106452
106,true,תפוח עץ ורוד,ביכורי שדה דרום 2002,,"תפו""ע ורוד",קילוגרמים,1.00,"ק""ג",true,,13.90,13.9000,true,1,106676
107,true,תפוח עץ חרמון/סטרקינ,ביכורי שדה דרום 2002,,"תפו""ע חרמון/סטרקינג",קילוגרמים,1.00,"ק""ג",true,,11.90,11.9000,true,1,106586
108,true,אגס ירוק,ביכורי שדה דרום 2002,,אגס ירוק,קילוגרמים,1.00,"ק""ג",true,,11.90,11.9000,true,1,106587
110,true,בננה,ביכורי שדה דרום 2002,,בננה,קילוגרמים,1.00,"ק""ג",true,,6.90,6.9000,true,1,106467
111,true,ענב לבן,ביכורי שדה דרום 2002,,ענב לבן,קילוגרמים,1.00,"ק""ג",true,,19.90,19.9000,true,1,110864
112,true,ענב שחור,ביכורי שדה דרום 2002,,ענב שחור,קילוגרמים,1.00,"ק""ג",true,,19.50,19.5000,true,1,106835
113,true,שזיף אדום,ביכורי שדה דרום 2002,,שזיף אדום,קילוגרמים,1.00,"ק""ג",true,,17.90,17.9000,true,1,106698
114,true,שזיף לבן,ביכורי שדה דרום 2002,,שזיף לבן,קילוגרמים,1.00,"ק""ג",true,,23.90,23.9000,true,1,106487
116,true,אפרסק,ביכורי שדה דרום 2002,,אפרסק,קילוגרמים,1.00,"ק""ג",true,,11.90,11.9000,true,1,110883
117,true,נקטרינה,ביכורי שדה דרום 2002,,נקטרינה,קילוגרמים,1.00,"ק""ג",true,,11.90,11.9000,true,1,106513
118,true,מנגו,ביכורי שדה דרום 2002,,מנגו,קילוגרמים,1.00,"ק""ג",true,,12.90,12.9000,true,1,106529
121,true,תפוזינה,ביכורי שדה דרום 2002,,תפוזינה,קילוגרמים,1.00,"ק""ג",true,,6.90,6.9000,true,1,109637
123,true,אשכולית לבנה,ביכורי שדה דרום 2002,,אשכולית,קילוגרמים,1.00,"ק""ג",true,,7.90,7.9000,true,1,107592
125,true,לימון,ביכורי שדה דרום 2002,,לימון,קילוגרמים,1.00,"ק""ג",true,,8.90,8.9000,true,1,106622
126,true,קלמנטינה,ביכורי שדה דרום 2002,,קלמנטינה,קילוגרמים,1.00,"ק""ג",true,,7.50,7.5000,true,1,110929
127,true,פומלה אדומה,ביכורי שדה דרום 2002,,פומלה אדומה,קילוגרמים,1.00,"ק""ג",true,,7.90,7.9000,true,1,110930
128,true,פומלית,ביכורי שדה דרום 2002,,פומלית,קילוגרמים,1.00,"ק""ג",true,,7.90,7.9000,true,1,107596
129,true,אבוקדו,ביכורי שדה דרום 2002,,אבוקדו,קילוגרמים,1.00,"ק""ג",true,,12.90,12.9000,true,1,108154
130,true,פלפל שושקה,,,פלפל שושקה,קילוגרמים,1.00,"ק""ג",true,,13.90,13.9000,true,1,106627
131,true,אפרסמון,ביכורי שדה דרום 2002,,אפרסמון,קילוגרמים,1.00,"ק""ג",true,,14.90,14.9000,true,1,110931
132,true,קיווי,ביכורי שדה דרום 2002,,קיווי,קילוגרמים,1.00,"ק""ג",true,,16.90,16.9000,true,1,108171
134,true,אנונה,ביכורי שדה דרום 2002,,אנונה,קילוגרמים,1.00,"ק""ג",true,,21.90,21.9000,true,1,110329
139,true,רימון,ביכורי שדה דרום 2002,,רימון,קילוגרמים,1.00,"ק""ג",true,,8.90,8.9000,true,1,108179
141,true,לימון סיני/ליים,ביכורי שדה דרום 2002,,לימון סיני/ליים,קילוגרמים,1.00,"ק""ג",true,,11.90,11.9000,true,1,108182
143,true,אננס,ביכורי שדה דרום 2002,,אננס,Unknown,0.00,Unknown,false,1,29.90,0.0000,true,1,110945
144,true,תמרים צהובים/אדומים,ביכורי שדה דרום 2002,,תמרים צהובים/אדומים טריים,קילוגרמים,1.00,"ק""ג",true,,14.90,14.9000,true,1,108184
146,true,פטאיה,,,פטאיה,קילוגרמים,1.00,"ק""ג",true,,29.90,29.9000,true,1,109087
150,true,חמציץ,,,חמציץ,Unknown,0.00,Unknown,false,1,9.90,0.0000,true,1,106726
151,true,קרמבולה,ביכורי שדה דרום 2002,,קרמבולה,קילוגרמים,1.00,"ק""ג",true,,29.90,29.9000,true,1,134157
152,true,אבטיח,ביכורי שדה דרום 2002,,אבטיח,קילוגרמים,1.00,"ק""ג",true,,5.90,5.9000,true,1,106875
153,true,פטרוזיליה ארוזה,,,פטרוזיליה ארוזה,Unknown,0.00,Unknown,false,1,3.90,0.0000,true,1,106876
157,true,קובו,ירק הגליל,,קובו,קילוגרמים,1.00,"ק""ג",true,,27.90,27.9000,true,1,108210
159,true,אפרסמון קרמבו,ירק הגליל,,אפרסמון קרמבו,קילוגרמים,1.00,"ק""ג",true,,14.90,14.9000,true,1,109699
160,true,תפוח עץ יונתן,ביכורי שדה דרום 2002,,"תפו""ע יונתן",קילוגרמים,1.00,"ק""ג",true,,11.90,11.9000,true,1,106887
166,true,קוקוס,ביכורי שדה דרום 2002,,קוקוס,Unknown,0.00,Unknown,false,1,7.90,0.0000,true,1,106898
171,true,תפוח אדמה למיקרו 700,ביכורי שדה דרום 2002,,"תפו""א למיקרו",גרמים,700.00,100 גרם,false,1,7.90,1.1286,true,1,106903
173,true,אוכמניות טריות,פרי וירק טמרה ושותפי,,אוכמניות,Unknown,0.00,Unknown,false,1,14.90,0.0000,true,1,106769
175,true,פאפיה,ביכורי שדה דרום 2002,,פאפיה,קילוגרמים,1.00,"ק""ג",true,,19.90,19.9000,true,1,110997
179,true,דלעת ערמונים,ירק הגליל,,דלעת ערמונים,קילוגרמים,1.00,"ק""ג",true,,14.90,14.9000,true,1,159591
182,true,שורש פטרוזיליה,פרי וירק טמרה ושותפי,,שורש פטרוזיליה,Unknown,0.00,Unknown,false,1,4.90,0.0000,true,1,107642
184,true,שורש חזרת,,,שורש חזרת,קילוגרמים,1.00,"ק""ג",true,,38.90,38.9000,true,1,109149
185,true,אשכולית אדומה,ביכורי שדה דרום 2002,,אשכולית אדומה,קילוגרמים,1.00,"ק""ג",true,,7.90,7.9000,true,1,106935
186,true,גינגיר ארוז,,,"ג""ינג""יר ארוז",Unknown,0.00,Unknown,false,1,11.90,0.0000,true,1,107657
187,true,אגס חום,ביכורי שדה דרום 2002,,אגס חום,קילוגרמים,1.00,"ק""ג",true,,16.90,16.9000,true,1,108395
193,true,תפוח עץ אודם,ביכורי שדה דרום 2002,,תפוח עץ אודם,קילוגרמים,1.00,"ק""ג",true,,11.90,11.9000,true,1,111026
206,true,שווארמה הודו אפויה,,,סרדלקה סביניה/סוסיסק,קילוגרמים,1.00,"ק""ג",true,,119.00,119.0000,true,1,106846
210,true,נקניקיות עוף,ישרקו שיווק מותגי מז,,נקניקיות עוף,קילוגרמים,1.00,"ק""ג",true,,32.00,32.0000,true,1,109190
241,true,רו בייקון,ישרקו שיווק מותגי מז,,רו בייקון,קילוגרמים,1.00,"ק""ג",true,,269.00,269.0000,true,1,107712
244,true,חטיפי קבנוס רו,ישרקו שיווק מותגי מז,,חטיפי קבנוס רו,קילוגרמים,1.00,"ק""ג",true,,179.00,179.0000,true,1,110447
252,true,סלמי טורו,ישרקו שיווק מותגי מז,,סלמי סלמין,קילוגרמים,1.00,"ק""ג",true,,159.00,159.0000,true,1,133914
300,true,נקניקיות פרנקפורטר,זילבר תעשיות מוצרי ב,,נקניקיות עגל,קילוגרמים,1.00,"ק""ג",true,,59.00,59.0000,true,1,107749
301,true,שוק שלם,זילבר תעשיות מוצרי ב,,שוק שלם,קילוגרמים,1.00,"ק""ג",true,,129.00,129.0000,true,1,108627
302,true,נקניקיות קנקרס,זילבר תעשיות מוצרי ב,,קנקר,קילוגרמים,1.00,"ק""ג",true,,59.00,59.0000,true,1,108628
303,true,בוזנינה אוריגינל,זילבר תעשיות מוצרי ב,,"בוז""נינה אוריגינל",קילוגרמים,1.00,"ק""ג",true,,139.00,139.0000,true,1,107755
311,true,צובאי עבה,זילבר תעשיות מוצרי ב,,צובאי עבה,קילוגרמים,1.00,"ק""ג",true,,89.00,89.0000,true,1,108633
316,true,מיני שוק,זילבר תעשיות מוצרי ב,,מיני שוק,קילוגרמים,1.00,"ק""ג",true,,119.00,119.0000,true,1,109236
317,true,פסטרמה צוואר מעושן,זילבר תעשיות מוצרי ב,,פסטרמה צוואר מעושן,קילוגרמים,1.00,"ק""ג",true,,169.00,169.0000,true,1,108634
319,true,שפק מעושן,זילבר תעשיות מוצרי ב,,שפק,קילוגרמים,1.00,"ק""ג",true,,199.00,199.0000,true,1,107482
321,true,בוזנינה טירימוק,זילבר תעשיות מוצרי ב,,"בוז""נינה טירימוק",קילוגרמים,1.00,"ק""ג",true,,119.00,119.0000,true,1,107759
322,true,בק בייקון,זילבר תעשיות מוצרי ב,,בק ביקון,קילוגרמים,1.00,"ק""ג",true,,119.00,119.0000,true,1,109240
323,true,נקניקיות קוקטייל בוא,זילבר תעשיות מוצרי ב,,נקניק דוקטורסקיה,קילוגרמים,1.00,"ק""ג",true,,59.00,59.0000,true,1,111110
330,true,חזה הודו ברביקיו/פלפ,זילבר תעשיות מוצרי ב,,חזה הודו ברביקיו/פלפ,קילוגרמים,1.00,"ק""ג",true,,59.00,59.0000,true,1,109868
339,true,נקניקיות סוצי,,,נקניקיות בנגי,קילוגרמים,1.00,"ק""ג",true,,69.00,69.0000,true,1,197469
354,true,סרדלקה קינדר,מעדני בשר יהודה,,סרדלקה קינדר,קילוגרמים,1.00,"ק""ג",true,,29.00,29.0000,true,1,107764
355,true,סלמי פרח/צרפתי/מסקוב,מעדני בשר יהודה,,נקניקים מעושנים פרוס,קילוגרמים,1.00,"ק""ג",true,,95.00,95.0000,true,1,107487
358,true,וטצינה עגל הודו,מעדני בשר יהודה,,"וטצ""ינה עגל-הודו",קילוגרמים,1.00,"ק""ג",true,,59.00,59.0000,true,1,108066
363,true,סרדלקה עגל,מעדני בשר יהודה,,סרדלקה עגל,קילוגרמים,1.00,"ק""ג",true,,35.00,35.0000,true,1,108644
368,true,נקניק בייגלה,מעדני בשר יהודה,,נקניק בייגלה,קילוגרמים,1.00,"ק""ג",true,,59.00,59.0000,true,1,107039
371,true,נקניק מורטדלה,מעדני בשר יהודה,,נקניק מורטדלה,קילוגרמים,1.00,"ק""ג",true,,42.00,42.0000,true,1,108646
373,true,פריזר מיני/ עם שום/,מעדני בשר יהודה,,פריזר מיני,קילוגרמים,1.00,"ק""ג",true,,42.00,42.0000,true,1,108072
375,true,פסטרמה הודו ברבקיו/מ,מעדני בשר יהודה,,פסטרמה הודו ברבקיו/מעושנת/חרמון/רומנית,קילוגרמים,1.00,"ק""ג",true,,59.00,59.0000,true,1,108647
376,true,נקניק עוף,מעדני בשר יהודה,,נקניק עוף,קילוגרמים,1.00,"ק""ג",true,,49.00,49.0000,true,1,111122
378,true,חזה בקר מעושן/פלפל,מעדני בשר יהודה,,חזה בקר מעושן/פלפל,קילוגרמים,1.00,"ק""ג",true,,79.00,79.0000,true,1,110505
379,true,נקניק תה רוסי,זילבר תעשיות מוצרי ב,,נקניק תה רוסי,קילוגרמים,1.00,"ק""ג",true,,69.00,69.0000,true,1,111123
381,true,פסטרמה הודו פרפר מעו,מעדני בשר יהודה,,פסטרמה הודו פרפר חוט,קילוגרמים,1.00,"ק""ג",true,,65.00,65.0000,true,1,107040
382,true,חזה הודו מעודן,מעדני בשר יהודה,,חזה הודו מעודן,קילוגרמים,1.00,"ק""ג",true,,95.00,95.0000,true,1,108074
387,true,קבנוס/ קבנוס פיקנטי,מעדני בשר יהודה,,קבנוס/ קבנוס פיקנטי,קילוגרמים,1.00,"ק""ג",true,,59.00,59.0000,true,1,111124
389,true,נקניקיות פס אדום/ שח,מעדני בשר יהודה,,נקניקיות פס אדום/ שח,קילוגרמים,1.00,"ק""ג",true,,29.00,29.0000,true,1,111125
392,true,נקניק צרקסקיה,,,נקניק צרקסקיה,קילוגרמים,1.00,"ק""ג",true,,119.00,119.0000,true,1,109251
701,true,נקניק מולוצניה,מעדני רובינשטיין תעש,,נקניק מולוצניה,קילוגרמים,1.00,"ק""ג",true,,49.00,49.0000,true,1,110643
705,true,נקניקיות עוף/בוואקום,,,נקניקיות עוף/בוואקום,קילוגרמים,1.00,"ק""ג",true,,35.00,35.0000,true,1,108308
783,true,קוטלט הודו,מעדני רובינשטיין תעש,,קוטלט הודו,קילוגרמים,1.00,"ק""ג",true,,129.00,129.0000,true,1,108027
800,true,תה מעושן רחב,נקניק נהריה כשר זוגל,,תה מעושן רחב,קילוגרמים,1.00,"ק""ג",true,,45.00,45.0000,true,1,109578
845,true,סרדלקי סביניה,מעדני בשר השוקת,,סרדלקי סביניה,קילוגרמים,1.00,"ק""ג",true,,75.00,75.0000,true,1,110216
846,true,דוקטורסקיה דימוב,מעדני בשר השוקת,,דוקטורסקיה דימוב,קילוגרמים,1.00,"ק""ג",true,,85.00,85.0000,true,1,111431
847,true,מולוצניה דימוב,מעדני בשר השוקת,,"מולוצ""ניה דימוב",קילוגרמים,1.00,"ק""ג",true,,85.00,85.0000,true,1,111432
849,true,ליברניה,מעדני בשר השוקת,,ליברניה,קילוגרמים,1.00,"ק""ג",true,,79.00,79.0000,true,1,108566
852,true,קרבונט טרפזני,מעדני בשר השוקת,,קרבונט טרפזני,קילוגרמים,1.00,"ק""ג",true,,72.00,72.0000,true,1,107413
855,true,מוסקובסקיה דימוב,מעדני בשר השוקת,,מוסקובסקיה דימוב,קילוגרמים,1.00,"ק""ג",true,,135.00,135.0000,true,1,107414
856,true,סרוולט דימוב,מעדני בשר השוקת,,סרוולט דימוב,קילוגרמים,1.00,"ק""ג",true,,99.00,99.0000,true,1,107415
861,true,בראונשווייגסקיה חי,מעדני בשר השוקת,,בראונשווייגסקיה חי,קילוגרמים,1.00,"ק""ג",true,,159.00,159.0000,true,1,110219
862,true,מוסקובסקיה דימוב חי,מעדני בשר השוקת,,מוסקובסקיה דימוב חי,קילוגרמים,1.00,"ק""ג",true,,159.00,159.0000,true,1,108047
865,true,וטצינה לארוחת בוקר,מעדני בשר השוקת,,"וטצ""ינה לארוחת בוקר",קילוגרמים,1.00,"ק""ג",true,,85.00,85.0000,true,1,109588
888,true,נקניק חי סלמי סוגוק,ישרקו שיווק מותגי מז,,נקניק חי סלמי סוגוק,קילוגרמים,1.00,"ק""ג",true,,155.00,155.0000,true,1,180124
893,true,סרוולט איטלקי,,,סרוולט איטלקי,קילוגרמים,1.00,"ק""ג",true,,109.00,109.0000,true,1,181451
896,true,סלמי מוסקובסקיה,,,סלמי מוסקובסקיה,קילוגרמים,1.00,"ק""ג",true,,105.90,105.9000,true,1,108049
911,true,פולקה איטלקי,מעדני בשר השוקת,,פולקה איטלקי,קילוגרמים,1.00,"ק""ג",true,,95.00,95.0000,true,1,108052
915,true,לוביטלסקיה חצי,מעדני בשר השוקת,,לוביטלסקיה חצי,קילוגרמים,1.00,"ק""ג",true,,85.00,85.0000,true,1,110837
917,true,דוקטורסקיה חצי,מעדני בשר השוקת,,דוקטורסקיה חצי,קילוגרמים,1.00,"ק""ג",true,,85.00,85.0000,true,1,108996
920,true,בוזנינה,מעדני בשר השוקת,,"בוז""נינה",קילוגרמים,1.00,"ק""ג",true,,109.00,109.0000,true,1,110228
925,true,צוואר מעושן,מעדני בשר השוקת,,צוואר מעושן,קילוגרמים,1.00,"ק""ג",true,,109.00,109.0000,true,1,108059
943,true,אודסקיה,מעדני בשר השוקת,,אודסקיה,קילוגרמים,1.00,"ק""ג",true,,79.00,79.0000,true,1,109609
951,true,סלמי פיקולו,,,סלמי פיקולו,קילוגרמים,1.00,"ק""ג",true,,169.00,169.0000,true,1,195031
952,true,נקניק הרץ בעישון קר,,,נקניק הרץ בעישון קר,קילוגרמים,1.00,"ק""ג",true,,165.00,165.0000,true,1,195029
960,true,סאלו מעושן/אוקראיני,,,סאלו מעושן/אוקראיני,קילוגרמים,1.00,"ק""ג",true,,59.90,59.9000,true,1,110234
961,true,שפק מעושן חצי,מעדני בשר השוקת,,שפק מעושן -חצי,קילוגרמים,1.00,"ק""ג",true,,139.00,139.0000,true,1,108611
988,true,נקניק סרוולט,,,סרוולט,קילוגרמים,1.00,"ק""ג",true,,159.00,159.0000,true,1,210216
989,true,נקניק סלמי צרפתי,,,סלמי צרפתי,קילוגרמים,1.00,"ק""ג",true,,159.00,159.0000,true,1,210217
1000,true,שאריות נקניקים,,,שאריות נקניקים,קילוגרמים,1.00,"ק""ג",true,,39.00,39.0000,true,1,106610
1001,true,שאריות אסורטי,,,שאריות אסורטי,קילוגרמים,1.00,"ק""ג",true,,49.00,49.0000,true,1,106812
1064,true,קנקרס בקר,,,קנקרס בקר,קילוגרמים,1.00,"ק""ג",true,,19.00,19.0000,true,1,135263
1066,true,נקניק יזיקוביה,,,נקניק יזיקוביה,קילוגרמים,1.00,"ק""ג",true,,36.00,36.0000,true,1,135276
1067,true,נקניק מוסקובסקיה,,,נקניק מוסקובסקיה,קילוגרמים,1.00,"ק""ג",true,,69.00,69.0000,true,1,135272
1068,true,נקניק סרוולט,,,נקניק סרוולט,קילוגרמים,1.00,"ק""ג",true,,69.00,69.0000,true,1,135271
1069,true,נקניק לוביטלסקיה מעו,,,נקניק לוביטלסקיה מעו,קילוגרמים,1.00,"ק""ג",true,,45.00,45.0000,true,1,135270
1079,true,חזה בקר מעושן,קרלברג ייצור ושיווק,,מוסקובסקייה,קילוגרמים,1.00,"ק""ג",true,,76.00,76.0000,true,1,164857
1080,true,חזה בקר צילי,,,נקניק פלרמו,קילוגרמים,1.00,"ק""ג",true,,76.00,76.0000,true,1,181434
1115,true,נקניקיות וינה,מעדני מניה תעשיות בש,,נקניקיות וינה,קילוגרמים,1.00,"ק""ג",true,,35.00,35.0000,true,1,110245
1125,true,קוניאק ניקול שלם,מעדני מניה תעשיות בש,,קוניאק ניקול שלם,קילוגרמים,1.00,"ק""ג",true,,152.00,152.0000,true,1,110872
1154,true,כנפיים עוף מעושנות,,,כנפיים עוף מעושנות,קילוגרמים,1.00,"ק""ג",true,,19.00,19.0000,true,1,135286
1155,true,עוף מעושן,,,עוף מעושן,קילוגרמים,1.00,"ק""ג",true,,39.00,39.0000,true,1,135266
1160,true,קוטלט פילה הודו,,,קוטלט פילה הודו,קילוגרמים,1.00,"ק""ג",true,,79.00,79.0000,true,1,135753
1161,true,נקניק ביתי מעושן,,,נקניק ביתי מעושן,קילוגרמים,1.00,"ק""ג",true,,45.00,45.0000,true,1,135283
1162,true,מיני דוקטורסקיה,,,מיני דוקטורסקיה,קילוגרמים,1.00,"ק""ג",true,,26.00,26.0000,true,1,135265
1165,true,נקניק מיני לוביטלסקי,,,נקניק מיני לוביטלסקי,קילוגרמים,1.00,"ק""ג",true,,33.00,33.0000,true,1,135280
1166,true,נקניק יזיקוביה מיני,,,נקניק יזיקוביה מיני,קילוגרמים,1.00,"ק""ג",true,,36.00,36.0000,true,1,135284
1167,true,נקניק מוסקובסקיה שלם,,,נקניק מוסקובסקיה שלם,קילוגרמים,1.00,"ק""ג",true,,66.00,66.0000,true,1,135278
1168,true,נקניק סרוולט שלם,,,נקניק סרוולט שלם,קילוגרמים,1.00,"ק""ג",true,,66.00,66.0000,true,1,135281
1171,true,פסטרמה הודו בדבש,קרלברג ייצור ושיווק,,נקניק אגוזית,קילוגרמים,1.00,"ק""ג",true,,59.00,59.0000,true,1,164867
1172,true,פסטרמה הודו גחלים,קרלברג ייצור ושיווק,,נקניק צרסקיה,קילוגרמים,1.00,"ק""ג",true,,59.00,59.0000,true,1,164861
1173,true,פסטרמה הודו פלפל,קרלברג ייצור ושיווק,,נקניק דבוריאנסקיה,קילוגרמים,1.00,"ק""ג",true,,59.00,59.0000,true,1,164863
1178,true,כתף בקר בשום,קרלברג ייצור ושיווק,,נקניק הרץ שלם,קילוגרמים,1.00,"ק""ג",true,,85.00,85.0000,true,1,164862
1218,true,פסטרמה הודו עם אווז,ישרקו שיווק מותגי מז,,פסטרמה הודו עם אווז,קילוגרמים,1.00,"ק""ג",true,,139.00,139.0000,true,1,106702
1262,true,דג מקרל נורווגי,,,דג מקרל נורווגי,קילוגרמים,1.00,"ק""ג",true,,29.99,29.9900,true,1,106626
1273,true,קופה איטליאנה,,,קופה איטליאנה,קילוגרמים,1.00,"ק""ג",true,,259.00,259.0000,true,1,220825
1302,true,נקניקיות קנקרס בואקו,זילבר תעשיות מוצרי ב,,קנקר בואקום,קילוגרמים,1.00,"ק""ג",true,,59.00,59.0000,true,1,207728
1305,true,פסטרמה שייטל,זילבר תעשיות מוצרי ב,,"פסטרמה שייטל/צ""ך",קילוגרמים,1.00,"ק""ג",true,,119.00,119.0000,true,1,106630
1307,true,פסטרמה צאך,,,פסטרמה צאך,קילוגרמים,1.00,"ק""ג",true,,119.00,119.0000,true,1,210951
1319,true,פריזר ילדים,זילבר תעשיות מוצרי ב,,פריזר ילדים,קילוגרמים,1.00,"ק""ג",true,,65.00,65.0000,true,1,215626
1320,true,שולטר אמריקאי מעושן,זילבר תעשיות מוצרי ב,,שולטר אמריקאי מעושן,קילוגרמים,1.00,"ק""ג",true,,109.00,109.0000,true,1,210953
1329,true,נקניק ראש בבוט,זילבר תעשיות מוצרי ב,,נקניק ראש בבוט,קילוגרמים,1.00,"ק""ג",true,,69.00,69.0000,true,1,134616
1330,true,נקניקיות פרנקפורטר ב,זילבר תעשיות מוצרי ב,,נקניקיות עגל בואקום,קילוגרמים,1.00,"ק""ג",true,,59.00,59.0000,true,1,207730
1364,true,סרדלקי עגל בוואקום,מעדני בשר יהודה,,סרדלקי עגל בוואקום,קילוגרמים,1.00,"ק""ג",true,,35.00,35.0000,true,1,163075
1366,true,סרדלקה סליבוצניה בוו,מעדני בשר יהודה,,סרדלקה סליווצניה בוואקום,קילוגרמים,1.00,"ק""ג",true,,35.00,35.0000,true,1,163027
1371,true,כתף בקר,מעדני בשר יהודה,,כתף בקר,קילוגרמים,1.00,"ק""ג",true,,95.00,95.0000,true,1,109877
1372,true,פריזר מעושן פרימיום,מעדני בשר יהודה,,פריזר מעושן פרימיום,קילוגרמים,1.00,"ק""ג",true,,45.00,45.0000,true,1,158346
1374,true,רוסטביף,מעדני בשר יהודה,,רוסטביף,קילוגרמים,1.00,"ק""ג",true,,95.00,95.0000,true,1,110331
1376,true,פסטרמה הודו פרפר בר,מעדני בשר יהודה,,פסטרמה פרפר הודו ברשת,קילוגרמים,1.00,"ק""ג",true,,65.00,65.0000,true,1,136089
1377,true,נקניק ביתי דיברובסקי,מעדני בשר יהודה,,נקניק ביתי דיברובסקיה,קילוגרמים,1.00,"ק""ג",true,,65.00,65.0000,true,1,158545
1379,true,נקניק תה רוסי מיני,זילבר תעשיות מוצרי ב,,פריזר ילדים,קילוגרמים,1.00,"ק""ג",true,,69.00,69.0000,true,1,157498
1389,true,נקניקיות פס אדום/שחו,מעדני בשר יהודה,,נקניקיות פס אדום/שחור בוואקום,קילוגרמים,1.00,"ק""ג",true,,29.00,29.0000,true,1,134120
1392,true,נקניק צרקסקיה שלם,,,נקניק צרקסקיה שלם,קילוגרמים,1.00,"ק""ג",true,,116.00,116.0000,true,1,188929
1394,true,פסטרמה סטוליצניה,"ולדמן ביח""ר לנקניק ו",,פסטרמה סטוליצניה,קילוגרמים,1.00,"ק""ג",true,,135.00,135.0000,true,1,180431
1426,true,פולטבסקיה שלם,"ולדמן ביח""ר לנקניק ו",,פולטבסקיה שלם,קילוגרמים,1.00,"ק""ג",true,,116.00,116.0000,true,1,109688
1559,true,נקניק רוסקיה שלם,מעדני מניה תעשיות בש,,נקניק רוסקיה,קילוגרמים,1.00,"ק""ג",true,,152.00,152.0000,true,1,109096
1570,true,סרוולט שלם,מעדני מניה תעשיות בש,,סרוולט,קילוגרמים,1.00,"ק""ג",true,,156.00,156.0000,true,1,106736
1592,true,נקניקיות בוואריה,,,פירורי לחם,קילוגרמים,1.00,"ק""ג",true,,35.00,35.0000,true,1,205335
1612,true,פריזר צאיניה מיני,קרלברג ייצור ושיווק,,כנפיים הודו מעושן,קילוגרמים,1.00,"ק""ג",true,,79.00,79.0000,true,1,180433
1705,true,נקניקיות קנקרס/בוואק,,,נקניקיות קנקרס/בוואקום,קילוגרמים,1.00,"ק""ג",true,,35.00,35.0000,true,1,230193
1836,true,נקניק חי נבסקיה שלם,,,נקניק חי נבסקיה שלם,קילוגרמים,1.00,"ק""ג",true,,119.00,119.0000,true,1,110387
1839,true,סלמי יברייסקיה שלם,מעדני מניה תעשיות בש,,סלמי יברייסקיה שלם,קילוגרמים,1.00,"ק""ג",true,,146.00,146.0000,true,1,109148
1841,true,נקניק סלמי גרמני שלם,מעדני בשר השוקת,,נקניק סלמי גרמני שלם,קילוגרמים,1.00,"ק""ג",true,,150.00,150.0000,true,1,159327
1846,true,נקניק דוקטורסקיה דימ,,,נקניק דוקטורסקיה דימוב,קילוגרמים,1.00,"ק""ג",true,,85.00,85.0000,true,1,192801
1847,true,נקניק מולוצניה דימוב,,,נקניק מולוצניה דימוב,קילוגרמים,1.00,"ק""ג",true,,85.00,85.0000,true,1,192802
1856,true,סרוולט דימוב שלם,מעדני בשר השוקת,,סרוולט דימוב שלם,קילוגרמים,1.00,"ק""ג",true,,95.00,95.0000,true,1,107655
1857,true,סלמי פינסקיה דימוב ש,מעדני בשר השוקת,,סלמי פינסקיה דימוב שלם,קילוגרמים,1.00,"ק""ג",true,,96.00,96.0000,true,1,109757
1858,true,בליקוביה דימוב שלם,מעדני בשר השוקת,,בליקוביה דימוב שלם,קילוגרמים,1.00,"ק""ג",true,,105.00,105.0000,true,1,109758
1861,true,בראונשווייגסקיה חי ש,מעדני בשר השוקת,,בראונשווייגסקיה חי ש,קילוגרמים,1.00,"ק""ג",true,,159.00,159.0000,true,1,106791
1862,true,מוסקובסקיה דימוב חי,מעדני בשר השוקת,,מוסקובסקיה דימוב חי,קילוגרמים,1.00,"ק""ג",true,,159.00,159.0000,true,1,107658
1863,true,סרוולט דימוב חי שלם,מעדני בשר השוקת,,סרוולט דימוב חי שלם,קילוגרמים,1.00,"ק""ג",true,,159.00,159.0000,true,1,110392
1868,true,נקניק חי סרוולט בלגי,קרלברג ייצור ושיווק,,נקניק חי סרוולט בלגי דימוב שלם,קילוגרמים,1.00,"ק""ג",true,,165.00,165.0000,true,1,138907
1888,true,נקניק חי סלמי סוגוק,ישרקו שיווק מותגי מז,,נקניק חי סלמי סוגוק,קילוגרמים,1.00,"ק""ג",true,,152.00,152.0000,true,1,180123
1895,true,גרודינקה,מעדני בשר השוקת,,גרודינקה,קילוגרמים,1.00,"ק""ג",true,,139.00,139.0000,true,1,109159
1896,true,סלמי מוסקובסקיה שלם,,,סלמי מוסקובסקיה שלם,קילוגרמים,1.00,"ק""ג",true,,102.90,102.9000,true,1,111016
1907,true,נקניק מוסקובסקיה שלם,,,נקניק מוסקובסקיה שלם,קילוגרמים,1.00,"ק""ג",true,,64.90,64.9000,true,1,109166
1939,true,נקניק פרח שלם,,,נקניק פרח שלם,קילוגרמים,1.00,"ק""ג",true,,52.90,52.9000,true,1,106801
1940,true,נקניק פריזר רוסי 500,,,נקניק פריזר רוסי 500,פריט,0.00,פריט,false,,22.99,0.0000,true,1,140039
1945,true,קרקובסקיה שלם,,,קרקובסקיה שלם,קילוגרמים,1.00,"ק""ג",true,,46.90,46.9000,true,1,106803
2027,true,גבינה סינפוניה קשה ב,,,גבינה סינפוניה קשה ביין לבן,קילוגרמים,1.00,"ק""ג",true,,189.00,189.0000,true,1,108508
2094,true,תחליף גבינה דניש קומ,מחלבת עברי,,גבינה צפתית חצי קשה 9%,קילוגרמים,1.00,"ק""ג",true,,69.00,69.0000,true,1,183893
2113,true,אורדה יוונית,מחלבת עברי,,אורדה יוונית,קילוגרמים,1.00,"ק""ג",true,,45.00,45.0000,true,1,109191
2116,true,גבינה קשה סן סימון ל,,,גבינה קשה סן סימון למחצה,קילוגרמים,1.00,"ק""ג",true,,169.00,169.0000,true,1,106851
2124,true,גבינה קשה איבריקו מח,,,גבינה קשה איבריקו מחלב פרה וצאן,קילוגרמים,1.00,"ק""ג",true,,119.00,119.0000,true,1,160576
2127,true,רולדה גבינת עיזים בט,,,רולדה גבינת עיזים בטעמים,קילוגרמים,1.00,"ק""ג",true,,149.00,149.0000,true,1,160579
2144,true,תחליף גבינה גאודה עם,,,תחליף גבינה גאודה עם חמניות,קילוגרמים,1.00,"ק""ג",true,,79.00,79.0000,true,1,186042
2145,true,תחליף גבינה גאודה עם,,,תחליף גבינה גאודה עם עגבניות ושום,קילוגרמים,1.00,"ק""ג",true,,79.00,79.0000,true,1,186043
2170,true,קאש 5%,טריקטה,,קאש 5%,קילוגרמים,1.00,"ק""ג",true,,49.00,49.0000,true,1,187449
2188,true,גבינה אמנטל צרפתי,,,גבינה אמנטל צרפתי,קילוגרמים,1.00,"ק""ג",true,,109.00,109.0000,true,1,194236
2196,true,גבינה צדר גרמני לבן,,,גבינת צדר גרמני לבן,קילוגרמים,1.00,"ק""ג",true,,89.00,89.0000,true,1,200034
2197,true,טבורוג 0%,,,טבורוג 0%,קילוגרמים,1.00,"ק""ג",true,,29.00,29.0000,true,1,200036
2236,true,גבינה אולד אמסטרדם ג,,,"גבינה באוסקס/ריז""סקי",קילוגרמים,1.00,"ק""ג",true,,149.00,149.0000,true,1,106966
2259,true,תחליף טבורוג דרבנסקי,,,תחליף טבורוג דרבנסקי,קילוגרמים,1.00,"ק""ג",true,,29.00,29.0000,true,1,184419
2260,true,גבינה גאודה צילי,לנדנה,,גבינה גאודה צילי,קילוגרמים,1.00,"ק""ג",true,,99.00,99.0000,true,1,182762
2268,true,גבינת עיזים גאודה מי,,,גבינה עיזים גאודה מיושן,קילוגרמים,1.00,"ק""ג",true,,129.00,129.0000,true,1,198929
2269,true,גבינה צדר אנגלי,,,גבינה צדר אנגלי,קילוגרמים,1.00,"ק""ג",true,,89.00,89.0000,true,1,199581
2277,true,גבינה גרוייר ריזרב מ,,,גבינה גרוייר ריזרב משולש,קילוגרמים,1.00,"ק""ג",true,,199.00,199.0000,true,1,205718
2281,true,גבינה גאודה עיזים כמ,,,גבינה גאודה עיזים כמהין,קילוגרמים,1.00,"ק""ג",true,,189.00,189.0000,true,1,206237
2283,true,גבינה גאודה הולנדית,,,גבינה גאודה הולנדית פירות יער חלב עיזים,קילוגרמים,1.00,"ק""ג",true,,159.00,159.0000,true,1,206239
2510,true,גבינה עמק,,,עמק משקל,קילוגרמים,1.00,"ק""ג",true,,44.79,44.7900,true,1,109814
2512,true,גבינה טל העמק,,,גבינה טל העמק,קילוגרמים,1.00,"ק""ג",true,,65.00,65.0000,true,1,107719
2514,true,קולאז רוקפור חריץ,,,"קולאז"" רוקפור חריץ",קילוגרמים,1.00,"ק""ג",true,,149.00,149.0000,true,1,111065
2517,true,גבינה סקנדינבית,,,גבינה סקנדינבית,קילוגרמים,1.00,"ק""ג",true,,79.00,79.0000,true,1,106992
2520,true,גבינה בולגרית 24%,,,גבינה בולגרית 24%,קילוגרמים,1.00,"ק""ג",true,,59.00,59.0000,true,1,111067
2526,true,גבינה קולאז קשקבל חר,,,גבינה קולאז קשקבל חריץ 28%,קילוגרמים,1.00,"ק""ג",true,,149.00,149.0000,true,1,107721
2655,true,גבינה שוויצרי,ספומלק,,גבינה שוויצרי,קילוגרמים,1.00,"ק""ג",true,,72.00,72.0000,true,1,133386
2656,true,גבינה סלמי,ספומלק,,גבינה סלמי,קילוגרמים,1.00,"ק""ג",true,,59.00,59.0000,true,1,133387
2659,true,גבינה קייבסקי,רוקי,,גבינה קייבסקי,קילוגרמים,1.00,"ק""ג",true,,72.00,72.0000,true,1,134137
2689,true,תחליף גבינה גורמן מע,,,תחליף גבינה גורמן מעושן,קילוגרמים,1.00,"ק""ג",true,,69.00,69.0000,true,1,190133
2691,true,תחליף גבינה דברו,סבליה,,תחליף גבינה דברו,קילוגרמים,1.00,"ק""ג",true,,69.00,69.0000,true,1,190805
2692,true,תחליף גבינה רוסייסקי,סבליה,,תחליף גבינה רוסייסקי,קילוגרמים,1.00,"ק""ג",true,,69.00,69.0000,true,1,190806
2704,true,תחליף גבינה שום שמיר,,,תחליף גבינה שום שמיר,קילוגרמים,1.00,"ק""ג",true,,45.00,45.0000,true,1,200012
2743,true,גבינת גורגונזולה פיק,,,גבינת גורגונזולה פיקנטה,קילוגרמים,1.00,"ק""ג",true,,169.00,169.0000,true,1,192226
2840,true,סנט אגור,,,סנט אגור,קילוגרמים,1.00,"ק""ג",true,,189.00,189.0000,true,1,107736
2844,true,שאריות גבינה,,,שאריות גבינה,קילוגרמים,1.00,"ק""ג",true,,35.00,35.0000,true,1,107737
2906,true,גבינת גודה במשקל,,,"גבינת ""גודה"" במשקל",קילוגרמים,1.00,"ק""ג",true,,99.00,99.0000,true,1,109843
3005,true,נקניק חי ונגרסקיה,,,נקניק חי ונגרסקיה,קילוגרמים,1.00,"ק""ג",true,,79.90,79.9000,true,1,107478
3014,true,"סאלו קופצ""ונויה",,,"סאלו קופצ""ונויה",קילוגרמים,1.00,"ק""ג",true,,36.90,36.9000,true,1,109233
3105,true,נקניק וינגרסקיה שלם,,,נקניק וינגרסקיה שלם,קילוגרמים,1.00,"ק""ג",true,,75.90,75.9000,true,1,109861
3111,true,נקניק לבובסקיה בוואק,,,נקניק לבובסקיה בוואקום גוש,קילוגרמים,1.00,"ק""ג",true,,79.00,79.0000,true,1,181722
3134,true,"נקניק סרוולט סטוליצ""",,,"נקניק סרוולט סטוליצ""",קילוגרמים,1.00,"ק""ג",true,,59.90,59.9000,true,1,110494
4032,true,"סוכריות ""רושן"" רומשק",,,"סוכריות ""רושן"" רומשק",קילוגרמים,1.00,"ק""ג",true,,49.00,49.0000,true,1,107048
4033,true,"סוכריות ""רושן"" ג""לי",,,"סוכריות ""רושן"" ג""לי",קילוגרמים,1.00,"ק""ג",true,,29.00,29.0000,true,1,111131
4047,true,"סוכריות ""רושן"" ג""לי",,,"סוכריות ""רושן"" ג""לי",קילוגרמים,1.00,"ק""ג",true,,49.00,49.0000,true,1,107496
4057,true,"סוכריות ""רושן"" תות ע",,,"סוכריות ""רושן"" תות ע",קילוגרמים,1.00,"ק""ג",true,,29.00,29.0000,true,1,111134
4061,true,"סוכריות ""רושן"" נטלקה",,,"סוכריות ""רושן"" נטלקה",קילוגרמים,1.00,"ק""ג",true,,44.90,44.9000,true,1,108653
4088,true,"סוכריות ""רצ""קי""",,,"סוכריות ""רצ""קי""",קילוגרמים,1.00,"ק""ג",true,,24.90,24.9000,true,1,109881
4100,true,סוכריות 29.00,,,סוכריות 29.00,קילוגרמים,1.00,"ק""ג",true,,29.00,29.0000,true,1,110510
4101,true,סוכריות 39.00,,,סוכריות 39.00,קילוגרמים,1.00,"ק""ג",true,,39.00,39.0000,true,1,158002
4102,true,סוכריות 49.00,,,סוכריות 49.00,קילוגרמים,1.00,"ק""ג",true,,49.00,49.0000,true,1,158004
4103,true,סוכריות 59.00,,,סוכריות 59.00,קילוגרמים,1.00,"ק""ג",true,,59.00,59.0000,true,1,107061
4104,true,סוכריות 69.00,,,סוכריות 69.00,קילוגרמים,1.00,"ק""ג",true,,69.00,69.0000,true,1,110511
4105,true,סוכריות 79.00,,,סוכריות 79.00,קילוגרמים,1.00,"ק""ג",true,,79.00,79.0000,true,1,108656
4106,true,סוכריות 89.00,,,סוכריות 89.00,קילוגרמים,1.00,"ק""ג",true,,89.00,89.0000,true,1,158003
4107,true,סוכריות 99.00,,,סוכריות 99.00,קילוגרמים,1.00,"ק""ג",true,,99.00,99.0000,true,1,107501
4108,true,סוכריות 19.00,,,סוכריות 19.00,קילוגרמים,1.00,"ק""ג",true,,19.00,19.0000,true,1,111139
4109,true,סוכריות 119.00,,,סוכריות 119.00,קילוגרמים,1.00,"ק""ג",true,,119.00,119.0000,true,1,108657
4112,true,סוכריות 109.00,,,סוכריות 109.00,קילוגרמים,1.00,"ק""ג",true,,109.00,109.0000,true,1,111141
4113,true,"סוכריות ""בלוצ""קה"" די",,,"סוכריות ""בלוצ""קה"" די",קילוגרמים,1.00,"ק""ג",true,,99.90,99.9000,true,1,107503
4122,true,קרמל קונטי פטשקה/בור,,,קרמל קונטי פטשקה/בור,קילוגרמים,1.00,"ק""ג",true,,24.90,24.9000,true,1,108086
4125,true,"סוכריות ""חוטוריאנקה""",,,"סוכריות ""חוטוריאנקה""",קילוגרמים,1.00,"ק""ג",true,,34.90,34.9000,true,1,109885
4126,true,"סוכריות ""שוקולדניה ל",,,"סוכריות ""שוקולדניה ל",קילוגרמים,1.00,"ק""ג",true,,49.90,49.9000,true,1,111143
4127,true,"סוכריות ""סנז""וק/רצ""ק",,,"סוכריות ""סנז""וק/רצ""ק",קילוגרמים,1.00,"ק""ג",true,,24.90,24.9000,true,1,108659
4137,true,"סוכריות ""אספרו פראלי",,,"סוכריות ""אספרו פראלי",קילוגרמים,1.00,"ק""ג",true,,79.90,79.9000,true,1,107063
4148,true,"סוכ ""מונה"" טרופל חלב",,,"סוכ ""מונה"" טרופל חלב",קילוגרמים,1.00,"ק""ג",true,,79.90,79.9000,true,1,111145
4150,true,סוכ סופלה לוקס קרמל/,,,סוכ סופלה לוקס קרמל/,קילוגרמים,1.00,"ק""ג",true,,59.90,59.9000,true,1,107504
4151,true,קרמל תות קרם/ברבריס/,,,קרמל תות קרם/ברבריס/,קילוגרמים,1.00,"ק""ג",true,,34.90,34.9000,true,1,111147
4152,true,סוכ חלב ציפור לאב מי,,,סוכ חלב ציפור לאב מי,קילוגרמים,1.00,"ק""ג",true,,39.90,39.9000,true,1,109888
4170,true,"סוכריות ""ז""יוינקה"" ב",,,"סוכריות ""ז""יוינקה"" ב",קילוגרמים,1.00,"ק""ג",true,,39.90,39.9000,true,1,109889
4171,true,קרמל חולי דולי דובדב,,,קרמל חולי דולי דובדב,קילוגרמים,1.00,"ק""ג",true,,39.90,39.9000,true,1,108109
4172,true,"סוכ בורבסטניק/לסטוצ""",,,"סוכ בורבסטניק/לסטוצ""",קילוגרמים,1.00,"ק""ג",true,,39.90,39.9000,true,1,110515
4175,true,"סוכ ""קניאז""סקי""",,,"סוכ ""קניאז""סקי""",קילוגרמים,1.00,"ק""ג",true,,69.90,69.9000,true,1,111148
4177,true,"סוכ זולוטיה ריזדה/צ""",,,"סוכ זולוטיה ריזדה/צ""",קילוגרמים,1.00,"ק""ג",true,,49.90,49.9000,true,1,107506
4243,true,סוכריות רומשקה,,,סוכריות רומשקה,קילוגרמים,1.00,"ק""ג",true,,29.90,29.9000,true,1,109268
4352,true,מרמלד דולקי,,,מרמלד דולקי,קילוגרמים,1.00,"ק""ג",true,,34.90,34.9000,true,1,109901
4353,true,"בטונצ""יק בוקוריה",,,"בטונצ""יק בוקוריה",קילוגרמים,1.00,"ק""ג",true,,34.90,34.9000,true,1,111156
4357,true,סוכריות בוקוריה,,,סוכריות בוקוריה,קילוגרמים,1.00,"ק""ג",true,,59.90,59.9000,true,1,110528
4361,true,"בטונצ""יק ""בוקוריה"" ב",,,"בטונצ""יק ""בוקוריה"" ב",קילוגרמים,1.00,"ק""ג",true,,34.90,34.9000,true,1,109904
4376,true,סוכריות 89.90,,,סוכריות 89.90,קילוגרמים,1.00,"ק""ג",true,,89.90,89.9000,true,1,111158
4377,true,סוכריות 44.90,,,סוכריות 44.90,קילוגרמים,1.00,"ק""ג",true,,44.90,44.9000,true,1,108118
4382,true,סוכריות 24.90,,,סוכריות 24.90,קילוגרמים,1.00,"ק""ג",true,,24.90,24.9000,true,1,107522
4383,true,סוכריות 29.90,,,סוכריות 29.90,קילוגרמים,1.00,"ק""ג",true,,29.90,29.9000,true,1,109905
4384,true,סוכריות 34.90,,,סוכריות 34.90,קילוגרמים,1.00,"ק""ג",true,,34.90,34.9000,true,1,110529
4385,true,סוכריות 39.90,,,סוכריות 39.90,קילוגרמים,1.00,"ק""ג",true,,39.90,39.9000,true,1,111160
4386,true,סוכריות 49.90,,,סוכריות 49.90,קילוגרמים,1.00,"ק""ג",true,,49.90,49.9000,true,1,110530
4387,true,סוכריות 54.90,,,סוכריות 54.90,קילוגרמים,1.00,"ק""ג",true,,54.90,54.9000,true,1,107523
4388,true,סוכריות 59.90,,,סוכריות 59.90,קילוגרמים,1.00,"ק""ג",true,,59.90,59.9000,true,1,107076
4389,true,סוכריות 69.90,,,סוכריות 69.90,קילוגרמים,1.00,"ק""ג",true,,69.90,69.9000,true,1,108672
4390,true,סוכריות 79.90,,,סוכריות 79.90,קילוגרמים,1.00,"ק""ג",true,,79.90,79.9000,true,1,107524
4391,true,סוכריות 99.90,,,סוכריות 99.90,קילוגרמים,1.00,"ק""ג",true,,99.90,99.9000,true,1,109276
4392,true,סוכריות 64.90,,,סוכריות 64.90,קילוגרמים,1.00,"ק""ג",true,,64.90,64.9000,true,1,135313
4393,true,סוכריות 119.90,,,סוכריות 119.90,קילוגרמים,1.00,"ק""ג",true,,119.90,119.9000,true,1,135478
4394,true,סוכריות 129.90,,,סוכריות 129.90,קילוגרמים,1.00,"ק""ג",true,,129.90,129.9000,true,1,136746
4395,true,סוכריות 109.90,,,סוכריות 109.90,קילוגרמים,1.00,"ק""ג",true,,109.90,109.9000,true,1,109906
4409,true,"סוכריות סופלה ""פטיצי",,,"סוכריות סופלה ""פטיצי",קילוגרמים,1.00,"ק""ג",true,,59.90,59.9000,true,1,108120
4433,true,סוכריות 14.90,,,סוכריות 14.90,קילוגרמים,1.00,"ק""ג",true,,14.90,14.9000,true,1,108122
4461,true,"שוקולד ""מאדל""",,,"שוקולד ""מאדל""",קילוגרמים,1.00,"ק""ג",true,,99.90,99.9000,true,1,109910
4597,true,"סוכריות ""בורנקינו"" ו",,,"סוכריות ""בורנקינו"" ו",קילוגרמים,1.00,"ק""ג",true,,34.90,34.9000,true,1,107529
4598,true,"סוכ"" שוקולד מריר/חלב",,,"סוכ"" שוקולד מריר/חלב",קילוגרמים,1.00,"ק""ג",true,,89.90,89.9000,true,1,107530
4599,true,"סוכ"" שוקולד חלב עם מ",,,"סוכ"" שוקולד חלב עם מ",קילוגרמים,1.00,"ק""ג",true,,99.90,99.9000,true,1,111172
4600,true,ממתק ממולא קרם קוקוס,,,ממתק ממולא קרם קוקוס,קילוגרמים,1.00,"ק""ג",true,,79.90,79.9000,true,1,109916
4601,true,"שוקולד מריר בילוי ג""",,,"שוקולד מריר בילוי ג""",קילוגרמים,1.00,"ק""ג",true,,79.90,79.9000,true,1,108129
4604,true,"סוכריות ""רושן"" קאפרי",,,"סוכריות ""רושן"" קאפרי",קילוגרמים,1.00,"ק""ג",true,,39.00,39.0000,true,1,107083
4605,true,"סוכריות ""רושן"" ברברי",,,"סוכריות ""רושן"" ברברי",קילוגרמים,1.00,"ק""ג",true,,29.00,29.0000,true,1,108680
4753,true,סוכריות סוספירי,,,סוכריות סוספירי,קילוגרמים,1.00,"ק""ג",true,,69.90,69.9000,true,1,107535
4754,true,סוכריות בייבי נוס,,,סוכריות בייבי נוס,קילוגרמים,1.00,"ק""ג",true,,79.90,79.9000,true,1,109295
4759,true,סוכריות שוקולד מייזק,,,סוכריות שוקולד מייזק,קילוגרמים,1.00,"ק""ג",true,,69.90,69.9000,true,1,109296
4760,true,סוכריות דואט,,,סוכריות דואט,קילוגרמים,1.00,"ק""ג",true,,44.90,44.9000,true,1,108685
4762,true,"מטבעות שוקולד ""סורינ",,,"מטבעות שוקולד ""סורינ",קילוגרמים,1.00,"ק""ג",true,,79.90,79.9000,true,1,109297
4763,true,שוקולד רום,,,שוקולד רום,קילוגרמים,1.00,"ק""ג",true,,69.90,69.9000,true,1,110547
4765,true,סוכ.רומה אדום,,,סוכ.רומה אדום,קילוגרמים,1.00,"ק""ג",true,,45.00,45.0000,true,1,110548
4766,true,סוכריות שוקולד גרנקר,,,סוכריות שוקולד גרנקר,קילוגרמים,1.00,"ק""ג",true,,69.90,69.9000,true,1,107536
4768,true,סוכריות שוקולדשרי,,,סוכריות שוקולדשרי,קילוגרמים,1.00,"ק""ג",true,,69.90,69.9000,true,1,109298
4770,true,סוכריות אדבוקט,,,סוכריות אדבוקט,קילוגרמים,1.00,"ק""ג",true,,69.90,69.9000,true,1,108686
4771,true,סוכריות טופי,,,סוכריות טופי,קילוגרמים,1.00,"ק""ג",true,,29.90,29.9000,true,1,110550
4776,true,סוכ.שוק.טופ דנטן,,,סוכ.שוק.טופ דנטן,קילוגרמים,1.00,"ק""ג",true,,52.90,52.9000,true,1,107118
4777,true,סוכריות שוקולד ביצים,,,סוכריות שוקולד ביצים,קילוגרמים,1.00,"ק""ג",true,,69.90,69.9000,true,1,108687
4778,true,סוכריות שומשום,,,סוכריות שומשום,קילוגרמים,1.00,"ק""ג",true,,25.00,25.0000,true,1,111177
4780,true,"סוכריות שוקולד ""סונט",,,"סוכריות שוקולד ""סונט",קילוגרמים,1.00,"ק""ג",true,,79.90,79.9000,true,1,108163
4783,true,סוכריות סולו,,,סוכריות סולו,קילוגרמים,1.00,"ק""ג",true,,44.90,44.9000,true,1,108164
4785,true,סוכ.מומינטו,,,סוכ.מומינטו,קילוגרמים,1.00,"ק""ג",true,,52.90,52.9000,true,1,111178
4788,true,שוקולד גרנבונטה,,,שוקולד גרנבונטה,קילוגרמים,1.00,"ק""ג",true,,69.90,69.9000,true,1,107119
4789,true,שוקולד אבא סנטה,,,שוקולד אבא סנטה,קילוגרמים,1.00,"ק""ג",true,,79.90,79.9000,true,1,134919
4790,true,שוקולד סורינטה סנטה,,,שוקולד סורינטה סנטה,קילוגרמים,1.00,"ק""ג",true,,79.90,79.9000,true,1,134916
4820,true,קרמל מו-מו,,,קרמל מו-מו,קילוגרמים,1.00,"ק""ג",true,,29.90,29.9000,true,1,109303
4866,true,"סוכריות בלוצ""קה/קרא",,,"סוכריות בלוצ""קה/קרא",קילוגרמים,1.00,"ק""ג",true,,99.90,99.9000,true,1,109941
4867,true,"קרמל ""אזארט"" דובדבן",,,"קרמל ""אזארט"" דובדבן",קילוגרמים,1.00,"ק""ג",true,,39.90,39.9000,true,1,109308
5040,true,חלבה ללא סוכר חמניות,,,חלבה ללא סוכר חמניות,קילוגרמים,1.00,"ק""ג",true,,69.90,69.9000,true,1,107766
5246,true,פרלין בלזם/פנטזיה לא,,,פרלין בלזם/פנטזיה לא,קילוגרמים,1.00,"ק""ג",true,,89.90,89.9000,true,1,108191
5247,true,"דרז""ה חמוציות/גרעיני",,,"דרז""ה חמוציות/גרעיני",קילוגרמים,1.00,"ק""ג",true,,79.90,79.9000,true,1,108706
5249,true,"סוכריות ""וסיליוק""",,,"סוכריות ""וסיליוק""",קילוגרמים,1.00,"ק""ג",true,,54.90,54.9000,true,1,109315
5252,true,סוכריות קו-קו/נומדה,,,סוכריות קו-קו/נומדה,קילוגרמים,1.00,"ק""ג",true,,69.90,69.9000,true,1,109316
5254,true,"סוכריות ""אופרה"" עם ק",,,"סוכריות ""אופרה"" עם ק",קילוגרמים,1.00,"ק""ג",true,,59.90,59.9000,true,1,107132
5257,true,"זפיר ""ליטא"" סוגים שו",,,"זפיר ""ליטא"" סוגים שו",קילוגרמים,1.00,"ק""ג",true,,39.90,39.9000,true,1,107133
5258,true,סוכריות וילנוס ליטה,,,סוכריות וילנוס ליטה,קילוגרמים,1.00,"ק""ג",true,,84.90,84.9000,true,1,108709
5259,true,"סוכריות ""קיט קאט"" מר",,,"סוכריות ""קיט קאט"" מר",קילוגרמים,1.00,"ק""ג",true,,69.90,69.9000,true,1,108710
5261,true,סוכריות סוסטינס ליטה,,,סוכריות סוסטינס ליטה,קילוגרמים,1.00,"ק""ג",true,,89.90,89.9000,true,1,108712
5262,true,שזיף בשוקולד מריר,,,שזיף בשוקולד מריר,קילוגרמים,1.00,"ק""ג",true,,79.90,79.9000,true,1,108193
5425,true,"סוכריות ""אספרו סזאם""",,,"סוכריות ""אספרו סזאם""",קילוגרמים,1.00,"ק""ג",true,,79.90,79.9000,true,1,108717
5426,true,"סוכריות ""בורנקינו""",,,"סוכריות ""בורנקינו""",קילוגרמים,1.00,"ק""ג",true,,44.90,44.9000,true,1,108198
5427,true,"סוכריות ""אמור"" דובדב",,,"סוכריות ""אמור"" דובדב",קילוגרמים,1.00,"ק""ג",true,,99.90,99.9000,true,1,107139
5428,true,"סוכריות ""סלדקיה מגיה",,,"סוכריות ""סלדקיה מגיה",קילוגרמים,1.00,"ק""ג",true,,49.90,49.9000,true,1,109321
5429,true,מרמלד שלושה צבעים/אס,,,מרמלד שלושה צבעים/אס,קילוגרמים,1.00,"ק""ג",true,,29.90,29.9000,true,1,107140
5430,true,"סוכריות דואטקה/פטיצ""",,,"סוכריות דואטקה/פטיצ""",קילוגרמים,1.00,"ק""ג",true,,34.90,34.9000,true,1,107141
5624,true,בושה יח,,,בושה יח,פריט,0.00,פריט,false,,24.99,0.0000,true,1,111208
5627,true,פנקי,,,פנקי,פריט,0.00,פריט,false,,29.90,0.0000,true,1,109329
5681,true,סוכ פרלינים בטעמים,,,סוכ פרלינים בטעמים,קילוגרמים,1.00,"ק""ג",true,,79.90,79.9000,true,1,107785
5750,true,חלווה חמניות בטעמים,סידשלף,,חלווה חמניות בטעמים,קילוגרמים,1.00,"ק""ג",true,,29.00,29.0000,true,1,109974
5780,true,"סוכריות ""רצ""קי בשוקו",,,"סוכריות ""רצ""קי בשוקו",קילוגרמים,1.00,"ק""ג",true,,34.90,34.9000,true,1,110594
5783,true,"איריס סליבוצ""ני",,,"איריס סליבוצ""ני",קילוגרמים,1.00,"ק""ג",true,,39.90,39.9000,true,1,109977
5784,true,שזיף בשוקולד,,,שזיף בשוקולד,קילוגרמים,1.00,"ק""ג",true,,79.90,79.9000,true,1,107161
5790,true,בוטנים בשוקולד/קליפה,,,בוטנים בשוקולד/קליפה,קילוגרמים,1.00,"ק""ג",true,,39.90,39.9000,true,1,109342
5821,true,זפיר לבן/ורוד,,,זפיר לבן/ורוד,קילוגרמים,1.00,"ק""ג",true,,29.90,29.9000,true,1,109981
5823,true,מרמלד בטעם פירות,,,מרמלד בטעם פירות,קילוגרמים,1.00,"ק""ג",true,,29.90,29.9000,true,1,110598
5830,true,זפיר מצופה שוקולד,,,זפיר מצופה שוקולד,קילוגרמים,1.00,"ק""ג",true,,44.90,44.9000,true,1,108257
5831,true,זפיר בטעם אוכמניות,,,זפיר בטעם אוכמניות,קילוגרמים,1.00,"ק""ג",true,,29.90,29.9000,true,1,109982
5835,true,חלווה עם בוטנים/ בוט,,,חלווה עם בוטנים/ בוט,קילוגרמים,1.00,"ק""ג",true,,24.90,24.9000,true,1,111220
5836,true,חלווה וניל,,,חלווה וניל,קילוגרמים,1.00,"ק""ג",true,,24.90,24.9000,true,1,107168
5867,true,חלווה וניל/שוקולד/שי,,,חלווה וניל/שוקולד/שיש,קילוגרמים,1.00,"ק""ג",true,,39.00,39.0000,true,1,108260
5870,true,חלווה ללא סוכר,,,חלבה ללא סוכר,קילוגרמים,1.00,"ק""ג",true,,49.00,49.0000,true,1,186843
5871,true,קוקוס/חלביצה/קריש,,,קוקוס/חלביצה/קריש,קילוגרמים,1.00,"ק""ג",true,,49.00,49.0000,true,1,187850
5928,true,לקריץ שטיחים,,,לקריץ שטיחים,קילוגרמים,1.00,"ק""ג",true,,49.90,49.9000,true,1,107799
6087,true,הרינג בוואקום,,,הרינג בוואקום,קילוגרמים,1.00,"ק""ג",true,,22.90,22.9000,true,1,108267
6088,true,סלט איקרה ורודה/לבנה,,,סלט איקרה ורודה/לבנה,קילוגרמים,1.00,"ק""ג",true,,44.90,44.9000,true,1,110612
6106,true,גזר קוריאני,סלטי עמים ברדה,,גזר קוריאני,קילוגרמים,1.00,"ק""ג",true,,39.00,39.0000,true,1,111233
6118,true,פלפל שיפקונית,,,פלפל שיפקונית,קילוגרמים,1.00,"ק""ג",true,,49.00,49.0000,true,1,193406
6123,true,כרוב בולגרי,סלטי עמים ברדה,,כרוב בולגרי,קילוגרמים,1.00,"ק""ג",true,,29.00,29.0000,true,1,109991
6133,true,כרוב במלח עם חמוציות,סלטי עמים ברדה,,כרוב במלח עם חמוציות,קילוגרמים,1.00,"ק""ג",true,,29.00,29.0000,true,1,108756
6137,true,גבינה פרובולונה,,,גבינה פרובולונה,קילוגרמים,1.00,"ק""ג",true,,129.00,129.0000,true,1,108270
6140,true,גבינה אמנטל,,,גבינה אמנטל,קילוגרמים,1.00,"ק""ג",true,,129.00,129.0000,true,1,107195
6142,true,מלפפון בייבי מובחר ב,,,מלפפון בייבי מובחר במלח,קילוגרמים,1.00,"ק""ג",true,,39.00,39.0000,true,1,133873
6148,true,גבינה גאודה קימל,,,גבינה גאודה קימל,קילוגרמים,1.00,"ק""ג",true,,139.00,139.0000,true,1,195269
6159,true,גבינה טרופדו כמהין,,,פריט לא קיים,קילוגרמים,1.00,"ק""ג",true,,229.00,229.0000,true,1,201638
6166,true,גבינה מנצגו חום,,,גבינה מנצגו חום,קילוגרמים,1.00,"ק""ג",true,,139.00,139.0000,true,1,198056
6180,true,זית ירוק עם גרעין,,,זית ירוק עם גרעין,קילוגרמים,1.00,"ק""ג",true,,59.00,59.0000,true,1,136837
6181,true,זית שחור עם גרעין,,,זית שחור עם גרעין,קילוגרמים,1.00,"ק""ג",true,,59.00,59.0000,true,1,136841
6183,true,זית שחור מגולען,,,זית שחור מגולען,קילוגרמים,1.00,"ק""ג",true,,69.00,69.0000,true,1,136840
6187,true,זית ירוק מעדן איטלקי,,,זית ירוק מעדן איטלקי,קילוגרמים,1.00,"ק""ג",true,,59.00,59.0000,true,1,159652
6203,true,טבורוג 9% פרמרסקי,,,טבורוג 9% פרמרסקי,קילוגרמים,1.00,"ק""ג",true,,39.00,39.0000,true,1,214500
6271,true,סלומון בטן,,,סלומון בטן,קילוגרמים,1.00,"ק""ג",true,,54.90,54.9000,true,1,108279
6388,true,ירקות חמוצים מעורבים,,,ירקות חמוצים מעורבים,קילוגרמים,1.00,"ק""ג",true,,59.00,59.0000,true,1,187255
6394,true,גבינה צדר כתום אנגלי,,,גבינה צדר כתום אנגלי,קילוגרמים,1.00,"ק""ג",true,,129.00,129.0000,true,1,196775
6397,true,גבינה גאודה עיזים,,,גבינה גאודה עיזים,קילוגרמים,1.00,"ק""ג",true,,159.00,159.0000,true,1,196782
6398,true,גבינה אולד אמסטרדם,,,גבינה אולד אמסטרדם,קילוגרמים,1.00,"ק""ג",true,,189.00,189.0000,true,1,196779
6400,true,גבינה דנבלו,,,גבינה דנה בלו,קילוגרמים,1.00,"ק""ג",true,,99.00,99.0000,true,1,109377
6402,true,גבינה פרמזן איטלקי,,,גבינה פרמזן איטלקי,קילוגרמים,1.00,"ק""ג",true,,129.00,129.0000,true,1,196783
6405,true,כדורי מוצרלה,,,כדורי מוצרלה,קילוגרמים,1.00,"ק""ג",true,,99.00,99.0000,true,1,196784
6406,true,גבינה צפתית/קאש,,,גבינה צפתית/קאש,קילוגרמים,1.00,"ק""ג",true,,59.00,59.0000,true,1,196781
6414,true,טבורוג כפרי,,,טבורוג כפרי,קילוגרמים,1.00,"ק""ג",true,,36.00,36.0000,true,1,197591
6417,true,פלפל ממולא גבינה בסג,,,פלפל ממולא גבינה בסגנון פטה,קילוגרמים,1.00,"ק""ג",true,,139.00,139.0000,true,1,197593
6419,true,זית קלמטה,,,זית קלמטה,קילוגרמים,1.00,"ק""ג",true,,69.00,69.0000,true,1,202942
6422,true,גבינה גרוזינית,,,גבינה גרוזינית,קילוגרמים,1.00,"ק""ג",true,,69.00,69.0000,true,1,196790
6425,true,שמנת סליבקי,,,סליבקי,קילוגרמים,1.00,"ק""ג",true,,49.00,49.0000,true,1,196793
6426,true,שמנת חמוצה,,,שמנת חמוצה,קילוגרמים,1.00,"ק""ג",true,,22.00,22.0000,true,1,196794
6431,true,גבינה ברי לה פולה,,,גבינה ברי לה פולה,קילוגרמים,1.00,"ק""ג",true,,119.00,119.0000,true,1,197449
6453,true,גבינה קשקבל,,BG,חציל תאילנדי,קילוגרמים,1.00,"ק""ג",true,,119.00,119.0000,true,1,137376
6460,true,זית ירוק מגולען,,,סלומון מעושן,קילוגרמים,1.00,"ק""ג",true,,69.00,69.0000,true,1,202944
6489,true,גבינת ברי פרזידנט,,,גבינת ברי פרזידנט,קילוגרמים,1.00,"ק""ג",true,,175.00,175.0000,true,1,207677
6516,true,חמוצים בטעם ביתי,סלטי עמים ברדה,,חמוצים בטעם ביתי,קילוגרמים,1.00,"ק""ג",true,,29.00,29.0000,true,1,111255
6589,true,גבינה אדם כדור,,NL,גבינה אדם כדור,קילוגרמים,1.00,"ק""ג",true,,79.00,79.0000,true,1,205248
6667,true,זית סורי מבוקע ירוק,,,זית סורי מבוקע ירוק,קילוגרמים,1.00,"ק""ג",true,,19.90,19.9000,true,1,109382
6719,true,לש מעושן,,,לש מעושן,קילוגרמים,1.00,"ק""ג",true,,79.00,79.0000,true,1,189529
6800,true,זיתים ממולאים במשקל,,,זיתים ממולאים במשקל,קילוגרמים,1.00,"ק""ג",true,,42.90,42.9000,true,1,110023
6990,true,עגבניות שרי ממולאים,,,עגבניות שרי ממולאים שום ושמיר,קילוגרמים,1.00,"ק""ג",true,,79.00,79.0000,true,1,108299
7007,true,נקניק של נילוס בעישו,,,נקניק של נילוס בעישו,קילוגרמים,1.00,"ק""ג",true,,99.00,99.0000,true,1,109390
7099,true,ממרח על בסיס שמנת עם,ג'אונפילס,,ממרח על בסיס שמנת,קילוגרמים,1.00,"ק""ג",true,,35.00,35.0000,true,1,185946
7108,true,קוויאר אדום גולד אקס,א.ר.ד.י.ו,,קוויאר אדום גולד אקסטרה,קילוגרמים,1.00,"ק""ג",true,,559.00,559.0000,true,1,183460
7109,true,קוויאר אדום גולד 500,א.ר.ד.י.ו,,קוויאר אדום גולד,גרמים,500.00,100 גרם,false,,269.90,53.9800,true,1,137084
7140,true,קורנישון במשקל,,,קורנישון במשקל,קילוגרמים,1.00,"ק""ג",true,,35.00,35.0000,true,1,107870
7147,true,זיתי קלמטה יווני במל,,,זיתי קלמטה יווני במל,קילוגרמים,1.00,"ק""ג",true,,44.90,44.9000,true,1,133374
7320,true,טשה סלמון,הרמס דגים,,טשה סלמון,קילוגרמים,1.00,"ק""ג",true,,89.00,89.0000,true,1,110199
7321,true,פילה סלמון,הרמס דגים,,סלמון שלם/פילה סלמון,קילוגרמים,1.00,"ק""ג",true,,149.00,149.0000,true,1,109566
7323,true,נילוס פרוס,הרמס דגים,,נילוס פרוס,קילוגרמים,1.00,"ק""ג",true,,169.00,169.0000,true,1,110200
7328,true,קילקה,הרמס דגים,,קילקה,קילוגרמים,1.00,"ק""ג",true,,45.00,45.0000,true,1,108519
7329,true,קילקה בלי ראש,הרמס דגים,,קילקה בלי ראש,קילוגרמים,1.00,"ק""ג",true,,59.00,59.0000,true,1,111411
7330,true,פילה הרינג מעושן,הרמס דגים,,פילה הרינג מעושן,קילוגרמים,1.00,"ק""ג",true,,49.00,49.0000,true,1,110201
7333,true,דג מקרל מעושן קטן אר,הרמס דגים,,דג מקרל מעושן קטן ארוז,קילוגרמים,1.00,"ק""ג",true,,65.00,65.0000,true,1,110809
7334,true,מקרל מעושן גדול,הרמס דגים,,מקרל מעושן גדול,קילוגרמים,1.00,"ק""ג",true,,89.00,89.0000,true,1,110202
7340,true,בייבי סלמון,הרמס דגים,,בייבי סלמון,קילוגרמים,1.00,"ק""ג",true,,129.00,129.0000,true,1,108020
7342,true,שאריות סלומון,הרמס דגים,,שאריות סלומון,קילוגרמים,1.00,"ק""ג",true,,89.00,89.0000,true,1,108522
7346,true,ממרח סלמון,הרמס דגים,,מויבה בלי ראש/איוסי,קילוגרמים,1.00,"ק""ג",true,,89.00,89.0000,true,1,107389
7348,true,דג רוטבש,הרמס דגים,,דג רוטבש,קילוגרמים,1.00,"ק""ג",true,,95.00,95.0000,true,1,108523
7350,true,בקלה מעושן חם,הרמס דגים,,בקלה מעושן חם,קילוגרמים,1.00,"ק""ג",true,,65.00,65.0000,true,1,134876
7351,true,דג מלוח גדול,הרמס דגים,,דג מלוח גדול,קילוגרמים,1.00,"ק""ג",true,,29.00,29.0000,true,1,134825
7384,true,דג מויבה מיובש,,,דג מויבה מיובשת,קילוגרמים,1.00,"ק""ג",true,,99.00,99.0000,true,1,210511
7386,true,דג מויבה מעושנת,,,דג מויבה מעושנת,קילוגרמים,1.00,"ק""ג",true,,75.00,75.0000,true,1,210510
7418,true,גבינה אמסטרדם כמהין,,NL,גבינה אמסטרדם כמהין,קילוגרמים,1.00,"ק""ג",true,,139.00,139.0000,true,1,205740
7464,true,גבינה מוצרלה איטלקית,,,גבינה מוצרלה איטלקית,קילוגרמים,1.00,"ק""ג",true,,89.00,89.0000,true,1,210213
7583,true,מעדן איקרה ורודה,,,מעדן איקרה ורודה,קילוגרמים,1.00,"ק""ג",true,,59.00,59.0000,true,1,224583
7584,true,מעדן איקרה לבנה,,,מעדן איקרה לבנה,קילוגרמים,1.00,"ק""ג",true,,59.00,59.0000,true,1,224584
7741,true,זר פרחים,,,זר פרחים,פריט,0.00,פריט,false,,29.99,0.0000,true,1,108558
10040,true,חלה רגילה 500 גר,מאפיית ברמן,,"חלה רגילה 500 גר""",גרמים,500.00,100 גרם,false,1,5.00,1.0000,true,1,106643
10043,true,לחם אחיד 750 גר,מאפיית ברמן,,"לחם אחיד 750 גר""",גרמים,750.00,100 גרם,false,1,4.90,0.6533,true,1,106444
10046,true,לחם ריחיים.,,,לחם ריחיים.,פריט,0.00,פריט,false,,9.99,0.0000,true,1,106461
10051,true,לחמניות ארוכות,,,לחמניות ארוכות,פריט,0.00,פריט,false,,1.99,0.0000,true,1,106672
10094,true,פירושקי עם כרוב,,,פירושקי עם כרוב,Unknown,0.00,Unknown,false,1,5.90,0.0000,true,1,106560
10100,true,בייגלה קשה זעתר/מלח/,,,בייגלה קשה זעתר/מלח/,Unknown,0.00,Unknown,false,,2.50,0.0000,true,1,106816
10130,true,פיתה לעובד,,,פיתה לעובד,Unknown,0.00,Unknown,false,1,2.00,0.0000,false,1,106463
10211,true,פירושקי אפוי עם בשר,,,פירושקי אפוי עם בשר,Unknown,0.00,Unknown,false,1,6.90,0.0000,true,1,157256
10317,true,סופגנייה מטוגנת קטנה,,,סופגנייה מטוגנת קטנה,גרמים,40.00,100 גרם,false,1,2.90,7.2500,true,1,163050
10318,true,סופגנייה מטוגנת,,,סופגנייה מטוגנת,Unknown,0.00,Unknown,false,1,3.90,0.0000,true,1,163051
10500,true,ארוחה לעובד,,,ארוחה לעובד,Unknown,0.00,Unknown,false,1,10.00,0.0000,false,1,216572
11044,true,שקית מתנה קטנה,,,שקיות מתנה קטנה,Unknown,0.00,Unknown,false,1,0.50,0.0000,true,1,106659
11098,true,שקית מתנה גדולה,,,שקית מתנה גדולה,Unknown,0.00,Unknown,false,1,0.80,0.0000,true,1,106481
11102,true,סל רב פעמי קשת טעמים,,,סל רב פעמי קשת טעמים,Unknown,0.00,Unknown,false,1,2.90,0.0000,true,1,106482
11111,true,שקיות גופייה מודפסות,,,שקיות גופייה מודפסות,Unknown,0.00,Unknown,false,1,0.10,0.0000,false,1,188510
11113,true,ציידנית קשת טעמים,,,תיק ציידנית קשת טעמים,Unknown,0.00,Unknown,false,1,14.90,0.0000,true,1,191468
11380,true,משלוח,,,משלוח,Unknown,0.00,Unknown,false,1,18.00,0.0000,true,1,110875
11381,true,משלוח נוסף,,,משלוח נוסף,Unknown,0.00,Unknown,false,1,0.01,0.0000,true,1,110876
11528,true,סרט לקישוט,,,שקיות ואקום 200*300,Unknown,0.00,Unknown,false,1,9.90,0.0000,true,1,106503
11652,true,זר פרחים,,,זר פרחים,פריט,0.00,פריט,false,,39.99,0.0000,true,1,107553
11653,true,זר פרחים,,,זר פרחים,פריט,0.00,פריט,false,,49.90,0.0000,true,1,110887
11893,true,"נקניק נבסקיה 250 גר""",,,"נקניק נבסקיה 250 גר""",פריט,0.00,פריט,false,,14.99,0.0000,true,1,140310
11896,true,נקניק סלמי מוסקובסקי,,,נקניק סלמי מוסקובסקי,פריט,0.00,פריט,false,,31.99,0.0000,true,1,109034
11907,true,נקניק מוסקובסקיה 600,,,נקניק מוסקובסקיה 600,פריט,0.00,פריט,false,,39.99,0.0000,true,1,110896
11918,true,פולני אלכסון,,,פולני אלכסון,קילוגרמים,1.00,"ק""ג",true,,89.00,89.0000,true,1,198285
12347,true,ספר מעוצב,,,ספר מעוצב,פריט,0.00,פריט,false,,26.99,0.0000,true,1,139360
15874,true,סלט סלק עם כוסברה,,,סלט סלק עם כוסברה,קילוגרמים,1.00,"ק""ג",true,,45.00,45.0000,true,1,199784
15877,true,קציצות עוף אסייתיות,,,קציצות עוף אסייתיות,קילוגרמים,1.00,"ק""ג",true,,59.00,59.0000,true,1,199786
15899,true,רגל קרושה בקר,,,רגל קרושה בקר,קילוגרמים,1.00,"ק""ג",true,,59.00,59.0000,true,1,203066
15974,true,צלי בקר ביין,,,צלי בקר ביין,קילוגרמים,1.00,"ק""ג",true,,119.00,119.0000,true,1,199797
15983,true,בלינציס תרד וגבינה,,,בלינציס תרד וגבינה,קילוגרמים,1.00,"ק""ג",true,,59.00,59.0000,true,1,198678
15987,true,חציל עם בשר ברוטב קר,,,חציל עם בשר ברוטב קרמל,קילוגרמים,1.00,"ק""ג",true,,59.00,59.0000,true,1,194457
15992,true,לשון עגל עם פטריות ש,,,לשון עגל עם פטריות שיטאקי ושמפיניון,קילוגרמים,1.00,"ק""ג",true,,99.00,99.0000,true,1,194967
15999,true,סלט תפוחי אדמה,,,סלט תפוח אדמה,קילוגרמים,1.00,"ק""ג",true,,45.00,45.0000,true,1,199800
16000,true,כיסונים עם בשר,,,כיסונים עם בשר,קילוגרמים,1.00,"ק""ג",true,,59.00,59.0000,true,1,110349
16002,true,כרוב ממולא בשר,,,כרוב ממולא בשר,קילוגרמים,1.00,"ק""ג",true,,59.00,59.0000,true,1,110350
16006,true,פירושקי תפוחים,,,פירושקי עם תפוע,Unknown,0.00,Unknown,false,1,5.90,0.0000,true,1,110351
16007,true,"כיסונים עם תפו""א",,,כיסונים עם תפוא,קילוגרמים,1.00,"ק""ג",true,,55.00,55.0000,true,1,109704
16008,true,שניצלוני עוף,,,שניצלוני עוף,קילוגרמים,1.00,"ק""ג",true,,79.00,79.0000,true,1,106888
16009,true,"בלינצ""יס עם בשר",,,בלינציס עם בשר,קילוגרמים,1.00,"ק""ג",true,,65.00,65.0000,true,1,106889
16010,true,סלט אוליביה,,,סלט אוליביה,קילוגרמים,1.00,"ק""ג",true,,55.00,55.0000,true,1,110964
16011,true,גפילטע פיש,,,גפילטע פיש,קילוגרמים,1.00,"ק""ג",true,,79.00,79.0000,true,1,109705
16016,true,קציצות עוף עם הודו מ,,,קציצות עוף עם הודו מטוגנות,קילוגרמים,1.00,"ק""ג",true,,65.00,65.0000,true,1,109101
16022,true,סלט עדשים,,,סלט עדשים,קילוגרמים,1.00,"ק""ג",true,,49.00,49.0000,true,1,109102
16023,true,עוף בסגנון סיני,,,עוף בסגנון סיני,קילוגרמים,1.00,"ק""ג",true,,69.00,69.0000,true,1,109706
16025,true,"צ""בורקי עם בשר",,,צבורקי עם בשר,Unknown,0.00,Unknown,false,1,7.90,0.0000,true,1,108213
16029,true,בלינצס גבינה,,,בלינצס גבינה,קילוגרמים,1.00,"ק""ג",true,,59.00,59.0000,true,1,106743
16030,true,סלט פטריות דליקטסני,,,סלט פטריות דליקטסני,קילוגרמים,1.00,"ק""ג",true,,75.00,75.0000,true,1,134041
16032,true,גולש עגל הונגרי,,,גולש עגל הונגרי,קילוגרמים,1.00,"ק""ג",true,,85.00,85.0000,true,1,110968
16034,true,דג מרלוזה מטוגן,,,דג מרלוזה מטוגן,קילוגרמים,1.00,"ק""ג",true,,65.00,65.0000,true,1,106744
16036,true,סלט וולדורף,,,סלט וולדורף,קילוגרמים,1.00,"ק""ג",true,,55.00,55.0000,true,1,134105
16038,true,פרגיות ממולאות,,,פרגיות ממולא,קילוגרמים,1.00,"ק""ג",true,,79.00,79.0000,true,1,107618
16044,true,נקניק ביתי,,,נקניק ביתי,קילוגרמים,1.00,"ק""ג",true,,89.00,89.0000,true,1,110353
16045,true,אנזלה צוואר עוף ממול,,,אנזלה צוואר עוף ממולא,קילוגרמים,1.00,"ק""ג",true,,69.00,69.0000,true,1,108231
16049,true,שוק אווז עם שזיפים ש,,,שוק אווז עם שזיפים שחורים,קילוגרמים,1.00,"ק""ג",true,,129.00,129.0000,true,1,106748
16052,true,תפוח אדמה אפוי,,,תפוח אדמה אפוי,קילוגרמים,1.00,"ק""ג",true,,35.00,35.0000,true,1,106893
16053,true,כבד עוף קצוץ,,,כבד עוף קצוץ,קילוגרמים,1.00,"ק""ג",true,,69.00,69.0000,true,1,134101
16054,true,סלט ויניגרט,,,סלט ויניגרט,קילוגרמים,1.00,"ק""ג",true,,49.00,49.0000,true,1,108232
16055,true,סלט שובה,,,סלט שובה,קילוגרמים,1.00,"ק""ג",true,,55.00,55.0000,true,1,106894
16056,true,כנפיים ברביקיו,,,כנפיים ברביקיו,קילוגרמים,1.00,"ק""ג",true,,35.00,35.0000,true,1,109106
16058,true,ציקן קייב,,,ציקן קייב,קילוגרמים,1.00,"ק""ג",true,,79.00,79.0000,true,1,109712
16061,true,קנישס בשר,,,קנישס בשר,קילוגרמים,1.00,"ק""ג",true,,75.00,75.0000,true,1,110354
16063,true,קציצות דגים ברוטב,,,קציצות דגים,קילוגרמים,1.00,"ק""ג",true,,65.00,65.0000,true,1,110355
16065,true,סלט ריגה,,,סלט ריגה,קילוגרמים,1.00,"ק""ג",true,,65.00,65.0000,true,1,134108
16068,true,סלט ביצים,,,סלט ביצים,קילוגרמים,1.00,"ק""ג",true,,49.00,49.0000,true,1,134102
16071,true,סלט חצילים במרינדה,,,סלט חצילים במרינד,קילוגרמים,1.00,"ק""ג",true,,49.00,49.0000,true,1,134109
16074,true,סלט סלק עם מיונז,,,סלט סלק עם מיונז,קילוגרמים,1.00,"ק""ג",true,,49.00,49.0000,true,1,134112
16076,true,סלט פרשמק,,,סלט פרשמק,קילוגרמים,1.00,"ק""ג",true,,49.00,49.0000,true,1,134114
16078,true,כריך חצילים עם בשר,,,כריך חצילים עם בשר,קילוגרמים,1.00,"ק""ג",true,,49.00,49.0000,true,1,134116
16080,true,בקר בנוסח סצואן,,,בקר בנוסח סצואן,קילוגרמים,1.00,"ק""ג",true,,99.00,99.0000,true,1,134118
16081,true,רגל קרושה עוף,,,רגל כרושה עוף,קילוגרמים,1.00,"ק""ג",true,,59.00,59.0000,true,1,134130
16107,true,קבב רומני,,,קבב רומני,קילוגרמים,1.00,"ק""ג",true,,59.00,59.0000,true,1,160324
16113,true,דג פורל,,,דג פורל,קילוגרמים,1.00,"ק""ג",true,,89.00,89.0000,true,1,160922
16114,true,"רולדה תפו""א ופטריות",,,"רולדה תפו""א ופטריות",קילוגרמים,1.00,"ק""ג",true,,29.00,29.0000,true,1,161119
16119,true,שניצל חציל,,,שניצל חציל,קילוגרמים,1.00,"ק""ג",true,,39.00,39.0000,true,1,162144
16121,true,סלט טונה,,,סלט טונה,קילוגרמים,1.00,"ק""ג",true,,65.00,65.0000,true,1,162146
16124,true,פלפלים ממולאים,,,ירקות שוק ממולאים,קילוגרמים,1.00,"ק""ג",true,,59.00,59.0000,true,1,162149
16125,true,רטטוי,,,רטטוי,קילוגרמים,1.00,"ק""ג",true,,49.00,49.0000,true,1,162150
16127,true,ספריבס,,,ספריבס,קילוגרמים,1.00,"ק""ג",true,,99.00,99.0000,true,1,162152
16128,true,סלט סלמון,,,סלט סלמון,קילוגרמים,1.00,"ק""ג",true,,75.00,75.0000,true,1,162551
16132,true,סלט סורימי,,,סלט סורימי,קילוגרמים,1.00,"ק""ג",true,,59.00,59.0000,true,1,163442
16147,true,סלט פטריות כבושות,,,סלט פטריות כבושות,קילוגרמים,1.00,"ק""ג",true,,65.00,65.0000,true,1,164553
16151,true,לזניה בשר,,,לזניה בשר,קילוגרמים,1.00,"ק""ג",true,,79.00,79.0000,true,1,164546
16152,true,לביבות גבינה,,,לביבות גבינה,קילוגרמים,1.00,"ק""ג",true,,59.00,59.0000,true,1,164578
16154,true,קציצות עוף לילדים בר,,,קציצות עוף לילדים ברוטב עגבניות,קילוגרמים,1.00,"ק""ג",true,,59.00,59.0000,true,1,164547
16167,true,רולדת סלמון וגבינה,,,רולדת סלמון וגבינה,קילוגרמים,1.00,"ק""ג",true,,119.00,119.0000,true,1,165485
16180,true,עלי גפן ממולאים,,,עלי גפן ממולאים,קילוגרמים,1.00,"ק""ג",true,,59.00,59.0000,true,1,182076
16186,true,עוגת פס תפוחים,,,עוגת פס תפוע,קילוגרמים,1.00,"ק""ג",true,,39.00,39.0000,true,1,182268
16189,true,סלט שרימפס ברוטב שום,,,סלט בייבי שרימפס ברוטב שום ופלפלים,קילוגרמים,1.00,"ק""ג",true,,119.00,119.0000,true,1,182951
16205,true,כרעיים מתובלים,,,כרעיים מתובלים,קילוגרמים,1.00,"ק""ג",true,,49.00,49.0000,true,1,183223
16209,true,לשון מבושלת,,,לשון פרוסה,קילוגרמים,1.00,"ק""ג",true,,89.00,89.0000,true,1,184437
16234,true,גלילת חצילים,,,גלילת חצילים וגבינה,קילוגרמים,1.00,"ק""ג",true,,59.00,59.0000,true,1,185461
16245,true,שניצל עגל בציפוי בית,,,שניצל עגל בציפוי ביתי,קילוגרמים,1.00,"ק""ג",true,,89.00,89.0000,true,1,188555
16248,true,לחם אגוזים 500 גר,,,לחם אגוזים 500 גר,גרמים,500.00,100 גרם,false,1,13.90,2.7800,true,1,189158
16249,true,לחם איטלקי 500 גר,,,לחם איטלקי 500 גר,גרמים,500.00,100 גרם,false,1,13.90,2.7800,true,1,189157
16250,true,עוגת פס גבינה,,,עוגת פס גבינה,קילוגרמים,1.00,"ק""ג",true,,44.00,44.0000,true,1,189359
16251,true,שרימפס ברוטב שמנת,,,שרימפס ברוטב שמנת,קילוגרמים,1.00,"ק""ג",true,,129.00,129.0000,true,1,190594
16258,true,סלט קינואה שורשים וצ,,,סלט קינואה שורשים וצימוקים,קילוגרמים,1.00,"ק""ג",true,,55.00,55.0000,true,1,190926
16261,true,"לטקס תפו""א",,,לטקס תפוא,קילוגרמים,1.00,"ק""ג",true,,55.00,55.0000,true,1,190929
16266,true,אורז איטריות,,,אורז איטריות,קילוגרמים,1.00,"ק""ג",true,,35.00,35.0000,true,1,191472
16267,true,סלט טבולה,,,סלט טבולה,קילוגרמים,1.00,"ק""ג",true,,49.00,49.0000,true,1,191473
16268,true,ביף סטרוגנוף,,,ביף סטרוגנוף,קילוגרמים,1.00,"ק""ג",true,,79.00,79.0000,true,1,191474
16278,true,פירושקי דובדבן,,,פירושקי עם דובדובן,Unknown,0.00,Unknown,false,1,5.90,0.0000,true,1,191658
16279,true,פלוב - אורז עם בשר,,,פלוב - אורז עם בשר,קילוגרמים,1.00,"ק""ג",true,,55.00,55.0000,true,1,191480
16280,true,עוגת פס פרג,,,עוגת פס פרג,קילוגרמים,1.00,"ק""ג",true,,39.00,39.0000,true,1,191481
16282,true,עוגת מאפינס חלווה 50,,,עוגת מאפינס חלווה,גרמים,500.00,100 גרם,false,1,18.90,3.7800,true,1,191487
16283,true,עוגת מאפינס קפה 500,,,עוגת מאפינס קפה,גרמים,500.00,100 גרם,false,1,18.90,3.7800,true,1,191488
16284,true,עוגת מאפינס שוקולד ד,,,עוגת מאפינס שוקולד דובדובן,גרמים,500.00,100 גרם,false,1,18.90,3.7800,true,1,191489
16286,true,עוגת מאפינס תפוח 500,,,עוגת מאפינס תפוח,גרמים,500.00,100 גרם,false,1,18.90,3.7800,true,1,191491
16301,true,סלט פטריות אסייתי,,,סלט פטריות אסייתי,קילוגרמים,1.00,"ק""ג",true,,59.00,59.0000,true,1,191867
16310,true,שקיות פילו עם פטריות,,,שקיות פילו עם פטריות וגבינה,קילוגרמים,1.00,"ק""ג",true,,59.00,59.0000,true,1,191850
16314,true,כיסונים עם דובדבן,,,כיסונים דובדובן,קילוגרמים,1.00,"ק""ג",true,,59.00,59.0000,true,1,192442
16316,true,לחם נרוצנסקי 600 גר,,,לחם שיפון נרוצינסקי קראי,גרמים,600.00,100 גרם,false,1,18.90,3.1500,true,1,209034
16330,true,כרעיים מתובלים אישי,,,כרעיים מתובלים בוואקום,קילוגרמים,1.00,"ק""ג",true,,45.00,45.0000,true,1,196346
16337,true,קיש אישי בצל 250 גר,,,קיש אישי בצל,גרמים,250.00,100 גרם,false,1,19.90,7.9600,true,1,196690
16338,true,קיש אישי ברוקולי 250,,,קיש אישי ברוקולי,גרמים,250.00,100 גרם,false,1,19.90,7.9600,true,1,196691
16339,true,קיש אישי כרובית 250,,,קיש אישי כרובית,גרמים,250.00,100 גרם,false,1,19.90,7.9600,true,1,196692
16340,true,קיש אישי פטריות 250,,,קיש אישי פטריות,גרמים,250.00,100 גרם,false,1,19.90,7.9600,true,1,195747
16389,true,אורז עם פטריות בזילי,,,אורז עם פטריות בזיליקום ועגבניות מיובשו,קילוגרמים,1.00,"ק""ג",true,,39.00,39.0000,true,1,200888
16391,true,כבד עוף עם בצל מטוגן,,,כבד עוף עם בצל מטוגן ויין,קילוגרמים,1.00,"ק""ג",true,,59.00,59.0000,true,1,201191
16392,true,לחם גזר 600 גר,,,לחם גזר,גרמים,600.00,100 גרם,false,1,13.90,2.3167,true,1,201869
16401,true,פילה סלמון,,,קונפיטורות מיני,קילוגרמים,1.00,"ק""ג",true,,129.00,129.0000,true,1,194197
16434,true,חציל יווני,,,סנטה יושב על 2 מתנות,קילוגרמים,1.00,"ק""ג",true,,45.00,45.0000,true,1,205755
16453,true,מאפה פילו במילוי בשר,,,מאפה פילו במילוי בשר,קילוגרמים,1.00,"ק""ג",true,,69.00,69.0000,true,1,207819
16471,true,סלמון בעישון חם עם ח,,,6 כדורים 6סמ בשקית,קילוגרמים,1.00,"ק""ג",true,,129.00,129.0000,true,1,209745
16578,true,כרעיים עוף בשום ודבש,,,כרעיים עוף בשום ודבש,קילוגרמים,1.00,"ק""ג",true,,65.00,65.0000,true,1,218715
16656,true,קציצות דג,,,קציצות דג,קילוגרמים,1.00,"ק""ג",true,,69.00,69.0000,true,1,220146
16666,true,סלט אוליביה ללא נקני,,,סלט אוליביה ללא נקניק,קילוגרמים,1.00,"ק""ג",true,,49.00,49.0000,true,1,226053
16677,true,תפוח אדמה אפוי מתובל,,,תפוח אדמה אפוי מתובל,קילוגרמים,1.00,"ק""ג",true,,35.00,35.0000,true,1,228684
17000,true,עוף שלם טרי,פנדי עוף,,עוף טרי,קילוגרמים,1.00,"ק""ג",true,,17.90,17.9000,true,1,109114
17001,true,כרעיים עוף,פנדי עוף,,כרעיים עוף,קילוגרמים,1.00,"ק""ג",true,,19.90,19.9000,true,1,110974
17002,true,חזה עוף,פנדי עוף,,חזה עוף,קילוגרמים,1.00,"ק""ג",true,,33.90,33.9000,true,1,110359
17003,true,שניצל עוף,פנדי עוף,,שניצל עוף,קילוגרמים,1.00,"ק""ג",true,,39.90,39.9000,true,1,106756
17004,true,שוקיים עוף,פנדי עוף,,שוקיים עוף,קילוגרמים,1.00,"ק""ג",true,,26.90,26.9000,true,1,110975
17005,true,כנפיים עוף,פנדי עוף,,כנפיים עוף,קילוגרמים,1.00,"ק""ג",true,,15.90,15.9000,true,1,109720
17006,true,גב עוף,,,גב עוף,קילוגרמים,1.00,"ק""ג",true,,2.90,2.9000,true,1,107624
17011,true,טחון עוף,פנדי עוף,,טחון עוף,קילוגרמים,1.00,"ק""ג",true,,39.90,39.9000,true,1,109721
17013,true,פילה עוף,,,פילה עוף,קילוגרמים,1.00,"ק""ג",true,,39.90,39.9000,true,1,110976
17014,true,שאריות עוף,,,שאריות עוף,קילוגרמים,1.00,"ק""ג",true,,7.00,7.0000,true,1,110361
17019,true,עוף מיני,,,עוף מיני,Unknown,0.00,Unknown,false,,24.90,0.0000,true,1,110362
17020,true,פרגיות עוף עם עור,,,פרגיות עוף עם עור,קילוגרמים,1.00,"ק""ג",true,,44.90,44.9000,true,1,107625
17030,true,סטייק פרגית עוף טרי,,,פרגיות עוף בלי עור,קילוגרמים,1.00,"ק""ג",true,,49.90,49.9000,true,1,110977
17032,true,עוף מפורק,פנדי עוף,,עוף מפורק,קילוגרמים,1.00,"ק""ג",true,,19.90,19.9000,true,1,109119
17110,true,טחון הודו,,,טחון הודו,קילוגרמים,1.00,"ק""ג",true,,32.90,32.9000,true,1,106759
17120,true,שניצל הודו,,,שניצל הודו,קילוגרמים,1.00,"ק""ג",true,,32.90,32.9000,true,1,106906
17200,true,בשר עגל בלי עצם,,,בשר עגל בלי עצם,קילוגרמים,1.00,"ק""ג",true,,62.90,62.9000,true,1,108243
17201,true,וייסברטן בקר טרי,בית מטבחיים דבאח,,ויסברטן עגל טרי,קילוגרמים,1.00,"ק""ג",true,,67.90,67.9000,true,1,106907
17203,true,סינטה עגל,בית מטבחיים דבאח,,סינטה עגל,קילוגרמים,1.00,"ק""ג",true,,99.90,99.9000,true,1,106761
17206,true,בשר עגל מובחר,,,בשר עגל מובחר,קילוגרמים,1.00,"ק""ג",true,,64.90,64.9000,true,1,110983
17207,true,עצמות עגל,,,עצמות עגל,קילוגרמים,1.00,"ק""ג",true,,10.00,10.0000,true,1,108244
17208,true,אסאדו עגל עם עצם,בית מטבחיים דבאח,,אסדו עגל עם עצם,קילוגרמים,1.00,"ק""ג",true,,44.90,44.9000,true,1,110984
17212,true,לשון עגל טרי,בית מטבחיים דבאח,,לשון עגל טרי,קילוגרמים,1.00,"ק""ג",true,,42.90,42.9000,true,1,107629
17213,true,אוסובוקו עגל,בית מטבחיים דבאח,,אוסובוקו עגל,קילוגרמים,1.00,"ק""ג",true,,39.90,39.9000,true,1,108246
17214,true,אשכים עגל,בית מטבחיים דבאח,,ביצים עגל,קילוגרמים,1.00,"ק""ג",true,,24.90,24.9000,true,1,106908
17215,true,לב עגל,בית מטבחיים דבאח,,לב עגל,קילוגרמים,1.00,"ק""ג",true,,17.90,17.9000,true,1,109127
17216,true,טחון בקר מבשר קפוא,,,טחון בקר מבשר קפוא,קילוגרמים,1.00,"ק""ג",true,,39.90,39.9000,true,1,109128
17218,true,כבד עגל טרי,בית מטבחיים דבאח,,כבד עגל טרי,קילוגרמים,1.00,"ק""ג",true,,19.90,19.9000,true,1,110985
17219,true,זנב עגל טרי,בית מטבחיים דבאח,,זנב עגל טרי,קילוגרמים,1.00,"ק""ג",true,,39.90,39.9000,true,1,108247
17231,true,אנטריקוט עגל עם עצם,בית מטבחיים דבאח,,אנטריקוט עגל עם עצם,קילוגרמים,1.00,"ק""ג",true,,99.90,99.9000,true,1,106765
17233,true,כף בקר טרי,בית מטבחיים דבאח,,כף עגל טרי,קילוגרמים,1.00,"ק""ג",true,,67.90,67.9000,true,1,106766
17238,true,שריר בקר מס 8 טרי,בית מטבחיים דבאח,,שריר עגל מס 8 טרי,קילוגרמים,1.00,"ק""ג",true,,54.90,54.9000,true,1,139529
17246,true,אסאדו בקר דרום אמריק,בית מטבחיים דבאח,,אסאדו בקר,קילוגרמים,1.00,"ק""ג",true,,49.90,49.9000,true,1,109734
17248,true,שייטל בקר טרי,בית מטבחיים דבאח,,שייטל עגל טרי,קילוגרמים,1.00,"ק""ג",true,,74.90,74.9000,true,1,109130
17261,true,ויסברטן עגל מצונן,,,"חזה בקר מס"" 3 מצונן",קילוגרמים,1.00,"ק""ג",true,,67.90,67.9000,true,1,109735
17302,true,ספריבס לבן טרי,המפרק פירוק ושיווק ב,,ספריבס לבן טרי,קילוגרמים,1.00,"ק""ג",true,,84.90,84.9000,true,1,107635
17303,true,פולקה לבן,המפרק פירוק ושיווק ב,,פולקה לבן,קילוגרמים,1.00,"ק""ג",true,,54.90,54.9000,true,1,110991
17306,true,לב/כבד לבן/ריאות/כלי,אטליז שיתי זאהי,,לב/כבד לבן/ריאות/כלי,קילוגרמים,1.00,"ק""ג",true,,11.90,11.9000,true,1,110371
17308,true,עצמות לבן,המפרק פירוק ושיווק ב,,עצמות לבן,קילוגרמים,1.00,"ק""ג",true,,14.90,14.9000,true,1,108251
17310,true,טחון לבן,המפרק פירוק ושיווק ב,,טחון לבן,קילוגרמים,1.00,"ק""ג",true,,52.90,52.9000,true,1,108330
17313,true,פולקה שלם עם עצם,המפרק פירוק ושיווק ב,,פולקה שלם עם עצם,קילוגרמים,1.00,"ק""ג",true,,44.90,44.9000,true,1,106913
17316,true,קוטלט לבן,המפרק פירוק ושיווק ב,,קוטלט לבן,קילוגרמים,1.00,"ק""ג",true,,71.90,71.9000,true,1,106914
17317,true,שולטר לבן,המפרק פירוק ושיווק ב,,שולטר לבן,קילוגרמים,1.00,"ק""ג",true,,54.90,54.9000,true,1,110992
17318,true,פילה לבן,המפרק פירוק ושיווק ב,,פילה לבן,קילוגרמים,1.00,"ק""ג",true,,84.90,84.9000,true,1,109738
17321,true,סטייק צוואר,המפרק פירוק ושיווק ב,,סטייק צוואר,קילוגרמים,1.00,"ק""ג",true,,84.90,84.9000,true,1,110993
17322,true,סינטה בלי עצם,המפרק פירוק ושיווק ב,,סינטה בלי עצם,קילוגרמים,1.00,"ק""ג",true,,79.90,79.9000,true,1,106770
17323,true,קוטלט מובחר,,,קוטלט מובחר,קילוגרמים,1.00,"ק""ג",true,,74.90,74.9000,true,1,109134
17326,true,אקס לבן,המפרק פירוק ושיווק ב,,אקס לבן,קילוגרמים,1.00,"ק""ג",true,,44.90,44.9000,true,1,107636
17400,true,אחורי טלה טרי,בית מטבחיים דבאח,,שוק טלה/אחורי טלה טרי,קילוגרמים,1.00,"ק""ג",true,,79.90,79.9000,true,1,107637
17401,true,צלעות טלה,בית מטבחיים דבאח,,צלעות טלה,קילוגרמים,1.00,"ק""ג",true,,119.90,119.9000,true,1,108333
17404,true,ספריבס טלה טרי,בית מטבחיים דבאח,,ספריבס טלה טרי,קילוגרמים,1.00,"ק""ג",true,,69.90,69.9000,true,1,109742
17407,true,סטייק טיבון כבש,בית מטבחיים דבאח,,סטייק טיבון כבש,קילוגרמים,1.00,"ק""ג",true,,109.90,109.9000,true,1,139389
18350,true,קרקר בצל/מלח/ גבינה,,,קרקר בצל/מלח/ גבינה,קילוגרמים,1.00,"ק""ג",true,,19.90,19.9000,true,1,109147
18723,true,"קרקר ""לורד"" מתוק/מלו",,,"קרקר ""לורד"" מתוק/מלו",קילוגרמים,1.00,"ק""ג",true,,24.90,24.9000,true,1,111008
18856,true,טרטל שנטל קונטי אגוז,,,טרטל שנטל קונטי אגוז,קילוגרמים,1.00,"ק""ג",true,,29.90,29.9000,true,1,109762
18857,true,"עוגיות ""קונטי"" קרפוז",,,"עוגיות ""קונטי"" קרפוז",קילוגרמים,1.00,"ק""ג",true,,19.90,19.9000,true,1,106943
18858,true,"עוגת ""סגוש""נקינו""",,,"עוגת ""סגוש""נקינו""",קילוגרמים,1.00,"ק""ג",true,,29.90,29.9000,true,1,107663
18859,true,"עוגיות ""קונטי"" בטעמי",,,"עוגיות ""קונטי"" בטעמי",קילוגרמים,1.00,"ק""ג",true,,19.90,19.9000,true,1,108400
18860,true,"עוגיות ""טיגרטו""",,,"עוגיות ""טיגרטו""",קילוגרמים,1.00,"ק""ג",true,,32.90,32.9000,true,1,111012
19002,true,בשר כבש שלם,,,בשר כבש שלם,קילוגרמים,1.00,"ק""ג",true,,62.99,62.9900,true,1,109160
19003,true,סטייק כבש פרוס במגש,,,סטייק כבש פרוס במגש,קילוגרמים,1.00,"ק""ג",true,,64.90,64.9000,true,1,110397
19390,true,סטייק צלע/צוואר קפוא,,,סטייק צלע/צוואר קפוא,קילוגרמים,1.00,"ק""ג",true,,42.99,42.9900,true,1,111027
19641,true,לשון בקר,,,לשון בקר,קילוגרמים,1.00,"ק""ג",true,,29.90,29.9000,true,1,110405
20076,true,שקיות טרמיות,,,שקיות טרמיות,Unknown,0.00,Unknown,false,1,9.90,0.0000,true,1,227514
20170,true,מסכה עם פילטר kn95,,,מסכת kn95,Unknown,0.00,Unknown,false,1,10.00,0.0000,true,1,211456
20502,true,לחם בורודינסקי 600 ג,,,לחם בורודינסקי 600 גר,גרמים,600.00,100 גרם,false,1,17.90,2.9833,true,1,212460
20503,true,לחם סמאצני 660 גר,,,לחם סמאצני 660 גר,גרמים,660.00,100 גרם,false,1,17.90,2.7121,true,1,212461
20504,true,לחם מינסקי 600 גר,,,לחם מינסקי 600 גר,גרמים,600.00,100 גרם,false,1,18.90,3.1500,true,1,215754
54321,true,פילה הרינג ארוז בווא,,,פילה הרינג ארוז בווא,קילוגרמים,1.00,"ק""ג",true,,52.90,52.9000,true,1,109246
77177,true,שמן חמניות מזוכך פרי,,,שמן חמניות מזוכך פרי,פריט,0.00,פריט,false,,18.99,0.0000,true,1,132984
83640,true,פילה מושט בציפוי פרו,,,פילה מושט בציפוי פרו,קילוגרמים,1.00,"ק""ג",true,,38.90,38.9000,true,1,133035
100515,true,פריט לא קיים,,,פריט לא קיים,,0.00,,false,,39.90,0.0000,true,1,165748
110111,true,צוריסוס לבן במגש,זילבר תעשיות מוצרי ב,,"צ""וריסוס לבן במגש",קילוגרמים,1.00,"ק""ג",true,,69.90,69.9000,true,1,224861
119002,true,ראש סלומון קפוא ארוז,,,ראש סלומון קפוא ארוז,קילוגרמים,1.00,"ק""ג",true,,11.00,11.0000,true,1,110895
119712,true,דג רוטבש שלם ארוז,,,דג רוטבש שלם ארוז,קילוגרמים,1.00,"ק""ג",true,,39.99,39.9900,true,1,110897
130421,true,בטן סלומון מעושן קפו,,,בטן סלומון מעושן קפו,קילוגרמים,1.00,"ק""ג",true,,21.90,21.9000,true,1,132743
159144,true,פילה דג אוסטרינה,,,פילה דג אוסטרינה,קילוגרמים,1.00,"ק""ג",true,,149.90,149.9000,true,1,107615
159267,true,דג ברבוניה שלם,,,דג ברבוניה שלם,קילוגרמים,1.00,"ק""ג",true,,37.99,37.9900,true,1,110960
159366,true,שיפודי כבש,,,שיפודי כבש,קילוגרמים,1.00,"ק""ג",true,,74.99,74.9900,true,1,106885
159410,true,שיפודי חזה אווז,,,שיפודי חזה אווז,קילוגרמים,1.00,"ק""ג",true,,74.99,74.9900,true,1,107616
286398,true,דג מילקפיש חתוך,,,דג מילקפיש חתוך,קילוגרמים,1.00,"ק""ג",true,,39.99,39.9900,true,1,111088
287642,true,כתף מס 4 לא מוכשר,,,כתף מס 4 לא מוכשר,קילוגרמים,1.00,"ק""ג",true,,49.90,49.9000,true,1,162649
323277,true,פילה זהבון אלסקין פו,,,פילה זהבון אלסקין פו,קילוגרמים,1.00,"ק""ג",true,,23.90,23.9000,true,1,110495
432333,true,קציצות בקר 400 גר,,,קציצות בקר 400 גר,פריט,0.00,פריט,false,,12.90,0.0000,true,1,135296
432388,true,נקניקיות מרגז 400 גר,,,נקניקיות מרגז 400 גר,פריט,0.00,פריט,false,,12.90,0.0000,true,1,135292
432401,true,"נקניקיות צ""וריסוס 40",,,"נקניקיות צ""וריסוס 40",פריט,0.00,פריט,false,,12.90,0.0000,true,1,135290
432692,true,לולה קבב 400 גר,,,לולה קבב 400 גר,פריט,0.00,פריט,false,,14.90,0.0000,true,1,135299
432708,true,קבב קינמון 400 גר,,,קבב קינמון 400 גר,פריט,0.00,פריט,false,,14.90,0.0000,true,1,135298
432715,true,קציצות כבש 400 גר,,,קציצות כבש 400 גר,פריט,0.00,פריט,false,,12.90,0.0000,true,1,135297
432722,true,מיני נקניקיות אוחוטנ,,,מיני נקניקיות אוחוטנ,פריט,0.00,פריט,false,,12.90,0.0000,true,1,135295
432739,true,"נקניקיות אוחוטניצ""י",,,"נקניקיות אוחוטניצ""י",פריט,0.00,פריט,false,,12.90,0.0000,true,1,135294
432746,true,נקניקיות מיני מרגז 4,,,נקניקיות מיני מרגז 4,פריט,0.00,פריט,false,,12.90,0.0000,true,1,135293
432753,true,"מיני נקניקיות צ""וריס",,,"מיני נקניקיות צ""וריס",פריט,0.00,פריט,false,,12.90,0.0000,true,1,135291
432760,true,"נקניקיות פטרוצ""ן 400",,,"נקניקיות פטרוצ""ן 400",פריט,0.00,פריט,false,,12.90,0.0000,true,1,135289
432784,true,נקניקיות קופאטי 400,,,נקניקיות קופאטי 400,פריט,0.00,פריט,false,,12.90,0.0000,true,1,135288
451708,true,פילה בקר לא מוכשר,,,פילה בקר לא מוכשר,קילוגרמים,1.00,"ק""ג",true,,119.90,119.9000,true,1,157827
461944,true,פילה טונה פרוס במגש,,,פילה טונה פרוס במגש,קילוגרמים,1.00,"ק""ג",true,,43.99,43.9900,true,1,107085
499450,true,"פטריצ""ן דק במגש",,,"פטריצ""ן דק במגש",קילוגרמים,1.00,"ק""ג",true,,43.99,43.9900,true,1,107544
499481,true,"צ""וריסוס לגריל במגש",,,"צ""וריסוס לגריל במגש",קילוגרמים,1.00,"ק""ג",true,,43.99,43.9900,true,1,109945
521190,true,"יין ""סגל"" מרלו 1 ל""",,,"יין ""סגל"" מרלו 1 ל""",פריט,0.00,פריט,false,,29.99,0.0000,true,1,111586
555507,true,פיקדון בקבוק,,,פיקדון בקבוק,פריט,0.00,פריט,false,,1.20,0.0000,true,1,111589
555520,true,אריזת חמוצים תפוח,,,אריזת חמוצים תפוח,,0.00,,false,,0.53,0.0000,true,1,161004
555574,true,משקל---בוטנים,,,משקל---בוטנים,קילוגרמים,1.00,"ק""ג",true,,32.99,32.9900,true,1,108724
555575,true,משקל---תירס רומני,,,משקל---תירס רומני,קילוגרמים,1.00,"ק""ג",true,,7.99,7.9900,true,1,110578
555576,true,משקל---חמניות אמריקא,,,משקל---חמניות אמריקא,קילוגרמים,1.00,"ק""ג",true,,14.90,14.9000,true,1,108220
555578,true,משקל---עדשים אדומים,,,משקל---עדשים אדומים,קילוגרמים,1.00,"ק""ג",true,,10.99,10.9900,true,1,107779
555579,true,משקל---עדשים חומים ק,,,משקל---עדשים חומים ק,קילוגרמים,1.00,"ק""ג",true,,10.99,10.9900,true,1,111205
555581,true,משקל---דוחן קלוף,,,משקל---דוחן קלוף,קילוגרמים,1.00,"ק""ג",true,,9.90,9.9000,true,1,107147
555586,true,משקל---גריסים שלמים,,,משקל---גריסים שלמים,קילוגרמים,1.00,"ק""ג",true,,6.90,6.9000,true,1,107780
555587,true,משקל---אפונה צהובה,,,משקל---אפונה צהובה,קילוגרמים,1.00,"ק""ג",true,,7.90,7.9000,true,1,109965
555588,true,משקל---חמניות קלופות,,,משקל---חמניות קלופות,קילוגרמים,1.00,"ק""ג",true,,23.90,23.9000,true,1,107781
555589,true,משקל---קווקר,,,משקל---קווקר,קילוגרמים,1.00,"ק""ג",true,,8.90,8.9000,true,1,108221
555590,true,משקל---גרעיני דלעת,,,משקל---גרעיני דלעת,קילוגרמים,1.00,"ק""ג",true,,34.90,34.9000,true,1,110579
555594,true,משקל---שעועית ארוכה,,,משקל---שעועית ארוכה,קילוגרמים,1.00,"ק""ג",true,,15.90,15.9000,true,1,108725
555596,true,משקל---בורגול,,,משקל---בורגול,קילוגרמים,1.00,"ק""ג",true,,7.90,7.9000,true,1,108726
555599,true,משקל---כוסמת,,,משקל---כוסמת,קילוגרמים,1.00,"ק""ג",true,,8.90,8.9000,true,1,111206
579805,true,בשר שריר הזרוע מס 8,,,בשר שריר הזרוע מס 8,קילוגרמים,1.00,"ק""ג",true,,39.90,39.9000,true,1,161641
580146,true,בשר מס 10 צוואר לא מ,,,בשר מס 10 צוואר לא מ,קילוגרמים,1.00,"ק""ג",true,,39.90,39.9000,true,1,157839
580689,true,סטייק עין ורד הצלע מ,,,סטייק עין ורד הצלע מ,קילוגרמים,1.00,"ק""ג",true,,59.90,59.9000,true,1,157974
583000,true,בטן סלומון מעושן,,,בטן סלומון מעושן,קילוגרמים,1.00,"ק""ג",true,,38.90,38.9000,true,1,108258
596684,true,פילה סלמון אלתית,,,פילה סלמון אלתית,קילוגרמים,1.00,"ק""ג",true,,37.99,37.9900,true,1,133029
632497,true,פילה זהבון אלסקין פו,,,פילה זהבון אלסקין פו,קילוגרמים,1.00,"ק""ג",true,,23.99,23.9900,true,1,109371
639963,true,חזה עוף טרי,,,חזה עוף טרי,קילוגרמים,1.00,"ק""ג",true,,34.99,34.9900,true,1,137342
648016,true,חתיכות פלמידה מעושנת,,,חתיכות פלמידה מעושנת,קילוגרמים,1.00,"ק""ג",true,,26.99,26.9900,true,1,110628
705402,true,דג מושט,,,דג מושט,קילוגרמים,1.00,"ק""ג",true,,22.99,22.9900,true,1,110650
705440,true,דג בסה שלם בלי בטן ב,,,דג בסה שלם בלי בטן ב,קילוגרמים,1.00,"ק""ג",true,,24.90,24.9000,true,1,107239
705693,true,עצמות סלומון מעושן ק,,,עצמות סלומון מעושן ק,קילוגרמים,1.00,"ק""ג",true,,24.99,24.9900,true,1,107865
710289,true,דג מקרל ארוז,,,דג מקרל ארוז,קילוגרמים,1.00,"ק""ג",true,,12.90,12.9000,true,1,109401
930770,true,(20) ארגז פלסטיק,,,(20) ארגז פלסטיק,פריט,0.00,פריט,false,,24.99,0.0000,true,1,115055
960292,true,דג מילקפיש פילה,,,דג מילקפיש פילה,קילוגרמים,1.00,"ק""ג",true,,39.99,39.9900,true,1,108064
1121856,true,פסטרמה הודו 100% טבע,,,פסטרמה הודו 100% טבע,פריט,0.00,פריט,false,,24.99,0.0000,true,1,111536
1321003,true,קרמי ונילצי,,,קרמי ונילצי,פריט,0.00,פריט,false,,17.99,0.0000,true,1,111540
1723876,true,נורת ליבון,,,נורת ליבון,פריט,0.00,פריט,false,,2.99,0.0000,true,1,111454
2050162,true,פפריקה מתוקה 1 קג,,,פפריקה מתוקה 1 קג,פריט,0.00,פריט,false,,39.99,0.0000,true,1,157401
2050186,true,תבלין עוף 1 קג,,,תבלין עוף 1 קג,פריט,0.00,פריט,false,,49.99,0.0000,true,1,157403
2050360,true,פלפל שחור טחון 1 קג,,,פלפל שחור טחון 1 קג,פריט,0.00,פריט,false,,69.99,0.0000,true,1,136434
2050414,true,פפריקה חריפה 1 קג,,,פפריקה חריפה 1 קג,פריט,0.00,פריט,false,,39.99,0.0000,true,1,157402
2630449,true,"רוטב סויה 250 מ""ל",,,"רוטב סויה 250 מ""ל",פריט,0.00,פריט,false,,12.99,0.0000,true,1,111760
2796420,true,קנט רגיל קצר,,,קנט רגיל קצר,פריט,0.00,פריט,false,,23.00,0.0000,true,1,111762
2845171,true,מלפפון 18-25 במלח,,,מלפפון 18-25 במלח,Unknown,0.00,Unknown,false,,6.99,0.0000,true,1,111507
2845768,true,כרוב כבוש 10קייג,,,כרוב כבוש 10קייג,לא מנהל יחידת מידה,0.00,לא מנהל יחידת מידה,false,,15.34,0.0000,true,1,139183
3102242,true,סוללות ינטר,,,סוללות ינטר,פריט,0.00,פריט,false,,5.90,0.0000,true,1,111487
3102938,true,סוללות ינטר,,,סוללות ינטר,פריט,0.00,פריט,false,,6.90,0.0000,true,1,111561
3467786,true,ריווירה גלידה,,,ריווירה גלידה,פריט,0.00,פריט,false,,19.95,0.0000,true,1,111535
3648078,true,מטיאס הולנדי בשמן 25,,,מטיאס הולנדי בשמן 25,פריט,0.00,פריט,false,,18.90,0.0000,true,1,134354
3648085,true,מקרל בשמן 250 גר,,,מקרל בשמן 250 גר,פריט,0.00,פריט,false,,29.90,0.0000,true,1,134360
3648351,true,הרינגכבוש עם בצל 550,,,הרינגכבוש עם בצל 550,פריט,0.00,פריט,false,,36.90,0.0000,true,1,134365
3648467,true,מעדן מטיאס הולנדי 2,,,מעדן מטיאס הולנדי 2,פריט,0.00,פריט,false,,18.90,0.0000,true,1,134355
3648849,true,מקרל בשמן 550 גר,,,מקרל בשמן 550 גר,פריט,0.00,פריט,false,,49.90,0.0000,true,1,134368
3782130,true,פילה הרינג בשמן,,,פילה הרינג בשמן,קילוגרמים,1.00,"ק""ג",true,,39.00,39.0000,true,1,180766
4199906,true,סוללות ינטר,,,סוללות ינטר,פריט,0.00,פריט,false,,5.90,0.0000,true,1,111768
5555565,true,סברינה,,,סברינה,פריט,0.00,פריט,false,,8.99,0.0000,true,1,115622
5912115,true,L.M בלו לייבל ארוך פ,,,L.M בלו לייבל ארוך פ,פריט,0.00,פריט,false,,235.00,0.0000,true,1,135322
6554017,true,עוגיות מרוקאיות 500ג,,,עוגיות מרוקאיות 500ג,גרמים,500.00,100 גרם,false,,18.99,3.7980,true,1,133419
6554031,true,עוגיות אגוזים 400גר,,,עוגיות אגוזים 400גר,גרמים,400.00,100 גרם,false,,18.99,4.7475,true,1,133421
6554086,true,עוגיות עינוגיות 400ג,,,עוגיות עינוגיות 400ג,גרמים,400.00,100 גרם,false,,18.99,4.7475,true,1,133422
6554093,true,עוגיות סהרוניס 300גר,,,עוגיות סהרוניס 300גר,גרמים,300.00,100 גרם,false,,18.99,6.3300,true,1,133424
6554109,true,עוגיות רייף 300גר,,,עוגיות רייף 300גר,גרמים,300.00,100 גרם,false,,18.99,6.3300,true,1,133430
6554123,true,עוגיות שקדים 250גר,,,עוגיות שקדים 250גר,גרמים,250.00,100 גרם,false,,18.90,7.5600,true,1,133435
6554130,true,עוגיות סנדביץ שוקולד,,,עוגיות סנדביץ שוקולד,גרמים,250.00,100 גרם,false,,18.99,7.5960,true,1,133434
6554147,true,עוגיות שבלול 250גר,,,עוגיות שבלול 250גר,גרמים,250.00,100 גרם,false,,18.99,7.5960,true,1,133438
6554154,true,עוגיות נשיקות מרנג 1,,,עוגיות נשיקות מרנג 1,גרמים,100.00,100 גרם,false,,18.90,18.9000,true,1,133436
6554161,true,עוגיות משקפיים 220גר,,,עוגיות משקפיים 220גר,גרמים,220.00,100 גרם,false,,18.99,8.6318,true,1,133437
6554307,true,עוגיות מרוקאיות ללא,,,עוגיות מרוקאיות ללא,גרמים,350.00,100 גרם,false,,18.90,5.4000,true,1,133425
6554413,true,עוגיות מקמח מלא ללא,,,עוגיות מקמח מלא ללא,גרמים,300.00,100 גרם,false,,18.90,6.3000,true,1,133426
6554703,true,עוגיות מלוחותכעכים,,,עוגיות מלוחותכעכים,גרמים,400.00,100 גרם,false,,18.99,4.7475,true,1,133427
6554710,true,עוגיות מלוחות מקלות,,,עוגיות מלוחות מקלות,גרמים,400.00,100 גרם,false,,18.99,4.7475,true,1,133428
6554727,true,עוגיות מלוחות מקלות,,,עוגיות מלוחות מקלות,גרמים,400.00,100 גרם,false,,18.99,4.7475,true,1,133429
6705273,true,דג יבש,,,דג יבש,פריט,0.00,פריט,false,,10.99,0.0000,true,1,137803
6705662,true,שרימפס 26/30 מקולף 5,,,שרימפס 26/30 מקולף 5,פריט,0.00,פריט,false,,39.99,0.0000,true,1,115641
6705822,true,דג סמלט,,,דג סמלט,פריט,0.00,פריט,false,,19.90,0.0000,true,1,115642
6855206,true,חטוף ברבריא תמרים וא,,,חטוף ברבריא תמרים וא,,0.00,,false,,19.90,0.0000,true,1,162508
6960191,true,ממרח סלמון מעושן,,,ממרח סלמון מעושן,פריט,0.00,פריט,false,,9.99,0.0000,true,1,115647
6960221,true,"פילה כבוש 400 ג""ר",,,"פילה כבוש 400 ג""ר",פריט,0.00,פריט,false,,16.99,0.0000,true,1,115648
7290003,true,ארנבות שלם קפוא,,,ארנבות שלם קפוא,קילוגרמים,1.00,"ק""ג",true,,74.90,74.9000,true,1,158127
7290012,true,מטרייה חצי אוטומטית,,,מטרייה חצי אוטומטית,פריט,0.00,פריט,false,,13.99,0.0000,true,1,120856
8805742,true,ברנדי אקסטרה פיין 40,,,ברנדי אקסטרה פיין 40,מיליליטרים,750.00,"100 מ""ל",false,,79.99,10.6653,true,1,119150
8862162,true,עוגיות אגוזי לוז 300,,,עוגיות אגוזי לוז 300,,0.00,,false,,22.90,0.0000,true,1,160830
9999999,true,test,,,test,לא מנהל יחידת מידה,1.00,לא מנהל יחידת מידה,false,,1.00,1.0000,true,1,135559
10501502,true,מעורב אספטי 1 קג,,,מעורב אספטי 1 קג,,0.00,,false,,20.00,0.0000,true,1,160342
11230030,true,סיגריות מגנה,,,סיגריות מגנה,פריט,0.00,פריט,false,,17.00,0.0000,true,1,111537
11230234,true,כאמל סופט,,,כאמל סופט,פריט,0.00,פריט,false,,24.50,0.0000,true,1,111448
13267665,true,מאגדת שישיית שלגוני,,,מאגדת שישיית שלגוני,פריט,0.00,פריט,false,,27.99,0.0000,true,1,119231
16705587,true,"טבעות קלמרי 500 גר""",,,"טבעות קלמרי 500 גר""",פריט,0.00,פריט,false,,22.90,0.0000,true,1,116884
20241544,false,קונפיטורת תות מופחת,,,קונפיטורת תות מופחת סוכר דודה קלרה 430 ג,גרמים,430.00,100 גרם,false,1,12.90,3.0000,true,1,220643
20241551,false,קונפיטורת דומדמנית ש,,,קונפיטורת דומדמנית שחורה דודה קלרה 430 ג,גרמים,430.00,100 גרם,false,1,12.90,3.0000,true,1,220642
30679788,true,חומוסייה אבו גוש 300,,,חומוסייה אבו גוש 300,פריט,0.00,פריט,false,,8.90,0.0000,true,1,119372
34617076,true,חומוסייה מסבחה 300 ג,,,חומוסייה מסבחה 300 ג,פריט,0.00,פריט,false,,8.90,0.0000,true,1,119431
40084107,false,ביצת הפתעה קינדר סור,,,ביצת הפתעה קינדר סורפרייז 20 גר,גרמים,20.00,100 גרם,false,1,5.90,29.5000,true,1,170472
40111216,false,חטיף באונטי 57 גר,,,חטיף באונטי 57 גר,גרמים,57.00,100 גרם,false,1,3.90,6.8421,true,1,119707
40306445,true,"סיגריות ""דוידוף"" גול",,,"סיגריות ""דוידוף"" גול",פריט,0.00,פריט,false,,23.50,0.0000,true,1,119749
40306551,true,"סיגריות ""דוידוף"" סלי",,,"סיגריות ""דוידוף"" סלי",פריט,0.00,פריט,false,,23.50,0.0000,true,1,119750
40786179,false,בירה לוונבראו פחית 5,Spaten,,"בירה ""לבנבראו""פח"" 50",מיליליטרים,500.00,"100 מ""ל",false,1,10.90,2.1800,true,1,119761
40805122,true,בירה קולמבכר לגיר 50,,,בירה קולמבכר לגיר 50,ליטרים,0.50,ליטר,false,,10.90,21.8000,true,1,163478
41001356,false,בירה בקס פחית 500 מל,Beck and Co,,בירה בקס פח,מיליליטרים,500.00,"100 מ""ל",false,1,10.90,2.1800,true,1,119768
41024355,false,בירה ביטבורגר פח 500,מבשלת ביטבורגר,,"בירה ביטבורגר פח 500 מ""ל",מיליליטרים,500.00,"100 מ""ל",false,1,7.90,1.5800,true,1,181781
42061939,false,בירה בקס בק 500 מל,,,"בירה בקס בק 500 מ""ל",מיליליטרים,500.00,"100 מ""ל",false,1,8.90,1.7800,true,1,198718
42134978,false,סרגל מרציפן סנטה 100,,,סרגל מרציפן סנטה 100 גר,גרמים,100.00,100 גרם,false,21,10.90,10.9000,true,1,195350
42135012,false,סרגל איש קרח נוגט 10,,,סרגל איש קרח נוגט 100 גר,גרמים,100.00,100 גרם,false,1,10.90,10.9000,true,1,202580
42138105,false,וינסטון סופר סלימס כ,,,וינסטון סופר סלימס כחול,Unknown,0.00,Unknown,false,1,33.00,0.0000,false,1,119793
42138129,false,וינסטון סופר סלימס מ,,,וינסטון סופר סלימס מנטול,Unknown,0.00,Unknown,false,1,33.00,0.0000,false,1,119794
42188889,false,מסטיק פייב בטעם אבטי,,,"מסטיק ""פייב"" בטעם אב",Unknown,0.00,Unknown,false,1,6.90,0.0000,true,1,119810
44444444,true,פילה בקלה ללא עור 1,,,פילה בקלה ללא עור 1,Unknown,0.00,Unknown,false,,17.90,0.0000,true,1,108125
46021632,true,"ממתק שוקולד50 גר""",,,"ממתק שוקולד50 גר""",פריט,0.00,פריט,false,,2.99,0.0000,true,1,119836
46022158,true,ממתק שוקולד מריר במי,,,ממתק שוקולד מריר במי,פריט,0.00,פריט,false,,2.99,0.0000,true,1,119837
46073556,true,"שוקולד ""סלדקו"" שחור",,,"שוקולד ""סלדקו"" שחור",פריט,0.00,פריט,false,,2.99,0.0000,true,1,119842
46085672,true,"ממתק שוקולד 50 גר""",,,"ממתק שוקולד 50 גר""",פריט,0.00,פריט,false,,2.99,0.0000,true,1,119843
50251094,true,"חטיף אצבעות ""קיט קאט",,,"חטיף אצבעות ""קיט קאט",פריט,0.00,פריט,false,,3.99,0.0000,true,1,120087
52014260,true,"סיגריות ""קרליה"" מנטו",,,"סיגריות ""קרליה"" מנטו",פריט,0.00,פריט,false,,15.00,0.0000,true,1,120094
52070082,false,פאל מאל סופר סלימס ו,,,פאל מאל סופר סלימס ויולט,Unknown,0.00,Unknown,false,1,30.00,0.0000,false,1,201159
59039549,false,ווג פריזון מנטול,,,ווג פריזון מנטול,Unknown,0.00,Unknown,false,1,38.50,0.0000,false,1,120106
59068914,false,פאל מאל סילבר דמי סל,,,פאל מאל סילבר דמי סלימס,Unknown,0.00,Unknown,false,1,26.00,0.0000,false,1,199824
59455233,false,ווג כחול,,,ווג כחול,Unknown,0.00,Unknown,false,1,38.50,0.0000,false,1,120108
59455240,false,ווג ליידי לילך סגול,,,ווג ליידי לילך סגול,Unknown,0.00,Unknown,false,1,38.50,0.0000,false,1,120109
69255661,true,"קרקר שומשום 135 גר""",,,"קרקר שומשום 135 גר""",פריט,0.00,פריט,false,,4.99,0.0000,true,1,133859
72422001,true,ביצה קשה 220 יח,,,ביצה קשה 220 יח,,0.00,,false,,190.00,0.0000,true,1,160343
72900033,true,סלק אדום מעדן,,,סלק אדום מעדן,Unknown,0.00,Unknown,false,,9.90,0.0000,true,1,113282
72917329,false,חטיף אגוזי 45 גר,STRAUSS-ISRAEL,,"חטיף אגוזי 45 ג""ר",גרמים,45.00,100 גרם,false,1,3.90,8.6667,true,1,123332
72940754,false,מילקי וניל 133 גר,STRAUSS-ISRAEL,,מילקי וניל 133 גר,גרמים,133.00,100 גרם,false,1,2.90,2.1805,true,1,123340
72940761,false,מילקי שוקולד 133 גר,STRAUSS-ISRAEL,,מילקי שוקולד 133 גר,גרמים,133.00,100 גרם,false,1,2.90,2.1805,true,1,123341
72940952,false,מילקי פי 2 קצפת 170,STRAUSS-ISRAEL,,"מילקי פי 2 קצפת 170 מ""ל",מיליליטרים,170.00,"100 מ""ל",false,1,3.80,2.2353,true,1,123342
72945308,false,שמרית קוביה 50 גר,"פאקא תעשיות בע""מ",,שמרית קוביה,גרמים,50.00,100 גרם,false,1,3.90,7.8000,true,1,123346
72964422,false,יוגורט טבעי 4.5% 206,,,שלי יוגורט 4.5%,גרמים,206.00,100 גרם,false,1,2.70,1.3107,true,1,123364
72986370,false,גלידת יוגורט יווני א,,,גלידת יוגורט יווני אוכמניות ופירורי עוגי,מיליליטרים,500.00,"100 מ""ל",false,1,19.90,3.9800,true,1,137464
72986424,false,גלידת פיינט קרם עוגי,,,"גלידת קרם עוגיות 500 מ""ל",מיליליטרים,500.00,"100 מ""ל",false,1,19.90,3.9800,true,1,137468
72986448,false,גלידת פיינט טופי קרא,,,"גלידת טופ קראנץ"" 500 מ""ל",מיליליטרים,500.00,"100 מ""ל",false,1,19.90,3.9800,true,1,137473
72991886,false,גלידת פיינט דולצה דה,,,"גלידת דולצ""ה דה לצ""ה 500 מ""ל",מיליליטרים,500.00,"100 מ""ל",false,1,19.90,3.9800,true,1,137470
72994016,true,"סיגריות ""הייבי"" רד",,,"סיגריות ""הייבי"" רד",פריט,0.00,פריט,false,,21.00,0.0000,true,1,123422
72994023,true,"סיגריות ""הייבי"" בלו",,,"סיגריות ""הייבי"" בלו",פריט,0.00,פריט,false,,21.00,0.0000,true,1,123423
72994030,true,"סיגריות ""הייבי"" סילב",,,"סיגריות ""הייבי"" סילב",פריט,0.00,פריט,false,,21.00,0.0000,true,1,123424
72994061,false,חטיף שוקולד פסק זמן,SOLEN CIKOLATA GIDA,,פסק זמן 36 גרם,גרמים,36.00,100 גרם,false,1,4.90,13.6111,true,1,123426
76124242,true,סיגריות ווג,,,סיגריות ווג,פריט,0.00,פריט,false,,25.00,0.0000,true,1,123436
76124266,true,ווג מנטול,,,ווג מנטול,פריט,0.00,פריט,false,,25.00,0.0000,true,1,123438
76136184,false,פאל מאל סופר סלימס כ,,,פאל מאל סופר סלימס כחול,Unknown,0.00,Unknown,false,1,30.00,0.0000,false,1,123439
80136194,false,חטיף קינדר הפי היפו,,,חטיף קינדר הפי היפו אגוזי לוז חמישייה,גרמים,104.00,100 גרם,false,1,13.90,13.3654,true,1,196467
80177609,false,שוקולד אצבעות קינדר,,,שוקולד אצבעות קינדר 50 גר,גרמים,50.00,100 גרם,false,1,4.90,9.8000,true,1,123980
80177616,false,שוקולד אצבעות קינדר,,,שוקולד אצבעות קינדר 100 גר,גרמים,100.00,100 גרם,false,1,7.90,7.9000,true,1,123981
80236344,true,אנשובי בשמן זית צנצנ,,,אנשובי בשמן זית צנצנ,פריט,0.00,פריט,false,,13.90,0.0000,true,1,123982
80273561,false,פלפל שחור במטחנה 45,,,פלפל שחור במטחנה 45 גר,גרמים,45.00,100 גרם,false,1,14.90,33.1111,true,1,171883
80273592,false,פלפל 4 עונות במטחנה,,,פלפל 4 עונות במטחנה 35 גר,גרמים,35.00,100 גרם,false,1,14.90,42.5714,true,1,171884
80310891,false,ביצת שוקולד קינדר גו,,,ביצת שוקולד קינדר גוי 20 גר,גרמים,20.00,100 גרם,false,1,5.90,29.5000,true,1,123985
80650874,false,תיבול גורמה שום ופטר,,,תיבול גורמה שום ופטרוזיליה 80 גר,גרמים,80.00,100 גרם,false,1,14.90,18.6250,true,1,221799
80759829,true,"מסטיק ""מנטוס"" בטעם ס",,,"מסטיק ""מנטוס"" בטעם ס",פריט,0.00,פריט,false,,6.49,0.0000,true,1,123994
80761037,true,"מסטיק ""מנטוס"" בטעם מ",,,"מסטיק ""מנטוס"" בטעם מ",פריט,0.00,פריט,false,,6.49,0.0000,true,1,123995
80761044,true,"מסטיק ""מנטוס"" בטעם פ",,,"מסטיק ""מנטוס"" בטעם פ",פריט,0.00,פריט,false,,6.49,0.0000,true,1,123996
80761051,true,"מסטיק ""מנטוס"" בטעם א",,,"מסטיק ""מנטוס"" בטעם א",פריט,0.00,פריט,false,,6.49,0.0000,true,1,123997
80769545,false,מסטיק מנטוס פיור לימ,פרפטי ואן מלה הולנד,,מסטיק מנטוס פיור לימון ללא סוכר 60 גר,גרמים,60.00,100 גרם,false,1,9.90,16.5000,true,1,201280
80773429,false,מסטיק מנטוס פיור תות,פרפטי ואן מלה הולנד,,מסטיק מנטוס פיור תות ללא סוכר 60 גר,גרמים,60.00,100 גרם,false,1,9.90,16.5000,true,1,197578
80773443,false,מסטיק מנטוס בטעם פיר,פרפטי ואן מלה הולנד,,מסטיק מנטוס בטעם פירות מנטה,גרמים,60.00,100 גרם,false,1,9.90,16.5000,true,1,193532
80776307,false,מסטיק מנטוס ביג בטעם,פרפטי ואן מלה הולנד,,מסטיק מנטוס ביג בטעם פירות מנטה,גרמים,105.00,100 גרם,false,1,12.90,12.2857,true,1,193529
80790990,false,מסטיק מנטוס בטעם מנט,פרפטי ואן מלה הולנד,,מסטיק מנטוס בטעם מנטה עדינה,גרמים,60.00,100 גרם,false,1,9.90,16.5000,true,1,193531
80843184,false,מסטיק מנטוס פיור בטע,פרפטי ואן מלה הולנד,TR,מסטיק מנטוס פיור בטעם ענבים בק 60 גר,גרמים,60.00,100 גרם,false,1,9.90,16.5000,true,1,221168
80854753,false,סוכריות מנטוס בטעם מ,,,סוכריות מנטוס בטעם מנטה 30 יח,Unknown,0.00,Unknown,false,1,6.90,0.0000,true,1,212811
80913467,false,מסטיק מנטוס בטעם מנט,פרפטי ואן מלה הולנד,,מסטיק מנטוס בטעם מנטה ללא סוכר 60 גר,גרמים,60.00,100 גרם,false,1,9.90,16.5000,true,1,193530
80926481,false,מסטיק מנטוס ביג בטעם,פרפטי ואן מלה הולנד,,מסטיק מנטוס ביג בטעם אבטיח,גרמים,105.00,100 גרם,false,1,12.90,12.2857,true,1,220665
80974215,false,מסטיק מנטוס ביג בטעם,פרפטי ואן מלה הולנד,,מסטיק מנטוס ביג בטעם תות,גרמים,105.00,100 גרם,false,1,12.90,12.2857,true,1,216239
87187274,true,גבינה מותכת גרין ואל,,,גבינה מותכת גרין ואל,גרמים,100.00,100 גרם,false,,7.90,7.9000,true,1,163597
87187281,true,גבינה מותכת גרין ואל,,,גבינה מותכת גרין ואל,גרמים,100.00,100 גרם,false,,7.90,7.9000,true,1,163598
87187366,true,"גבינה ""ארו"" נקניק 10",,,"גבינה ""ארו"" נקניק 10",גרמים,100.00,100 גרם,false,,12.90,12.9000,true,1,136565
87354041,false,מנטוס גליל בטעם דובד,,,מנטוס גליל בטעם דובדבן 40 גל,גרמים,38.00,100 גרם,false,1,3.50,9.2105,true,1,219957
88630094,true,עוגיות ביס 300גר,,,עוגיות ביס 300גר,,0.00,,false,,16.90,0.0000,true,1,160836
90034107,false,בירה שטיגל גולדבראו,מבשלת שטיגל,,"בירה שטיגל גולדבראו 500 מ""ל",מיליליטרים,500.00,"100 מ""ל",false,1,10.90,2.1800,true,1,186344
90087066,false,מיץ תפוזים 100% טבעי,,,"מיץ ""ראוך"" תפוזים 10",Unknown,0.00,Unknown,false,1,12.90,0.0000,true,1,124146
90087974,false,חומץ תפוחים 1.5% 750,Rauch fruchtsafte gm,,חומץ תפוחים 1.5%,מיליליטרים,750.00,"100 מ""ל",false,1,13.90,1.8533,true,1,124152
90162602,false,משקה אנרגיה רד בול 2,REDBULL,AT,"משקה אנרגיה ""רד בול""",מיליליטרים,250.00,"100 מ""ל",false,24,6.90,2.7600,true,1,124154
90162800,false,משקה אנרגיה רד בול ל,,AT,"משקה אנרגיה ""רד בול"" דיאט 250 מל",מיליליטרים,250.00,"100 מ""ל",false,24,6.90,2.7600,true,1,124155
90446269,false,משקה אנרגיה אבטיח רד,REDBULL,AT,משקה אנרגיה אבטיח רד בול 250 מל,מיליליטרים,250.00,"100 מ""ל",false,24,6.90,2.7600,true,1,220013
729001199,true,"טחינה ירוקה 250 ג""ר",,,"טחינה ירוקה 250 ג""ר",פריט,0.00,פריט,false,,8.90,0.0000,true,1,120493
1206081561,false,שרשרת סנטה ופופיון 3,,,שרשרת סנטה ופופיון 30*19 סמ,Unknown,0.00,Unknown,false,1,9.90,0.0000,true,1,223130
2300110136,true,וינסטון סופט פקט,,,וינסטון סופט פקט,פריט,0.00,פריט,false,,235.00,0.0000,true,1,119305
3333333333,true,פילה רוטבש,,,פילה רוטבש,קילוגרמים,1.00,"ק""ג",true,,29.99,29.9900,true,1,111168
4555555555,true,טונה ארוז,,,טונה ארוז,קילוגרמים,1.00,"ק""ג",true,,33.99,33.9900,true,1,109913
6423460256,true,בונבוניירות צילינדר,,,בונבוניירות צילינדר,פריט,0.00,פריט,false,,62.99,0.0000,true,1,120142
6423460935,true,בונבוניירות סרגל ליל,,,בונבוניירות סרגל ליל,פריט,0.00,פריט,false,,24.99,0.0000,true,1,120143
6423462137,true,בונבוניירות לב כחול,,,בונבוניירות לב כחול,פריט,0.00,פריט,false,,7.99,0.0000,true,1,120144
6423464308,true,בונבוניירות גרנד קאד,,,בונבוניירות גרנד קאד,פריט,0.00,פריט,false,,104.99,0.0000,true,1,120145
7290013267,true,גלידת לייט עם ריפל ר,,,גלידת לייט עם ריפל ר,פריט,0.00,פריט,false,,8.99,0.0000,true,1,121372
7802913897,true,"רוטב סויה מתוק ""הויס",,,"רוטב סויה מתוק ""הויס",גרמים,240.00,100 גרם,false,,17.99,7.4958,true,1,134246
8112100298,false,שמן שומשום טהור 185,Flavor full foods in,,"שמן שומשום טהור 185 מ""ל",מיליליטרים,185.00,"100 מ""ל",false,1,14.90,8.0541,true,1,124006
8421369386,false,בובות עיניים גדולות,,,בובות עיניים גדולות גדול,יחידה,1.00,יחידה,false,1,49.90,49.9000,true,1,162671
8590404402,true,"יין ""מגן דויד"" צ""רי",,,"יין ""מגן דויד"" צ""רי",פריט,0.00,פריט,false,,24.99,0.0000,true,1,124008
9800800056,false,חטיף שוקולד נוטלה אנ,,,חטיף שוקולד נוטלה אנד גו 52 גר,גרמים,52.00,100 גרם,false,1,5.90,11.3462,true,1,187390
11210000094,false,רוטב פלפל טבסקו אדום,,,רוטב פלפל טבסקו אדום,מיליליטרים,60.00,"100 מ""ל",false,1,11.90,19.8333,true,1,119178
11210000223,true,מיץ עגבניות עם טבסקו,,,מיץ עגבניות עם טבסקו,פריט,0.00,פריט,false,,9.99,0.0000,true,1,119180
11210618503,false,רוטב טבסקו סקורפיון,,,רוטב טבסקו סקורפיון 60 מל,מיליליטרים,60.00,"100 מ""ל",false,1,17.90,29.8333,true,1,211672
12300000130,true,מאגנום אדום פקט,,,מאגנום אדום פקט,פריט,0.00,פריט,false,,170.00,0.0000,true,1,119202
12300250139,true,מאגנום כחול פקט,,,מאגנום כחול פקט,פריט,0.00,פריט,false,,170.00,0.0000,true,1,119212
13300607961,false,מיקס גולדן פילסברי 4,,,מיקס גולדן פילסברי 432 גר,גרמים,432.00,100 גרם,false,1,16.90,3.9120,true,1,221441
13300760406,false,ציפוי שוקולד חלב פיל,,,ציפוי שוקולד חלב פילסברי 453 גר,גרמים,453.00,100 גרם,false,1,15.90,3.5099,true,1,221432
13300760802,false,ציפוי וניל פילסברי 4,,,ציפוי וניל פילסברי 453 גר,גרמים,453.00,100 גרם,false,1,15.90,3.5099,true,1,221433
14113230025,true,"שקדים קלויים 200 גר""",,,"שקדים קלויים 200 גר""",גרמים,200.00,100 גרם,false,,17.99,8.9950,true,1,119259
14113911368,true,"פיסטוק מלוח 150 גר""",,,"פיסטוק מלוח 150 גר""",גרמים,150.00,100 גרם,false,,16.99,11.3267,true,1,119260
14113912105,true,פיסטוק ללא מלח 150 ג,,,פיסטוק ללא מלח 150 ג,גרמים,150.00,100 גרם,false,,16.99,11.3267,true,1,133559
14113912112,true,פיסטוק מלח פלפל 150,,,פיסטוק מלח פלפל 150,גרמים,150.00,100 גרם,false,,16.99,11.3267,true,1,119261
14113912334,true,"פיסטוק צ""ילי מתוק 15",,,"פיסטוק צ""ילי מתוק 15",גרמים,150.00,100 גרם,false,,16.99,11.3267,true,1,119262
16000155411,false,דגני טריקס טרולס עם,,,דגני טריקס טרולס עם מרשמלו 274 גר,גרמים,274.00,100 גרם,false,1,29.90,10.9124,true,1,227635
16000185517,false,דגני בוקר פייבר וואן,,US,דגני בוקר פייבר וואן 555 גר,גרמים,555.00,100 גרם,false,6,25.90,4.6667,true,1,223662
16000423534,false,חטיף נטיור ואלי שיבו,,,"חטיף ""נטיור ואלי"" בט",גרמים,210.00,100 גרם,false,1,14.90,7.0952,true,1,124246
16000548909,false,חטיף גרנולה קראנצ מע,,,קראנצי חטיף גרנולה מ,גרמים,210.00,100 גרם,false,1,14.90,7.0952,true,1,124255
16229001711,true,חלב קוקוס 400מל,,,חלב קוקוס 400מל,מיליליטרים,400.00,"100 מ""ל",false,,9.99,2.4975,true,1,124257
18000701223,false,תערובת עוגת שוקולד 5,,,תערובת עוגת שוקולד 500 גר,גרמים,500.00,100 גרם,false,1,16.90,3.3800,true,1,124261
19179814101,false,נרות צבעוניים קטנים,,,נרות צבעוניים קטנים,Unknown,0.00,Unknown,false,1,4.90,0.0000,true,1,207523
20000104515,true,תירס מתוק,,,תירס מתוק,פריט,0.00,פריט,false,,7.50,0.0000,true,1,124269
20800719742,true,"מרכך ""הד אנד שולדרס""",,,"מרכך ""הד אנד שולדרס""",פריט,0.00,פריט,false,,22.99,0.0000,true,1,124287
21723758887,false,רוטב דגים טיפארוס 70,Tang sang hah co. lt,,רוטב דגים טיפארוס 700מל,מיליליטרים,700.00,"100 מ""ל",false,1,15.90,2.2714,true,1,159841
25675120068,false,מקלות בטעם קולה חמצו,,,מקלות בטעם קולה חמצוצים 100 גר,גרמים,100.00,100 גרם,false,1,7.90,7.9000,true,1,151047
28200101907,true,מלבורו גולד 100 פקט,,,מלבורו גולד 100 פקט,פריט,0.00,פריט,false,,265.00,0.0000,true,1,124335
29424003800,true,משוקלדים במילוי קרם,,,משוקלדים במילוי קרם,פריט,0.00,פריט,false,,8.49,0.0000,true,1,124363
29801015020,true,"בלגיאן באט""רס-עוגיות",,,"בלגיאן באט""רס-עוגיות",גרמים,200.00,100 גרם,false,,22.90,11.4500,true,1,124369
29801025203,false,עוגיות חמאה קריספי ב,HAMLET NV,,עוגיות חמאה קריספי 2,גרמים,200.00,100 גרם,false,1,17.90,8.9500,true,1,124370
29801054043,true,בלגיאן באטרס עוגיות,,,בלגיאן באטרס עוגיות,פריט,0.00,פריט,false,,12.99,0.0000,true,1,151083
30000055755,true,חטיפי גרנולה שוקולד,,,חטיפי גרנולה שוקולד,גרמים,240.00,100 גרם,false,,21.99,9.1625,true,1,124371
30000315989,false,קוואקר פרוטאין חמוצי,,,קוואקר פרוטאין חמוציות ושקדים 372 גר,גרמים,372.00,100 גרם,false,1,23.90,6.4247,true,1,206063
30891052819,true,"שבבי אורז 227 ג""ר",,,"שבבי אורז 227 ג""ר",Unknown,0.00,Unknown,false,,8.90,0.0000,true,1,124434
30900205076,true,"גבינה הריטאג"" טוסטי",,,"גבינה הריטאג"" טוסטי",גרמים,227.00,100 גרם,false,,10.99,4.8414,true,1,124438
34100175054,true,בירה מילר שישיה עם פ,,,בירה מילר שישיה עם פ,פריט,0.00,פריט,false,,52.99,0.0000,true,1,124553
36000516876,false,ממחטות אף קלינקס לוש,,,ממחטות אף קלינקס לושן 3 שכבות 75 יח,Unknown,0.00,Unknown,false,1,10.90,0.0000,true,1,209755
38000138607,false,ציפס פרינגלס חומץ מל,פרינגלס מנופקצ'ורינג,US,ציפס פרינגלס חומץ מלח 158 גר,גרמים,158.00,100 גרם,false,14,8.90,5.6329,true,1,206923
38000138638,false,ציפס פרינגלס פיצה 15,,,ציפס פרינגלס פיצה 158 גר,גרמים,158.00,100 גרם,false,1,8.90,5.6329,true,1,190255
38000138874,false,ציפס פרינגלס חלפינו,,,ציפס פרינגלס חלפינו 158 גר,גרמים,158.00,100 גרם,false,1,8.90,5.6329,true,1,190256
38000183928,false,חטיף פרינגלס חרדל וד,פרינגלס מנופקצ'ורינג,US,חטיף פרינגלס חרדל ודבש 158 גר,גרמים,158.00,100 גרם,false,8,8.90,5.6329,true,1,216660
38000232183,false,חטיף פרינגלס אוריגינ,פרינגלס מנופקצ'ורינג,US,חטיף פרינגלס אוריגינל 149 גר,גרמים,149.00,100 גרם,false,14,8.90,5.9732,true,1,210974
38000845512,false,חטיף פרינגלס אוריגינ,,,פרינגלס מיני אוריגינל 37 גר,גרמים,37.00,100 גרם,false,12,4.50,12.1622,true,1,157391
38527590469,true,"דגני בוקר ""קוואקר"" מ",,,"דגני בוקר ""קוואקר"" מ",גרמים,453.00,100 גרם,false,,23.99,5.2958,true,1,124675
38900015336,true,"אננס חתוך ""דולי"" 227",,,"אננס חתוך ""דולי"" 227",פריט,0.00,פריט,false,,3.99,0.0000,true,1,124676
40000512943,false,סוכריות מ&מס שוקולד,מרס,,סוכריות מ&מס שוקולד 303 גר,גרמים,303.00,100 גרם,false,1,19.90,6.5677,true,1,199495
40000513568,false,סוכריות מ&מס שוקו 15,מרס,,סוכריות מ&מס שוקו 156 גר,גרמים,156.00,100 גרם,false,1,11.90,7.6282,true,1,193832
40000514510,false,סוכריות מ&מס בוטנים,מרס,,סוכריות מ&מס בוטנים 49 גר,גרמים,49.00,100 גרם,false,1,4.90,10.0000,true,1,189029
41390001079,false,רוטב קוקומן סויה 444,,,רוטב קוקומן סויה 444 מל,מיליליטרים,444.00,"100 מ""ל",false,1,19.90,4.4820,true,1,163207
41390001451,false,רוטב סויה קיקומן 1.2,,,רוטב סויה קיקומן 1.2 ל,ליטרים,1.20,ליטר,false,1,39.90,33.2500,true,1,230105
44000058760,false,אוראו אמריקה משפחתית,,,אוראו אמריקה משפחתית שוקולד 566 גר,גרמים,566.00,100 גרם,false,1,34.90,6.1661,true,1,227638
46214372250,false,עוגיות מרבה שטרודל ת,Merba BV,,"עוגיות ""מרבה"" שטרודל תפוחים 225 גר",גרמים,200.00,100 גרם,false,1,8.90,4.4500,true,1,126009
46214382259,false,עוגיות מרבה בראוניס,Merba BV,,"עוגיות ""מרבה"" בראוניס 225 גר",גרמים,200.00,100 גרם,false,1,8.90,4.4500,true,1,126010
46214572250,true,עוגיות מרבה,,,עוגיות מרבה,לא מנהל יחידת מידה,0.00,לא מנהל יחידת מידה,false,,14.90,0.0000,true,1,158240
46214731552,false,עוגיות מרבה 37% שוקו,Merba BV,,"עוגיות ""מרבה"" 37% שוקולד צ""יפס 225 גר",גרמים,225.00,100 גרם,false,1,8.90,3.9556,true,1,126011
50000015474,false,פריסקיז מעדני הים 1.,,,פריסקיז מעדני הים 1.43 ק,קילוגרמים,1.43,"ק""ג",false,1,39.90,27.9021,true,1,126045
50000434640,false,פנסי פיסט נתחי לבבות,נסטלה פורינה USA סט,,פנסי פיסט נתחי עוף ל,גרמים,85.00,100 גרם,false,1,5.90,6.9412,true,1,126065
50000578450,false,פנסי פיסט עוף ברוטב,נסטלה פורינה USA סט,,פנסי פיסט עוף ברוטב עשיר,גרמים,85.00,100 גרם,false,1,5.90,6.9412,true,1,185981
51500000953,false,קונפיטורת תות שדה 34,,,קונפיטורת תות שדה 340 גר,גרמים,340.00,100 גרם,false,1,14.90,4.3824,true,1,225138
52100142593,false,תערובת תיבול להמבורג,,,תערובת תיבול להמבורגר 77 גר,גרמים,77.00,100 גרם,false,1,22.90,29.7403,true,1,226294
54881000109,false,תה אחמד ענבי שועל 20,Sunshine tea (pvt) l,,תה אחמד ענבי שועל 20 שק,גרמים,36.00,100 גרם,false,1,10.90,30.2778,true,1,191988
54881000208,false,תה שחור לימון וגינגר,,,תה שחור לימון וגינגר 20 שק,Unknown,0.00,Unknown,false,1,10.90,0.0000,true,1,190881
54881001120,false,מארז חליטות אחמד תה,,,מארז חליטות אחמד תה 6 סוגים,גרמים,105.00,100 גרם,false,8,29.90,28.4762,true,1,223268
54881001779,false,תה 12 טעמים אחמד טי,,,"תה 12 סוגים 177 גר""",גרמים,120.00,100 גרם,false,1,29.90,24.9167,true,1,126541
54881003988,false,תה 4 סוגים 20 שק,,,"תה 4 סוגים 20 שק""",Unknown,0.00,Unknown,false,1,10.90,0.0000,true,1,126542
54881003995,false,תה בטעם פירות 20 שק,,,תה בטעם פירות 20 שק,גרמים,40.00,100 גרם,false,1,10.90,27.2500,true,1,193845
54881005654,false,תה ירוק אחמד יסמין 2,Sunshine tea (pvt) l,,תה ירוק אחמד יסמין 20 שק,גרמים,40.00,100 גרם,false,1,10.90,27.2500,true,1,191985
54881006941,false,תה שחור אחמד תפוח 20,גיבונג אינדסקיאלס,,תה שחור אחמד תפוח 20 שק,גרמים,40.00,100 גרם,false,1,10.90,27.2500,true,1,191983
54881006972,false,תה שחור לימון ליים 2,Sunshine tea (pvt) l,,"תה שחור ""לימון ליים ""20 שק",גרמים,40.00,100 גרם,false,1,10.90,27.2500,true,1,132683
54881007108,false,תה שחור דומדמניות 20,Sunshine tea (pvt) l,,"תה שחור ""דומדמניות 20 שק",יחידה,1.00,יחידה,false,1,10.90,10.9000,true,1,132681
54881008167,false,תה אינגליש 100 שק,Sunshine tea (pvt) l,,"תה אינגליש 100 שק""",גרמים,200.00,100 גרם,false,1,19.90,9.9500,true,1,126558
54881008181,false,תה אינגליש 100 שק,Sunshine tea (pvt) l,,"תה אינגליש 100 שק""",גרמים,200.00,100 גרם,false,1,19.90,9.9500,true,1,126560
54881012720,false,מארז תה פירות אחמד ת,,,מארז תה פירות אחמד תה 6 סוגים,Unknown,0.00,Unknown,false,8,29.90,0.0000,true,1,223267
61954000812,true,חלב סויה,,,חלב סויה,פריט,0.00,פריט,false,,7.99,0.0000,true,1,126622
62558202381,false,סירופ מייפל אורגני ט,,,סירופ מייפל אורגני טהור 236 מל,מיליליטרים,236.00,"100 מ""ל",false,12,29.90,12.6695,true,1,216694
70177077693,false,תה טווינינג אינגליש,טווינינג,PL,תה טווינינג אינגליש ברקפסט 50 גר,גרמים,50.00,100 גרם,false,12,18.90,37.8000,true,1,204726
70177084769,false,תה טווינינג שחור וני,טווינינג,PL,תה טווינינג שחור ונילה 25 שק 50 גר,גרמים,50.00,100 גרם,false,12,18.90,37.8000,true,1,225635
70221011116,false,שוקולד טובלרון חלב 1,,,"שוקולד ""טובלרון"" חלב",גרמים,100.00,100 גרם,false,1,9.90,9.9000,true,1,126823
71505022453,false,גבינת אריטאג קרם ציז,,,גבינת אריטאג קרם ציז בר 227 גר,גרמים,227.00,100 גרם,false,1,17.90,7.8855,true,1,213685
72900159090,true,"שרימפס 41/50 0.5 ק""ג",,,"שרימפס 41/50 0.5 ק""ג",פריט,0.00,פריט,false,,34.99,0.0000,true,1,121343
73490130359,false,קרקר הדר קרם רגיל 25,,,קרקר הדר קרם רגיל 250 גר,גרמים,250.00,100 גרם,false,1,6.90,2.7600,true,1,133837
74234531142,false,פלפל חלפניו פרוס כבו,סאן מרקוס,,פלפל חלפניו פרוס כבוש 210 גר,גרמים,210.00,100 גרם,false,1,11.90,5.6667,true,1,191186
76808009361,false,עוגיות ברילה לב שוקו,,,עוגיות ברילה לב שוקולד 200 גר,גרמים,200.00,100 גרם,false,1,11.90,5.9500,true,1,229446
76840001767,false,גלידת וניל עם עוגיות,,,גלידת וניל עם עוגיות חמאת בוטנים,מיליליטרים,473.00,"100 מ""ל",false,6,19.90,4.2072,true,1,211532
76840001774,false,גלידת עוגיות חלב עם,,,גלידת עוגיות חלב עם חתיכות פאדג,מיליליטרים,473.00,"100 מ""ל",false,6,19.90,4.2072,true,1,211531
76840002542,false,גלידת חמאת בוטנים עם,,,גלידת חמאת בוטנים עם בראוניס ופירורי ביי,מיליליטרים,500.00,"100 מ""ל",false,6,19.90,3.9800,true,1,212788
76840100156,false,גלידת פיינט צרי גרסי,,,גלידת פיינט צרי 500 מל,מיליליטרים,500.00,"100 מ""ל",false,6,19.90,3.9800,true,1,184436
76840100583,false,גלידת בצק עוגיות 500,,,גלידת בצק עוגיות 500 מל,מיליליטרים,500.00,"100 מ""ל",false,1,19.90,3.9800,true,1,137477
76840100989,false,גלידת שוקולד עם מרשמ,,,גלידת שוקולד עם מרשמלו קרמל וחתיכות פאדג,מיליליטרים,500.00,"100 מ""ל",false,1,19.90,3.9800,true,1,202562
77245110610,false,סוכריות מאסט ללא סוכ,MIESZKO S.A - MS. JO,,"סוכריות ""מאסט"" מנטה",גרמים,80.00,100 גרם,false,1,6.90,8.6250,true,1,127073
77975094631,false,סנדוויץ בייגלה סנייד,,,סנדוויץ בייגלה סניידרס במילוי קרם צדר,גרמים,227.00,100 גרם,false,12,14.90,6.5639,true,1,214460
77975094778,false,שברי בייגלה סניידרס,,,שברי בייגלה סניידרס בטעם דבש חרדל 340 גר,גרמים,340.00,100 גרם,false,1,14.90,4.3824,true,1,220832
79513008186,true,ביסקוויט מריר ללא סו,,,ביסקוויט מריר ללא סו,Unknown,0.00,Unknown,false,,10.99,0.0000,true,1,127095
80432402931,false,ויסקי שיבאס ריגאל 12,,,ויסקי שיבאס ריגאל 12 שנים 700 מל,מיליליטרים,700.00,"100 מ""ל",false,1,124.90,17.8429,true,1,157687
80432402979,false,ויסקי סקוטי גלאן גרא,,,"ויסקי סקוטי גלאן גראנט 10 שנים 700 מ""ל",מיליליטרים,700.00,"100 מ""ל",false,1,129.90,18.5571,true,1,197608
80480005269,false,רום בקרדי שחור קרטה,,,"רום בקרדי שחור 700 מ""ל",מיליליטרים,750.00,"100 מ""ל",false,1,149.90,19.9867,true,1,191142
80518532859,false,שקיות רמה,,,שקיות רמה,Unknown,0.00,Unknown,false,1,18.90,0.0000,true,1,127177
84380987649,false,וודקה פרבדה 700 מל,,,וודקה פרבדה 700 מל,מיליליטרים,700.00,"100 מ""ל",false,1,89.90,12.8429,true,1,209698
87752012604,true,"יין יבש ""דולב"" קברנה",,,"יין יבש ""דולב"" קברנה",פריט,0.00,פריט,false,,27.99,0.0000,true,1,127632
88004144746,false,שוטר- ליקר ויסקי וקי,,,שוטר-ליקר וויסקי וקינמון פיירבול 0.75 ל,מיליליטרים,750.00,"100 מ""ל",false,1,99.90,13.3200,true,1,139110
88352103280,true,"ברנדי ""סט רמי אוטנטי",,,"ברנדי ""סט רמי אוטנטי",פריט,0.00,פריט,false,,84.99,0.0000,true,1,127635
90028594531,true,זיתים שחורים מגולעני,,,זיתים שחורים מגולעני,גרמים,370.00,100 גרם,false,,10.99,2.9703,true,1,134851
112300103138,true,כאמל בוקס פקט,,,כאמל בוקס פקט,פריט,0.00,פריט,false,,245.00,0.0000,true,1,119206
112300107136,true,כאמל כחול פקט,,,כאמל כחול פקט,פריט,0.00,פריט,false,,245.00,0.0000,true,1,119207
112300112130,true,וינסטון בוקס פקט,,,וינסטון בוקס פקט,פריט,0.00,פריט,false,,235.00,0.0000,true,1,119208
112300119139,true,וינסטון כחיל פקט,,,וינסטון כחיל פקט,פריט,0.00,פריט,false,,235.00,0.0000,true,1,119209
112300141130,true,כאמל כתום פקט,,,כאמל כתום פקט,פריט,0.00,פריט,false,,245.00,0.0000,true,1,119210
112300159135,true,וינסטון כחול ארוך פק,,,וינסטון כחול ארוך פק,פריט,0.00,פריט,false,,235.00,0.0000,true,1,119211
112300253871,true,וינסטון אפור פקט,,,וינסטון אפור פקט,פריט,0.00,פריט,false,,235.00,0.0000,true,1,119214
128200112507,true,פרלמנט ארוך פקט,,,פרלמנט ארוך פקט,פריט,0.00,פריט,false,,285.00,0.0000,true,1,124337
128200114808,true,פרלמנט ארוךבלו פקט,,,פרלמנט ארוךבלו פקט,פריט,0.00,פריט,false,,285.00,0.0000,true,1,124338
128200114907,true,פרלמנט קצר פקט,,,פרלמנט קצר פקט,פריט,0.00,פריט,false,,285.00,0.0000,true,1,124339
128200133502,true,מלבורו רד קצר פקט,,,מלבורו רד קצר פקט,פריט,0.00,פריט,false,,265.00,0.0000,true,1,124340
128200133908,true,פרלמנט סילבר פקט,,,פרלמנט סילבר פקט,פריט,0.00,פריט,false,,285.00,0.0000,true,1,124341
128200145109,true,L.M סילבר לייבל פקט,,,L.M סילבר לייבל פקט,פריט,0.00,פריט,false,,235.00,0.0000,true,1,124342
128200151100,true,איב 120 פקט,,,איב 120 פקט,פריט,0.00,פריט,false,,285.00,0.0000,true,1,124343
128200152008,true,L.M בלו לייבל ארוך פ,,,L.M בלו לייבל ארוך פ,פריט,0.00,פריט,false,,235.00,0.0000,true,1,124344
128200152701,true,ל.מ. סלו לייבל קצר פ,,,ל.מ. סלו לייבל קצר פ,פריט,0.00,פריט,false,,235.00,0.0000,true,1,124345
128200154507,true,L.M רד לייבל קצר פקט,,,L.M רד לייבל קצר פקט,פריט,0.00,פריט,false,,235.00,0.0000,true,1,124346
128200174604,true,פרלמנט ארוךבלו פקט,,,פרלמנט ארוךבלו פקט,פריט,0.00,פריט,false,,285.00,0.0000,true,1,124347
128200176301,true,פרלמנט קצר בלו פקט,,,פרלמנט קצר בלו פקט,פריט,0.00,פריט,false,,285.00,0.0000,true,1,124348
201911001000,true,"ממרח אגוזי לוז 1 ק""ג",,,"ממרח אגוזי לוז 1 ק""ג",גרמים,1000.00,100 גרם,false,,23.99,2.3990,true,1,124271
290100685938,true,עוגת דבש,,,עוגת דבש,פריט,0.00,פריט,false,,14.99,0.0000,true,1,119316
460340000913,true,וודקה רוסקי סטנדרט,,,וודקה רוסקי סטנדרט,פריט,0.00,פריט,false,,0.01,0.0000,true,1,134712
541012672647,true,ממרח עוגיות לוטוס קר,,,ממרח עוגיות לוטוס קר,גרמים,380.00,100 גרם,false,,24.90,6.5526,true,1,160519
541161635607,true,בירה דמבורגר 500מל,,,בירה דמבורגר 500מל,,0.00,,false,,7.90,0.0000,true,1,160482
613008742348,false,משקה אריזונה גינסנג,,,אריזונה 1 ל גינסנג ודבש,ליטרים,1.00,ליטר,false,6,11.90,11.9000,true,1,215753
613008742409,false,משקה אריזונה אפרסק 1,,,אריזונה 1 ל אפרסק,ליטרים,1.00,ליטר,false,6,11.90,11.9000,true,1,215752
613008753351,false,משקה אריזונה רימונים,,,"משקה אריזונה רימונים 450 מ""ל",מיליליטרים,450.00,"100 מ""ל",false,1,7.90,1.7556,true,1,206288
613008753382,false,משקה אריזונה אוכמניו,,,"משקה אריזונה אוכמניות 450 מ""ל",מיליליטרים,450.00,"100 מ""ל",false,1,7.90,1.7556,true,1,206285
633824139122,false,וודקה ואן גוך קרמל 7,מזקקת דירקזוואכר סכי,,"וודקה ואן גוך קרמל 750 מ""ל",מיליליטרים,750.00,"100 מ""ל",false,1,139.90,18.6533,true,1,126673
633824208040,false,וודקה ואן גוך דאבל א,מזקקת דירקזוואכר סכי,,"וודקה ""ואן גוך"" דאבל אספרסו 750 מ""ל",מיליליטרים,750.00,"100 מ""ל",false,1,139.90,18.6533,true,1,126674
633824913432,false,וודקה ואן גוך אסאי 7,מזקקת דירקזוואכר סכי,,"וודקה ""ואן גוג"" אסאי",מיליליטרים,750.00,"100 מ""ל",false,1,139.90,18.6533,true,1,126675
645173863337,true,שימורי ביצי דג זהבנו,,,שימורי ביצי דג זהבנון 185 גר,גרמים,185.00,100 גרם,false,1,10.90,5.8919,true,1,197363
645173863658,false,סלט אצות ים 500 גר,,,סלט אצות ים 500 גר,גרמים,500.00,100 גרם,false,12,14.90,2.9800,true,1,204937
645173911038,false,קורנישוון בחומץ 720,,,קורנישוון בחומץ 720 גר,גרמים,720.00,100 גרם,false,1,9.90,1.3750,true,1,126724
645173911762,true,מלפפון בחומץ 1 ליטר,,,מלפפון בחומץ 1 ליטר,פריט,0.00,פריט,false,,10.99,0.0000,true,1,126738
645173995632,false,רוטב שזיפים בר טקמלי,ארומה פרודקטס,,רוטב שזיפים בר טקמלי ירוק 370 גר,גרמים,370.00,100 גרם,false,1,11.90,3.2162,true,1,194385
645173995663,false,רוטב פלפלים 370 גר,ארומה פרודקטס,,רוטב פלפלים 370 גר,גרמים,370.00,100 גרם,false,1,12.90,3.4865,true,1,194387
645173995687,false,רוטב דובדבנים קורניל,,,רוטב דובדבנים קורנילה 420 גר,גרמים,420.00,100 גרם,false,1,22.90,5.4524,true,1,194393
645173995694,false,רוטב עגבניות 370 גר,ארומה פרודקטס,,רוטב עגבניות 370 גר,גרמים,370.00,100 גרם,false,20,11.90,3.2162,true,1,194386
645692555652,true,פתיבר ללא סוכר 130 ג,,,פתיבר ללא סוכר 130 ג,פריט,0.00,פריט,false,,5.99,0.0000,true,1,126743
645692556352,true,אורלי בזוקה 150 גרם,,,אורלי בזוקה 150 גרם,פריט,0.00,פריט,false,,3.99,0.0000,true,1,126754
658444501180,true,"קטשופ 709 גר""",,,"קטשופ 709 גר""",פריט,0.00,פריט,false,,10.99,0.0000,true,1,126796
660089001147,false,פותח סתימות נוזל 1 ל,סטרוכם,,פותח סתימות נוזל 1 ל,ליטרים,1.00,ליטר,false,1,23.90,23.9000,true,1,126797
661625851929,true,"ביסקוויט ""מינואט"" ע",,,"ביסקוויט ""מינואט"" ע",גרמים,95.00,100 גרם,false,,2.90,3.0526,true,1,162093
661625851936,true,"ביסקוויט ""מינואט"" ע",,,"ביסקוויט ""מינואט"" ע",גרמים,95.00,100 גרם,false,,2.90,3.0526,true,1,162095
661625851943,true,"ביסקוויט ""מינואט"" ע",,,"ביסקוויט ""מינואט"" ע",גרמים,95.00,100 גרם,false,,2.90,3.0526,true,1,162096
661625851950,true,"ביסקוויט ""מינואט"" ע",,,"ביסקוויט ""מינואט"" ע",גרמים,95.00,100 גרם,false,,2.90,3.0526,true,1,162094
690562114479,true,בונ. ביפה 650ג,,,בונ. ביפה 650ג,Unknown,0.00,Unknown,false,,25.99,0.0000,true,1,126812
693493028868,false,מלפפון בייבי,,,מלפפון בייבי,Unknown,0.00,Unknown,false,1,9.90,0.0000,true,1,213803
693493028875,false,פלפל טינקרבל,,,פלפל טינקרבל,Unknown,0.00,Unknown,false,1,6.90,0.0000,true,1,213802
693493065641,false,טחינה הר כנען 500 גר,,,טחינה הר כנען 500 גר,גרמים,500.00,100 גרם,false,1,14.90,2.9800,true,1,222544
693493138390,false,חסה סלנובה,,,חסה סלנובה,Unknown,0.00,Unknown,false,1,12.90,0.0000,true,1,219516
710151559983,true,בלאק דוויל גולד,,,בלאק דוויל גולד,פריט,0.00,פריט,false,,16.00,0.0000,true,1,130673
723830000100,false,בירה לגוניטס 355 מל,,,"בירה לגוניטס 355 מ""ל",מיליליטרים,355.00,"100 מ""ל",false,1,11.90,3.3521,true,1,210885
729001418769,true,מרק פטריות 200 גר,,,מרק פטריות 200 גר,פריט,0.00,פריט,false,,13.99,0.0000,true,1,134513
729005404098,true,עוגיות ללא סוכר 200,,,עוגיות ללא סוכר 200,פריט,0.00,פריט,false,,10.99,0.0000,true,1,119136
729040624228,true,ויסקי דינס 0.7 ליטר,,,ויסקי דינס 0.7 ליטר,פריט,0.00,פריט,false,,99.99,0.0000,true,1,137364
729108084816,true,תמר מגהל 1 קג,,,תמר מגהל 1 קג,פריט,0.00,פריט,false,,29.99,0.0000,true,1,135741
750001008289,true,"אסורטי ""זלטה לאימה""",,,"אסורטי ""זלטה לאימה""",פריט,0.00,פריט,false,,28.99,0.0000,true,1,130697
750012450831,true,"שמפניה בקטיפה ""ריגס",,,"שמפניה בקטיפה ""ריגס",פריט,0.00,פריט,false,,54.99,0.0000,true,1,130698
753182340302,false,אבקת וואסבי 35 גר,,,אבקת וואסבי 35 גר,גרמים,35.00,100 גרם,false,1,13.90,39.7143,true,1,136659
763615718820,true,כוסותנייר לשתייה כסף,,,כוסותנייר לשתייה כסף,פריט,0.00,פריט,false,,7.99,0.0000,true,1,130704
763615757829,true,כוסות נייר לשתייה קר,,,כוסות נייר לשתייה קר,פריט,0.00,פריט,false,,7.99,0.0000,true,1,130706
764717831103,true,"קרם צ""יז עם רוקפור ו",,,"קרם צ""יז עם רוקפור ו",גרמים,500.00,100 גרם,false,,21.99,4.3980,true,1,130710
764717833053,true,"קרם צ""יז 227 גר""",,,"קרם צ""יז 227 גר""",גרמים,227.00,100 גרם,false,,11.99,5.2819,true,1,130711
768404001640,false,גלידת בן אנד גריס קפ,,,"גלידת בן אנד גריס קופי 500 מ""ל",מיליליטרים,500.00,"100 מ""ל",false,1,19.90,3.9800,true,1,184567
777696000033,false,מול שחור קנדי 907 גר,,,מול שחור קנדי 907 גר,גרמים,907.00,100 גרם,false,1,49.90,5.5017,true,1,130762
782706544933,false,זית ירוק ענק 500 גר,,,זית ירוק ענק 500 גר,גרמים,500.00,100 גרם,false,1,22.90,4.5800,true,1,228070
786150000274,false,בירה לף בראון בק 330,,,בירה לף בראון בק 330 מל,מיליליטרים,330.00,"100 מ""ל",false,1,10.90,3.3030,true,1,226262
786345002052,true,"וודקה אורסוס 1ל""",,,"וודקה אורסוס 1ל""",פריט,0.00,פריט,false,,49.99,0.0000,true,1,127082
794450088338,true,"קברנה ארג""נטו",,,"קברנה ארג""נטו",פריט,0.00,פריט,false,,38.99,0.0000,true,1,130854
794712929864,false,בירה פרוני 330 מל שי,,,בירה פרוני 330 מל שישייה,מיליליטרים,1980.00,"100 מ""ל",false,1,39.90,2.0152,true,1,212295
796252220043,true,גבינה קרון פטה 227גר,,,גבינה קרון פטה 227גר,גרמים,227.00,100 גרם,false,,25.90,11.4097,true,1,158729
796252220050,true,גבינה קרון פטה עגבני,,,גבינה קרון פטה עגבני,גרמים,227.00,100 גרם,false,,25.90,11.4097,true,1,158731
796252220067,true,גבינה קרון פטה זית י,,,גבינה קרון פטה זית י,גרמים,227.00,100 גרם,false,,25.90,11.4097,true,1,158730
796252220074,true,גבינה קרון פטה זית ק,,,גבינה קרון פטה זית ק,גרמים,227.00,100 גרם,false,,25.90,11.4097,true,1,158732
811538013031,false,רום מתובל קראקן 700,,,"רום מתובל קראקן 700 מ""ל",מיליליטרים,700.00,"100 מ""ל",false,12,119.90,17.1286,true,1,205006
814109020605,false,קנדי מפופ פופקורן בט,,,קנדי מפופ פופקורן בטעם חמאת בוטנים 149 ג,גרמים,149.00,100 גרם,false,1,21.90,14.6980,true,1,219551
815216015966,false,עוגיות קלאסיק הרשי ד,,,עוגיות קלאסיק הרשי דאבל שוק 85 גר,גרמים,85.00,100 גרם,false,1,6.90,8.1176,true,1,227628
818570007066,false,תמצית וניל טהור 59 מ,וטקינס,,"תמצית וניל טהור 59 מ""ל",מיליליטרים,59.00,"100 מ""ל",false,1,29.90,50.6780,true,1,195926
835811002246,false,מאפינס צבעוני 200 יח,,,מאפינס צבעוני 200 יח מס 2,Unknown,0.00,Unknown,false,1,9.90,0.0000,true,1,191254
835811004455,false,קשקשים מנייר צבעוני,,,קשקשים מנייר צבעוני 125 יח,Unknown,0.00,Unknown,false,1,11.90,0.0000,true,1,209652
835811004684,false,עטרות לאפיה כסף/זהב,,,עטרות לאפיה כסף/זהב מס 3 100 יח,Unknown,0.00,Unknown,false,1,8.90,0.0000,true,1,184275
835811004691,false,עטרות לאפיה כסף/זהב,,,עטרות לאפיה כסף/זהב מס 2 100 יח,Unknown,0.00,Unknown,false,1,7.90,0.0000,true,1,184274
835811004707,false,פירורי לחם מוזהב 440,,,פירורי לחם מוזהב 440,גרמים,440.00,100 גרם,false,1,6.90,1.5682,true,1,130870
835811005339,false,שקיות אוכל הנמל זוג,,,זוג שקיות אוכל,Unknown,0.00,Unknown,false,1,11.90,0.0000,true,1,135439
835811005728,false,עלים לקרמשניט 400 גר,,,עלים לקרמשניט,גרמים,400.00,100 גרם,false,1,26.90,6.7250,true,1,158739
835811006985,false,בורגול מרובע 500 גר,,,"בורגול מרובע 500 גר""",גרמים,500.00,100 גרם,false,1,4.90,0.9800,true,1,130875
835811007142,false,עדשים ירוקות 500 גר,,,"עדשים ירוקים 500 ג""ר",גרמים,500.00,100 גרם,false,1,7.90,1.5800,true,1,130878
835811007180,false,פופקורן הנמל 500 גר,,,"פופקורן 500 ג""ר",גרמים,500.00,100 גרם,false,1,5.90,1.1800,true,1,130881
835811007197,false,לקט עדשים אדומות 500,,,לקט עדשים אדומים 500,גרמים,500.00,100 גרם,false,1,7.90,1.5800,true,1,130882
835811007234,false,אפונה 500 גר,,,"אפונה 500 ג""ר",גרמים,500.00,100 גרם,false,1,5.90,1.1800,true,1,130886
835811007494,false,גלטין טהור מדגים 28,,,גלטין טהור מדגים,גרמים,28.00,100 גרם,false,1,9.90,35.3571,true,1,130895
835811008743,false,קינואה מרובע 500 גר,,,"קינואה מרובע 500 גר""",גרמים,500.00,100 גרם,false,1,12.90,2.5800,true,1,130911
835811008927,false,כוס ויסקי גבוה 10 יח,,,כוס וויסקי גבוהה 10,Unknown,0.00,Unknown,false,1,14.90,0.0000,true,1,130922
839762000641,false,משקה איילנד בטעם מנג,The Egyptian Co. for,,משקה איילנד בטעם מנגו 1ל,ליטרים,1.00,ליטר,false,1,11.90,11.9000,true,1,163796
839762000658,false,משקה איילנד בטעם גוי,The Egyptian Co. for,,משקה איילנד בטעם גויאבה 1ל,ליטרים,1.00,ליטר,false,1,11.90,11.9000,true,1,163797
844510013187,false,יין ירושלים הילס מוס,,,"יין גרוזלם הילס מוסקט קינוח 750 מ""ל",מיליליטרים,750.00,"100 מ""ל",false,12,42.90,5.7200,true,1,204715
850307005617,false,אטריות ביצים ורמישל,א.ל.ב גולד,,איטריות ביצים ורמישל דק 500גר,גרמים,500.00,100 גרם,false,1,10.90,2.1800,true,1,188161
850307005662,false,אטריות ביצים חינקל 5,,,אטריות ביצים חינקל 500 גר,גרמים,500.00,100 גרם,false,1,10.90,2.1800,true,1,203517
851621000050,false,בירה בלאנק 1664 בק 3,,,"בירה בלאנק 1664 בק 330 מ""ל שישייה",מיליליטרים,1980.00,"100 מ""ל",false,1,54.90,2.7727,true,1,206744
859387561309,true,בירה אולבה צ כיה,,,בירה אולבה צ כיה,פריט,0.00,פריט,false,,3.99,0.0000,true,1,130939
876153004109,false,יין קסטלו דל פוגי סמ,,,יין קסטלו דל פוגי סמוד 750 מל,מיליליטרים,750.00,"100 מ""ל",false,1,44.90,5.9867,true,1,225625
876274001292,true,"בונבוניירת לבבות ""או",,,"בונבוניירת לבבות ""או",גרמים,100.00,100 גרם,false,,7.99,7.9900,true,1,131270
876274001308,true,"בונבוניירת לבבות ""או",,,"בונבוניירת לבבות ""או",גרמים,100.00,100 גרם,false,,7.99,7.9900,true,1,131271
876274001315,true,"בונבוניירת לבבות ""או",,,"בונבוניירת לבבות ""או",גרמים,100.00,100 גרם,false,,7.99,7.9900,true,1,131272
876274001322,true,"בונבוניירת לבבות ""או",,,"בונבוניירת לבבות ""או",גרמים,100.00,100 גרם,false,,7.99,7.9900,true,1,131273
877358001009,false,יין רימונים מנורה מת,פרושן,,"יין רימונים ""מנורה"" 750 מל",מיליליטרים,750.00,"100 מ""ל",false,1,39.90,5.3200,true,1,158496
881055707188,true,"קפוצינו ""נסקפה"" אגוז",,,"קפוצינו ""נסקפה"" אגוז",פריט,0.00,פריט,false,,21.99,0.0000,true,1,139780
884912102102,false,דגני בוקר בלובלרי מו,,,דגני בוקר בלובלרי מורנינג 382 גר,גרמים,382.00,100 גרם,false,1,23.90,6.2565,true,1,228723
884912126115,false,סלקט גרייט גריינס די,,,סלקט גרייט גריינס דייטס 453 גר,גרמים,453.00,100 גרם,false,1,23.90,5.2759,true,1,228721
884912359155,false,דגני בוקר האני באנצס,,,דגני בוקר האני באנצס רוסטד 340 גר,גרמים,340.00,100 גרם,false,12,23.90,7.0294,true,1,228687
893594002051,false,פופקורנס גבינת צדר 2,,,פופקורנס גבינת צדר 28 גר,גרמים,28.00,100 גרם,false,1,5.90,21.0714,true,1,228115
899273001025,true,"משקה אנרגי ""פלאי בוי",,,"משקה אנרגי ""פלאי בוי",פריט,0.00,פריט,false,,3.99,0.0000,true,1,131463
904070002239,true,סאקה קאסן,,,סאקה קאסן,Unknown,0.00,Unknown,false,,50.99,0.0000,true,1,132569
1272000194410,true,סיגריות קנט קלאסי אר,,,סיגריות קנט קלאסי אר,פריט,0.00,פריט,false,,265.00,0.0000,true,1,124328
1403180000377,true,רוטמנס כחול פקט,,,רוטמנס כחול פקט,פריט,0.00,פריט,false,,200.00,0.0000,true,1,124911
1403180000379,true,רוטמנס אדום פקט,,,רוטמנס אדום פקט,פריט,0.00,פריט,false,,200.00,0.0000,true,1,124912
1403290000516,true,מור ירוק פקט,,,מור ירוק פקט,פריט,0.00,פריט,false,,285.00,0.0000,true,1,124913
1403310000349,true,וינסטון סופר סלימס כ,,,וינסטון סופר סלימס כ,פריט,0.00,פריט,false,,235.00,0.0000,true,1,124914
1403310002415,true,וינסטון קוד פקט,,,וינסטון קוד פקט,פריט,0.00,פריט,false,,235.00,0.0000,true,1,134883
1403310002426,true,וינסטון אקווה פקט,,,וינסטון אקווה פקט,פריט,0.00,פריט,false,,235.00,0.0000,true,1,134884
1460620300127,true,נקסט,,,נקסט,פריט,0.00,פריט,false,,195.00,0.0000,true,1,125621
1460620300129,true,נקסט פקט,,,נקסט פקט,פריט,0.00,פריט,false,,195.00,0.0000,true,1,125622
1460620300148,true,פרלמנט סופר סלימס פק,,,פרלמנט סופר סלימס פק,פריט,0.00,פריט,false,,285.00,0.0000,true,1,125623
1729000295819,true,סיג.רויאל אדום פקט,,,סיג.רויאל אדום פקט,פריט,0.00,פריט,false,,180.00,0.0000,true,1,133957
1729000295820,true,סיג.רויאל כחול פקט,,,סיג.רויאל כחול פקט,פריט,0.00,פריט,false,,180.00,0.0000,true,1,133958
1729001202806,true,מלבורו פלייבור פלוס,,,מלבורו פלייבור פלוס,פריט,0.00,פריט,false,,265.00,0.0000,true,1,120604
1729001202811,true,נקסט לילך פקט,,,נקסט לילך פקט,פריט,0.00,פריט,false,,195.00,0.0000,true,1,135324
1729001202813,true,מרלבורו גולד פיין טא,,,מרלבורו גולד פיין טא,פריט,0.00,פריט,false,,265.00,0.0000,true,1,132578
1761240002647,true,לאקי סטרייק C&R פקט,,,לאקי סטרייק C&R פקט,פריט,0.00,פריט,false,,235.00,0.0000,true,1,133979
1761360000379,true,סיגריות פלמל סלימס כ,,,סיגריות פלמל סלימס כ,פריט,0.00,פריט,false,,200.00,0.0000,true,1,127015
1761360000381,true,סיגריות פלמל סלימס כ,,,סיגריות פלמל סלימס כ,פריט,0.00,פריט,false,,200.00,0.0000,true,1,127016
1761640000100,true,איב 120 פקט,,,איב 120 פקט,פריט,0.00,פריט,false,,285.00,0.0000,true,1,127019
1761790010202,true,"סיג"" ""לאקי סטרייק"" א",,,"סיג"" ""לאקי סטרייק"" א",פריט,0.00,פריט,false,,235.00,0.0000,true,1,127055
1869753091092,true,קנט טריטק כחול ארוך,,,קנט טריטק כחול ארוך,פריט,0.00,פריט,false,,265.00,0.0000,true,1,131013
1869753091093,true,קנט טריטק סילבר ארוך,,,קנט טריטק סילבר ארוך,פריט,0.00,פריט,false,,265.00,0.0000,true,1,131014
1869753091094,true,פאל מאל כחול קצר פקט,,,פאל מאל כחול קצר פקט,פריט,0.00,פריט,false,,200.00,0.0000,true,1,131015
1869753091095,true,פאל מאל כחול ארוך פק,,,פאל מאל כחול ארוך פק,פריט,0.00,פריט,false,,200.00,0.0000,true,1,131016
1869753091096,true,פאל מאל מנטול פקט,,,פאל מאל מנטול פקט,פריט,0.00,פריט,false,,200.00,0.0000,true,1,131017
1869753091097,true,פאל מאל כתום פקט,,,פאל מאל כתום פקט,פריט,0.00,פריט,false,,200.00,0.0000,true,1,131018
1869753091098,true,פאל מאל אדום פקט,,,פאל מאל אדום פקט,פריט,0.00,פריט,false,,200.00,0.0000,true,1,131019
1869753091099,true,פאל מאל לבן פקט,,,פאל מאל לבן פקט,פריט,0.00,פריט,false,,200.00,0.0000,true,1,131020
1869753091132,true,קנט טריטק כחול פקט,,,קנט טריטק כחול פקט,פריט,0.00,פריט,false,,265.00,0.0000,true,1,131025
1869753091133,true,קנט טריטק סילבר פקט,,,קנט טריטק סילבר פקט,פריט,0.00,פריט,false,,265.00,0.0000,true,1,131026
1869753091134,true,קנט טריטק לבן פקט,,,קנט טריטק לבן פקט,פריט,0.00,פריט,false,,265.00,0.0000,true,1,131027
3012990090401,true,פסטיס קולין,,,פסטיס קולין,פריט,0.00,פריט,false,,28.99,0.0000,true,1,119326
3012991502002,false,רום נגריטה לבן 700 מ,ברדינה,,רום נגריטה לבן,מיליליטרים,700.00,"100 מ""ל",false,1,79.90,11.4143,true,1,119328
3014260023089,false,מברשות שיניים קלאסיק,,,מברשת שיניים שלישייה,Unknown,0.00,Unknown,false,1,12.90,0.0000,true,1,182727
3014260201753,false,בלו 2 פלוס LONG HAND,,,בלו 2 פלוס LONG HAND,Unknown,0.00,Unknown,false,1,15.90,0.0000,true,1,119334
3014260228842,false,גילט קצף גילוח 200 מ,,,"ג""ילט קצף גילוח לעור 200מל",מיליליטרים,200.00,"100 מ""ל",false,1,14.90,7.4500,true,1,119342
3014260240226,false,גילט קצף גילוח לעור,,,"ג""ילט קצף גילוח לעור 200מל",מיליליטרים,200.00,"100 מ""ל",false,1,14.90,7.4500,true,1,119343
3014260289287,false,סכיני גילוח לנשים חמ,,,סכיני גילוח לנשים חמישייה,Unknown,0.00,Unknown,false,1,14.90,0.0000,true,1,170191
3014400179980,true,ליקר דימנדיס טריפל ס,,,ליקר דימנדיס טריפל ס,פריט,0.00,פריט,false,,41.99,0.0000,true,1,124377
3014680041649,true,"קפה ""מקסוול"" מיובש 2",,,"קפה ""מקסוול"" מיובש 2",גרמים,200.00,100 גרם,false,,36.99,18.4950,true,1,124378
3028130076457,false,קוניאק קמוס 700 מל V,,,קוניאק קמוס 700 מל,מיליליטרים,700.00,"100 מ""ל",false,1,199.90,28.5571,true,1,219973
3028130077751,false,קוניאק קמוס 700 מל,,,קוניאק קמוס 700 מל,מיליליטרים,700.00,"100 מ""ל",false,1,119.90,17.1286,true,1,219972
3035542004206,false,ליקר קואטרו 700 מל,רמי קואנטרו,,ליקר קואטרו 0.7ל,מיליליטרים,700.00,"100 מ""ל",false,1,139.90,19.9857,true,1,158846
3045140105526,false,מאגדת שוקולד מילקה ח,,,מאגדת שוקולד מילקה חלב 5*100 גר,גרמים,500.00,100 גרם,false,1,24.90,4.9800,true,1,216602
3046920016377,false,שוקולד לינדט אקסלנס,לינדט,FR,שוקולד לינדט אקסלנס 100% 50 גר,גרמים,50.00,100 גרם,false,18,15.90,31.8000,true,1,213317
3046920028004,false,שוקולד לינדט אקסלנס,לינדט,,שוקולד לינדט אקסלנס 100 גר,גרמים,100.00,100 גרם,false,1,15.90,15.9000,true,1,124406
3046920029759,false,שוקולד לינדט אקסלנס,לינדט,,שוקולד לינדט אקסלנס 90% 100 גר,גרמים,100.00,100 גרם,false,1,15.90,15.9000,true,1,181314
3049197110076,false,קוניאק קורווזיה 700,,,"קוניאק קורווזיה 700 מ""ל מארז עם כוסות",מיליליטרים,700.00,"100 מ""ל",false,1,139.90,19.9857,true,1,195949
3059943015104,false,ספריי איירויק נטול ג,,,"מבשם אוויר ""אירוויק""",Unknown,0.00,Unknown,false,1,14.90,0.0000,true,1,172329
3059943015128,false,מטהר אוויר נטול גז ל,,,"מבשם אוויר ""אירוויק""",מיליליטרים,345.00,"100 מ""ל",false,1,14.90,4.3188,true,1,124416
3059943016545,true,ספריי ורדים ואורכידא,,,ספריי ורדים ואורכידא,מיליליטרים,240.00,"100 מ""ל",false,,12.99,5.4125,true,1,124418
3059943016613,true,ספריי הלוטוס ובמבוק,,,ספריי הלוטוס ובמבוק,מיליליטרים,240.00,"100 מ""ל",false,,12.99,5.4125,true,1,124421
3068320055008,false,מים מינרליים אוויאן,,,מים מינרליים אוויאן 500 מל,מיליליטרים,500.00,"100 מ""ל",false,1,6.90,1.3800,true,1,226867
3073780538442,false,גבינה לוואש קירי ממר,"מפעלי גבינות ""ביל",,"גבינה ""לוואש קירי"" ממרח 200 גר",גרמים,200.00,100 גרם,false,1,24.90,12.4500,true,1,136485
3073780574242,false,גבינה לה ואש קירי 16,,,גבינה לה ואש קירי 16 240 גר,גרמים,240.00,100 גרם,false,1,24.90,10.3750,true,1,124422
3073780574310,false,גבינה לה ואש קירי 24,,,גבינה לה ואש קירי 24 360 גר,גרמים,360.00,100 גרם,false,1,36.90,10.2500,true,1,124423
3073780593083,false,גבינה לה ואש קירי 32,"מפעלי גבינות ""ביל",,גבינה לה ואש קירי 32 480 גר,גרמים,480.00,100 גרם,false,1,46.90,9.7708,true,1,124425
3073781077278,false,גבינה לה ואש קירי 12,"מפעלי גבינות ""ביל",,גבינה לה ואש קירי 12 יח 200 גר,גרמים,200.00,100 גרם,false,1,19.90,9.9500,true,1,190977
3073781122596,false,ממרח גבינה לה וואש ק,בל,,ממרח גבינה לה וואש קירי בכוס 270 גר,גרמים,270.00,100 גרם,false,12,25.90,9.5926,true,1,211228
3073781162790,false,גבינת אדם בייבי בל 1,בל,,גבינת אדם בייבי בל 120 גר,גרמים,120.00,100 גרם,false,1,22.90,19.0833,true,1,226266
3120581430694,false,יין הנרי דה פלורט קו,,,יין הנרי דה פלורט קוט דו רון אדום יבש,מיליליטרים,750.00,"100 מ""ל",false,1,39.90,5.3200,true,1,213275
3120581457523,false,שבלי צרלס רנואר לבן,,,שבלי צרלס רנואר לבן יבש 750 מל,מיליליטרים,750.00,"100 מ""ל",false,1,89.90,11.9867,true,1,215822
3141360054405,false,מפיץ ריח למדיח לימון,,,פיניש ציטרופרש ציטרו,גרמים,27.00,100 גרם,false,1,14.90,55.1852,true,1,197439
3147690014607,false,יין פורט קאלווארש דר,דרוז,,יין פורט דרוז ברדינה,מיליליטרים,750.00,"100 מ""ל",false,1,49.90,6.6533,true,1,161251
3147690051602,true,וויסקי לייבל 5 1 ליט,,,וויסקי לייבל 5 1 ליט,פריט,0.00,פריט,false,,119.99,0.0000,true,1,151141
3147690068402,true,וויסקי לייבל 5 700 מ,,,וויסקי לייבל 5 700 מ,פריט,0.00,פריט,false,,79.99,0.0000,true,1,134577
3155777290000,true,"דגני בוקר ""ברנפלקס""",,,"דגני בוקר ""ברנפלקס""",פריט,0.00,פריט,false,,39.90,0.0000,true,1,158274
3161420001972,false,ברנדי סט רמי 700 מל,רמי קואנטרו,,"ברנדי ""סט רמי"" VSOP",מיליליטרים,700.00,"100 מ""ל",false,1,79.90,11.4143,true,1,162140
3161911229199,false,חמאה רכה אלוויר 250,אלוויר,,"חמאה רכה ""אלוויר""",גרמים,250.00,100 גרם,false,1,22.90,9.1600,true,1,124458
3161911366429,false,חמאה רכה עם מלח למרי,אלוויר,,"חמאה רכה מלוחה ""אלוו",גרמים,250.00,100 גרם,false,1,22.90,9.1600,true,1,124460
3168930166108,false,מטבל דוריטוס טעם שמנ,,,מטבל דוריטוס טעם שמנת חמוצה 280 גר,גרמים,280.00,100 גרם,false,6,14.90,5.3214,true,1,223240
3175520018594,false,יין רוש מאזה סביניון,castel freres,,"יין ""רוש מאזה""סביניון 750 מ""ל",מיליליטרים,750.00,"100 מ""ל",false,1,34.90,4.6533,true,1,151153
3175520020597,false,יין רוש מאזה סירה 75,castel freres,,יין ראש מאזה סירה 750מל,מיליליטרים,750.00,"100 מ""ל",false,1,34.90,4.6533,true,1,162191
3175529640758,false,יין רוש מאזה לבן יבש,castel freres,,"יין רוש מאזה לבן יבש שרדנה 750 מ""ל",מיליליטרים,750.00,"100 מ""ל",false,1,34.90,4.6533,true,1,184169
3175529640789,false,יין רוש מאזה קברנה ס,castel freres,,"יין ""רוש מאזה"" קברנה סובניון 750 מ""ל",מיליליטרים,750.00,"100 מ""ל",false,1,34.90,4.6533,true,1,182132
3176780035376,false,יין לה סאבלה 750 מל,,,"יין לה סאבלה 750 מ""ל",מיליליטרים,750.00,"100 מ""ל",false,1,49.90,6.6533,true,1,208549
3179071000060,true,קוט דה טריקסטן 750 מ,,,קוט דה טריקסטן 750 מ,פריט,0.00,פריט,false,,42.99,0.0000,true,1,124466
3179732348913,false,מים מינרליים פרייה פ,,,מים מינרליים פרייה פלסטיק 1 ל,ליטרים,1.00,ליטר,false,1,9.90,9.9000,true,1,172356
3182280052577,false,סיידר אקוסון רוזה בק,,,סיידר אקוסון רוזה,מיליליטרים,750.00,"100 מ""ל",false,6,24.90,3.3200,true,1,187335
3245995960015,false,קוניאק הנסי 40% 700,jas hennessy,,קוניאק הנסי V.S,מיליליטרים,700.00,"100 מ""ל",false,1,149.90,21.4143,true,1,160498
3250670001938,false,יין קוט דו רון וילאז,גראן שר דה פראנס,,יין קוט דו רון וילאז רזרב אדום יבש 750 מ,מיליליטרים,750.00,"100 מ""ל",false,1,64.90,8.6533,true,1,190965
3253430705008,true,ריינאל אריזת שי עם 2,,,ריינאל אריזת שי עם 2,פריט,0.00,פריט,false,,149.99,0.0000,true,1,124496
3256760106408,false,פלשארד בסגנון פטה קו,,,פלשארד קרטונית מנות,גרמים,500.00,100 גרם,false,1,11.90,2.3800,true,1,124497
3256761201003,false,תחליף גבינה פטה פלשא,,,"גבינה פטה ""פלשארד"" ב",גרמים,500.00,100 גרם,false,1,11.90,2.3800,true,1,124500
3263280107495,false,יין סנגריה מריה אולה,,,יין סנגריה מריה אולה 1.5 ל,ליטרים,1.50,ליטר,false,1,21.90,14.6000,true,1,223990
3263286301316,false,יין גי פי קולומברד ס,,,"יין JP קולומברד סוביניון 750 מ""ל",מיליליטרים,750.00,"100 מ""ל",false,1,39.90,5.3200,true,1,207580
3263286301323,false,יין גיי פי שנה קברנה,,,יין קברנה סירה JP,מיליליטרים,750.00,"100 מ""ל",false,1,39.90,5.3200,true,1,172364
3263286328993,false,יין גיי פי שנה מרלו,,,יין מרלו JP CHENET,מיליליטרים,750.00,"100 מ""ל",false,1,39.90,5.3200,true,1,208230
3263286355906,false,יין גיי פי שנה סובינ,לנדר,FR,יין סוביניון בלאן לבן יבש JP,מיליליטרים,750.00,"100 מ""ל",false,6,39.90,5.3200,true,1,206475
3263289998711,false,ייין גיי פי שנה שירא,,,יין JP אדום שיראז,מיליליטרים,750.00,"100 מ""ל",false,1,39.90,5.3200,true,1,188108
3267682136138,true,"וויסקי ""מיורהדס"" 0.7",,,"וויסקי ""מיורהדס"" 0.7",פריט,0.00,פריט,false,,69.90,0.0000,true,1,124510
3269863001891,false,ברנדי דרוסארק נפוליא,,,ברנדי דרוסארק נפוליאון באריזת שי 700 מל,מיליליטרים,700.00,"100 מ""ל",false,1,79.90,11.4143,true,1,213920
3270620000682,false,קוניאק לואי רוייה פו,,,"קוניאק ""לואי רוייה""",מיליליטרים,500.00,"100 מ""ל",false,1,239.90,47.9800,true,1,124518
3270620001757,false,קוניאק לואי רוייה 70,,,"קוניאק ""לואי רוייר"" 0.7 ל",מיליליטרים,700.00,"100 מ""ל",false,1,109.90,15.7000,true,1,139445
3272810233177,false,יין בורדו דה שבל בלא,גראן שר דה פראנס,,"יין בורדו דה שבל בלאן אדום יבש 750 מ""ל",מיליליטרים,750.00,"100 מ""ל",false,1,55.90,7.4533,true,1,190962
3277700005551,true,שכר בוכא בוקרים שחור,,,שכר בוכא בוקרים שחור,מיליליטרים,700.00,"100 מ""ל",false,,139.90,19.9857,true,1,164762
3278480396310,false,קוניאק גודה 700 מל V,COGNAC GODET,FR,"קוניאק גודה VS 700 מ""ל",מיליליטרים,700.00,"100 מ""ל",false,6,104.90,14.9857,true,1,200926
3328640121945,false,ויסקי היילנד קווין ב,,,ויסקי היילנד קווין בלנדד שרי פיניש 1 ל,ליטרים,1.00,ליטר,false,1,99.90,99.9000,true,1,193856
3342590023401,true,"יין ""שאטו"" בלוויו",,,"יין ""שאטו"" בלוויו",פריט,0.00,פריט,false,,74.90,0.0000,true,1,137274
3387390320244,false,פיטנס דגנים עם פירות,נסטלה צרפת איטנקורט,,פיטנס דגנים עם פירות,גרמים,375.00,100 גרם,false,1,19.90,5.3067,true,1,124550
3387390525960,false,"דגני בוקר ""קראנץ"" מש",נסטלה צרפת רומילי,,"דגני בוקר ""קראנץ"" מש",גרמים,500.00,100 גרם,false,1,21.90,4.3800,true,1,124551
3472710011237,true,שוקומוד טרופל קקאו ב,,,שוקומוד טרופל קקאו ב,גרמים,250.00,100 גרם,false,,16.90,6.7600,true,1,135307
3472710014733,true,"טרופל פנטזיה ""שוקומו",,,"טרופל פנטזיה ""שוקומו",גרמים,175.00,100 גרם,false,,15.99,9.1371,true,1,124564
3472710058256,false,בונ טראפלס אגוזי לוז,,,בונ טראפלס אגוזי לוז 150 גר,גרמים,150.00,100 גרם,false,1,11.90,7.9333,true,1,227586
3480341002692,false,גבינה טרטר אפריפר אי,סבנסיה,,גבינה טרטר אפריפר איטלקי 100 גר,גרמים,100.00,100 גרם,false,1,26.90,26.9000,true,1,206271
3500610079160,false,יין בורדו שאטו מולין,מק-דול אינטרנשיונל,,יין בורדו שאטו מולין פונטט אדום יבש 750,מיליליטרים,750.00,"100 מ""ל",false,1,49.90,6.6533,true,1,183822
3500610084676,false,יין מבעבע בלאן פוסי,GCF,,יין מבעבע בלאן פוסי אייס לבן חצי יבש 750,מיליליטרים,750.00,"100 מ""ל",false,1,39.90,5.3200,true,1,185658
3500610087721,false,יין בורדו שאטו לאובה,גראן שר דה פראנס,,יין בורדו שאטו לאובה גרנד רזרב אדום 750,מיליליטרים,750.00,"100 מ""ל",false,1,85.90,11.4533,true,1,190963
3500610096174,false,יין מבעבע בלאן פוסי,GCF,,יין מבעבע בלאן פוסי אייס רוזה חצי יבש,מיליליטרים,750.00,"100 מ""ל",false,1,39.90,5.3200,true,1,194953
3500610122644,false,יין גיי פי שנה גוורט,,,יין שנה לבן יבש גוורטטרמינר JP,מיליליטרים,750.00,"100 מ""ל",false,1,39.90,5.3200,true,1,196752
3500610135903,false,יין לה באום רוזה יבש,,,יין לה באום רוזה יבש 750 מל,מיליליטרים,750.00,"100 מ""ל",false,1,59.90,7.9867,true,1,223992
3500610137518,false,יין שאטו דו פר בורדו,,,יין שאטו דו פר בורדו אדום יבש,מיליליטרים,750.00,"100 מ""ל",false,1,39.90,5.3200,true,1,213276
3523230025638,false,גבינת עיזים בושה טבע,,,גבינת עיזים בושה טבעי 125 גר,גרמים,125.00,100 גרם,false,1,24.90,19.9200,true,1,192293
3523230025652,true,גבינה בושה עיזים שום,אוריאל,,גבינה בושה עיזים שום 125 גר,גרמים,125.00,100 גרם,false,1,24.90,19.9200,true,1,185201
3523230026826,true,גבינת פירמידה עיזים,אוריאל,,גבינת פירמידה עיזים טבעי 140 גר,גרמים,140.00,100 גרם,false,1,24.90,17.7857,true,1,185200
3523230032278,false,גבינה עיזים למריחה 1,אוריאל,,גבינה עיזים למריחה 150 גר,גרמים,150.00,100 גרם,false,1,21.90,14.6000,true,1,181884
3525490010027,false,יין לה זאמל קברנה סו,,,"יין לה זאמל קברנה סוביניון 750 מ""ל",מיליליטרים,750.00,"100 מ""ל",false,1,49.90,6.6533,true,1,200667
3525490010126,false,יין לה זאמל סינסאו ר,,,"יין לה זאמל סינסאו רוזה 750 מ""ל",מיליליטרים,750.00,"100 מ""ל",false,1,49.90,6.6533,true,1,218742
3525490015497,false,יין לה זאמל קריניאן,,,"יין לה זאמל קריניאן 750 מ""ל",מיליליטרים,750.00,"100 מ""ל",false,1,49.90,6.6533,true,1,200669
3560070191420,true,"יין ""סנגריה"" אדום מת",,,"יין ""סנגריה"" אדום מת",פריט,0.00,פריט,false,,29.99,0.0000,true,1,124574
3574660333466,false,טמפונים ללא מוליך מי,Johnson Toilet-IT,,"טמפוני ""או.בי"" מיני 32 יח",גרמים,240.00,100 גרם,false,1,24.90,10.3750,true,1,134247
3574660464429,false,מגן תחתון קרפרי אוור,,,מגן תחתון קרפרי אוורירי 76 יח,Unknown,0.00,Unknown,false,1,22.90,0.0000,true,1,200080
3574661003924,false,מי פה ליסטרין טוטל ק,,,"מי פה ליסטרין טוטל קאר 500 מ""ל",מיליליטרים,500.00,"100 מ""ל",false,1,21.90,4.3800,true,1,201100
3574661552576,false,מגני תחתון קרפרי רגי,Johnson Toilet-IT,IT,מגני תחתון קרפרי רגיל טנגה לבן 56 יח,Unknown,0.00,Unknown,false,5,17.90,0.0000,true,1,211702
3574661552804,false,מגני תחתון קרפרי אלו,Johnson Toilet-IT,IT,מגני תחתון קרפרי אלוורה 56 יח,Unknown,0.00,Unknown,false,5,17.90,0.0000,true,1,211701
3574661552811,false,מגני תחתון קרפרי כות,Johnson Toilet-IT,IT,מגני תחתון קרפרי כותון אוורירי 56 יח,Unknown,0.00,Unknown,false,5,17.90,0.0000,true,1,211699
3574661650029,false,מי פה ליסטרין נטורלס,,,מי פה ליסטרין נטורלס 500 מל,מיליליטרים,500.00,"100 מ""ל",false,6,21.90,4.3800,true,1,225354
3574669908665,false,אל סבון גונסון בייבי,Johnson Toilet-IT,IT,"אל סבון גונסון בייבי לפני שינה 750 מ""ל",מיליליטרים,750.00,"100 מ""ל",false,1,19.90,2.6533,true,1,205412
3600521591482,true,"שמפו ""אלביב"" 750 מל",,,"שמפו ""אלביב"" 750 מל",פריט,0.00,פריט,false,,29.99,0.0000,true,1,124620
3600521591581,true,"שמפו ""אלביב"" 750 מל",,,"שמפו ""אלביב"" 750 מל",פריט,0.00,פריט,false,,29.99,0.0000,true,1,124621
3600521591635,true,"שמפו ""אלביב"" 750 מל",,,"שמפו ""אלביב"" 750 מל",פריט,0.00,פריט,false,,29.99,0.0000,true,1,124622
3600521591680,true,"שמפו ""אלביב"" 750 מל",,,"שמפו ""אלביב"" 750 מל",פריט,0.00,פריט,false,,29.99,0.0000,true,1,124623
3600521591734,true,"שמפו ""אלביב"" 750 מל",,,"שמפו ""אלביב"" 750 מל",פריט,0.00,פריט,false,,29.99,0.0000,true,1,124624
3600521591789,true,"שמפו ""אלביב"" 750 מל",,,"שמפו ""אלביב"" 750 מל",פריט,0.00,פריט,false,,29.99,0.0000,true,1,124625
3600521591833,true,"שמפו ""אלביב"" 750 מל",,,"שמפו ""אלביב"" 750 מל",פריט,0.00,פריט,false,,29.99,0.0000,true,1,124626
3600521592151,true,"מרכך ""אלביב"" 750 מל",,,"מרכך ""אלביב"" 750 מל",פריט,0.00,פריט,false,,29.99,0.0000,true,1,124627
3600521592205,true,"מרכך ""אלביב"" 750 מל",,,"מרכך ""אלביב"" 750 מל",פריט,0.00,פריט,false,,29.99,0.0000,true,1,124628
3600521592267,true,"מרכך ""אלביב"" 750 מל",,,"מרכך ""אלביב"" 750 מל",פריט,0.00,פריט,false,,29.99,0.0000,true,1,124629
3600521592311,true,"מרכך ""אלביב"" 750 מל",,,"מרכך ""אלביב"" 750 מל",פריט,0.00,פריט,false,,29.90,0.0000,true,1,124630
3600521592366,true,"מרכך ""אלביב"" 750 מל",,,"מרכך ""אלביב"" 750 מל",פריט,0.00,פריט,false,,29.99,0.0000,true,1,124631
3600521633533,true,"מרכך ""אלביב"" 750 מל",,,"מרכך ""אלביב"" 750 מל",פריט,0.00,פריט,false,,29.99,0.0000,true,1,124632
3600521740194,true,"שמפו ""אלביב"" 750 מל",,,"שמפו ""אלביב"" 750 מל",פריט,0.00,פריט,false,,29.99,0.0000,true,1,124633
3600521825662,true,"שמפו ""אלביב"" 750 מל",,,"שמפו ""אלביב"" 750 מל",פריט,0.00,פריט,false,,29.99,0.0000,true,1,134196
3600521825716,true,"מרכך ""אלביב"" 750 מל",,,"מרכך ""אלביב"" 750 מל",פריט,0.00,פריט,false,,29.99,0.0000,true,1,124634
3600521841358,true,"מרכך ""אלביב"" 750 מל",,,"מרכך ""אלביב"" 750 מל",פריט,0.00,פריט,false,,29.99,0.0000,true,1,124635
3614221653715,false,גל רחצה אדידס קליימק,קוטי ס.פ,,"גל רחצה אדידס קליימקול 400 מ""ל",מיליליטרים,400.00,"100 מ""ל",false,1,12.90,3.2250,true,1,197759
3614223736003,false,דאו ספריי לגבר אדיפי,,,דאו ספריי לגבר אדיפיור 150 מל,מיליליטרים,150.00,"100 מ""ל",false,1,9.90,6.6000,true,1,215641
3614224050986,false,דאו ספריי לגבר אדיפא,,,דאו ספריי לגבר אדיפיור 72 ש 150 מל,מיליליטרים,150.00,"100 מ""ל",false,1,9.90,6.6000,true,1,215642
3700485100048,false,ברנדי נשיונאל 700 מל,jas hennessy,,"ברנדי ""נשיונאל"" 0.7",ליטרים,0.70,ליטר,false,1,109.90,157.0000,true,1,127744
3700485100260,false,קוניאק פוסוני סלקשיי,,,"קוניאק פוסוני סלקשיין 700 מ""ל",מיליליטרים,700.00,"100 מ""ל",false,1,149.90,21.4143,true,1,206787
3700485100963,true,"ברנדי ""צ""ורניי איסט""",,,"ברנדי ""צ""ורניי איסט""",פריט,0.00,פריט,false,,49.99,0.0000,true,1,127746
3701086303562,false,יין ולאס פויזן רוזה,,,יין ולאס פויזן רוזה פינה נואר 750 מל,מיליליטרים,750.00,"100 מ""ל",false,1,64.90,8.6533,true,1,227340
3701086305528,false,יין לה קוק קברנה סוב,,FR,יין לה קוק אדום יבש קברנה סוביניון 15%,מיליליטרים,750.00,"100 מ""ל",false,6,64.90,8.6533,true,1,221362
3701086306730,false,יין לה קוק יבש שרדונ,,FR,יין לה קוק יבש שרדונה 13% 750 מל,מיליליטרים,750.00,"100 מ""ל",false,6,64.90,8.6533,true,1,221365
3760027605462,false,יין רוזה דום דו פונט,TIFFON,FR,יין רוזה דום דו פונט סנסו 750 מל,מיליליטרים,750.00,"100 מ""ל",false,1,39.90,5.3200,true,1,220678
3760130710435,false,יין בורדו סופריור שא,,,יין אדום יבש בורדו סופריור שאטו לסקו 750,מיליליטרים,750.00,"100 מ""ל",false,1,49.90,6.6533,true,1,228625
3760263790021,false,יין דומיין אלכסנדר ש,,,יין דומיין אלכסנדר שאבלי לבן יבש 750 מל,מיליליטרים,750.00,"100 מ""ל",false,1,79.90,10.6533,true,1,212965
3800020411957,false,קיט קט צאנקי נסטלה 4,,,רביעיית קיט קט צאנקי נסטלה,גרמים,160.00,100 גרם,false,1,12.90,8.0625,true,1,220638
3800020418819,false,קיט קט צאנקי בוטנים,,,רביעיית קיט קט צאנקי בוטנים,גרמים,168.00,100 גרם,false,1,12.90,7.6786,true,1,220639
3800034954150,false,מטהר אוויר לרכב שליש,,,מטהר אוויר לרכב שליש,Unknown,0.00,Unknown,false,1,11.90,0.0000,true,1,127776
3800065711289,false,ביסקוויט ריבת פירות,,,ביסקוויט במילוי ריבת פירות יער מצופה,גרמים,150.00,100 גרם,false,1,8.90,5.9333,true,1,161785
3800065711319,false,ביסקויט ריבת תות בצי,,,ביסקויט במילוי ריבת תות בציפוי קקאו 150,גרמים,150.00,100 גרם,false,1,8.90,5.9333,true,1,161784
3800065711609,false,עוגיות סנדוויץ בטעם,זרחני איזדליה ורנה (,,עוגיות סנדוויץ בטעם קקאו במילוי קרם 270,גרמים,270.00,100 גרם,false,1,11.90,4.4074,true,1,164809
3800065711685,false,אצבעות ביסקוויט קקאו,,,אצבעות ביסקוויט קקאו בציפוי קקאו 130 גר,גרמים,130.00,100 גרם,false,1,8.90,6.8462,true,1,227428
3800065723015,false,סטיקס גריסיני קלאסי,,,סטיקס גריסיני קלאסי עם מלח 250 גר,גרמים,250.00,100 גרם,false,12,8.90,3.5600,true,1,183495
3800065723022,false,סטיקס גריסיני פרג 2,זרחני איזדליה ורנה (,,סטיקס גריסיני פרג 235 גר,גרמים,235.00,100 גרם,false,12,8.90,3.7872,true,1,189305
3800065781114,false,עוגת וופל במילוי קרם,זרחני איזדליה ורנה (,,עוגת ועוגת וופל במילוי קרם קקאו ובוטנים 250 גר,גרמים,250.00,100 גרם,false,1,11.90,4.7600,true,1,127798
3800065781244,false,עוגת וופל צודו קרם ק,זרחני איזדליה ורנה (,,עוגת וופל צודו קרם קקאו וקוקוס 180 גר,גרמים,180.00,100 גרם,false,1,9.90,5.5000,true,1,157620
3800065781268,false,עוגת וופל במילוי קרם,זרחני איזדליה ורנה (,,עוגת וופל במילוי קרם קקאו ובוטנים 180 גר,גרמים,180.00,100 גרם,false,1,9.90,5.5000,true,1,157621
3800065781565,false,מיני וופל תפוז במילו,זרחני איזדליה ורנה (,,מיני וופל תפוז במילוי קרם בוטנים 260 גר,גרמים,260.00,100 גרם,false,1,11.90,4.5769,true,1,227429
3800065781688,false,עוגת וופל במילוי קרם,זרחני איזדליה ורנה (,,עוגת וופל במילוי קרם אגוזי לוז 125 גר,גרמים,125.00,100 גרם,false,1,9.90,7.9200,true,1,161778
3800065781978,false,עוגת וופל במילוי קרם,זרחני איזדליה ורנה (,,עוגת וופל במילוי קרם בוטנים ותפוז 180 גר,גרמים,180.00,100 גרם,false,1,9.90,5.5000,true,1,227432
3800065783194,false,וופל בטעם קקאו במילו,זרחני איזדליה ורנה (,,וופל בטעם קקאו במילוי קרם קקאו 170 גר,גרמים,125.00,100 גרם,false,1,5.90,4.7200,true,1,227433
3800104700021,true,"בונבוניירות צדפות ""מ",,,"בונבוניירות צדפות ""מ",פריט,0.00,פריט,false,,34.99,0.0000,true,1,127802
3800123805271,true,לפתן דובדבן לבן 680,,,לפתן דובדבן לבן 680,פריט,0.00,פריט,false,,7.99,0.0000,true,1,127827
3800135300009,true,"בירה ""בולארקה"" בהירה",,,"בירה ""בולארקה"" בהירה",פריט,0.00,פריט,false,,9.99,0.0000,true,1,127828
3800135300023,true,"בירה ""בולארקה"" כהה ב",,,"בירה ""בולארקה"" כהה ב",פריט,0.00,פריט,false,,9.99,0.0000,true,1,127829
3800135300092,true,"בירה ""בולארקה"" בהירה",,,"בירה ""בולארקה"" בהירה",פריט,0.00,פריט,false,,5.99,0.0000,true,1,127830
3800135300139,true,"בירה ""בולארקה"" כהה פ",,,"בירה ""בולארקה"" כהה פ",פריט,0.00,פריט,false,,5.99,0.0000,true,1,127831
3800135300177,true,"בירה ""בולארקה"" בהירה",,,"בירה ""בולארקה"" בהירה",פריט,0.00,פריט,false,,18.99,0.0000,true,1,127832
3800135300184,true,"בירה ""בולארקה"" כהה ב",,,"בירה ""בולארקה"" כהה ב",פריט,0.00,פריט,false,,18.99,0.0000,true,1,127833
3800135300221,true,"בירה ""שווייק"" בקבוק",,,"בירה ""שווייק"" בקבוק",פריט,0.00,פריט,false,,11.99,0.0000,true,1,127834
3800135330020,true,"בירה ""קאלטנברג"" פחית",,,"בירה ""קאלטנברג"" פחית",פריט,0.00,פריט,false,,6.99,0.0000,true,1,127835
3800205875208,false,צנימים מרטי בטעם פיט,,,צנימים מרטי בטעם פיטריות ושמנת 70 גר,גרמים,70.00,100 גרם,false,1,5.90,8.4286,true,1,139854
3800205875307,false,צנימים מרטי בטעם תער,,,צנימים מרטי בטעם תערובת ירקות 70 גר,גרמים,70.00,100 גרם,false,1,5.90,8.4286,true,1,139855
3800205877325,false,צנימים מרטי בטעם שמנ,,,צנימים מרטי בטעם שמנת בצל 70 גר,גרמים,70.00,100 גרם,false,1,5.90,8.4286,true,1,214297
3800214190019,true,סירופ ויטניאה ארוניה,,,סירופ ויטניאה ארוניה,פריט,0.00,פריט,false,,23.99,0.0000,true,1,127868
3800214190040,true,סירופ ויטניה פטל 1 ל,,,סירופ ויטניה פטל 1 ל,פריט,0.00,פריט,false,,23.99,0.0000,true,1,127869
3800214190057,true,סירופ ויטניה דמדמניו,,,סירופ ויטניה דמדמניו,פריט,0.00,פריט,false,,23.99,0.0000,true,1,127870
3800214190064,true,סירופ ויטניה דובדבן,,,סירופ ויטניה דובדבן,פריט,0.00,פריט,false,,23.99,0.0000,true,1,127871
3800214191016,true,מיץ ארוניה ללא סוכר,,,מיץ ארוניה ללא סוכר,פריט,0.00,פריט,false,,17.99,0.0000,true,1,127872
3800214191047,true,נקטר פטל ללא סוכר 1,,,נקטר פטל ללא סוכר 1,פריט,0.00,פריט,false,,17.99,0.0000,true,1,127873
3800214191054,true,נקטר דמדמניות ללא סו,,,נקטר דמדמניות ללא סו,פריט,0.00,פריט,false,,17.99,0.0000,true,1,127874
3800740017156,false,עגבניות טודורקה 1 קג,DERONI,,"עגבניות ""טודורקה"" עם",קילוגרמים,1.00,"ק""ג",false,1,19.90,19.9000,true,1,127903
3800740025014,false,ממרח ירקות בסגנון בי,,,ממרח ירקות בסגנון ביתי אייוור 250 גר,גרמים,250.00,100 גרם,false,1,26.90,10.7600,true,1,225224
3800740027155,false,שימורי ירקות ליוטיני,DERONI,,שימורי ירקות ליוטיניצה טודורקה 315 גר,גרמים,315.00,100 גרם,false,1,14.90,4.7302,true,1,192333
3838945007870,false,מיץ תפוזים פרוקטל עם,FRUCTAL,,מיץ תפוזים פרוקטל עם ויטמין סי 1 ל,ליטרים,1.00,ליטר,false,1,12.90,12.9000,true,1,221607
3838945027854,false,מיץ פרוקטל מולטיויטמ,FRUCTAL,,מיץ פרוקטל מולטיויטמין 1 ל,ליטרים,1.00,ליטר,false,1,12.90,12.9000,true,1,160416
3838945509015,false,נקטר פרוקטל אוכמניות,FRUCTAL,,נקטר פרוקטל אוכמניות שחורות 1 ל,ליטרים,1.00,ליטר,false,1,12.90,12.9000,true,1,160417
3838945509060,false,מיץ תפוחים פרוקטל 10,FRUCTAL,,מיץ תפוחים פרוקטל 100% פרי 1 ל,ליטרים,1.00,ליטר,false,1,12.90,12.9000,true,1,163833
3838945509077,false,מיץ אננס פרוקטל 100%,FRUCTAL,,מיץ אננס פרוקטל 100% פרי 1 ל,ליטרים,1.00,ליטר,false,1,12.90,12.9000,true,1,163834
3850104008443,false,תבלין וגטה תערובת עם,פודרבקה ד.ד,,תבלין וגטה תערובת עם ירקות 500 גר,גרמים,500.00,100 גרם,false,1,33.90,6.7800,true,1,127915
3850104008597,false,תערובת תבלינים וגטה,PODRAVKA POLSKA,,תערובת תבלינים וגטה עם ירקות 250 גר,גרמים,250.00,100 גרם,false,1,17.90,7.1600,true,1,127916
3850104008825,false,תבלין וגטה תערובת עם,פודרבקה ד.ד,,תבלין וגטה תערובת עם ירקות 125 גר,גרמים,125.00,100 גרם,false,1,10.90,8.7200,true,1,127917
3856020225926,false,מרק קרמי בטעם פטריות,,,מרק קרמי בטעם פטריות לבנות וגטה 48 גר,גרמים,48.00,100 גרם,false,1,9.90,20.6250,true,1,214190
4000281690507,true,"בונבוניירות ""פיאסטן""",,,"בונבוניירות ""פיאסטן""",גרמים,200.00,100 גרם,false,,13.99,6.9950,true,1,119459
4000415143800,false,שוקולד טרילוגיה 100,,,שוקולד טרילוגיה 100,גרמים,100.00,100 גרם,false,1,5.90,5.9000,true,1,119469
4000415756802,false,שוקולד שוגטן טארט שו,,,שוקולד שוגטן טארט שוקולד 100 גר,גרמים,100.00,100 גרם,false,15,5.90,5.9000,true,1,227146
4000417211002,false,שוקולד ריטר מוס קרמל,,,שוקולד ריטר ספורט מוס קרמל ושברי שקדים,גרמים,100.00,100 גרם,false,1,8.90,8.9000,true,1,192484
4000417212009,false,שוקולד ריטר מריר תפו,,,שוקולד ריטר מריר תפוז שקד,גרמים,100.00,100 גרם,false,1,8.90,8.9000,true,1,216240
4000417222008,false,שוקולד חלב ריטר שברי,RITTER SPORT,,שוקולד חלב ריטר ספורט עם שברי אגוזים 100,גרמים,100.00,100 גרם,false,1,8.90,8.9000,true,1,185957
4000417294005,false,שוקולד ריטר מוס קקאו,,,שוקולד ריטר מוס קקאו 100 גר,גרמים,100.00,100 גרם,false,1,8.90,8.9000,true,1,159457
4000417298003,false,שוקולד ריטר קרם קוקו,,,שוקולד ריטר ספורט ממולא קרם קוקוס וחלב,גרמים,100.00,100 גרם,false,1,8.90,8.9000,true,1,157682
4000446001650,true,מסטמכר לחם שיפון ביו,,,מסטמכר לחם שיפון ביו,גרמים,500.00,100 גרם,false,,16.99,3.3980,true,1,119489
4000504149324,false,גבינה רוגט 125 גר,,,גבינה רוגט 125 גר,גרמים,125.00,100 גרם,false,1,24.90,19.9200,true,1,220172
4000504149423,false,גבינה קמבוזולה כחולה,,,גבינה קמבוזולה כחולה 125 גר,גרמים,125.00,100 גרם,false,1,24.90,19.9200,true,1,220173
4000607852008,false,שוקולד מריר 100 גר,,,"שוקולד מריר 100 ג""ר",גרמים,100.00,100 גרם,false,1,5.90,5.9000,true,1,119515
4000607854705,false,שוקולד שוגטן יוגורט,,,שוקולד שוגטן יוגורט,גרמים,100.00,100 גרם,false,1,5.90,5.9000,true,1,119517
4001242002124,true,"צ""יפס ""צ""יאו"" חריף 1",,,"צ""יפס ""צ""יאו"" חריף 1",פריט,0.00,פריט,false,,9.99,0.0000,true,1,119520
4001242002308,true,"צ""יפס ""צ""יאו"" מליוח",,,"צ""יפס ""צ""יאו"" מליוח",פריט,0.00,פריט,false,,9.99,0.0000,true,1,119521
4001242003237,true,"טורטייה ""צ""יאו"" רולס",,,"טורטייה ""צ""יאו"" רולס",פריט,0.00,פריט,false,,10.99,0.0000,true,1,119522
4001507161948,false,פתיתי שיבולת שועל 50,FORTIN,,פתיתי שיבולת שועל 500 גר,גרמים,500.00,100 גרם,false,1,6.90,1.3800,true,1,184674
4001507161955,false,פתיתי שיבולת שועל עב,FORTIN,,פתיתי שיבולת שועל עבה קווקר 500 גר,גרמים,500.00,100 גרם,false,1,6.90,1.3800,true,1,197584
4001518003817,false,אצבעות מאפה עם גאודה,,,אצבעות מאפה עם גאודה גריסון טורינוס 125,גרמים,125.00,100 גרם,false,12,14.90,11.9200,true,1,223347
4001518106112,false,אצבעות מאפה רוזמרין,,,אצבעות מאפה רוזמרין מלח גריסון טורינוס,גרמים,125.00,100 גרם,false,12,14.90,11.9200,true,1,223349
4001751035705,false,חרדל עם דבש 215 גר,Erich trapp,,חרדל עם דבש 215גר,גרמים,215.00,100 גרם,false,1,9.90,4.6047,true,1,164169
4001751038669,false,חזרת עם וואסבי 190 ג,Erich trapp,,חזרת עם וואסבי 190גר,גרמים,190.00,100 גרם,false,1,9.90,5.2105,true,1,164167
4001751064262,false,חזרת בשמנת 190 גר,Erich trapp,,חזרת בשמנת 200גר,גרמים,190.00,100 גרם,false,1,9.90,5.2105,true,1,164168
4001751073677,false,רוטב חזרת עם סלק 200,Erich trapp,,רוטב חזרת עם סלק 200 גר,גרמים,200.00,100 גרם,false,1,9.90,4.9500,true,1,184660
4001751094283,false,חרדל בטעם תפוזים 210,Erich trapp,,חרדל בטעם תפוזים 210גר,גרמים,210.00,100 גרם,false,1,9.90,4.7143,true,1,164170
4002103000037,true,בירה וייס הרדינגר כה,,,בירה וייס הרדינגר כה,פריט,0.00,פריט,false,,17.99,0.0000,true,1,119530
4002103225584,true,"בירה ""ארדינגר"" מארז",,,"בירה ""ארדינגר"" מארז",פריט,0.00,פריט,false,,79.99,0.0000,true,1,119531
4002103248323,false,בירה ארדינגר פיקנטוס,,,"בירה ""ארדינגר פיקנטוס"" בק 500 מל",מיליליטרים,500.00,"100 מ""ל",false,1,12.90,2.5800,true,1,136228
4002103289449,false,בירה ארדינגר ללא אלכ,Erdinger,,ארדינגר ללא אלכוהול,מיליליטרים,330.00,"100 מ""ל",false,1,5.90,1.7879,true,1,187214
4002448053149,true,פיניש הכל באחד 100 ט,,,פיניש הכל באחד 100 ט,יחידה,100.00,יחידה,false,,66.99,0.6699,true,1,119545
4002575016253,false,מרציפן 100 גר,,,מרציפן,גרמים,100.00,100 גרם,false,1,9.90,9.9000,true,1,119546
4002590000039,false,קלפני פרי הדר 150 גר,,,"קלפני פרי הדר 150 ג""",גרמים,150.00,100 גרם,false,1,9.90,6.6000,true,1,119551
4002590000046,false,קלפני מנטה מרענן 150,,,קלפני מנטה מרענן 150,גרמים,150.00,100 גרם,false,1,9.90,6.6000,true,1,119552
4002590000633,false,קלפני פירות 150 גר,,,"קלפני פירות 150 ג""ר",גרמים,150.00,100 גרם,false,1,9.90,6.6000,true,1,119555
4002631025830,false,בירה קוניגסבכר חיטה,,,בירה קוניגסבכר חיטה 538 גר,מיליליטרים,500.00,"100 מ""ל",false,1,6.90,1.3800,true,1,210947
4003160196008,false,דובשניות עם זיגוג לב,,,דובשניות עם זיגוג לבן ורוד 600 גר,גרמים,600.00,100 גרם,false,1,14.90,2.4833,true,1,225777
4003301010125,false,יין אנדס צילה קברנה,,,"יין צ""ילה ""קברנה סוב",מיליליטרים,750.00,"100 מ""ל",false,1,29.90,3.9867,true,1,119575
4003301051340,false,יין מייבך ריזלינג יב,,DE,יין מייבך ריזלינג יבש 750 מל,מיליליטרים,750.00,"100 מ""ל",false,1,49.90,6.6533,true,1,221736
4003301081835,false,יין מייבך שרדונה לבן,,,יין מייבך שרדונה לבן יבש 750 מל,מיליליטרים,750.00,"100 מ""ל",false,1,49.90,6.6533,true,1,221734
4003754021662,false,בונ קרסטנס מרציפן עם,,,בונ קרסטנס מרציפן עם שזיף ביין בשוקולד מ,גרמים,210.00,100 גרם,false,1,24.90,11.8571,true,1,210926
4003754021693,false,בונ קרסטנס מרציפן מח,,,בונ קרסטנס מרציפן מחית תפוזים בשוקולד חל,גרמים,210.00,100 גרם,false,1,24.90,11.8571,true,1,210928
4003754081000,false,חטיף מרציפן קארסטנס,,,חטיף מרציפן קארסטנס ארסמי 100 גר,גרמים,100.00,100 גרם,false,1,7.90,7.9000,true,1,187364
4003883005069,true,"בירה ""אקו"" חבית 5 ל""",,,"בירה ""אקו"" חבית 5 ל""",ליטרים,5.00,ליטר,false,,109.99,21.9980,true,1,119598
4004666042004,false,מרסס מלרוד 500 מל,מרלוד,,"מרסס מלרוד 500 מ""ל",מיליליטרים,500.00,"100 מ""ל",false,1,27.90,5.5800,true,1,190917
4004715020014,true,קישוט לעוגה,,,קישוט לעוגה,פריט,0.00,פריט,false,,16.90,0.0000,true,1,148641
4004715020755,false,קישוטי עוגה פרינס 15,,,קישוטי עוגה פרינס 150גר,גרמים,150.00,100 גרם,false,1,12.90,8.6000,true,1,132963
4005873021721,false,בירה ארדינגר סטיפטונ,,,בירה ארדינגר סטיפטונג בק 500 מל,מיליליטרים,500.00,"100 מ""ל",false,1,10.90,2.1800,true,1,222886
4006298004009,false,בירה טוכר הלס הפוויצ,מבשלת טוכר,,"בירה ""טוצאר האלאס"" בהיר 0.5 ל",מיליליטרים,500.00,"100 מ""ל",false,1,10.90,2.1800,true,1,119608
4006387085407,false,פילטרים מקסטרה+ שליש,,,שלישיית פילטרים מקסטרה+,Unknown,0.00,Unknown,false,1,119.90,0.0000,true,1,199517
4006387086671,false,פילטר מקסטרה+ בודד,,,פילטר מקסטרה+ בודד,Unknown,0.00,Unknown,false,1,44.90,0.0000,true,1,199518
4006591310005,false,עוגת גבינה עם תפוחים,,,עוגת גבינה עם תפוחים קפואה 1250 גר,גרמים,1250.00,100 גרם,false,1,79.90,6.3920,true,1,224835
4006591350001,false,עוגת גבינה שמנת מנדר,,,עוגת גבינה שמנת מנדרינות 1050 גר,גרמים,1050.00,100 גרם,false,1,79.90,7.6095,true,1,224836
4006814000720,false,סנטה קלנדר 75 גר,,,סנטה קלנדר 75 גר,גרמים,75.00,100 גרם,false,1,9.90,13.2000,true,1,148660
4006814000751,false,סנטה בודד עם כובע 80,,,סנטה בודד עם כובע 80 גר,גרמים,80.00,100 גרם,false,40,12.90,16.1250,true,1,223176
4006814000829,false,מגף סנטה 100 גר,,,מגף סנטה 100 גר,גרמים,100.00,100 גרם,false,15,15.90,15.9000,true,1,223177
4006814011061,false,סנטה גונץ 60 גר,WAWI,,"סנטה ""גונץ"" 60 גר""",גרמים,60.00,100 גרם,false,30,4.90,8.1667,true,1,119615
4006814011108,false,"סנטה בודד 150 גר""",WAWI,,"סנטה בודד 150 גר""",גרמים,150.00,100 גרם,false,30,9.90,6.6000,true,1,119616
4006814071003,false,סנטה שקית 100 גר,WAWI,,סנטה שקית 100 גר,גרמים,100.00,100 גרם,false,1,9.90,9.9000,true,1,157634
4006814072000,false,סנטה שקית 200 גר,WAWI,,סנטה שקית 200 גר,גרמים,200.00,100 גרם,false,1,15.90,7.9500,true,1,157633
4008287058161,false,בירה קרומבאכר פילס 3,,,שישיית בירה קרומבאכר פילס 330 מל,מיליליטרים,1980.00,"100 מ""ל",false,1,36.90,1.8636,true,1,148692
4008287905786,false,בירה קרומבאכר חיטה פ,,,בירה קרומבאכר חיטה פחית 500 מל,מיליליטרים,500.00,"100 מ""ל",false,1,9.90,1.9800,true,1,220377
4008400290423,false,עוגת ספוג קינדר פינג,,,עוגת ספוג במילוי קינדר פינגווי מצופה 120,גרמים,120.00,100 גרם,false,1,12.90,10.7500,true,1,220646
4008400360126,false,חבילת מתנה קלאסית פר,,,חבילת מתנה קלאסית פררו 242 גר,גרמים,242.00,100 גרם,false,1,59.90,24.7521,true,1,229680
4008400511825,false,קינדר סנטה עומד 110,,,קינדר סנטה עומד 110 גר,גרמים,110.00,100 גרם,false,1,21.90,19.9091,true,1,229682
4008577000412,false,עוגת טארט שזיפים 125,,,עוגת טארט שזיפים 1250 גר,גרמים,1250.00,100 גרם,false,1,69.90,5.5920,true,1,226643
4008577000450,false,עוגת טארט מרציפן 1.2,,,עוגת טארט מרציפן 1.25 קג,קילוגרמים,1.25,"ק""ג",false,1,109.90,87.9200,true,1,226645
4009300522935,false,תה ירוק לימונית ולוא,TEEKANNE- POMPADOU,,"תה ""פומפדור"" ירוק לי",גרמים,30.00,100 גרם,false,1,19.90,66.3333,true,1,119644
4009300523468,true,"תה ""פומפדור"" ארל גרי",,,"תה ""פומפדור"" ארל גרי",פריט,0.00,פריט,false,,11.99,0.0000,true,1,119647
4009300524298,true,"תה ""פומפדור"" חליטה מ",,,"תה ""פומפדור"" חליטה מ",פריט,0.00,פריט,false,,14.99,0.0000,true,1,119648
4009300525684,false,חליטת לימון גינגר פו,TEEKANNE- POMPADOU,,"תה ""פומפדור"" חליטת פירות לימון גינגיר",גרמים,35.00,100 גרם,false,1,15.90,45.4286,true,1,134954
4009300527909,false,תה פומפדו גינגר כורכ,TEEKANNE- POMPADOU,,תה פומפדו גינגר כורכום 40 גר,גרמים,40.00,100 גרם,false,1,15.90,39.7500,true,1,196388
4009300529514,false,חליטת פירות אוכמניות,,GR,חליטת פירות אוכמניות פומפדור 50 גר,גרמים,50.00,100 גרם,false,1,19.90,39.8000,true,1,226881
4009300529552,false,חליטת פירות אפרסק פו,,GR,חליטת פירות אפרסק פומפדור 50 גר,גרמים,50.00,100 גרם,false,1,19.90,39.8000,true,1,226880
4009900013581,false,אורביט סטיקס ספירמינ,,,אורביט סטיקס ספירמינט חמישייה,Unknown,0.00,Unknown,false,1,9.90,0.0000,true,1,157982
4009900406918,false,מסטיק הובה בובה טייפ,,,"מסטיק ""הובה בובה טרי",גרמים,56.00,100 גרם,false,1,6.60,11.7857,true,1,119676
4009900426039,false,מסטיק איירוויז מנטה,מרס,,מסטיק איירוויז מנטה אקליפטוס,Unknown,0.00,Unknown,false,1,9.90,0.0000,true,1,189265
4009900426121,false,מסטיק איירוויז אוכמנ,מרס,,מסטיק איירוויז אוכמניות,Unknown,0.00,Unknown,false,1,9.90,0.0000,true,1,189266
4009900479998,false,מסטיק אורביט בטעם או,,,מסטיק אורביט בטעם אוכמניות בקבוקון,לא מנהל יחידת מידה,0.00,לא מנהל יחידת מידה,false,1,9.90,0.0000,true,1,162389
4009900482417,false,מסטיק אורביט באבל מי,,,מסטיק אורביט באבל מינט בקבוקון,לא מנהל יחידת מידה,0.00,לא מנהל יחידת מידה,false,1,9.90,0.0000,true,1,139134
4009900487283,false,אורביט סטיקס פירות ח,,,אורביט סטיקס פירות חמישייה,Unknown,0.00,Unknown,false,1,9.90,0.0000,true,1,157984
4009900525138,false,מסטיק אורביט וויט תו,מרס,,מסטיק אורביט וויט תות בקבוקון,Unknown,0.00,Unknown,false,12,9.90,0.0000,true,1,210000
4009900536257,false,אורביט רפרשרס ספירמי,,,אורביט רפרשרס ספירמינט בק 67 גר,גרמים,67.00,100 גרם,false,1,11.90,17.7612,true,1,216625
4009900539401,false,פייב באונס בטעם מנטה,,PL,פייב באונס בטעם מנטה 14.4 גר,גרמים,14.00,100 גרם,false,16,3.90,27.8571,true,1,225308
4009900539432,false,פייב באונס בטעם אבטי,,PL,פייב באונס בטעם אבטיח 14.4 גר,גרמים,14.00,100 גרם,false,16,3.90,27.8571,true,1,225309
4009900539685,false,פייב באונס בטעם מנטה,,PL,פייב באונס בטעם מנטה בק 61.8 גר,גרמים,62.00,100 גרם,false,6,11.90,19.1935,true,1,225306
4011800528416,false,קורני בייס סויט & סו,Schwartauer,,קורני בייס סויט & סולט 150 גר,גרמים,150.00,100 גרם,false,1,10.90,7.2667,true,1,214401
4011800593063,true,"חטיף ""קורני"" פרי עם",,,"חטיף ""קורני"" פרי עם",פריט,0.00,פריט,false,,16.90,0.0000,true,1,135803
4011800629519,false,קורני בייס נאטס 150,Schwartauer,,"חטיף ""קורני"" עם אגוזים 6 יח",גרמים,150.00,100 גרם,false,1,10.90,7.2667,true,1,162989
4011800630515,false,חטיף קורני בייס שוקו,Schwartauer,,"חטיף ""קורני"" עם שוקולד חלב ובננה 150 גר",גרמים,150.00,100 גרם,false,1,10.90,7.2667,true,1,162990
4011800632519,false,קורני בייס קוקונט 15,Schwartauer,,"חטיף ""קורני"" עם שוקולד חלב וקוקוס 150 גר",גרמים,150.00,100 גרם,false,1,10.90,7.2667,true,1,162992
4011800633516,false,קורני בייס שוקולד מר,Schwartauer,,"חטיף ""קורני"" עם שוקולד מריר מעולה 150 גר",גרמים,138.00,100 גרם,false,1,10.90,7.8986,true,1,183696
4011800635510,false,קורני פרי נאטס 120 ג,Schwartauer,,חטיף קורני פרי עם אגוזים ושקדים 150 גר,גרמים,120.00,100 גרם,false,1,10.90,9.0833,true,1,183700
4011800636517,false,קורני פרי שוקולד 120,Schwartauer,,"חטיף ""קורני"" עם שוקולד חלב 150 גר",גרמים,120.00,100 גרם,false,1,10.90,9.0833,true,1,183698
4011800637514,false,קורני פרי עם שוקולד,Schwartauer,,חטיף קורני פרי עם שוקולד לבן 150 גר,גרמים,120.00,100 גרם,false,1,10.90,9.0833,true,1,183699
4013227013414,false,ליקר פינה קולדה 700,קוימנס,,פינה קולדה 0.7 ל,מיליליטרים,700.00,"100 מ""ל",false,1,44.90,6.4143,true,1,137770
4013900707944,true,"סנטה קלאוס 150 גר""",,,"סנטה קלאוס 150 גר""",פריט,0.00,פריט,false,,10.99,0.0000,true,1,148809
4014086020308,false,בירה אותינגר לא מסונ,מבשלות אוטנגר -גוטא,,"בירה ""אותינגר"" פח"" צ",מיליליטרים,500.00,"100 מ""ל",false,1,7.90,1.5800,true,1,119734
4014086020414,false,בירה אותינגר ללא אלכ,מבשלות אוטנגר -גוטא,,"בירה ""אותינגר"" ללא אלכוהול פחי 500 מל",מיליליטרים,500.00,"100 מ""ל",false,1,5.90,1.1800,true,1,135090
4014086020483,false,בירה אותינגר סופרפור,מבשלות אוטנגר -גוטא,,"בירה ""אותינגר"" סופר",מיליליטרים,500.00,"100 מ""ל",false,1,8.90,1.7800,true,1,119737
4014400901191,false,בונבוניירת מרסי 250,,,בונבוניירת מרסי 250 גר,גרמים,250.00,100 גרם,false,1,26.90,10.7600,true,1,124690
4014400910063,false,סוכריות וורטר אורגינ,,,סוכריות וורטר שקית 1,גרמים,135.00,100 גרם,false,1,8.90,6.5926,true,1,124704
4014400913910,false,סוכריות וורטר מילוי,,,סוכריות וורטר מילוי קרם 125 גר,גרמים,125.00,100 גרם,false,1,8.90,7.1200,true,1,162137
4014400914252,false,טבלת שוקולד מרסי אגו,MERCI,,טבלת שוקולד מרסי אגוזים 100 גר,גרמים,100.00,100 גרם,false,1,11.90,11.9000,true,1,185964
4014400914269,false,טבלת מרסי קפה 100 גר,,,טבלת מרסי קפה 100 גר,גרמים,100.00,100 גרם,false,1,11.90,11.9000,true,1,220787
4014400914276,false,טבלת שוקולד מרסי מרי,MERCI,,טבלת שוקולד מרסי מריר 72% 100 גר,גרמים,100.00,100 גרם,false,1,11.90,11.9000,true,1,185961
4014400914696,false,סוכריות וורטר חמאה ל,,,"סוכריות וורטר לל""""ס",גרמים,80.00,100 גרם,false,1,8.90,11.1250,true,1,124711
4014400920857,false,סוכריות וורטר שוקולד,,,סוכריות וורטר שוקולד ללא סוכר 70 גר,גרמים,70.00,100 גרם,false,1,8.90,12.7143,true,1,220666
4014400925265,false,שוקולד מרסי תפוז/שקד,,,שוקולד מרסי תפוז/שקד 100 גר,גרמים,100.00,100 גרם,false,1,11.90,11.9000,true,1,222383
4014400925319,false,וורטרס אורגינל פופקו,,,ורטרס אורגינל פופקורן עם קרמל,גרמים,140.00,100 גרם,false,12,14.90,10.6429,true,1,212930
4014400929010,false,חטיף וופל מיני קנופר,,,חטיף וופל מיני קנופרס 200 גר,גרמים,200.00,100 גרם,false,1,19.90,9.9500,true,1,225435
4014600112175,true,"סוכריות ""רגולדז"" במי",,,"סוכריות ""רגולדז"" במי",Unknown,0.00,Unknown,false,,2.99,0.0000,true,1,124715
4014600114056,true,"סוכריות ""רגולדז"" במי",,,"סוכריות ""רגולדז"" במי",Unknown,0.00,Unknown,false,,2.99,0.0000,true,1,124716
4014600150054,true,"סוכריות ""רגולדז"" במי",,,"סוכריות ""רגולדז"" במי",Unknown,0.00,Unknown,false,,2.99,0.0000,true,1,124717
4014600202593,false,סוכריות רגולדס בטעם,RAGOLDS GMBH,,סוכריות רגולדס בטעם פירות בפח 150 ג,גרמים,150.00,100 גרם,false,1,9.90,6.6000,true,1,188117
4014600203149,false,סוכריות רגולדס בטעם,RAGOLDS GMBH,,סוכריות רגולדס בטעם פירות יער בפח 150 ג,גרמים,150.00,100 גרם,false,1,9.90,6.6000,true,1,188115
4015400011811,true,"אולדייז נורמל 30 יח""",,,"אולדייז נורמל 30 יח""",פריט,0.00,פריט,false,,19.99,0.0000,true,1,124744
4015400564454,false,מגן תחתון אולוויז לא,,,מגן תחתון אולוויז,Unknown,0.00,Unknown,false,4,18.90,0.0000,true,1,136170
4015400655299,true,"תחבושות ""אולוויז"" אי",,,"תחבושות ""אולוויז"" אי",Unknown,0.00,Unknown,false,,41.90,0.0000,true,1,158406
4015400681670,false,תחבושות אולוויז דואו,,,תחבושות אולוויז דואו לילה בטוח 18 יח,Unknown,0.00,Unknown,false,1,19.90,0.0000,true,1,185879
4015400731719,false,תחבושות אולוייז דואו,פרוקטר אנד גמבל,,תחבושות אולוייז דואו לילה 20 יח,Unknown,0.00,Unknown,false,1,19.90,0.0000,true,1,186130
4015400746812,false,מגן תחתון אולוויז נו,,,מגן תחתון אולוויז נורמל מגה פק 80 יח,Unknown,0.00,Unknown,false,1,18.90,0.0000,true,1,187381
4015400755487,false,תחבושות אולוייז דואו,פרוקטר אנד גמבל,,תחבושות אולוייז דואו לונג פלוס 24 יח,Unknown,0.00,Unknown,false,6,19.90,0.0000,true,1,186132
4015400990512,false,אבקת כביסה אריאל קול,פרוקטר אנד גמבל,,"אבקת כביסה אריאל קולור 4 ק""ג",קילוגרמים,4.00,"ק""ג",false,1,34.90,8.7250,true,1,209466
4015600762742,false,שמפו הד & שולדרס קלא,,,"שמפו ""הד & שולדרס"" קלאסי 500 מל",מיליליטרים,500.00,"100 מ""ל",false,1,19.90,3.9800,true,1,139409
4015600762780,false,שמפו הד & שולדרס 2 ב,,,"שמפו ""הד & שולדרס"" 2 ב-1 500 מל",מיליליטרים,500.00,"100 מ""ל",false,1,19.90,3.9800,true,1,139410
4015600762902,false,שמפו הד & שולדרס מנט,,,"שמפו ""הד & שולדרס"" מנטול 500 מל",מיליליטרים,500.00,"100 מ""ל",false,1,19.90,3.9800,true,1,139411
4015600762940,false,שמפו הד & שולדרס תפו,,,"שמפו ""הד & שולדרס"" תפוח 500 מל",מיליליטרים,500.00,"100 מ""ל",false,1,19.90,3.9800,true,1,139415
4015600763022,false,שמפו הד & שולדרס מגע,,,"שמפו ""הד & שולדרס"" מגע משי 500 מל",מיליליטרים,500.00,"100 מ""ל",false,1,19.90,3.9800,true,1,139414
4015600766900,false,שמפו הד & שולדרס מנט,,,"שמפו ""הד & שולדרס"" מנטול 500 מל",מיליליטרים,500.00,"100 מ""ל",false,1,19.90,3.9800,true,1,160435
4017100140006,true,"עוגיות ""דלובה"" 100 ג",,,"עוגיות ""דלובה"" 100 ג",פריט,0.00,פריט,false,,12.99,0.0000,true,1,124820
4017100151910,true,"עוגיות סנדוויץ"" ""באל",,,"עוגיות סנדוויץ"" ""באל",פריט,0.00,פריט,false,,9.99,0.0000,true,1,124822
4017100265006,true,"עוגיות ""דליסה"" 100 ג",,,"עוגיות ""דליסה"" 100 ג",פריט,0.00,פריט,false,,12.99,0.0000,true,1,124824
4017100337512,true,"עוגיות ""באלסן אפריקה",,,"עוגיות ""באלסן אפריקה",פריט,0.00,פריט,false,,14.99,0.0000,true,1,124827
4017100338519,true,"עוגיות ""באלסן אפריקה",,,"עוגיות ""באלסן אפריקה",פריט,0.00,פריט,false,,14.99,0.0000,true,1,124828
4017100344008,true,"עוגיות מצופות ""מסינו",,,"עוגיות מצופות ""מסינו",פריט,0.00,פריט,false,,14.99,0.0000,true,1,124829
4017100381515,true,"עוגיות ""באלסן רקורד""",,,"עוגיות ""באלסן רקורד""",פריט,0.00,פריט,false,,19.99,0.0000,true,1,124831
4017100382512,true,"עוגיות ""באלסן רקורד""",,,"עוגיות ""באלסן רקורד""",פריט,0.00,פריט,false,,19.99,0.0000,true,1,124832
4018344564641,false,פילה הרינג ברוטב חרד,,,פילה הרינג ברוטב חרדל ושמיר לארסן 200 גר,גרמים,200.00,100 גרם,false,1,9.90,4.9500,true,1,226713
4019400440657,false,דפדפי שוקולד הלורן ב,,,דפדפי שוקולד הלורן בטעם מנטה 200 גר,גרמים,200.00,100 גרם,false,1,15.90,7.9500,true,1,124838
4022025000137,false,יין בלו נאן גוורטצטר,,,"יין ""בלו נאן"" גוורטצ",מיליליטרים,750.00,"100 מ""ל",false,1,44.90,5.9867,true,1,124842
4022411030847,false,בירה סטאמגסט לאגר 5%,,,בירה סטאמגסט לאגר 5% פח 500 מל,מיליליטרים,500.00,"100 מ""ל",false,24,7.90,1.5800,true,1,216714
4023800531648,false,בונבוניירה מוצרט 200,,,בונבוניירה מוצרט 200 גר,גרמים,200.00,100 גרם,false,1,18.90,9.4500,true,1,225557
4025700001962,false,שוקולד לבן מילקה 100,מונדולז,UA,שוקולד לבן מילקה 100 גר,גרמים,100.00,100 גרם,false,22,5.90,5.9000,true,1,188468
4026281203011,true,בונבוניירות שוקולד ע,,,בונבוניירות שוקולד ע,פריט,0.00,פריט,false,,17.99,0.0000,true,1,151346
4026281203035,true,בונבוניירות שוקולד ע,,,בונבוניירות שוקולד ע,פריט,0.00,פריט,false,,29.99,0.0000,true,1,151347
4026281222692,true,ביסקוויט עם שוקולד ו,,,ביסקוויט עם שוקולד ו,פריט,0.00,פריט,false,,15.99,0.0000,true,1,124862
4026281303011,true,בונבוניירות שוקולד ע,,,בונבוניירות שוקולד ע,פריט,0.00,פריט,false,,17.99,0.0000,true,1,133485
4028491409542,false,שטולן קלאסיק בצלופן,,,שטולן קלאסיק בצלופן קוויק בארי 750 גר,גרמים,750.00,100 גרם,false,6,24.90,3.3200,true,1,195347
4028491409573,false,שטולן חמאה ושקדים קו,,,שטולן חמאה ושקדים בצלופן קוויק בארי 750,גרמים,750.00,100 גרם,false,6,29.90,3.9867,true,1,195349
4028491409801,false,עוגת דובדבן וקינמון,,,עוגת דובדבן וקינמון שטולן 750 גר,גרמים,750.00,100 גרם,false,9,33.90,4.5200,true,1,223181
4030011420203,false,ממרח קישואים איסיס 7,,,"ממרח קישואים ""איסיס""",גרמים,720.00,100 גרם,false,1,14.90,2.0694,true,1,124872
4030011420401,false,ממרח חצילים איסיס 72,,,"ממרח חצילים ""איסיס""",גרמים,720.00,100 גרם,false,1,14.90,2.0694,true,1,124873
4030011420500,false,ממרח חצילים מקוצץ 72,,,ממרח חצילים מקוצץ 720גר,גרמים,720.00,100 גרם,false,1,18.90,2.6250,true,1,124875
4030011560046,true,שברי חיטה 800 גרם,,,שברי חיטה 800 גרם,מיליליטרים,800.00,"100 מ""ל",false,,8.99,1.1238,true,1,124887
4030011620146,false,מיץ עץ לבנה 1 ל,,,מיץ עץ לבנה 1 ל,ליטרים,1.00,ליטר,false,1,18.90,18.9000,true,1,229370
4030600001257,true,"פקט סיגריות ""דוידוף""",,,"פקט סיגריות ""דוידוף""",פריט,0.00,פריט,false,,235.00,0.0000,true,1,124902
4030600015278,true,"סיגריות ""פרימה"" רד",,,"סיגריות ""פרימה"" רד",פריט,0.00,פריט,false,,12.00,0.0000,true,1,124903
4030600027820,true,"סיגריות ""דוידוף"" סופ",,,"סיגריות ""דוידוף"" סופ",פריט,0.00,פריט,false,,23.50,0.0000,true,1,124906
4030600027837,true,"סיגריות ""דוידוף"" סופ",,,"סיגריות ""דוידוף"" סופ",פריט,0.00,פריט,false,,235.00,0.0000,true,1,124907
4030600027851,true,"סיגריות ""דוידוף"" סיל",,,"סיגריות ""דוידוף"" סיל",פריט,0.00,פריט,false,,23.50,0.0000,true,1,124908
4030600027868,true,"פקט סיגריות ""דוידוף""",,,"פקט סיגריות ""דוידוף""",פריט,0.00,פריט,false,,235.00,0.0000,true,1,124909
4030700001126,true,"סיגריות ""דוידוף"" קלא",,,"סיגריות ""דוידוף"" קלא",פריט,0.00,פריט,false,,235.00,0.0000,true,1,124910
4033100003530,true,וינסטון סופר סלימס מ,,,וינסטון סופר סלימס מ,פריט,0.00,פריט,false,,235.00,0.0000,true,1,124915
4033100006999,true,כאמל נטוראל פקט,,,כאמל נטוראל פקט,פריט,0.00,פריט,false,,265.00,0.0000,true,1,124916
4033100007255,true,כאמל נטוראל כחול פקט,,,כאמל נטוראל כחול פקט,פריט,0.00,פריט,false,,265.00,0.0000,true,1,124917
4033100013348,false,אל די ארוך,,,אל די ארוך,Unknown,0.00,Unknown,false,1,28.00,0.0000,false,1,124918
4033100013355,true,אל די ארוך פקט,,,אל די ארוך פקט,פריט,0.00,פריט,false,,190.00,0.0000,true,1,124919
4033100014475,true,אל די אדום פקט,,,אל די אדום פקט,פריט,0.00,פריט,false,,190.00,0.0000,true,1,124921
4033100014505,true,אל די כחול פקט,,,אל די כחול פקט,פריט,0.00,פריט,false,,190.00,0.0000,true,1,124923
4033100014529,false,אל די סלימס,,,אל די סלימס,Unknown,0.00,Unknown,false,1,26.00,0.0000,false,1,124924
4033100014536,true,אל די סלימס פקט,,,אל די סלימס פקט,פריט,0.00,פריט,false,,190.00,0.0000,true,1,124925
4040916010416,true,מקלות וופלים ממולאים,,,מקלות וופלים ממולאים,גרמים,400.00,100 גרם,false,,15.99,3.9975,true,1,124933
4040916010669,true,מקלות וופלים ממולאים,,,מקלות וופלים ממולאים,גרמים,400.00,100 גרם,false,,15.99,3.9975,true,1,124934
4040916010676,true,מקלות וופלים ממולאים,,,מקלות וופלים ממולאים,גרמים,400.00,100 גרם,false,,15.99,3.9975,true,1,124935
4040916011031,true,מקלות וופלים ממולאים,,,מקלות וופלים ממולאים,גרמים,400.00,100 גרם,false,,15.99,3.9975,true,1,124936
4041500016920,true,"וודקה ""ניקיטה"" 0.7 ל",,,"וודקה ""ניקיטה"" 0.7 ל",פריט,0.00,פריט,false,,32.99,0.0000,true,1,124937
4052197000017,false,בירה לבנה בנדיקטינר,,,"בירה לבנה ""בנדיקטינר",מיליליטרים,500.00,"100 מ""ל",false,1,10.90,2.1800,true,1,124943
4052197000369,false,בירה בנדיקטינר 330 מ,,,"בירה בנדיקטינר 330 מ""ל שישייה",מיליליטרים,1980.00,"100 מ""ל",false,1,45.90,2.3182,true,1,190960
4052197001281,false,בירה בנדיקטינר פח 50,,,בירה בנדיקטינר פח 500מל,מיליליטרים,500.00,"100 מ""ל",false,1,9.90,1.9800,true,1,164634
4052197001366,false,בירה בנדיקטינר ללא א,,,"בירה בנדיקטינר ללא אלכוהול 500 מ""ל",מיליליטרים,500.00,"100 מ""ל",false,1,9.90,1.9800,true,1,188860
4054500101008,false,בירה אייל חיטה 5.3%,,,בירה אייל חיטה 5.3% אפוסטל ברו פח 500 מל,מיליליטרים,500.00,"100 מ""ל",false,24,7.90,1.5800,true,1,213883
4054500114015,false,בירה אפוסטל בראון לא,,,"בירה אפוסטל בראון לאגר פח"" 500 מל",מיליליטרים,500.00,"100 מ""ל",false,1,7.90,1.5800,true,1,139490
4054500527853,false,בירה דורלאכר חוף 500,מבשלת איכבאום,,"בירה דורלאכר חוף 500 מ""ל",מיליליטרים,500.00,"100 מ""ל",false,1,7.90,1.5800,true,1,198988
4060307160178,true,ויסקי גלאן פורסט 1ל,,,ויסקי גלאן פורסט 1ל,,0.00,,false,,109.90,0.0000,true,1,161313
4061445096689,false,קפה דוידוף אספרסו 57,דוידוף,,קפה דוידוף אספרסו 57 100 גרם,גרמים,100.00,100 גרם,false,1,22.90,22.9000,true,1,212446
4061445096702,false,קפה דוידוף פיין ארומ,דוידוף,,קפה דוידוף פיין ארומה 100 גרם,גרמים,100.00,100 גרם,false,1,22.90,22.9000,true,1,212445
4062400115483,false,טקילה סיארה סילבר 70,,,"טקילה ""סיארה"" סילבר",מיליליטרים,700.00,"100 מ""ל",false,1,94.90,13.5571,true,1,124946
4063387464151,false,בובת ארנב פפיון משוב,,,בובת ציבורשקה 27 סמ,Unknown,0.00,Unknown,false,1,24.90,0.0000,true,1,223075
4063387464168,false,בובת ארנב עם גזר רגל,,,בובת נמר יושב 20 סמ במגוון צבעים,Unknown,0.00,Unknown,false,1,19.90,0.0000,true,1,223084
4066600601920,false,בירה פאולנר לא מסונן,,,"בירה פאולנר לא מסונן פח 500 מ""ל",מיליליטרים,500.00,"100 מ""ל",false,1,10.90,2.1800,true,1,210886
4066600999614,false,בירה פאולנר בק 500 מ,,,"בירה פאולנר בק 500 מ""ל",מיליליטרים,500.00,"100 מ""ל",false,1,11.90,2.3800,true,1,191079
4072700001089,false,בירה ספאטן אוקטוברפס,Franziskaner,,בירה ספאטן אוקטוברספט 500 מל,מיליליטרים,500.00,"100 מ""ל",false,1,10.90,2.1800,true,1,213460
4072700001188,false,בירה פרנסיסקנר כהה ב,Franziskaner,,"בירה פרנסיסקנר דנקל 500 מ""ל",מיליליטרים,500.00,"100 מ""ל",false,1,11.90,2.3800,true,1,124956
4084500149526,false,גל כביסה טייד 2.48 ל,,,"ג""ל כביסה ""טייד"" 2.48ל",ליטרים,2.48,ליטר,false,1,26.90,10.8468,true,1,160666
4084500853898,false,נוזל כלים פיירי אלוו,פרוקטר אנד גמבל,,"נוזל כלים פיירי אלוורה 515 מ""ל",מיליליטרים,515.00,"100 מ""ל",false,1,9.90,1.9223,true,1,182256
4100130924002,false,בירה בקס ללא אלכוהול,,,בירה בקס ללא אלכוהול 275 מל שישייה,מיליליטרים,1650.00,"100 מ""ל",false,4,27.90,1.6909,true,1,216677
4100130937163,false,בירה בקס 275 מל שישי,בקס,,"בירה בקס 275 מ""ל שישייה",מיליליטרים,1650.00,"100 מ""ל",false,1,29.90,1.8121,true,1,183541
4101540707933,false,עוגת שטולן עשירה עם,,,עוגת שטולן עשירה עם מרציפן 450 גר,גרמים,450.00,100 גרם,false,10,29.90,6.6444,true,1,208838
4101540708763,false,וופל טוסט בלגי 250 ג,GMBH,,וופל טוסט בלגי 250 גר,גרמים,250.00,100 גרם,false,1,9.90,3.9600,true,1,226087
4101540710919,false,עוגת סטולן מרציפן 50,,,עוגת סטולן מרציפן 500 גר,גרמים,500.00,100 גרם,false,1,27.90,5.5800,true,1,230348
4101540773655,false,עוגת שטולן מרציפן 18,,,עוגת שטולן מרציפן 180 גר,גרמים,180.00,100 גרם,false,1,15.90,8.8333,true,1,230086
4101540775413,false,עוגת שטולן עשירה עם,,,עוגת שטולן עשירה עם מרציפן 950 גר,גרמים,950.00,100 גרם,false,6,46.90,4.9368,true,1,216210
4101940131628,false,בירה סטפאנס בראו ווי,מבשלת איכבאום,,"בירה סטפאנס בראו וויסבר 500 מ""ל",מיליליטרים,500.00,"100 מ""ל",false,1,7.90,1.5800,true,1,198991
4101940141634,false,בירה סטאמגסט לא מסונ,,,בירה סטאמגסט לא מסוננת 5% פח 500 מל,מיליליטרים,500.00,"100 מ""ל",false,24,7.90,1.5800,true,1,229119
4105120623941,false,בירה ווינשטפן בק 500,,,"בירה ווינשטפן בק 500 מ""ל",מיליליטרים,500.00,"100 מ""ל",false,1,11.90,2.3800,true,1,193989
4250231145056,false,שוקולד מאדאם פומפדור,Halloren,,שוקולד מאדאם פומפדור תות וודקה 150 גר,גרמים,150.00,100 גרם,false,1,12.90,8.6000,true,1,206711
4250594209648,false,בירה פלדשלוסן פילזנר,,,"בירה פלדשלוסן פילזנר פח 500 מ""ל",מיליליטרים,500.00,"100 מ""ל",false,1,6.90,1.3800,true,1,206175
4250594209655,false,בירה פלדשלוסן חיטה פ,,,"בירה פלדשלוסן חיטה פח 500 מ""ל",מיליליטרים,500.00,"100 מ""ל",false,1,6.90,1.3800,true,1,206174
4260007240502,false,ממרח חצילים 680 גר,אולן,BG,ממרח חצילים 680 גר,גרמים,680.00,100 גרם,false,1,18.90,2.7794,true,1,125019
4260007240519,false,ממרח קישואים 680 גר,אולן,BG,ממרח קישואים 680 גר,גרמים,680.00,100 גרם,false,1,18.90,2.7794,true,1,125020
4260007247754,false,עגבניות שרי בחומץ עם,אולן,BG,"עגבניות ""אולן"" שמיר",קילוגרמים,1.00,"ק""ג",false,1,19.90,19.9000,true,1,125032
4260147890513,false,אטריות ביצים דקות או,,,אטריות ביצים דקות אותנטי 500 גר,גרמים,500.00,100 גרם,false,1,11.90,2.3800,true,1,203271
4410793333179,true,"בירה ""אסטריה אינדיט""",,,"בירה ""אסטריה אינדיט""",פריט,0.00,פריט,false,,44.99,0.0000,true,1,125045
4600051003966,true,"סיג"" גלמור ורוד",,,"סיג"" גלמור ורוד",פריט,0.00,פריט,false,,245.00,0.0000,true,1,125056
4600051003980,true,"סיג"" גלמור מנטול",,,"סיג"" גלמור מנטול",פריט,0.00,פריט,false,,245.00,0.0000,true,1,125058
4600068009043,false,קוואס אוצקובסקויה 2,,,קוואס אוצקובסקויה 2 ל,ליטרים,2.00,ליטר,false,1,24.90,12.4500,true,1,158185
4600068009883,false,קוואס אוצקובסקויה 50,,,"קוואס אוצקובסקויה 500 מ""ל",מיליליטרים,500.00,"100 מ""ל",false,1,8.90,1.7800,true,1,125069
4600080279790,true,מבחר ממתקי שוקולד וק,,,מבחר ממתקי שוקולד וקרמל 701 גר,גרמים,701.00,100 גרם,false,6,79.90,11.3980,true,1,223872
4600080298470,false,שוקולד חלב אליונקה א,קרסניי אוקטברי,,שוקולד חלב אליונקה אגוזי לוז 90 גר,גרמים,90.00,100 גרם,false,15,7.90,8.7778,true,1,215443
4600080316303,false,בונ חלב ציפור 160 גר,,,בונ חלב ציפור 160 גר,גרמים,160.00,100 גרם,false,1,15.90,9.9375,true,1,151525
4600080501013,false,וופל קורובקה בטעם חל,רוט פרונט,,וופל קורובקה בטעם חלב 250 גר,גרמים,250.00,100 גרם,false,1,15.90,6.3600,true,1,182794
4600080501037,false,וופל קורובקה מצופה ש,רוט פרונט,,וופל קורובקה מצופה שוקולד 250 גר,גרמים,250.00,100 גרם,false,1,15.90,6.3600,true,1,182795
4600080501075,false,וופלים ממולאים בטעם,רוט פרונט,,וופלים ממולאים בטעם ריבת חלב 150גר,גרמים,150.00,100 גרם,false,1,9.90,6.6000,true,1,161756
4600300000739,false,קקאו זולוטוי ירליק 1,קרסניי אוקטברי,,"קקאו ""זולוטוי ירליק"" 100 גר",גרמים,100.00,100 גרם,false,1,11.90,11.9000,true,1,125101
4600300079865,false,בונ חלב ציפור 200 גר,קרסניי אוקטברי,,בונ חלב ציפור 200 גר,גרמים,200.00,100 גרם,false,1,16.90,8.4500,true,1,125111
4600300081691,false,חטיף שוקולד אליונקה,קרסניי אוקטברי,,חטיף שוקולד אליונקה קרם ברולה 42 גר,גרמים,42.00,100 גרם,false,1,4.90,11.6667,true,1,136678
4600300082384,true,מבחר ממתקי שוקולד וק,,,מבחר ממתקי שוקולד וקרמלים 500 גר,גרמים,500.00,100 גרם,false,7,89.90,17.9800,true,1,215707
4600521107002,true,"ברנדי סולנצ""ני *3 50",,,"ברנדי סולנצ""ני *3 50",פריט,0.00,פריט,false,,62.99,0.0000,true,1,125127
4600528347289,false,מיונז ריאבה פרובנסל,,,מיונז ריאבה פרובנסל 200 גר,גרמים,200.00,100 גרם,false,1,6.90,3.4500,true,1,210393
4600528347296,false,מיונז ריאבה זיתים 20,,,מיונז ריאבה זיתים 200 גר,גרמים,200.00,100 גרם,false,1,6.90,3.4500,true,1,210392
4600528347838,false,מיונז פרובנסל זיתים,,,מיונז פרובנסל זיתים 390 גר,גרמים,390.00,100 גרם,false,1,11.90,3.0513,true,1,188870
4600528355796,false,רוטב טרטר 200 גר אסט,,RU,רוטב טרטר 200 גר אסטוריה,גרמים,200.00,100 גרם,false,10,7.90,3.9500,true,1,204155
4600528355963,false,מיונז עם ביצי שליו 3,,,מיונז עם ביצי שליו 372 גר,גרמים,372.00,100 גרם,false,24,11.90,3.1989,true,1,210490
4600528357974,false,רוטב אסטוריה הוט דוג,ניז'גורודסקי,,רוטב אסטוריה הוט דוג 200 גר,גרמים,200.00,100 גרם,false,6,9.90,4.9500,true,1,216427
4600528358865,false,מיונז פרובנסל בטעם ש,,,מיונז פרובנסל בטעם שמנת 372 גר,גרמים,372.00,100 גרם,false,24,11.90,3.1989,true,1,215590
4600528359077,false,רוטב אסטוריה שום שמנ,ניז'גורודסקי,,רוטב אסטוריה שום שמנת 233 גר,גרמים,233.00,100 גרם,false,16,9.90,4.2489,true,1,213395
4600528359107,false,רוטב אסטוריה בטעם גב,ניז'גורודסקי,,רוטב אסטוריה בטעם גבינה 233 גר,גרמים,233.00,100 גרם,false,16,9.90,4.2489,true,1,213394
4600545031031,false,אטריות להכנה מהירה ע,,RU,איטריות להכנה מהירה,גרמים,75.00,100 גרם,false,24,6.90,9.2000,true,1,125143
4600545033035,false,אטריות להכנה מהירה ב,,RU,איטריות להכנה מהירה,גרמים,75.00,100 גרם,false,24,6.90,9.2000,true,1,125145
4600545035039,false,אטריות להכנה מהירה פ,,RU,איטריות להכנה מהירה,גרמים,75.00,100 גרם,false,24,6.90,9.2000,true,1,125147
4600659010854,false,וודקה סטולי אדום 700,אס פי אי,,וודקה סטולי אדום 700,מיליליטרים,700.00,"100 מ""ל",false,1,59.90,8.5571,true,1,125168
4600680000640,false,קפה נסקפה גולד 190 ג,,,קפה נסקפה גולד 190 גר,גרמים,190.00,100 גרם,false,6,39.90,21.0000,true,1,212621
4600682009450,false,בירה בלטיקה 9 450 מל,BALTIKA,,"בירה בלטיקה 9 450 מ""ל",מיליליטרים,450.00,"100 מ""ל",false,1,9.90,2.2000,true,1,189149
4600682225478,false,בירה בלטיקה קולר 470,,,"בירה ""בלטיקה"" קולר 470 מ""ל",מיליליטרים,470.00,"100 מ""ל",false,1,9.90,2.1064,true,1,164425
4600682401476,false,בירה בלטיקה 0 ללא אל,BALTIKA,,בירה בלטיקה 0 ללא אלכוהול,מיליליטרים,470.00,"100 מ""ל",false,1,7.90,1.6809,true,1,189150
4600682407478,false,בירה בלטיקה 7 470 מל,BALTIKA,,"בירה בלטיקה 7 470 מ""ל",מיליליטרים,470.00,"100 מ""ל",false,1,9.90,2.1064,true,1,189152
4600682409458,false,בירה בלטיקה מס 9 450,BALTIKA,,"בירה ""בלטיקה"" מס"" 9 450 מ""ל",מיליליטרים,450.00,"100 מ""ל",false,1,9.90,2.2000,true,1,189143
4600682483151,true,"בירה ""זאטאסקיי גוס""",,,"בירה ""זאטאסקיי גוס""",פריט,0.00,פריט,false,,22.90,0.0000,true,1,125201
4600699501121,false,שמן חמניות סלובודה מ,,,"שמן חמניות ""סלובודה"" מזוכך 1 ל",ליטרים,1.00,ליטר,false,1,16.90,16.9000,true,1,159021
4600699505433,false,שמן חמניות סלובודה ל,,,"שמן חמניות ""סלובודה"" לא מזוכך 1 ל",ליטרים,1.00,ליטר,false,1,16.90,16.9000,true,1,159022
4600699505518,false,מיונז סלובודה פרובנס,,,מיונז סלובודהפרובנסל 67% 375 גר,גרמים,375.00,100 גרם,false,1,11.90,3.1733,true,1,164659
4600699505525,false,מיונז סלובודה פרובנס,,,"מיונז סלובודה פרובנסל 67% 800 מ""ל",מיליליטרים,800.00,"100 מ""ל",false,1,19.90,2.4875,true,1,198300
4600699505532,false,מיונז סלובודה פרובנס,,,"מיונז ""סלובודה"" פרובנסל 67 % 800 מל",מיליליטרים,800.00,"100 מ""ל",false,1,19.90,2.4875,true,1,159024
4600699505563,false,מיונז סלובודה פרובנס,,,מיונז סלובודהפרובנסל זיתים 67% 400מל,גרמים,375.00,100 גרם,false,1,11.90,3.1733,true,1,164660
4600699505570,false,מיונז סלובודה פרובנס,,,"מיונז סלובודה פרובנסל זיתים 67% 800 מ""ל",מיליליטרים,800.00,"100 מ""ל",false,1,19.90,2.4875,true,1,198301
4600699505587,false,מיונז סלובודה בטעם ז,,,"מיונז ""סלובודה"" בטעם זיתים 67 % 800 מל",מיליליטרים,800.00,"100 מ""ל",false,1,19.90,2.4875,true,1,159025
4600699512363,false,מיונז פרובנסל סלובוד,,,מיונז פרובנסל סלובודה ביצי שליו 750 גר,גרמים,750.00,100 גרם,false,1,19.90,2.6533,true,1,222515
4600756200547,false,צנימים עם סוכר וצימו,,RU,צנימים עם סוכר וצימוקים סרפוחוב 330 גר,גרמים,330.00,100 גרם,false,12,18.90,5.7273,true,1,224579
4600823009059,false,שוקולד ודוחנובניה קל,,,שוקולד ודוחנובניה קלאסי 100 גר,גרמים,100.00,100 גרם,false,1,9.90,9.9000,true,1,125228
4600823031098,false,חטיף שוקולד עם קרם ש,בבייבסקי,,"בטונצ""יק שוקולד 50 ג",גרמים,50.00,100 גרם,false,1,3.90,7.8000,true,1,125232
4600823094017,false,שוקולד בבייבסקי פונד,בבייבסקי,,שוקולד בבייבסקי פונד,גרמים,100.00,100 גרם,false,1,8.90,8.9000,true,1,125234
4600823197152,false,שוקולד אטרשיון שקדים,בבאיבסקי,,שוקולד אטרשיון שקדים 100 גר,גרמים,100.00,100 גרם,false,1,8.90,8.9000,true,1,181627
4600823197336,false,שוקולד דרקס עם אגוזי,בבייבסקי,,שוקולד דרקס עם אגוזי לוז וצימוקים 100גר,גרמים,100.00,100 גרם,false,1,8.90,8.9000,true,1,161753
4600823201033,false,בונבוניירות ודוחנובנ,בבייבסקי,,בונבוניירות ודוחנובניה 400 גר,גרמים,400.00,100 גרם,false,8,44.90,11.2250,true,1,205275
4600851005429,false,חרדל 100 גר,,,חרדל 100 גרם,גרמים,100.00,100 גרם,false,1,5.90,5.9000,true,1,172842
4600851005443,false,חרדל עם חזרת 100 גר,Moskovskiy Zirovoy K,,חרדל עם חזרת 100 גר,גרמים,100.00,100 גרם,false,1,5.90,5.9000,true,1,151671
4600851010669,false,מיונז פרובנסל 450 מל,סולנצ'ניי פרודוקטי,,"מיונז ""פרובנסל"" 450 מל",מיליליטרים,450.00,"100 מ""ל",false,1,14.90,3.3111,true,1,158303
4600851011567,false,מיונז קלאסי 700 מל,סולנצ'ניי פרודוקטי,,מיונז קלאסי 700 מל,מיליליטרים,700.00,"100 מ""ל",false,1,17.90,2.5571,true,1,184827
4600851013288,false,מיונז מוסקובסקי קלאס,Moskovskiy Zirovoy K,,"מיונז מוסקובסקי קלאסי דלי 800 מ""ל",מיליליטרים,800.00,"100 מ""ל",false,1,21.90,2.7375,true,1,199837
4600851014537,false,מיונז פרובנסל קלאסיק,סולנצ'ניי פרודוקטי,,"מיונז פרובנסל קלאסיק 400 מ""ל",מיליליטרים,400.00,"100 מ""ל",false,20,10.90,2.7250,true,1,208606
4600851014544,false,מיונז קלאסי 200 מל,סולנצ'ניי פרודוקטי,,"מיונז קלאסי 200 מ""ל",מיליליטרים,200.00,"100 מ""ל",false,40,5.90,2.9500,true,1,207561
4600874000623,false,תמצית ציקורי נמס טבע,,,תמצית ציקורי נמס טבעי 100 גר,גרמים,100.00,100 גרם,false,1,20.90,20.9000,true,1,200745
4600893900805,false,וודקה גרין מארק 700,TOPAZ,,"וודקה ""זליוניה מרקה""",מיליליטרים,700.00,"100 מ""ל",false,1,59.90,8.5571,true,1,125252
4600893900997,false,וודקה זליניה מרקה קד,TOPAZ,,וודקה זליניה מרקה קדרוביאה 0.7ל,מיליליטרים,700.00,"100 מ""ל",false,1,59.90,8.5571,true,1,125256
4600919502051,false,עוגת נוצקה שוקולד מע,דוברינינסקיי,,עוגת נוצקה שוקולד מעודן בסירופ 500 גר,גרמים,500.00,100 גרם,false,1,39.90,7.9800,true,1,185465
4600935020331,false,כוסמת אלטאי 800 גר,,,כוסמת אלטאי 800 גר,גרמים,800.00,100 גרם,false,1,15.90,1.9875,true,1,229371
4601021046051,false,וופל ארטק פלוס 225 ג,פנזה,,וופל ארטק פלוס 225 גר,גרמים,225.00,100 גרם,false,1,8.90,3.9556,true,1,125263
4601021049342,false,וופל ארטק 200 גר,,,וופל ארטק 200 גר,גרמים,200.00,100 גרם,false,1,7.90,3.9500,true,1,196713
4601021054872,false,ממתק סופלה בטעם שוקו,,,ממתק סופלה בטעם שוקולדבציפוי שוקולד 200,גרמים,200.00,100 גרם,false,1,19.90,9.9500,true,1,222180
4601021054896,false,ממתק סופלה בטעם דומד,,,ממתק סופלה בטעם דומדמניות בציפוי שוקולד,גרמים,200.00,100 גרם,false,1,24.90,12.4500,true,1,222178
4601021055602,false,ממתק מוקצף בטעם פטל,,,ממתק מוקצף בטעם פטל וולוצה 220 גר,גרמים,220.00,100 גרם,false,1,11.90,5.4091,true,1,222185
4601159076180,false,במבה מצופה אבקת סוכר,FPP MILOVSKIY,,במבה מצופה אבקת סוכר 85 גר,גרמים,85.00,100 גרם,false,1,6.90,8.1176,true,1,190301
4601159076197,false,במבה מינוטקה ריבת חל,סיביר קלצאטקה,,במבה מינוטקה ריבת חלב 85 גר,גרמים,85.00,100 גרם,false,1,6.90,8.1176,true,1,197258
4601201002556,true,"מיץ ""טונוס"" 100% עגב",,,"מיץ ""טונוס"" 100% עגב",פריט,0.00,פריט,false,,17.99,0.0000,true,1,125278
4601216004002,true,גלידה קרם ברולה,,,גלידה קרם ברולה,פריט,0.00,פריט,false,,4.99,0.0000,true,1,125279
4601216010249,false,גלידת שמנת וניל קלאס,Panevezio Pienas,,גלידת שמנת וניל קלאסי 100 גר,גרמים,100.00,100 גרם,false,1,7.90,7.9000,true,1,200951
4601216012052,false,גלידת שמנת קרם ברולה,Panevezio Pienas,,גלידת שמנת קרם ברולה בטעם ריבת חלב 100 ג,גרמים,100.00,100 גרם,false,1,7.90,7.9000,true,1,200953
4601216012090,false,גלידת שמנת פיסטוק 80,Panevezio Pienas,,גלידת שמנת פיסטוק 80 גר,גרמים,80.00,100 גרם,false,1,7.90,9.8750,true,1,222972
4601513007997,false,רולדה קורובקה בטעם ח,יוז'נואורלקונדיטר,,רולדה קורובקה בטעם חלב מבושל 200גר,גרמים,200.00,100 גרם,false,1,9.90,4.9500,true,1,165187
4601513008253,false,ביסקוויט אליונקה בטע,,,ביסקוויט אליונקה בטעם קרם שוקולד 240 גר,גרמים,240.00,100 גרם,false,1,16.90,7.0417,true,1,151781
4601513008581,false,רולדה אליונקה בטעם ש,יוז'נואורלקונדיטר,,רולדה אליונקה בטעם שוקולד חלב 200גר,גרמים,200.00,100 גרם,false,1,9.90,4.9500,true,1,165185
4601513009250,false,רולדה חלב ציפורי בטע,יוז'נואורלקונדיטר,,רולדה חלב ציפורי בטעם שמנת 200גר,גרמים,200.00,100 גרם,false,1,9.90,4.9500,true,1,165188
4601513012359,false,רולדה יגודה בטעם תות,,,רולדה יגודה בטעם תות שדה 200 גר,גרמים,200.00,100 גרם,false,1,9.90,4.9500,true,1,196585
4601576004100,false,רוטב תיבול פרובנסל ק,OAO ZHIROVOY KOMBINA,,רוטב תיבול פרובנסל קלאסי מצטה חוזייקי 900 מל,מיליליטרים,900.00,"100 מ""ל",false,1,19.90,2.2111,true,1,137598
4601576009839,false,רוטב תיבול עם שמנת מ,OAO ZHIROVOY KOMBINA,,רוטב תיבול עם שמנת מצטה חוזייקי 900 מל,מיליליטרים,900.00,"100 מ""ל",false,1,19.90,2.2111,true,1,220378
4601576010101,false,רוטב תיבול עם ביצי ש,,,רוטב תיבול עם ביצי שליו מצטה חוזייקי,מיליליטרים,900.00,"100 מ""ל",false,1,19.90,2.2111,true,1,222172
4601576010170,false,רוטב תיבול עם ביצי ש,OAO ZHIROVOY KOMBINA,,רוטב תיבול עם ביצי שליו מצטה חוזייקי,מיליליטרים,480.00,"100 מ""ל",false,1,12.90,2.6875,true,1,222173
4601619000625,false,אבקת חרדל סארפתה 400,צרפתה,,אבקת חרדל סארפתה 400 גר,גרמים,400.00,100 גרם,false,21,11.90,2.9750,true,1,205660
4601713000873,false,קרקר ולשבני קליידוסק,,,קרקר ולשבני קליידוסקופ 400 גר,גרמים,400.00,100 גרם,false,1,11.90,2.9750,true,1,125318
4601713001054,false,קרקר בטעם גבינה בצור,,,קרקר בטעם גבינה בצורת דגים 400 גר,גרמים,400.00,100 גרם,false,1,11.90,2.9750,true,1,222184
4601713005755,false,מרמלד צודו יאגודה תפ,טולה,,"מרמלד ""צודו יאגודה"" תפוח תפוז מלון 250 ג",גרמים,250.00,100 גרם,false,1,8.90,3.5600,true,1,137090
4601713008206,false,דובשניות טולסקי פריא,,,דובשניות טולסקי פריאניק תפוז וקינמון 140,גרמים,140.00,100 גרם,false,22,6.90,4.9286,true,1,215685
4601728012403,false,וודקה עץ לבנה 1 ל,,,"וודקה ""עץ לבנה"" 1ל",ליטרים,1.00,ליטר,false,1,89.90,89.9000,true,1,134133
4601780002565,false,קמח מקפה חיטה 2 קג,MAKFA,,"קמח מקפה חיטה 2 ק""ג",קילוגרמים,2.00,"ק""ג",false,1,18.90,9.4500,true,1,125335
4601780002572,false,קמח חיטה 1 קג,מקפה,,"קמח חיטה 1 ק""ג",קילוגרמים,1.00,"ק""ג",false,1,9.90,9.9000,true,1,125336
4601780005399,false,כוסמת להכנה מהירה 80,מקפה,,כוסמת להכנה מהירה 800 גר,גרמים,800.00,100 גרם,false,1,16.90,2.1125,true,1,125337
4601780005443,false,דוחן 800 גר,מקפה,,דוחן 800 גר,גרמים,800.00,100 גרם,false,1,14.90,1.8625,true,1,125338
4601780006211,false,סולת 700 גר,מקפה,,סולת 700 גר,גרמים,700.00,100 גרם,false,1,11.90,1.7000,true,1,125341
4601780006976,false,איטריות צדפות 400 גר,מקפה,,איטריות צדפות 400 גר,גרמים,400.00,100 גרם,false,1,7.90,1.9750,true,1,161820
4601780006990,false,אטריות ספירלות 400 ג,מקפה,,אטריות ספירלות 400 גר,גרמים,400.00,100 גרם,false,1,7.90,1.9750,true,1,161815
4601780007010,false,אטריות חלוזונות 400,מקפה,,אטריות חלוזונות 400 גר,גרמים,400.00,100 גרם,false,1,7.90,1.9750,true,1,161817
4601780009861,false,אטריות קרנות 400 גר,מקפה,,אטריות קרנות 400 גר,גרמים,400.00,100 גרם,false,1,7.90,1.9750,true,1,161816
4601780009922,false,אטריות צדפות 400 גר,מקפה,,אטריות צדפות 400 גר,גרמים,400.00,100 גרם,false,1,7.90,1.9750,true,1,161819
4601780010065,false,אורז 400 גר,מקפה,,אורז 400 גר,גרמים,400.00,100 גרם,false,1,7.90,1.9750,true,1,125353
4601780010102,false,דוחן 400 גר,מקפה,,דוחן 400 גר,גרמים,400.00,100 גרם,false,1,8.90,2.2250,true,1,125354
4601780010508,false,אטריות ארוכות 400 גר,מקפה,,אטריות ארוכות 400 גר,גרמים,400.00,100 גרם,false,1,6.90,1.7250,true,1,161821
4601780010676,false,גריסי פנינה 400 גר,מקפה,,גריסי פנינה 400 גר,גרמים,400.00,100 גרם,false,1,9.90,2.4750,true,1,160277
4601780010690,false,גריסי פנינה 800 גר,מקפה,,גריסי פנינה 800 גר,גרמים,800.00,100 גרם,false,1,8.90,1.1125,true,1,160276
4601780010805,false,גריסי תירס 400 גר,מקפה,,גריסי תירס 400 גר,גרמים,400.00,100 גרם,false,1,7.90,1.9750,true,1,181321
4602009007828,false,רצועות דג לבקית 50 ג,,,רצועות דג לבקית 50 גר,גרמים,50.00,100 גרם,false,1,18.90,37.8000,true,1,187733
4602009008399,false,דג ליבקית ארנה מיובש,ARENA,,דג ליבקית ארנה מיובש וממולח 150 גר,גרמים,150.00,100 גרם,false,1,27.90,18.6000,true,1,182920
4602009299742,false,זפיר בטעם וניל 420 ג,נבסקי קונדיטר,,זפיר בטעם וניל 420גר,גרמים,420.00,100 גרם,false,1,14.90,3.5476,true,1,162997
4602009299759,false,זפיר לבן ורוד 420 גר,נבסקי קונדיטר,,זפיר לבן ורוד 420גר,גרמים,420.00,100 גרם,false,1,14.90,3.5476,true,1,162996
4602009299773,false,זפיר וניל מצופה שוקו,נבסקי קונדיטר,,זפיר וניל מצופה שוקולד 450גר,גרמים,450.00,100 גרם,false,1,15.90,3.5333,true,1,162999
4602041005486,false,חטיף ציפס בטעם שמנת,,,חטיף ציפס בטעם שמנת ובצל 80 גר,גרמים,80.00,100 גרם,false,1,5.90,7.3750,true,1,216749
4602041012736,false,מקלות תירס מתוקים 10,,,מקלות תירס מתוקים 100 גר,גרמים,100.00,100 גרם,false,1,8.90,8.9000,true,1,227920
4602112202004,true,מרק בקר עם איטריות,,,מרק בקר עם איטריות,פריט,0.00,פריט,false,,3.99,0.0000,true,1,125359
4602220000813,false,משקה מאלט דומשני 1.5,,,משקה מאלט דומשני 1.5 ל,ליטרים,1.50,ליטר,false,6,16.90,11.2667,true,1,215620
4602248005098,false,תערובת למרק שבע קטני,YELLI,,תערובת למרק שבע קטניות יילי 250 גר,גרמים,250.00,100 גרם,false,1,12.90,5.1600,true,1,197060
4602248005531,true,"חיטה בקופסה 400 גר""",,,"חיטה בקופסה 400 גר""",פריט,0.00,פריט,false,,11.99,0.0000,true,1,125366
4602248005647,true,גריסי פנינה בקופסה 4,,,גריסי פנינה בקופסה 4,פריט,0.00,פריט,false,,11.99,0.0000,true,1,125371
4602248011532,false,תערובת לראסולניק 170,YELLI,RU,תערובת לראסולניק 170 גר,גרמים,170.00,100 גרם,false,12,9.90,5.8235,true,1,202811
4602248015165,false,תערובת לתבשיל כוסמי,YELLI,RU,תערובת לתבשיל כוסמין עם פטריות 220 גר,גרמים,220.00,100 גרם,false,12,9.90,4.5000,true,1,226049
4602358003472,false,גלידה מגה בטעם וניל,ז'יטומרסקי זאבוד,,גלידה מגה בטעם וניל גביע 100 גר,גרמים,100.00,100 גרם,false,1,6.90,6.9000,true,1,225991
4602358003663,false,גלידת שמנת בטעם קרם,ז'יטומרסקי זאבוד,,גלידת שמנת בטעם קרם ברולה 100 גר,גרמים,100.00,100 גרם,false,1,6.90,6.9000,true,1,208817
4602358003670,false,גלידה מגה בטעם שוקול,ז'יטומרסקי זאבוד,,גלידה מגה בטעם שוקולד גביע 100 גר,גרמים,100.00,100 גרם,false,1,6.90,6.9000,true,1,225992
4602358003823,false,גלידה פלומביר בטעם ו,,,גלידה פלומביר בטעם וניל 400 גר,גרמים,400.00,100 גרם,false,1,28.90,7.2250,true,1,226020
4602358004752,false,גלידת שמנת בטעם שוקו,ז'יטומרסקי זאבוד,,גלידת שמנת בטעם שוקולד בגביע 70 גר,גרמים,70.00,100 גרם,false,1,6.90,9.8571,true,1,208823
4602358005346,false,גלידת שמנת בציפוי בט,ז'יטומרסקי זאבוד,,גלידת שמנת בציפוי בטעם שוקולד 90 גר,גרמים,90.00,100 גרם,false,1,6.90,7.6667,true,1,208818
4602358006664,false,גלידה פלומביר בטעם ו,,,גלידה פלומביר בטעם וניל דומדמניות 400 גר,גרמים,400.00,100 גרם,false,1,28.90,7.2250,true,1,226021
4602358006909,false,שלגון גלידת שמנת בטע,ז'יטומרסקי זאבוד,,שלגון גלידת שמנת בטעם שוקולד שבבי קקאו,גרמים,70.00,100 גרם,false,1,6.90,9.8571,true,1,213076
4602358007128,false,גלידת וופל בטעם וניל,ז'יטומרסקי זאבוד,,גלידת וופל בטעם וניל פתיתי שוקולד 80 גר,גרמים,80.00,100 גרם,false,1,6.90,8.6250,true,1,225994
4602358008071,false,גלידת שמנת בטעם וניל,ז'יטומרסקי זאבוד,,גלידת שמנת בטעם וניל בין שכבות וופל 70 ג,גרמים,70.00,100 גרם,false,1,6.90,9.8571,true,1,220140
4602441005109,false,משקה צירנוגולובקי דו,אקוואלייף,,משקה צירנוגולובקי דושס 2ל,ליטרים,2.00,ליטר,false,1,16.90,8.4500,true,1,161859
4602441005116,false,משקה צירנוגולובקי טר,אקוואלייף,,משקה צירנוגולובקי טרחון 2ל,ליטרים,2.00,ליטר,false,1,16.90,8.4500,true,1,161857
4602441019519,false,משקה מוגז למונד גינג,CJSC AGUA,,משקה מוגז למונד גינגר 500 מל,מיליליטרים,500.00,"100 מ""ל",false,12,7.90,1.5800,true,1,230254
4602481105128,false,תערובת צאר 7 דגנים 4,סיוז פישפרום,,תערובת צאר 7 דגנים 400 גר,גרמים,400.00,100 גרם,false,1,12.90,3.2250,true,1,184721
4602481107719,false,חטיף לחם מתערובת דגנ,דינמו ק מוסקבה,,חטיף לחם מתערובת דגנים 90 גר,גרמים,90.00,100 גרם,false,20,8.90,9.8889,true,1,204921
4602481107733,false,חטיף לחם שיפון עם סו,דינמו ק מוסקבה,,חטיף לחם שיפון עם סובין 90 גר,גרמים,90.00,100 גרם,false,20,8.90,9.8889,true,1,204923
4602486002057,false,וודקה בלנקאיה ללא גל,,,"וודקה בלנקאיה ללא גלוטן 700 מ""ל",מיליליטרים,700.00,"100 מ""ל",false,12,69.90,9.9857,true,1,211083
4602486002071,false,וודקה בלנקיה גולד 70,,,"וודקה בלנקיה גולד 700 מ""ל",מיליליטרים,700.00,"100 מ""ל",false,1,54.90,7.8429,true,1,208796
4602486002477,false,וודקה בלנקאיה אקסטרה,,,"וודקה בלנקאיה אקסטרה 700 מ""ל",מיליליטרים,700.00,"100 מ""ל",false,12,69.90,9.9857,true,1,210524
4603019001714,false,וודקה לגנד אוף קרמלי,,,וודקה לגנד אוף קרמלין 700 מל עם ספר,מיליליטרים,700.00,"100 מ""ל",false,1,144.90,20.7000,true,1,195712
4603134002146,true,פתיתים 400גר,,,פתיתים 400גר,פריט,0.00,פריט,false,,7.90,0.0000,true,1,158688
4603134002153,true,תערובת שלושה דגנים 4,,,תערובת שלושה דגנים 4,פריט,0.00,פריט,false,,7.90,0.0000,true,1,158685
4603134002160,true,תערובת ארבעת דגנים 4,,,תערובת ארבעת דגנים 4,פריט,0.00,פריט,false,,7.90,0.0000,true,1,158686
4603134002290,true,תערובת חמישה דגנים 4,,,תערובת חמישה דגנים 4,פריט,0.00,פריט,false,,7.90,0.0000,true,1,158687
4603400000043,false,וודקה רוסקי סטנדרט 7,RUSSIAN STANDART,,וודקה רוסקי סטנדרט 7,מיליליטרים,700.00,"100 מ""ל",false,1,59.90,8.5571,true,1,139497
4603400000197,false,וודקה רוסקי סטנדרט 5,RUSSIAN STANDART,,וודקה רוסקי סטנדרט 5,מיליליטרים,500.00,"100 מ""ל",false,1,44.90,8.9800,true,1,125402
4603514010334,false,גין באריסטר אורנג מת,,,גין באריסטר אורנג מתובל 700 מל,מיליליטרים,700.00,"100 מ""ל",false,6,84.90,12.1286,true,1,214280
4603566907958,false,תבלינים סול מנות ראש,אגרואימפורט,,תבלינים סול מנות ראשונות 400 גר,גרמים,400.00,100 גרם,false,1,11.90,2.9750,true,1,192765
4603566908955,false,תבלינים סול שום ירוק,אגרואימפורט,,תבלינים סול שום ירוק 400 גר,גרמים,400.00,100 גרם,false,1,11.90,2.9750,true,1,192766
4603566921954,false,תבלינים סול 12 ירקות,אגרואימפורט,,תבלינים סול 12 ירקות 400 גר,גרמים,400.00,100 גרם,false,1,11.90,2.9750,true,1,192767
4603928000976,false,וודקה בלוגה 700 מל,סויוז,,"וודקה בלוגה 700 מ""ל",מיליליטרים,700.00,"100 מ""ל",false,1,135.90,19.4143,true,1,133872
4603928004363,false,וודקה בלוגה טרנסאטלנ,,,וודקה בלוגה טרנסאטלנטיק 700 מל,מיליליטרים,700.00,"100 מ""ל",false,1,154.90,22.1286,true,1,164763
4603928005834,false,וודקה בלוגה טראנסאטל,,,וודקה בלוגה טראנסאטלנטיק נייבי בלו 700 מ,מיליליטרים,700.00,"100 מ""ל",false,1,149.90,21.4143,true,1,229198
4604248000103,false,רוטב לסלט בטעם זיתים,אסן פרודקשן,,"מיונז ""מחייב"" זיתים",מיליליטרים,800.00,"100 מ""ל",false,1,18.90,2.3625,true,1,125459
4604248000349,false,רוטב לסלט פרובנסל 38,אסן פרודקשן,,"מיונז ""מחייב"" פרובנס",גרמים,380.00,100 גרם,false,1,11.90,3.1316,true,1,125460
4604248000554,false,רוטב לסלט פרובנסל מח,אסן פרודקשן,,"מיונז ""מחייב"" פרובנס",גרמים,800.00,100 גרם,false,1,18.90,2.3625,true,1,125461
4604248000844,false,מיונז עם שמן זית מחי,אסן פרודקשן,,"מיונז ""מחייב"" עם זיתים 380 גר",גרמים,380.00,100 גרם,false,1,11.90,3.1316,true,1,134924
4604248000851,false,מיונז פרובנסל עם מיץ,אסן פרודקשן,,"מיונז ""מחייב"" עם לימון 380 גר""",גרמים,380.00,100 גרם,false,1,11.90,3.1316,true,1,134925
4604248003043,false,קטשופ שישליק 500 גר,אסן פרודקשן,,קטשופ שישליק 500גרם,גרמים,500.00,100 גרם,false,1,11.90,2.3800,true,1,125463
4604248003067,false,קטשופ לצו 500 גר,אסן פרודקשן,,"קטשופ ""לצ""ו"" 500 גר",גרמים,500.00,100 גרם,false,1,11.90,2.3800,true,1,139819
4604248003081,false,רוטב לסלט עם ביצת של,אסן פרודקשן,,"מיונז ""מחייב"" על ביצ",גרמים,380.00,100 גרם,false,1,11.90,3.1316,true,1,125465
4604248003517,false,חרדל רוסקיה 140 גר,אסן פרודקשן,,"חרדל ""רוסקיה"" 140 גר",גרמים,140.00,100 גרם,false,1,4.90,3.5000,true,1,125467
4604248003845,false,קטשופ עגבניות 500 גר,אסן פרודקשן,,קטשופ עגבניות 500גרם,גרמים,500.00,100 גרם,false,1,11.90,2.3800,true,1,133503
4604248004316,false,ריבת אוכמניות 300 גר,אסן פרודקשן,,ריבת אוכמניות 300גר,גרמים,300.00,100 גרם,false,1,11.90,3.9667,true,1,162458
4604248005405,false,ריבת ענבי שועל 300 ג,אסן פרודקשן,,ריבת ענבי שועל 300גר,גרמים,300.00,100 גרם,false,1,11.90,3.9667,true,1,162456
4604248006204,false,ריבת תות 300 גר,אסן פרודקשן,,ריבת תות 300גר,גרמים,300.00,100 גרם,false,1,11.90,3.9667,true,1,165121
4604248006877,false,ריבת פטל 300 גר,אסן פרודקשן,,ריבת פטל 300גר,גרמים,300.00,100 גרם,false,1,12.90,4.3000,true,1,162457
4604248006914,false,ריבת מחייב פטל זכוכי,אסן פרודקשן,,ריבת מחייב פטל זכוכית 400 גר,גרמים,400.00,100 גרם,false,1,22.90,5.7250,true,1,197161
4604248006945,false,ריבת מחייב ענבי שועל,,,ריבת מחייב ענבי שועל בזכוכית 400 גר,גרמים,400.00,100 גרם,false,1,21.90,5.4750,true,1,198444
4604248006952,false,ריבת מחייב תות שדה ב,,,ריבת מחייב תות שדה בזכוכית 400 גר,גרמים,400.00,100 גרם,false,1,21.90,5.4750,true,1,215501
4604248012601,false,חזרת 190 גר,אסן פרודקשן,,חזרת 190 גר,גרמים,190.00,100 גרם,false,1,9.90,5.2105,true,1,160443
4604248012618,false,חרדל רוסקיה 190 גר,אסן פרודקשן,,"חרדל ""רוסקיה"" 190 גר",גרמים,190.00,100 גרם,false,1,7.90,4.1579,true,1,160442
4604248013240,false,ריבת פירות יער 300 ג,,,ריבת פירות יער 300 גר,גרמים,300.00,100 גרם,false,1,11.90,3.9667,true,1,200066
4604248014667,false,תערובת תבלינים תחמיץ,Maheev,,תערובת תבלינים תחמיץ לעוף בטעם חרדל 300,גרמים,300.00,100 גרם,false,1,7.90,2.6333,true,1,187117
4604248014797,false,רוטב תיבול חריף אדזי,אסן פרודקשן,,רוטב תיבול חריף אדזיקה 190 גר,גרמים,190.00,100 גרם,false,1,9.90,5.2105,true,1,194476
4604248016197,false,תערובת תבלינים תחמיץ,Maheev,,תערובת תבלינים תחמיץ ברביקיו,גרמים,300.00,100 גרם,false,1,7.90,2.6333,true,1,194219
4604248016272,false,ריבת מחייב דובדבן זכ,אסן פרודקשן,,ריבת מחייב דובדבן זכוכית 400 גר,גרמים,400.00,100 גרם,false,1,21.90,5.4750,true,1,197162
4604248016289,false,ריבת מחייב פירות יער,אסן פרודקשן,,ריבת מחייב פירות יער זכוכית 400 גר,גרמים,400.00,100 גרם,false,1,21.90,5.4750,true,1,197159
4604248016715,false,תערובת להכנת מרק בור,אסן פרודקשן,,תערובת להכנת מרק בורש 250 גר,גרמים,250.00,100 גרם,false,1,7.90,3.1600,true,1,194477
4604248016876,false,ממתקי גלי מחייב בטעם,אסן פרודקשן,,ממתקי גלי מחייב בטעם פירות הדר 250 גר,גרמים,250.00,100 גרם,false,1,9.90,3.9600,true,1,197158
4604248016883,false,ממתקי גלי מחייב בטעם,אסן פרודקשן,,ממתקי גלי מחייב בטעם פירות שונים 250 גר,גרמים,250.00,100 גרם,false,1,9.90,3.9600,true,1,197157
4604248016920,false,ריבת מחייב אפרסק ומנ,אסן פרודקשן,,ריבת מחייב אפרסק ומנגו זכוכית 400 גר,גרמים,400.00,100 גרם,false,1,21.90,5.4750,true,1,211180
4604248018276,false,רוטב בטעם גבינה 200,,,רוטב בטעם גבינה 200 גר,גרמים,200.00,100 גרם,false,1,7.90,3.9500,true,1,220313
4604248022709,false,רוטב לסלט עם ביצת של,אסן פרודקשן,,רוטב לסלט עם ביצת שליו מחייב 800 גר,גרמים,800.00,100 גרם,false,1,18.90,2.3625,true,1,208316
4604386006272,true,"ופל ""אקולצב"" בטעם שמ",,,"ופל ""אקולצב"" בטעם שמ",פריט,0.00,פריט,false,,6.99,0.0000,true,1,125472
4604386007514,true,"עוגיות ""אקולצ""ב"" עם",,,"עוגיות ""אקולצ""ב"" עם",פריט,0.00,פריט,false,,9.99,0.0000,true,1,125473
4604386007552,true,"עוגיות ""אקולצ""ב"" עם",,,"עוגיות ""אקולצ""ב"" עם",פריט,0.00,פריט,false,,9.99,0.0000,true,1,125474
4604386007576,true,"עוגיות ""אקולצ""ב"" עם",,,"עוגיות ""אקולצ""ב"" עם",פריט,0.00,פריט,false,,9.99,0.0000,true,1,125475
4604386009822,true,"עוגיות ""אקולצ""ב"" עם",,,"עוגיות ""אקולצ""ב"" עם",פריט,0.00,פריט,false,,9.99,0.0000,true,1,125476
4605142016733,true,"בונבוניירה ""לובימיי",,,"בונבוניירה ""לובימיי",פריט,0.00,פריט,false,,23.99,0.0000,true,1,125492
4605246002694,false,קפה קלוי שחור גוקיי,,,קפה קלוי שחור גוקיי בסגנון מזרחי 100 גר,גרמים,100.00,100 גרם,false,1,9.90,9.9000,true,1,192541
4605246002700,false,קפה קלוי שחור גוקיי,,,קפה קלוי שחור גוקיי בסגנון מזרחי 250 גר,גרמים,250.00,100 גרם,false,1,18.90,7.5600,true,1,195053
4605246003516,false,תה גרינפילד גולדן צי,,,תה גרינפילד גולדן ציילון שחור 100 גר,גרמים,100.00,100 גרם,false,14,11.90,11.9000,true,1,215076
4605246003523,false,תה שחור גרינפילד גול,אורימי,,תה שחור גרינפילד גולדן ציילוני 25 שק,גרמים,50.00,100 גרם,false,1,11.90,23.8000,true,1,125500
4605246003585,false,תה ירוק גרינפילד סינ,אורימי,,תה ירוק גרינפילד סיני 25 שק,גרמים,50.00,100 גרם,false,1,11.90,23.8000,true,1,125503
4605246003738,false,תה ירוק גרינפילד יסמ,אורימי,,תה ירוק גרינפילד יסמין 25 שק,גרמים,50.00,100 גרם,false,1,11.90,23.8000,true,1,125504
4605246004278,false,תה שחור גרינפילד ארל,אורימי,,תה שחור גרינפילד ארל גריי 25 שק,גרמים,50.00,100 גרם,false,1,11.90,23.8000,true,1,125505
4605246004339,false,תה גרינפילד פטל ללא,אורימי,,תה גרינפילד פטל ללא קפאין 25 שק,גרמים,50.00,100 גרם,false,1,11.90,23.8000,true,1,125509
4605246004643,false,קפה קלוי שחור גוקיי,,,קפה קלוי שחור גוקיי בסגנון איטלקי 100 גר,גרמים,100.00,100 גרם,false,1,9.90,9.9000,true,1,212742
4605246005237,false,חליטת תה גרינפילד קמ,,,חליטת תה גרינפילד קמומיל דבש 37.5 גר,גרמים,38.00,100 גרם,false,1,11.90,31.3158,true,1,125521
4605246005817,false,תה גרינפילד גולדן צי,אורימי,,תה גרינפילד גולדן ציילון 100 גר,גרמים,200.00,100 גרם,false,1,29.90,14.9500,true,1,195324
4605246005848,false,תה שחור גרינפילד ארל,אורימי,,תה שחור גרינפילד ארל גריי 100 שק,גרמים,200.00,100 גרם,false,1,29.90,14.9500,true,1,184255
4605246005893,false,תה ירוק טס סטייל 100,,,"תה ירוק ""טס"" סטייל 100 גר",גרמים,100.00,100 גרם,false,1,11.90,11.9000,true,1,192556
4605246005947,false,תה טס פלזה 25 שק,,,"תה ""טס"" פלזה 25 שק",Unknown,0.00,Unknown,false,1,12.90,0.0000,true,1,192551
4605246006456,false,תה טס ארל גריי 25 שק,,,"תה ""טס"" ארל גריי 25 שק",Unknown,0.00,Unknown,false,1,12.90,0.0000,true,1,192554
4605246006470,false,תה טס אורנג 25 שק,,,"תה ""טס"" אורנג 25 שק",Unknown,0.00,Unknown,false,1,12.90,0.0000,true,1,198914
4605246006487,false,תה ירוק טס פלירט 100,,,"תה ירוק ""טס"" פלירט 100 גר",גרמים,100.00,100 גרם,false,1,11.90,11.9000,true,1,198905
4605246006500,false,תה טס פלייס 90 גר,,,"תה ""טס"" פלייס 90 גר",גרמים,90.00,100 גרם,false,1,12.90,14.3333,true,1,198909
4605246007118,false,תה שחור גרינפילד לימ,אורימי,,תה שחור גרינפילד לימון 25 שק,גרמים,38.00,100 גרם,false,1,11.90,31.3158,true,1,125536
4605246007859,false,תה טס ברי בר 20 שק,,,"תה ""טס"" ברי בר 20 שק",גרמים,36.00,100 גרם,false,1,14.90,41.3889,true,1,125544
4605246009020,false,תה גרינפילד פירמידה,אורימי,,תה גרינפילד פירמידה אוכמניות 20 יח,גרמים,36.00,100 גרם,false,1,13.90,38.6111,true,1,195320
4605246009181,false,תה טס סאנרייז 100 שק,,,"תה ""טס"" סאנרייז 100 שק",גרמים,180.00,100 גרם,false,1,29.90,16.6111,true,1,198921
4605246009198,false,תה טס פלזה 100 שק,,,"תה ""טס"" פלזה 100 שק",Unknown,0.00,Unknown,false,1,32.90,0.0000,true,1,195059
4605246010057,false,תה טס פלאזה 200 גר,קרסניי אוקטברי,,"תה ""טס"" פלאזה 200 גר",גרמים,200.00,100 גרם,false,1,18.90,9.4500,true,1,199071
4605246010743,false,תה גרינפילד 30 סוגים,אורימי,,מארז מתנה תה גרינפילד 30 סוגים,גרמים,211.00,100 גרם,false,1,59.90,28.3886,true,1,195325
4605246011191,false,תה שחור גרינפילד טיל,אורימי,,תה שחור גרינפילד טיליה דבש 25 שק,Unknown,0.00,Unknown,false,1,11.90,0.0000,true,1,216035
4605246011344,false,תערובת תה שחור צמחים,אורימי,,תערובת תה שחור צמחים גרינפילד אוכמניו,גרמים,36.00,100 גרם,false,1,13.90,38.6111,true,1,214970
4605246011450,false,תה טס בננה ספליט 20,,,"תה ""טס"" בננה ספליט 20 שק",גרמים,36.00,100 גרם,false,1,14.90,41.3889,true,1,198918
4605246011566,false,תה גרינפילד אולונג ג,אורימי,,תה גרינפילד אולונג גינסנג ירוק פירמידה,Unknown,0.00,Unknown,false,1,13.90,0.0000,true,1,214969
4605246011795,false,תה ירוק טס סטייל 25,,,"תה ירוק ""טס"" סטייל 25 שק",Unknown,0.00,Unknown,false,1,12.90,0.0000,true,1,192550
4605246013690,false,תה גרינפילד סאמר בוא,,,תה גרינפילד סאמר בואוז 100 גר,גרמים,100.00,100 גרם,false,15,11.90,11.9000,true,1,215072
4605246013904,false,תה גרינפילד תות שדה,אורימי,,תה גרינפילד תות שדה 25 שק,גרמים,50.00,100 גרם,false,1,11.90,23.8000,true,1,201807
4605246015281,false,תה שחור טס גרייפ פרו,,,תה שחור טס גרייפ פרוט ציל 20 שק,Unknown,0.00,Unknown,false,12,14.90,0.0000,true,1,206930
4605246015397,false,תערובת צמחים פירות י,אורימי,,תערובת צמחים פירות יער גרינפילד 25 שק,Unknown,0.00,Unknown,false,1,11.90,0.0000,true,1,214966
4605362007115,false,גרעינים בבקיני עם מל,קה דה או קרסנודר,,"גרעינים ""בבקיני"" במל",גרמים,300.00,100 גרם,false,1,9.90,3.3000,true,1,125577
4605362008716,false,גרעינים בבקיני 300 ג,קה דה או קרסנודר,,גרעינים בבקיני 300 גר,גרמים,300.00,100 גרם,false,1,18.90,6.3000,true,1,220726
4605362008839,false,גרעינים בבקיני עם מל,קה דה או קרסנודר,,גרעינים בבקיני עם מלח 250 גר,גרמים,250.00,100 גרם,false,10,16.90,6.7600,true,1,216578
4605504512569,false,עוגיות קפה 200 גר,סורמובסקי,,"עוגיות קפה 200 ג""ר",גרמים,200.00,100 גרם,false,1,5.90,2.9500,true,1,125587
4605504512620,false,עוגיות עם ריבת חלב 2,סורמובסקי,,עוגיות עם ריבת חלב 2,גרמים,200.00,100 גרם,false,1,5.90,2.9500,true,1,125588
4605504513382,false,זפיר וניל אקסטרה 280,סורמובסקי,,זפיר וניל אקסטרה 280 גר,גרמים,280.00,100 גרם,false,1,11.90,4.2500,true,1,125589
4605504513856,false,זפיר קפה עם חלב אובו,סורמובסקי,,זפיר קפה עם חלב אקסט,גרמים,280.00,100 גרם,false,1,11.90,4.2500,true,1,125590
4605504518646,false,זפיר וניל ורוד אקסטר,סורמובסקי,,זפיר וניל ורוד אקסטרה 280 גר,גרמים,280.00,100 גרם,false,1,11.90,4.2500,true,1,125592
4605561004373,false,ביצי דג שיבוט אטלנטי,רוסקויה מוריה,,קוויאר טרסקי קלאסי 130 גר,גרמים,130.00,100 גרם,false,1,15.90,12.2308,true,1,196087
4605561010305,false,חתיכות פילה הרינג עם,,,חתיכות פילה הרינג עם שמיר בשמן 500 גר,גרמים,500.00,100 גרם,false,6,26.90,5.3800,true,1,214914
4605561010329,false,חתיכות פילה הרינג בט,,,חתיכות פילה הרינג בטעם מעושן בשמן 500 גר,גרמים,500.00,100 גרם,false,6,26.90,5.3800,true,1,214915
4605561010343,false,חתיכות פילה הרינג בש,,,חתיכות פילה הרינג בשמן 500 גר,גרמים,500.00,100 גרם,false,6,26.90,5.3800,true,1,214913
4605561011975,false,חתיכות פילה הרינג בש,,,חתיכות פילה הרינג בשמן 150 גר,גרמים,150.00,100 גרם,false,1,7.90,5.2667,true,1,212766
4605561012613,false,פילה הרינג קצוץ בשמן,,,פילה הרינג קצוץ בשמן 400 גר,גרמים,400.00,100 גרם,false,1,15.90,3.9750,true,1,212773
4605622000023,true,"בירה ""מלניק"" 6.5%",,,"בירה ""מלניק"" 6.5%",פריט,0.00,פריט,false,,9.90,0.0000,true,1,139152
4605622000290,true,"בירה ""מלניק"" 5.2%",,,"בירה ""מלניק"" 5.2%",פריט,0.00,פריט,false,,9.99,0.0000,true,1,125602
4605622001136,true,"בירה ""מאדבד"" 1.5 ליט",,,"בירה ""מאדבד"" 1.5 ליט",פריט,0.00,פריט,false,,19.99,0.0000,true,1,125606
4605622002874,true,"בירה ""מלניק"" 5.2%",,,"בירה ""מלניק"" 5.2%",פריט,0.00,פריט,false,,7.99,0.0000,true,1,125608
4605622003215,true,"בירה ""סטאריי מאלניק""",,,"בירה ""סטאריי מאלניק""",פריט,0.00,פריט,false,,8.99,0.0000,true,1,125609
4605622003758,true,"בירה ""מלניק 4.6%",,,"בירה ""מלניק 4.6%",פריט,0.00,פריט,false,,7.99,0.0000,true,1,125611
4605622004298,true,"בירה ""מלניק"" 4.5% בר",,,"בירה ""מלניק"" 4.5% בר",פריט,0.00,פריט,false,,9.99,0.0000,true,1,125612
4605622005257,true,"בירה ""מלניק"" 5.2%",,,"בירה ""מלניק"" 5.2%",פריט,0.00,פריט,false,,9.90,0.0000,true,1,133358
4605622005332,true,"בירה ""מלניק"" 5.2%",,,"בירה ""מלניק"" 5.2%",פריט,0.00,פריט,false,,9.90,0.0000,true,1,134675
4605622008814,false,בירה סטארי מלניק בהי,אפיס ברברי,,"בירה סטארי מלניק בהיר פח 450 מ""ל",מיליליטרים,450.00,"100 מ""ל",false,1,8.90,1.9778,true,1,189368
4605622010008,false,בירה בוצונוק מלניק 4,אפיס ברברי,,"בירה בוצונוק מלניק 4.3% פח 500 מ""ל",מיליליטרים,500.00,"100 מ""ל",false,1,8.90,1.7800,true,1,199822
4605622010237,false,בירה בוצונוק מלניק 4,אפיס ברברי,,"בירה בוצונוק מלניק 4.3% 450 מ""ל",מיליליטרים,450.00,"100 מ""ל",false,12,9.90,2.2000,true,1,206356
4605622010329,false,בירה מלניק בוצונוק ב,,,"בירה מלניק בוצונוק בהיר 450 מ""ל",מיליליטרים,450.00,"100 מ""ל",false,12,9.90,2.2000,true,1,206492
4605627003104,false,פרוטיס אפרסק/פסיפלור,,,פרוטיס אפרסק/פסיפלורה/דובדבן 115 גר,גרמים,115.00,100 גרם,false,1,4.90,4.2609,true,1,198786
4605627003128,false,פרוטיס אננס/מלון/פטל,,,פרוטיס אננס/מלון/פטל 115 גר,גרמים,115.00,100 גרם,false,1,4.90,4.2609,true,1,198784
4605627003142,false,פרוטיס משמש/מנגו/פיר,,,פרוטיס משמש/מנגו/פירות יער 115 גר,גרמים,115.00,100 גרם,false,1,4.90,4.2609,true,1,198783
4605627003166,false,פרוטיס תות שדה/תפוח/,,,פרוטיס תות שדה/תפוח/אגס 115 גר,גרמים,115.00,100 גרם,false,1,4.90,4.2609,true,1,198787
4605627007409,false,פרוטיס אגס/וניל/דובד,,,פרוטיס אגס/וניל/דובדבן פלומביר 115 גר,גרמים,115.00,100 גרם,false,1,4.90,4.2609,true,1,198785
4605627007485,false,פרוטיס בננה/ספליט/פי,,,פרוטיס בננה/ספליט/פינקולדה 115 גר,גרמים,115.00,100 גרם,false,1,4.90,4.2609,true,1,198788
4605664000296,true,"בירה ""בוצ""קה"" קלאסיק",,,"בירה ""בוצ""קה"" קלאסיק",פריט,0.00,פריט,false,,7.99,0.0000,true,1,125613
4605664000302,true,"בירה ""בוצ""קה"" מיושנת",,,"בירה ""בוצ""קה"" מיושנת",פריט,0.00,פריט,false,,7.99,0.0000,true,1,125614
4605664011803,false,בירה זולוטייה בוצקה,,,בירה זולוטייה בוצקה אקסטרה פח 450 מל,מיליליטרים,450.00,"100 מ""ל",false,24,8.90,1.9778,true,1,212398
4606495001414,false,דג יבש לש מקולף 150,,,דג יבש לש מקולף 150 גר,גרמים,150.00,100 גרם,false,1,24.90,16.6000,true,1,221290
4606598001335,false,תבלין לאורז מגיה ווס,PROFAGROTECHNIKA,,"תבלינים ""מגיה ווסטוק",גרמים,15.00,100 גרם,false,1,2.90,19.3333,true,1,125656
4606598001359,false,תבלין לעוף בגריל מגי,PROFAGROTECHNIKA,,"תבלין ""מגיה ווסטוקה""",גרמים,15.00,100 גרם,false,1,2.90,19.3333,true,1,125657
4606598001731,false,תבלין לגריל מגיה ווס,PROFAGROTECHNIKA,,"תבלין ""מגיה ווסטוקה""",גרמים,15.00,100 גרם,false,1,2.90,19.3333,true,1,135072
4606598002660,false,תערובת תיבול להכנת ר,PROFAGROTECHNIKA,,תערובת תיבול להכנת רגל כרושה 20 גר,גרמים,20.00,100 גרם,false,1,2.90,14.5000,true,1,125676
4606598002677,false,תבלין לבשר בקר מגיה,PROFAGROTECHNIKA,,"תבלין ""מגיה ווסטוקה""",גרמים,15.00,100 גרם,false,1,2.90,19.3333,true,1,125677
4606598007085,false,פלפל קלאסיק שלם 10 ג,PROFAGROTECHNIKA,,פלפל קלאסיק שלם 10 גר,גרמים,10.00,100 גרם,false,1,2.90,29.0000,true,1,199750
4606598007559,false,תבלין גבוזדיקה,PROFAGROTECHNIKA,,תבלין גבוזדיקה,Unknown,0.00,Unknown,false,1,2.90,0.0000,true,1,135074
4606598010733,false,כוסמת בטעם בצל מטוגן,PROFAGROTECHNIKA,,כוסמת בטעם בצל מטוגן 40 גר,גרמים,40.00,100 גרם,false,1,2.90,7.2500,true,1,125700
4606598010740,false,כוסמת בטעם פטריות 40,,,כוסמת בטעם פטריות 40 גר,גרמים,40.00,100 גרם,false,1,2.90,7.2500,true,1,125701
4606598011334,false,פירה תפוא בטעם פטריו,,,"פירה תפו""א בטעם פטריות 34 גר",גרמים,34.00,100 גרם,false,1,3.90,11.4706,true,1,135672
4606598011358,false,פירה תפוא עם ירק 34,,,"פירה תפו""א עם ירק 34 גר",גרמים,34.00,100 גרם,false,1,3.90,11.4706,true,1,219353
4606599009880,false,חלב מרוכז ממותק בתוס,,,חלב מרוכז ממותק בתוספת שומן צמחי 1000,גרמים,1000.00,100 גרם,false,9,19.90,1.9900,true,1,210983
4607001410317,false,רולדה אגדה תות שדה 2,רמנסקי,,רולדה אגדה תות שדה 200 גר,גרמים,200.00,100 גרם,false,1,6.90,3.4500,true,1,181744
4607001410324,false,רולדה אגדה פירות יער,רמנסקי,,רולדה אגדה פירות יער 200 גר,גרמים,200.00,100 גרם,false,1,6.90,3.4500,true,1,125707
4607001410478,true,מיני רולדה פירות 175,,,מיני רולדה פירות 175,פריט,0.00,פריט,false,,6.99,0.0000,true,1,125709
4607001411598,true,רולדה קרמל קקאו 200,,,רולדה קרמל קקאו 200,פריט,0.00,פריט,false,,6.99,0.0000,true,1,125711
4607001411659,true,"מיני רולדה ""מסטר דסר",,,"מיני רולדה ""מסטר דסר",פריט,0.00,פריט,false,,6.99,0.0000,true,1,125712
4607001412106,true,"עוגיות ביסקוויט ""מסט",,,"עוגיות ביסקוויט ""מסט",פריט,0.00,פריט,false,,6.99,0.0000,true,1,125713
4607001412120,true,ביסקוויט ריבת חלב 15,,,ביסקוויט ריבת חלב 15,פריט,0.00,פריט,false,,6.99,0.0000,true,1,125714
4607001412137,true,"עוגיות ביסקוויט ""מסט",,,"עוגיות ביסקוויט ""מסט",פריט,0.00,פריט,false,,6.99,0.0000,true,1,125715
4607001413387,true,"פאי ""מסטר דסרט"" ריבת",,,"פאי ""מסטר דסרט"" ריבת",פריט,0.00,פריט,false,,16.99,0.0000,true,1,125716
4607001413462,true,קרקר מלח 200 גרם,,,קרקר מלח 200 גרם,פריט,0.00,פריט,false,,3.99,0.0000,true,1,125717
4607001413486,true,קרקר בצל 200 גרם,,,קרקר בצל 200 גרם,פריט,0.00,פריט,false,,3.99,0.0000,true,1,125718
4607001413509,true,קרקר גבינה 200 גרם,,,קרקר גבינה 200 גרם,פריט,0.00,פריט,false,,3.99,0.0000,true,1,125719
4607001413912,true,"פאי ""מסטר דסרט"" ריבת",,,"פאי ""מסטר דסרט"" ריבת",פריט,0.00,פריט,false,,16.99,0.0000,true,1,125720
4607001414445,false,טארטלט מתוק 180 גר,רמנסקי,,טארטלט מתוק 180 גר,גרמים,180.00,100 גרם,false,1,9.90,5.5000,true,1,181749
4607001414452,false,טארטלט רגיל 180 גר,רמנסקי,,טארטלט רגיל 180 גר,גרמים,180.00,100 גרם,false,1,9.90,5.5000,true,1,125722
4607001415442,false,עוגה אישית ארנבון במ,רמנסקי,,עוגה אישית ארנבון במילוי שוקולד 150 גר,גרמים,150.00,100 גרם,false,1,11.90,7.9333,true,1,183080
4607001415466,false,מארז עוגות ארנבון במ,רמנסקי,,מארז עוגות ארנבון במילוי קרמל 150 גר,גרמים,150.00,100 גרם,false,1,9.90,6.6000,true,1,216748
4607001415732,false,טורט סיציליה תפוזים,רמנסקי,,טורט סיציליה תפוזים 350 גר,גרמים,350.00,100 גרם,false,1,16.90,4.8286,true,1,181746
4607001417569,false,טורט דבש במילוי ריבת,רמנסקי,,טורט דבש במילוי ריבת חלב 350 גר,גרמים,350.00,100 גרם,false,1,16.90,4.8286,true,1,222335
4607001850359,false,פסטה טליאטלה 3 צבעים,,,פסטה טליאטלה 3 צבעים 450 גר,גרמים,450.00,100 גרם,false,9,9.90,2.2000,true,1,223919
4607001852759,false,פסטה נודלס לאגמן 350,,,פסטה נודלס לאגמן 350 גר,גרמים,350.00,100 גרם,false,28,5.90,1.6857,true,1,223917
4607002990238,false,שעועית אדומה דוד וני,,RU,שעועית אדומה דוד וניה 400 גר,גרמים,400.00,100 גרם,false,12,9.90,2.4750,true,1,224849
4607002990252,false,שעועית לבנה דוד וניה,,RU,שעועית לבנה דוד וניה 400 גר,גרמים,400.00,100 גרם,false,12,9.90,2.4750,true,1,224850
4607002990290,false,מלפפון מוחמץ דיאדיה,,,מלפפון מוחמץ דיאדיה וניה 680 גר,גרמים,680.00,100 גרם,false,1,13.90,2.0441,true,1,196696
4607002990474,false,עגבניות מוחמצות 680,,,עגבניות מוחמצות 680 גר,גרמים,680.00,100 גרם,false,1,13.90,2.0441,true,1,198823
4607002990481,false,עגבניות במיץ עגבניות,,,עגבניות במיץ עגבניות דיאדיה וניה 680 גר,גרמים,680.00,100 גרם,false,1,13.90,2.0441,true,1,196697
4607002991358,false,מלפפון מוחמץ דיאדיה,,,מלפפון מוחמץ דיאדיה וניה 1.8 ל,ליטרים,1.80,ליטר,false,1,29.90,16.6111,true,1,198526
4607002995752,false,אסורטי עגבניות ומלפפ,,,אסורטי עגבניות ומלפפון דיאדיה וניה 680 ג,גרמים,680.00,100 גרם,false,1,13.90,2.0441,true,1,201803
4607002995868,false,לצו דיאדיה וניה 680,,,לצו דיאדיה וניה 680 גר,גרמים,680.00,100 גרם,false,1,13.90,2.0441,true,1,196695
4607002995943,false,ממרח קישואים קלויים,,,ממרח קישואים קלויים 460 גר,גרמים,460.00,100 גרם,false,1,11.90,2.5870,true,1,208209
4607002997558,false,סלט הונגרי דיאדיה ונ,,,סלט הונגרי דיאדיה וניה 460 גר,גרמים,460.00,100 גרם,false,1,11.90,2.5870,true,1,196693
4607002997633,false,אדגיקה ממרח פיקנטי ד,,,אדגיקה ממרח פיקנטי דיאדיה וניה 460 גר,גרמים,460.00,100 גרם,false,1,11.90,2.5870,true,1,198496
4607002998142,false,מלפפונים בחומץ דיאדי,,,מלפפונים בחומץ דיאדיה וניה 950 גר,גרמים,950.00,100 גרם,false,1,16.90,1.7789,true,1,216328
4607002998180,false,מלפפונים במלח דיאדיה,,,מלפפונים במלח דיאדיה וניה 950 גר,גרמים,950.00,100 גרם,false,1,16.90,1.7789,true,1,216327
4607002999187,false,מלפפונים קורנישונים,,,עגבניות מוחמצות 680 גר,גרמים,680.00,100 גרם,false,1,13.90,2.0441,true,1,198495
4607002999286,false,קישואים באדזיקה דיאד,,,קישואים באדזיקה דיאדיה וניה 460 גר,גרמים,460.00,100 גרם,false,1,11.90,2.5870,true,1,196694
4607002999323,false,ממרח חצילים 460 גר,,,ממרח חצילים 460 גר,גרמים,460.00,100 גרם,false,1,11.90,2.5870,true,1,208210
4607002999620,false,כוסמת עם פטריות שמפי,,,כוסמת עם פטריות שמפיניון 460 גר,גרמים,460.00,100 גרם,false,1,11.90,2.5870,true,1,208207
4607005400550,false,שוקולד מריר 72% 250,POBEDA,,"שוקולד מריר 250 ג""ר",גרמים,250.00,100 גרם,false,1,19.90,7.9600,true,1,125728
4607005400574,false,שוקולד אגוזים 250 גר,POBEDA,,שוקולד לסנוי אורך 25,גרמים,250.00,100 גרם,false,1,18.90,7.5600,true,1,125730
4607005402387,false,בונ טרופל שוקולד 180,,,"בונבוניירות ""טרופל""",גרמים,180.00,100 גרם,false,1,19.90,11.0556,true,1,125739
4607005409829,false,שוקולד חלב ללא סוכר,,,שוקולד חלב ללא סוכר 100 גר,גרמים,100.00,100 גרם,false,1,8.90,8.9000,true,1,213119
4607011260230,false,עוגיות שיבולת שועל ח,לובימיי קראי,,עוגיות שיבולת שועל חווטי קא קלאסי 400 גר,גרמים,400.00,100 גרם,false,1,9.90,2.4750,true,1,185320
4607011260247,false,עוגיות שיבולת שועל ח,לובימיי קראי,,עוגיות שיבולת שועל חוואטי קא חלב 400 גר,גרמים,400.00,100 גרם,false,1,9.90,2.4750,true,1,185321
4607011268687,false,עוגיות שיבולת שועל ע,"""lyubimiy kray""",,עוגיות שיבולת שועל עםחמוציות ופרוקטוזה 3,גרמים,300.00,100 גרם,false,1,11.90,3.9667,true,1,159404
4607012351005,false,גרעיני חמנייה מרטין,MARTIN,,גרעיני חמנייה מרטין 200גר,גרמים,200.00,100 גרם,false,1,12.90,6.4500,true,1,160911
4607012351128,false,גרעיני חמניות מרטין,MARTIN,,גרעיני חמניות מרטין 500גר,גרמים,500.00,100 גרם,false,1,29.90,5.9800,true,1,162116
4607012351791,false,סוחריקי מרטין גבינה,MARTIN,,סוחריקי מרטין גבינה 60גר,גרמים,60.00,100 גרם,false,1,4.90,8.1667,true,1,162120
4607012351807,false,סוחריקי מרטין בייקון,MARTIN,,סוחריקי מרטין בייקון 60גר,גרמים,60.00,100 גרם,false,1,4.90,8.1667,true,1,162119
4607012351821,false,סוחריקי מרטין ירק עם,MARTIN,,סוחריקי מרטין ירק עם שמנת 60גר,גרמים,60.00,100 גרם,false,1,4.90,8.1667,true,1,162117
4607012351999,false,גרעיני חמנייה מרטין,,,גרעיני חמנייה מרטין עם מלח 200גר,גרמים,200.00,100 גרם,false,1,12.90,6.4500,true,1,165547
4607012352095,false,גרעיני חמניות מרטין,MARTIN,,גרעיני חמניות מרטין עם מלח 500 גר,גרמים,500.00,100 גרם,false,1,29.90,5.9800,true,1,183887
4607014780551,false,שמן חמניות בלאגו מזו,קליסה,,"שמן חמניות ""בלאגו"" מ",מיליליטרים,1000.00,"100 מ""ל",false,1,21.90,2.1900,true,1,125748
4607014783705,false,שמן חמניות מזוכך אור,,,"שמן חמניות מזוכך אורוזיינויה 870 מ""ל",מיליליטרים,870.00,"100 מ""ל",false,1,13.90,1.5977,true,1,200202
4607014788014,false,שמן קנולה 1 ל,,,שמן קנולה 1 ל,ליטרים,1.00,ליטר,false,1,11.90,11.9000,true,1,224707
4607016240374,false,גריסים פנינה 800 גר,אובלקה,,גריסים פנינה 800 גר,גרמים,800.00,100 גרם,false,1,8.90,1.1125,true,1,125751
4607016240398,false,סולת 700 גר,אובלקה,,"סולת 700 גר""",גרמים,700.00,100 גרם,false,1,9.90,1.4143,true,1,125752
4607016240831,false,קמח כוסמת 500 גר,אובלקה,,קמח כוסמת 500 גר,גרמים,500.00,100 גרם,false,1,14.90,2.9800,true,1,125770
4607016240893,false,כוסמת 800 גר,אובלקה,,כוסמת 800 גר,גרמים,800.00,100 גרם,false,1,16.90,2.1125,true,1,125771
4607016240909,false,אפונה מרוסקת 800 גר,אובלקה,,"אפונה מרוסקת 800 גר""",גרמים,800.00,100 גרם,false,1,10.90,1.3625,true,1,125772
4607016240923,false,גריסי שעורה 600 גר,אובלקה,,גריסי שעורה 600גר,גרמים,600.00,100 גרם,false,1,8.90,1.4833,true,1,125774
4607016240930,false,דוחן 800 גר,אובלקה,,דוחן 800גר,גרמים,800.00,100 גרם,false,1,12.90,1.6125,true,1,125775
4607016241104,false,גריסי פנינה 80 גר חמ,אובלקה,,"גריסי פנינה 80 גר"" ח",גרמים,400.00,100 גרם,false,1,8.90,2.2250,true,1,125777
4607016241111,false,גריסי תירס 80 גר חמי,אובלקה,,"גריסי תירס 80 גר"" חמ",גרמים,400.00,100 גרם,false,1,8.90,2.2250,true,1,125778
4607016243047,false,שיבולת שועל עם תות 2,אובלקה,,שיבולת שועל עם תות 200 גר,גרמים,200.00,100 גרם,false,1,13.90,6.9500,true,1,125790
4607016243108,false,שיבולת שועל עם פטל 2,אובלקה,,דייסה שיבולת שועל עם פטל חמישייה,גרמים,200.00,100 גרם,false,1,13.90,6.9500,true,1,125792
4607016243160,false,שיבולת שועל עם אפרסק,אובלקה,,שיבולת שועל עם אפרסק 200 גר,גרמים,200.00,100 גרם,false,1,13.90,6.9500,true,1,125794
4607016244730,false,גריסי חיטה 650 גר,אובלקה,,גריסי חיטה 650גר,גרמים,650.00,100 גרם,false,1,11.90,1.8308,true,1,136612
4607016245324,false,תערובת 4 דגנים 350 ג,,,תערובת 4 דגנים 350 גר,גרמים,350.00,100 גרם,false,1,7.90,2.2571,true,1,194673
4607016245430,false,תערובת 6 דגנים אובלק,או.או.או.רסורס,,תערובת 6 דגנים אובלקה 350 גר,גרמים,350.00,100 גרם,false,1,9.90,2.8286,true,1,185163
4607016245454,false,אורז ארוך מאודה 5 שק,,,אורז ארוך מאודה 5 שקיות 80 גר,גרמים,400.00,100 גרם,false,1,10.90,2.7250,true,1,206633
4607016245461,false,קטניות גריסי חיטה 80,אובלקה,,קטניות גריסי חיטה 80 גר חמישייה,גרמים,400.00,100 גרם,false,1,10.90,2.7250,true,1,187331
4607016245485,false,קטניות כוסמת 80 גר ח,אובלקה,,קטניות כוסמת 80 גר חמישייה,גרמים,400.00,100 גרם,false,1,12.90,3.2250,true,1,187334
4607016245508,false,גריסי שעורה 80 גר חמ,אובלקה,,גריסי שעורה 80 גר חמישייה,גרמים,400.00,100 גרם,false,1,9.90,2.4750,true,1,187332
4607016245522,false,עדשים 80 גר חמישיה,אובלקה,,עדשים 80 גר חמישיה,גרמים,400.00,100 גרם,false,1,15.90,3.9750,true,1,188080
4607016245584,false,פתיתי כוסמת אובלקה 4,אובלקה,,פתיתי כוסמת אובלקה 400 גר,גרמים,400.00,100 גרם,false,1,16.90,4.2250,true,1,188866
4607016245805,false,שיבולת שועל עם תערוב,אובלקה,,דייסה שיבולת שועל עם תערובת פירות יער 5,גרמים,200.00,100 גרם,false,1,13.90,6.9500,true,1,187324
4607016246024,false,פתיתי שיבולת שועל לה,,,שיבולת שועל להכנה מהירה 500 גר,גרמים,500.00,100 גרם,false,1,9.90,1.9800,true,1,199479
4607016246031,false,פתיתי שיבולת שועל דק,,,שיבולת שועל שקה להכנה מיידית 500 גר,גרמים,500.00,100 גרם,false,1,9.90,1.9800,true,1,199480
4607016246413,false,תערובת 5 דגנים 400 ג,,,תערובת 5 דגנים 400 גר,גרמים,400.00,100 גרם,false,1,5.90,1.4750,true,1,212669
4607016246420,false,פתית שיבולת שועל הרק,,,פתית שיבולת שועל הרקולס משביע 400 גר,גרמים,400.00,100 גרם,false,1,5.90,1.4750,true,1,212668
4607016246437,false,פתית שיבולת שועל הרק,,,פתית שיבולת שועל הרקולס 400 גר,גרמים,400.00,100 גרם,false,1,4.90,1.2250,true,1,212667
4607016246840,false,כוסמת 800 גר,,,כוסמת 800 גר,גרמים,800.00,100 גרם,false,1,16.90,2.1125,true,1,213082
4607016248448,false,שיבולת שועל עם בננה,אובלקה,,דייסה שיבולת שועל עם בננה ותות שדה,גרמים,200.00,100 גרם,false,1,13.90,6.9500,true,1,219438
4607016310145,true,רוטב רימונים נארשראב,,,רוטב רימונים נארשראב 380 גר,גרמים,380.00,100 גרם,false,1,29.90,7.8684,true,1,197352
4607016310268,false,רוטב טקמלי קינטו ירו,אואואו דרסיל,,רוטב טקמלי קינטו ירוק 300גר,גרמים,300.00,100 גרם,false,1,17.90,5.9667,true,1,165170
4607016419060,false,דובשניות במילוי בטעם,,,דובשניות במילוי בטעם ריבת חלב 500 גר,גרמים,500.00,100 גרם,false,1,15.90,3.1800,true,1,221769
4607017090350,false,מים מינרליים יסנטוקי,,,מים מינרליים יסנטוקי 1.5 ל,ליטרים,1.50,ליטר,false,1,10.90,7.2667,true,1,192400
4607017091029,false,מים מינרליים יסנטוקי,,,מים מינרליים יסנטוקי 1.5 ל,ליטרים,1.50,ליטר,false,1,10.90,7.2667,true,1,192401
4607017097885,false,מים מינרליים סטארי א,,,מים מינרליים סטארי איסטוצניק 17 450 מל,מיליליטרים,450.00,"100 מ""ל",false,1,7.90,1.7556,true,1,216432
4607018271727,false,בלינציס במילוי מחית,,,בלינציס במילוי מחית תות 360 גר,גרמים,360.00,100 גרם,false,1,11.90,3.3056,true,1,134336
4607018271758,false,בלינציס במילוי דובדב,,,בלינציס במילוי דובדבנים 360 גר,גרמים,360.00,100 גרם,false,1,11.90,3.3056,true,1,134454
4607018271765,false,בלינציס במילוי גבינה,לינה,,בלינציס במילוי גבינה לבנה 360 גר,גרמים,360.00,100 גרם,false,1,11.90,3.3056,true,1,181116
4607018271819,false,בלינציס 450 גר,,,בלינציס 450 גר,גרמים,450.00,100 גרם,false,1,16.90,3.7556,true,1,134340
4607018272885,false,פנקייק עם צימוקים 28,,,פנקייק עם צימוקים 280 גר,גרמים,280.00,100 גרם,false,1,11.90,4.2500,true,1,139019
4607018277736,false,בלינצס במילוי מחית פ,,,בלינצס במילוי מחית פטל לינה 360 גר,גרמים,360.00,100 גרם,false,1,11.90,3.3056,true,1,212431
4607018771791,false,מים מינרליים טבעיים,טסטי פוד,RU,מים מינרליים טבעיים מוגז יסינטוקי מס 17,מיליליטרים,450.00,"100 מ""ל",false,20,9.90,2.2000,true,1,224578
4607018771821,false,מים מינרליים טבעיים,טסטי פוד,RU,מים מינרליים טבעיים מוגזים יסינטוקי מס 4,מיליליטרים,450.00,"100 מ""ל",false,20,9.90,2.2000,true,1,224577
4607023791029,false,קוויאר אדום 95 גר,א.ר.ד.י.ו,,קוויאר פחיות 95 גרם,גרמים,95.00,100 גרם,false,1,34.90,36.7368,true,1,125799
4607025280019,false,קמח 2 קג,אובלקה,,"קמח 2 ק""ג",גרמים,2000.00,100 גרם,false,1,20.90,1.0450,true,1,125800
4607026342761,false,יין מבעבע לבן חצי יב,,,יין מבעבע לבן חצי יבש אבראו דורסו 750 מל,מיליליטרים,750.00,"100 מ""ל",false,1,39.90,5.3200,true,1,220877
4607029050373,false,שמן חמניות לא מזוכך,קובנוצ'קה,,שמן חמניות לא מזוכך פרימיום קובנוצקה 1 ל,ליטרים,1.00,ליטר,false,1,24.90,24.9000,true,1,185564
4607029050380,false,שמן חמניות מזוכך 1 ל,קובנוצ'קה,,שמן חמניות מזוכך 1 ל,ליטרים,1.00,ליטר,false,1,24.90,24.9000,true,1,185565
4607029051035,false,עגבניות אדומות בחומץ,קובנוצ'קה,,עגבניות אדומות בחומץ קובנוצקה 720 גר,גרמים,720.00,100 גרם,false,1,14.90,2.0694,true,1,185581
4607029051059,false,מלפפונים בחומץ קובנ,,,מלפפונים בחומץ קובנוצקה 720 גר,גרמים,720.00,100 גרם,false,1,14.90,2.0694,true,1,223983
4607029052643,false,מלפפון בחומץ קובנוצק,,,מלפפון בחומץ קובנוצקה 1500 גר,גרמים,1500.00,100 גרם,false,1,26.90,1.7933,true,1,187072
4607029053077,false,ממרח קישואים קובנוצק,,,ממרח קישואים קובנוצקה 500 גר,גרמים,500.00,100 גרם,false,1,14.90,2.9800,true,1,223973
4607029053107,false,רוטב אדגיקה בסגנון א,,,רוטב אדגיקה בסגנון ארמני קובנוצקה 500 גר,גרמים,500.00,100 גרם,false,1,14.90,2.9800,true,1,223975
4607029053596,false,קורנישון חריף בחומץ,,,קורנישון חריף בחומץ בסגנון ציליאני 680 ג,גרמים,680.00,100 גרם,false,1,16.90,2.4853,true,1,223979
4607029053770,false,תערובת מלפפון ועגבני,,,תערובת מלפפון ועגבניה בחומץ קובנוצקה,גרמים,720.00,100 גרם,false,1,14.90,2.0694,true,1,223982
4607029345837,false,עוגה שלושה שוקולדים,,,עוגה שלושה שוקולדים 900 גר,גרמים,900.00,100 גרם,false,1,82.90,9.2111,true,1,227165
4607034025854,true,פטריות לבנות בחומץ,,,פטריות לבנות בחומץ,פריט,0.00,פריט,false,,19.99,0.0000,true,1,125813
4607035192449,false,קיסל בטעם דובדבן 200,COMPANI SPACE,,קיסל סמורודינה {תות} 200 גר,גרמים,200.00,100 גרם,false,1,4.90,2.4500,true,1,193712
4607035192852,false,קיסל קלוקבה ברוסניקה,COMPANI SPACE,,קיסל קלוקבה ברוסניקה 200גר,גרמים,200.00,100 גרם,false,1,4.90,2.4500,true,1,163911
4607035192869,false,קיסל פטל/אוכמניות שח,COMPANI SPACE,,קיסל סמורודינה 200 גר,גרמים,200.00,100 גרם,false,1,4.90,2.4500,true,1,163913
4607035360893,false,ממרח חמאה אפוי 420 ג,,,ממרח חמאה אפוי 420 גר,גרמים,420.00,100 גרם,false,1,14.90,3.5476,true,1,208448
4607037120068,true,גבינה בטעם ויצינה 20,,,גבינה בטעם ויצינה 20,גרמים,200.00,100 גרם,false,,21.99,10.9950,true,1,125821
4607037121218,true,גבינה בטעם סלמון 200,,,גבינה בטעם סלמון 200,גרמים,200.00,100 גרם,false,,21.99,10.9950,true,1,125824
4607037121416,true,גבינה בטעם ויצינה 50,,,גבינה בטעם ויצינה 50,גרמים,50.00,100 גרם,false,,5.99,11.9800,true,1,125827
4607037431164,false,זפיר לאנז סליבוצני 4,פקטורי נבה אל טי די,,זפיר לאנז סליבוצני 420 גר,גרמים,420.00,100 גרם,false,1,19.90,4.7381,true,1,183243
4607037431188,false,זפיר לאנז מצופה שוקו,NEVA,,זפיר מצופה שוקולד 45,גרמים,450.00,100 גרם,false,1,27.90,6.2000,true,1,125830
4607037431218,false,זפיר קרם ברולה 420 ג,NEVA,,זפיר קרם ברולה 420 ג,גרמים,420.00,100 גרם,false,1,19.90,4.7381,true,1,125831
4607037431225,false,זפיר ורוד לבן 420 גר,NEVA,,"זפיר ורוד לבן 420 ג""",גרמים,420.00,100 גרם,false,9,19.90,4.7381,true,1,125832
4607037431263,false,זפיר לאנז בטעם ריבת,פקטורי נבה אל טי די,,זפיר לאנז בטעם ריבת חלב 420 גר,גרמים,420.00,100 גרם,false,1,19.90,4.7381,true,1,183244
4607037431300,false,זפיר וניל 420 גר,NEVA,,זפיר וניל 420 גר,גרמים,420.00,100 גרם,false,1,19.90,4.7381,true,1,125833
4607037433380,false,מבחר ממתקי גלי בטעם,פנזה,,מבחר ממתקי גלי בטעם פירות 250 גר,גרמים,250.00,100 גרם,false,1,14.90,5.9600,true,1,219416
4607037437647,false,זפיר לאנז חמוציות 42,,,זפיר לאנז חמוציות 420 גר,גרמים,420.00,100 גרם,false,1,19.90,4.7381,true,1,187736
4607037437777,false,זפיר בטעם תפוח 420 ג,NEVA,,זפיר בטעם תפוח 420 גר,גרמים,420.00,100 גרם,false,1,19.90,4.7381,true,1,188285
4607037437906,false,זפיר וניל מצופה שוקו,,,זפיר וניל מצופה שוקולד 900 גר,גרמים,900.00,100 גרם,false,1,46.90,5.2111,true,1,227193
4607037439535,false,פסטילה בטעם וניל עם,פקטורי נבה אל טי די,,פסטילה בטעם וניל עם מרמלד 200 גר,גרמים,200.00,100 גרם,false,1,12.90,6.4500,true,1,183247
4607037439887,false,ממתק מוקצף בטעם וניל,NEVA,,ממתק מוקצף בטעם וניל מצופה 170 גר,גרמים,170.00,100 גרם,false,1,7.90,4.6471,true,1,158572
4607037439962,false,זפיר וניל פרוקטוזה מ,NEVA,,זפיר וניל פרוקטוזה מצופה שוקולד 200ג,גרמים,200.00,100 גרם,false,1,19.90,9.9500,true,1,158576
4607038060035,false,שימורי דג סיירה בשמן,אואואו רוסקי מיר,,שימורי דג סיירה בשמן,גרמים,250.00,100 גרם,false,1,16.90,6.7600,true,1,125835
4607038061018,false,שימורי גורבושה טבעי,ווו רוסיה פישינג וור,,שימורי גורבושה טבעי 250 גר,גרמים,250.00,100 גרם,false,1,13.90,5.5600,true,1,132696
4607041135430,false,רוטב פפריצי מרינדה ל,או.או.או סוסטרה,,רוטב פפריצי מרינדה לגריל 380 גר,גרמים,420.00,100 גרם,false,1,9.90,2.3571,true,1,183318
4607041230289,false,כעכים פוסולסקי צילנו,וופלשניה,,כעכים פוסולסקי צילנוציוק 200גר,גרמים,200.00,100 גרם,false,1,5.90,2.9500,true,1,162481
4607041230630,false,צנימים פוסולסקי וניל,וופלשניה,,צנימים פוסולסקי וניל 250גר,גרמים,250.00,100 גרם,false,1,8.90,3.5600,true,1,162486
4607041230647,false,צנימים מיני פוסולסקי,וופלשניה,,צנימים מיני פוסולסקי צימוקים 250 גר,גרמים,250.00,100 גרם,false,1,8.90,3.5600,true,1,162487
4607041230852,false,צנימים פוסולסקי צימו,וופלשניה,,צנימים פוסולסקי צימוקים וסוכר 300גר,גרמים,300.00,100 גרם,false,1,10.90,3.6333,true,1,162488
4607041232665,false,צנימים עם צימוקים פו,וופלשניה,,צנימים עם צימוקים פוסולסקי 300 גר,גרמים,300.00,100 גרם,false,1,10.90,3.6333,true,1,195707
4607041232672,false,כעכים פוסולסקי מליוט,וופלשניה,,כעכים פוסולסקי מליוטקה מצופים 200 גר,גרמים,200.00,100 גרם,false,1,5.90,2.9500,true,1,193699
4607041232689,false,כעכים פוסולסקי מליוט,וופלשניה,,כעכים פוסולסקי מליוטקה עם פרג 200 גר,גרמים,200.00,100 גרם,false,1,5.90,2.9500,true,1,193698
4607041232757,false,כעכים פוסולסקי מליוט,וופלשניה,,כעכים פוסולסקי מליוטקה 200 גר,גרמים,200.00,100 גרם,false,1,5.90,2.9500,true,1,193696
4607041232764,false,כעכים פוסולסקי מליוט,וופלשניה,,כעכים פוסולסקי מליוטקה טעם וניל 200 גר,גרמים,200.00,100 גרם,false,1,5.90,2.9500,true,1,193697
4607041232979,false,צנימים פוסולסקי צימו,וופלשניה,,צנימים פוסולסקי צימוקים וסוכר 250 גר,גרמים,250.00,100 גרם,false,1,8.90,3.5600,true,1,200148
4607044600027,false,רוטב עשן קלאסיק 330,,,רוטב עשן קלאסיק 330,מיליליטרים,330.00,"100 מ""ל",false,1,21.90,6.6364,true,1,134262
4607049921981,true,"תירס מתוק 340 ג""ר",,,"תירס מתוק 340 ג""ר",פריט,0.00,פריט,false,,4.99,0.0000,true,1,125852
4607049922001,true,"אפונה ירוקה 400 ג""ר",,,"אפונה ירוקה 400 ג""ר",פריט,0.00,פריט,false,,4.99,0.0000,true,1,125853
4607051158092,false,תה קורטיס בננה 36 גר,או א.או מאי קומפני,,תה קורטיס בננה 36 גר,גרמים,36.00,100 גרם,false,1,12.90,35.8333,true,1,192663
4607051158481,false,תה מוחיטו 34 גר,או א.או מאי קומפני,,תה מוחיטו 34 גר,גרמים,34.00,100 גרם,false,1,12.90,37.9412,true,1,182177
4607051159945,false,תה RICHARD ROYAL CEY,או א.או מאי קומפני,,תה RICHARD ROYAL CEYLON 100,Unknown,0.00,Unknown,false,1,21.90,0.0000,true,1,197729
4607054450988,false,גרעיני דלעת סטאניצני,אגרוסויוז,,גרעיני דלעת סטאניצניה קלויים עם מלח 200,גרמים,200.00,100 גרם,false,1,27.90,13.9500,true,1,196105
4607054451718,false,גרעינים טמבובסקי וול,או.או.או אגרוסווז,,גרעינים טמבובסקי וולק 230 גר,גרמים,230.00,100 גרם,false,1,11.90,5.1739,true,1,183579
4607054451732,false,גרעינים XXL טמבובסקי,או.או.או אגרוסווז,,גרעינים טמבובסקי וולק XXL,גרמים,400.00,100 גרם,false,1,15.90,3.9750,true,1,183581
4607054452319,false,גרעיני דלעת 200 גר,,,גרעיני דלעת 200 גר,גרמים,200.00,100 גרם,false,1,20.90,10.4500,true,1,204777
4607054452371,false,גרעיני חמניות קלויים,,,גרעיני חמניות קלויים סטניצניה 250 גר,גרמים,250.00,100 גרם,false,1,17.90,7.1600,true,1,195711
4607054452418,false,גרעיני חמניות קלויים,אגרוסויוז,RU,גרעיני חמניות קלויים 400 גר,גרמים,400.00,100 גרם,false,10,19.90,4.9750,true,1,200897
4607054560878,true,שימורי סיירה בשמן 24,,,שימורי סיירה בשמן 24,פריט,0.00,פריט,false,,9.99,0.0000,true,1,125876
4607055810782,true,קופון וודקה רוסקי סט,,,קופון וודקה רוסקי סט,פריט,0.00,פריט,false,,0.01,0.0000,true,1,157436
4607056587507,false,משקה לתת מוגז חבית צ,,RU,משקה לתת מוגז חבית צהובה 1.5 ל,ליטרים,1.50,ליטר,false,6,17.90,11.9333,true,1,213264
4607065411312,false,פטריות אופיאטה פוסול,,CN,פטריות אופיאטה 680 ג,גרמים,680.00,100 גרם,false,6,14.90,2.1912,true,1,125879
4607065411329,false,פטריות מסליאטה פוסול,,CN,"פטריות מסלטה 680 גר""",גרמים,680.00,100 גרם,false,6,14.90,2.1912,true,1,125880
4607065411398,false,פטריות שיטאקי פוסולס,,CN,"פטריות שיטקי 680 גר""",גרמים,680.00,100 גרם,false,6,14.90,2.1912,true,1,125883
4607065580087,false,אטריות דושירק להכנה,,,"לפשה ""קוויסטי"" עוף",גרמים,70.00,100 גרם,false,1,2.90,4.1429,true,1,173618
4607065580094,false,אטריות דושירק להכנה,,,"לפשה ""קוויסטי"" פטריו",גרמים,70.00,100 גרם,false,1,2.90,4.1429,true,1,173619
4607065580209,false,תבשיל איטריות דושירק,,,"איטריות ""דושירק"" עוף",גרמים,90.00,100 גרם,false,1,8.90,9.8889,true,1,125885
4607065580216,false,איטריות דושירק בטעם,,,"איטריות ""דושירק"" בקר",גרמים,90.00,100 גרם,false,1,8.90,9.8889,true,1,125886
4607065580223,false,איטריות דושירק בטעם,,,"איטריות ""דושירק"" עוף",גרמים,90.00,100 גרם,false,1,8.90,9.8889,true,1,125887
4607065580230,false,איטריות דושירק בטעם,,,"איטריות ""דושירק"" פטר",גרמים,90.00,100 גרם,false,1,8.90,9.8889,true,1,125888
4607065580278,false,מחית תפוא להכנה מהיר,,RU,"פירה ""דושירק"" בקר",גרמים,40.00,100 גרם,false,24,4.90,12.2500,true,1,173623
4607065602659,true,"סליבצ""ניה מותכת 200",,,"סליבצ""ניה מותכת 200",גרמים,200.00,100 גרם,false,,14.99,7.4950,true,1,125891
4607065738242,false,סניקרס קריספ 6 יח 24,,,סניקרס קריספ 6 יח 240 גר,גרמים,240.00,100 גרם,false,17,13.90,5.7917,true,1,223233
4607067937681,false,גלידה פלומביר וולוגו,,,גלידה פלומביר וולוגודסקי וניל 250 גר,גרמים,250.00,100 גרם,false,1,9.90,3.9600,true,1,227407
4607067938558,false,גלידה פלומביר וולוגו,,,גלידה פלומביר וולוגודסקי שוקולד 250 גר,גרמים,250.00,100 גרם,false,1,9.90,3.9600,true,1,227408
4607083550468,false,שמן חמניות אידאל מזו,,,שמן חמניות אידאל מזוכך 1 ל,ליטרים,1.00,ליטר,false,1,18.90,18.9000,true,1,206952
4607084351385,false,עוגיות שוקו פאי 360,,,עוגיות שוקו פאי 360 גר,גרמים,360.00,100 גרם,false,1,15.90,4.4167,true,1,184491
4607084352061,false,עוגיות שוקו פאי קקאו,לוט.ק.פ,RU,עוגיות שוקו פאי קקאו 360 גר,גרמים,360.00,100 גרם,false,8,15.90,4.4167,true,1,204163
4607084352115,false,עוגיות שוקו פאי תפוז,לוט.ק.פ,RU,עוגיות שוקו פאי תפוז 360 גר,גרמים,360.00,100 גרם,false,8,15.90,4.4167,true,1,212884
4607084352511,false,עוגיות שוקו פאי אוכמ,לוט.ק.פ,RU,עוגיות שוקו פאי אוכמניות שחורות 360 גר,גרמים,360.00,100 גרם,false,8,15.90,4.4167,true,1,212882
4607084352542,false,עוגיות שוקו פאי מנגו,לוט.ק.פ,RU,עוגיות שוקו פאי מנגו 360 גר,גרמים,360.00,100 גרם,false,8,15.90,4.4167,true,1,213849
4607084352931,false,עוגיות שוקו פאי תפוח,לוט.ק.פ,RU,עוגיות שוקו פאי תפוח 360 גר,גרמים,360.00,100 גרם,false,8,15.90,4.4167,true,1,224960
4607084353150,false,עוגיות שוקו פאי קרמל,,,עוגיות שוקו פאי קרמל 360 גר,גרמים,360.00,100 גרם,false,1,18.90,5.2500,true,1,227919
4607084419375,false,שעועית לבנה עם פטריו,,,שעועית לבנה עם פטריות סגנון יווני EKO,גרמים,510.00,100 גרם,false,1,12.90,2.5294,true,1,202544
4607085811005,true,שמן חמניות זאיטה 1.8,,,שמן חמניות זאיטה 1.8,פריט,0.00,פריט,false,,18.99,0.0000,true,1,132741
4607085811055,true,שמן חמניות מזוכך זטי,,,שמן חמניות מזוכך זטי,פריט,0.00,פריט,false,,18.99,0.0000,true,1,132664
4607092153933,false,חמוציות מרוסק עם סוכ,,,חמוציות מרוסק עם סוכר 280 גר,גרמים,280.00,100 גרם,false,1,7.90,2.8214,true,1,213480
4607097074769,false,כוסמת אלטייסקיה סקאז,מלניצ'ני קומפלקס,,"כוסמת ""אלטייסקיה סקא",גרמים,800.00,100 גרם,false,1,14.90,1.8625,true,1,125928
4607111100412,false,רצועות פילה דג סום מ,,,רצועות פילה דג סום מיובש 100 גר,גרמים,100.00,100 גרם,false,1,31.90,31.9000,true,1,222227
4607111101013,false,רצועות פילה דג לש מי,,,רצועות פילה דג לש מיובש 100 גר,גרמים,100.00,100 גרם,false,1,20.90,20.9000,true,1,222225
4607114690118,true,"גרענים ""סיומושקה"" קל",,,"גרענים ""סיומושקה"" קל",פריט,0.00,פריט,false,,4.99,0.0000,true,1,125932
4607114690125,true,"גרענים ""סיומושקה"" גד",,,"גרענים ""סיומושקה"" גד",פריט,0.00,פריט,false,,4.99,0.0000,true,1,125933
4607114690156,true,"גרענים ""סיומושקה"" אק",,,"גרענים ""סיומושקה"" אק",פריט,0.00,פריט,false,,4.99,0.0000,true,1,125934
4607114690286,true,"גרענים ""סיומושקה"" מל",,,"גרענים ""סיומושקה"" מל",פריט,0.00,פריט,false,,4.99,0.0000,true,1,125935
4607116767276,false,רוטב חרנובינה 500 גר,,,רוטב חרנובינה 500 גר,גרמים,500.00,100 גרם,false,1,10.90,2.1800,true,1,193722
4607123920220,false,ברנדי קיזליאר 5 שנים,,,"ברנדי ""קיזליאר"" 5שנים 0.5ל",מיליליטרים,500.00,"100 מ""ל",false,1,79.90,15.9800,true,1,125938
4607135892973,false,וופל מצופה קורובקה 2,סרברניי בור,,וופל מצופה קורובקה 200גר,גרמים,200.00,100 גרם,false,1,17.90,8.9500,true,1,162654
4607144732468,false,עוגיות קורובקה טעם ח,סמרה,,"עוגיות ""קורובקה"" טעם חלב טופ",גרמים,375.00,100 גרם,false,1,15.90,4.2400,true,1,125948
4607144733502,false,זפיר סלדקיי איסטוריי,סמרה,,זפיר סלדקיי איסטוריי עם תות 250גר,גרמים,250.00,100 גרם,false,1,13.90,5.5600,true,1,165191
4607144733625,false,זפיר סלדקיי איסטוריי,סמרה,,זפיר סלדקיי איסטוריי עם חמוציות 250גר,גרמים,250.00,100 גרם,false,1,13.90,5.5600,true,1,165192
4607144734370,false,עוגיות קורובקה סוכר,,,עוגיות קורובקה סוכר בטעם חלב 375 גר,גרמים,375.00,100 גרם,false,1,13.90,3.7067,true,1,186482
4607145723656,false,תערובת ירקות במלח 35,,,תערובת ירקות במלח 350 מל,מיליליטרים,350.00,"100 מ""ל",false,1,14.90,4.2571,true,1,221666
4607145726503,false,תערובת ירקות ברוטב ע,,,תערובת ירקות ברוטב עגבניות רטטוי 580 מל,מיליליטרים,580.00,"100 מ""ל",false,1,14.90,2.5690,true,1,221665
4607149551675,false,ממתק טופי חלב עם בוט,,,ממתק טופי חלב עם בוטנים 200 גר,גרמים,200.00,100 גרם,false,24,7.90,3.9500,true,1,213196
4607149551835,false,ממתק טופי חלב עם בוט,,,ממתק טופי חלב עם בוטנים וצימוקיןם 200 גר,גרמים,200.00,100 גרם,false,24,7.90,3.9500,true,1,213197
4607149551842,false,ממתק טופי חלב עם בוט,,,ממתק טופי חלב עם בוטנים וקקאו 200 גר,גרמים,200.00,100 גרם,false,24,7.90,3.9500,true,1,213198
4607157950019,true,גורבושה 240 גרם,,,גורבושה 240 גרם,פריט,0.00,פריט,false,,9.99,0.0000,true,1,125956
4607157950033,true,גורבושה עם תבלינים 2,,,גורבושה עם תבלינים 2,פריט,0.00,פריט,false,,9.99,0.0000,true,1,125957
4607157950132,true,שימורי סיירה טבעית 2,,,שימורי סיירה טבעית 2,פריט,0.00,פריט,false,,9.99,0.0000,true,1,125958
4607157950651,true,קיטה טבעי 240 גרם,,,קיטה טבעי 240 גרם,פריט,0.00,פריט,false,,10.99,0.0000,true,1,125959
4607163091577,false,מיץ תפוע ירוקים 1 ל,,,מיץ תפוע ירוקים 1 ל,ליטרים,1.00,ליטר,false,1,13.90,13.9000,true,1,225911
4607163091591,false,מיץ משמש ותפוחים 1 ל,,,מיץ משמש ותפוחים 1 ל,ליטרים,1.00,ליטר,false,1,13.90,13.9000,true,1,225909
4607167190054,false,ריבת אימפריה תות שדה,אימפריה ג'מוב,,"ריבת אימפריה תות שדה 1 ק""ג",קילוגרמים,1.00,"ק""ג",false,1,36.90,36.9000,true,1,196080
4607167190177,false,ריבת אימפריה אגסים 1,אימפריה ג'מוב,,"ריבת אימפריה אגסים 1 ק""ג",קילוגרמים,1.00,"ק""ג",false,1,36.90,36.9000,true,1,196068
4607167191297,false,ריבת אימפריה אובלפיח,אימפריה ג'מוב,,"ריבת אימפריה אובלפיחה 1 ק""ג",קילוגרמים,1.00,"ק""ג",false,1,36.90,36.9000,true,1,196069
4607174180147,false,עוגיות סוכר בטעם חלב,,RU,עוגיות בטעם חלב מרוכז 430 גר,גרמים,430.00,100 גרם,false,25,15.90,3.6977,true,1,206106
4607174184244,false,עוגיות סוכר בטעם גבי,,RU,עוגיות בטעם גבינה לבנה 430 גר,גרמים,430.00,100 גרם,false,25,15.90,3.6977,true,1,206108
4607174188037,false,עוגיות שיבולת שועל ק,,RU,עוגיות שיבולת שועל קלאסיק 300 גר,גרמים,300.00,100 גרם,false,9,15.90,5.3000,true,1,223989
4607174577206,false,נקטר ותפות עץ כפרי ד,,,נקטר ותפות עץ כפרי דוברי 2 ל,ליטרים,2.00,ליטר,false,1,23.90,11.9500,true,1,213094
4607174577961,false,נקטר תפוח/ריאבינה/דו,,,נקטר תפוח/ריאבינה/דובדבן דוברי 2 ל,ליטרים,2.00,ליטר,false,1,23.90,11.9500,true,1,213098
4607179801993,false,וודקה ראשן קרוון 700,,,וודקה ראשן קרוון 0.7ל,ליטרים,0.70,ליטר,false,1,59.90,85.5714,true,1,165385
4607931605210,false,משקה דושס 500 מל,RASSVET,,"משקה ""דושס"" 0.5 ל",מיליליטרים,500.00,"100 מ""ל",false,1,9.90,1.9800,true,1,165049
4607931605227,false,משקה טרחון 500 מל,RASSVET,,"משקה ""טרחון"" 0.5 ל",מיליליטרים,500.00,"100 מ""ל",false,1,9.90,1.9800,true,1,165051
4607931605234,false,משקה לימונד 500 מל,RASSVET,,"משקה ""לימונד"" 0.5 ל",מיליליטרים,500.00,"100 מ""ל",false,1,9.90,1.9800,true,1,165050
4607931605241,false,משקה ברבריס 500 מל,RASSVET,,"משקה ""ברבריס"" 0.5 ל",מיליליטרים,500.00,"100 מ""ל",false,1,9.90,1.9800,true,1,165052
4607952850156,false,קוויאר אדום צנצנת זכ,,,קוויאר אדום צנצנת זכוכית 230 גר,גרמים,230.00,100 גרם,false,1,129.90,56.4783,true,1,226271
4610007300131,false,קמח טיחורצקיה 1 קג,,,קמח טיחורצקיה 1 קג,קילוגרמים,1.00,"ק""ג",false,1,9.90,9.9000,true,1,228019
4610007300179,false,קמח חיטה טיחורצקיה 2,,,קמח חיטה טיחורצקיה 2 קג,קילוגרמים,2.00,"ק""ג",false,1,15.90,7.9500,true,1,227901
4610017684474,false,בירה פורטר כהה חזקה,אפנסיי,,"בירה פורטר כהה חזקה 500 מ""ל",מיליליטרים,500.00,"100 מ""ל",false,1,11.90,2.3800,true,1,210884
4610018570073,false,קוויאר אדום פחית 95,א.ר.ד.י.ו,,קוויאר אדום פחית 95 גר,גרמים,95.00,100 גרם,false,18,34.90,36.7368,true,1,226264
4610018570455,false,קוויאר אדום צנצנת זכ,,,קוויאר אדום צנצנת זכוכית 500 גר,גרמים,500.00,100 גרם,false,1,259.90,51.9800,true,1,226272
4610082860049,false,דייסת 5 דגנים עם משמ,אובלקה,,דייסת 5 דגנים עם משמש 200 גר,גרמים,200.00,100 גרם,false,1,13.90,6.9500,true,1,228995
4610082860056,false,דייסת 5 דגנים עם דבש,אובלקה,,דייסת 5 דגנים עם דבש ואגוזים 200 גר,גרמים,200.00,100 גרם,false,1,13.90,6.9500,true,1,228996
4610103310232,false,סוויט בוקס צעצוע גיב,,,סוויט בוקס צעצוע גיבורים נצחיים,Unknown,0.00,Unknown,false,1,11.90,0.0000,true,1,226045
4612497002199,false,פטריות לבנות פורציני,,,פטריות לבנות פורציני קפוא 300 גר,גרמים,300.00,100 גרם,false,1,26.90,8.9667,true,1,207324
4612497003165,false,פטריות ליסיצקי קפוא,,,פטריות ליסיצקי קפוא 300 גר,גרמים,300.00,100 גרם,false,1,26.90,8.9667,true,1,208258
4612661502029,true,ריבת אוכמניות אדומות,,,ריבת אוכמניות אדומות,פריט,0.00,פריט,false,,20.99,0.0000,true,1,125982
4620004251176,false,חלווה על חמניות על פ,,,חלבה על חמניות על פרוקטוזה 180גר,גרמים,180.00,100 גרם,false,1,8.90,4.9444,true,1,161027
4620004252074,false,מרמלד גילי בטעם דובד,אזוב,RU,מרמלד גילי בטעם דובדבן 300 גר,גרמים,300.00,100 גרם,false,1,10.90,3.6333,true,1,164623
4620008992884,false,משקה כהלי פרבק חיטה,,,משקה כהלי פרבק חיטה ביתי 700 מל,מיליליטרים,700.00,"100 מ""ל",false,12,52.90,7.5571,true,1,220273
4620015850344,false,תה ירוק קורטיס גונפו,או א.או מאי קומפני,,תה ירוק קורטיס גונפובדר 36 גר,גרמים,36.00,100 גרם,false,1,11.90,33.0556,true,1,192662
4620015851044,false,תה לבן קורטיס 34 גר,או א.או מאי קומפני,,תה לבן קורטיס 34 גר,גרמים,34.00,100 גרם,false,1,12.90,37.9412,true,1,192667
4620015851051,false,תה ירוק קורטיס מנגו,זא א או מאי קומפני,,תה ירוק קורטיס מנגו 36 גר,גרמים,36.00,100 גרם,false,1,12.90,35.8333,true,1,188155
4620015851068,false,תה שחור קורטיס טרופל,זא א או מאי קומפני,,תה שחור קורטיס טרופל 36 גר,גרמים,36.00,100 גרם,false,1,12.90,35.8333,true,1,188156
4620015851860,false,תה שחור ריצארד רויאל,או א.או מאי קומפני,,תה שחור RICHARD ROYAL MISS GREY,גרמים,34.00,100 גרם,false,1,12.90,37.9412,true,1,195919
4620015851877,false,תה שחור ריצארד רויאל,או א.או מאי קומפני,,תה שחור RICHARD ROYAL CEYLON,גרמים,34.00,100 גרם,false,1,12.90,37.9412,true,1,195918
4620015852546,false,תה שחור קורטיס ברברי,או א.או מאי קומפני,,תה שחור CURTIS BARBERRY MELODY,גרמים,36.00,100 גרם,false,1,12.90,35.8333,true,1,195916
4620015852553,false,תה שחור קורטיס אוכמנ,או א.או מאי קומפני,,תה שחור CURTIS BLUE BERRIES,גרמים,36.00,100 גרם,false,1,12.90,35.8333,true,1,195917
4620015852973,false,תה פירות ריצרד רואיל,או א.או מאי קומפני,,תה פירות ריצרד רואיל אדום 34 גר,גרמים,34.00,100 גרם,false,12,12.90,37.9412,true,1,201865
4620015854915,false,תה שחור רוייל קולקשן,,,תה שחור רוייל קולקשן 230.4 גר,גרמים,230.00,100 גרם,false,1,59.90,26.0435,true,1,222551
4620060880044,false,סוכריות קרמל על מקל,,,סוכריות קרמל על מקל בטעמים שונים 26 גר,גרמים,26.00,100 גרם,false,1,2.90,11.1538,true,1,224676
4623721717444,false,זפיר בטעם תפוח עץ יר,פטרבורג.קונדיטר,,זפיר בטעם תפוח עץ ירוק 420 גר,גרמים,420.00,100 גרם,false,1,14.90,3.5476,true,1,186691
4627084680346,false,רוטב רימונים 310 מל,,,רוטב רימונים 300 גר,מיליליטרים,310.00,"100 מ""ל",false,1,24.90,8.0323,true,1,194391
4627145071137,false,ממתק מוקצף בטעם וניל,,,ממתק מוקצף בטעם וניל זפס 310 גר,גרמים,310.00,100 גרם,false,1,12.90,4.1613,true,1,211055
4627145071168,false,ממתק מוקצף בטעם חמוצ,,,ממתק מוקצף בטעם חמוציות זפס 310 גר,גרמים,310.00,100 גרם,false,1,12.90,4.1613,true,1,211056
4627145071229,false,מרמלד גילי בטעם פירו,,RU,מרמלד גילי בטעם פירות 200 גר,גרמים,200.00,100 גרם,false,1,5.90,2.9500,true,1,219087
4630009187882,false,מיץ ירקות עם מלח וכת,,,מיץ ירקות עם מלח וכתישה 1 ל,ליטרים,1.00,ליטר,false,1,13.90,13.9000,true,1,225904
4630016490067,false,משקה מוגז סן סלוויה,SAN SLAVIA,,משקה מוגז סן סלוויה מוחיטו 500מל,מיליליטרים,500.00,"100 מ""ל",false,1,9.90,1.9800,true,1,183751
4630016490074,false,משקה מוגז סן סלוויה,SAN SLAVIA,,משקה מוגז סן סלוויה לימון ליים 500מל,מיליליטרים,500.00,"100 מ""ל",false,1,9.90,1.9800,true,1,183753
4630016490159,false,משקה מוגז סן סלוויה,SAN SLAVIA,,משקה מוגז סן סלוויה טרחון 500מל,מיליליטרים,500.00,"100 מ""ל",false,1,9.90,1.9800,true,1,183754
4630038370828,false,עגבניות כבושות במלח,,,עגבניות כבושות במלח ואניה 950 גר,גרמים,950.00,100 גרם,false,1,16.90,1.7789,true,1,223568
4630049326746,false,שמן חמניות בראביטה 8,,,שמן חמניות בראביטה 870 מל,מיליליטרים,870.00,"100 מ""ל",false,,12.90,1.4828,true,1,226787
4640001890031,false,סודה לשתיה 500 גר,או או או בשקיריה,,"סודה לשתיה 500 גר""",גרמים,500.00,100 גרם,false,1,7.90,1.5800,true,1,159109
4640013602653,false,אבקה להכנת קיסל בטעם,PROFAGROTECHNIKA,,אבקה להכנת קיסל בטעם פירות יער 160 גר,גרמים,160.00,100 גרם,false,1,6.90,4.3125,true,1,219352
4640013607313,false,תחליף אבקת חלב 150 ג,PROFAGROTECHNIKA,,תחליף אבקת חלב 150 גר,גרמים,150.00,100 גרם,false,1,12.90,8.6000,true,1,219338
4640018993398,false,גל קפסולות פיניש קוו,,,גל קפסולות פיניש קוואנטום 60 יח,Unknown,0.00,Unknown,false,1,54.90,0.0000,true,1,213810
4650056310217,false,שימורי כרוב ים 220 ג,,,שימורי כרוב ים 220 גר,גרמים,220.00,100 גרם,false,1,5.90,2.6818,true,1,222546
4660011130514,false,עוגת אסטרהאזי 650 גר,,,עוגת אסטרהאזי 650 גר,גרמים,650.00,100 גרם,false,1,89.90,13.8308,true,1,227168
4660011132754,false,עוגה קרם שמנת קרמל 7,,,עוגה קרם שמנת קרמל 700 גר,גרמים,700.00,100 גרם,false,1,55.90,7.9857,true,1,227163
4660011134529,false,עוגה שמנת תותים 800,,,עוגה שמנת תותים 800 גר,גרמים,800.00,100 גרם,false,1,82.90,10.3625,true,1,227166
4660011135120,false,סט עוגות אישיות ריבת,,,סט עוגות אישיות ריבת חלב 300 גר,גרמים,300.00,100 גרם,false,1,25.90,8.6333,true,1,227158
4660011135304,false,עוגה פראג 600 גר,,,עוגה פראג 600 גר,גרמים,600.00,100 גרם,false,1,55.90,9.3167,true,1,227162
4660047661723,false,ממרח פטה עם כבד עוף,,,ממרח פטה עם כבד עוף 100 גר,גרמים,100.00,100 גרם,false,1,4.90,4.9000,true,1,204786
4660047661730,false,ממרח פטה עם כבד אווז,,,ממרח פטה עם כבד אווז 100 גר,גרמים,100.00,100 גרם,false,1,4.90,4.9000,true,1,204787
4660047661761,false,ממרח פטה עם כבד ברוו,,,ממרח פטה עם כבד ברווז 100 גר,גרמים,100.00,100 גרם,false,1,4.90,4.9000,true,1,204790
4660047661778,false,ממרח פטה עם כבד הודו,,,ממרח פטה עם כבד הודו 100 גר,גרמים,100.00,100 גרם,false,1,4.90,4.9000,true,1,204791
4660115902291,false,תה שחור פטל 20 שק 34,או א.או מאי קומפני,,תה שחור פטל 20 שק 34 גר,גרמים,34.00,100 גרם,false,1,12.90,37.9412,true,1,229678
4660115904431,false,תה ירוק קרטיס 20 שק,קאן אגריטך פרייבט למ,,תה ירוק קרטיס 20 שק,Unknown,0.00,Unknown,false,1,12.90,0.0000,true,1,226849
4665270950019,false,שיבולת שועל סמייניה,או או או פמילי סטוק,,שיבולת שועל סמייניה זאקרומה 450 גר,גרמים,450.00,100 גרם,false,1,4.90,1.0889,true,1,192686
4665270950033,false,כוסמת סמייניה זאקרומ,או או או פמילי סטוק,,כוסמת סמייניה זאקרומה 800 גר,גרמים,800.00,100 גרם,false,12,14.90,1.8625,true,1,192683
4670001490627,false,בירה זיגולי בק 500 מ,,,"בירה ""זיגולי"" בק 0.5 ל",מיליליטרים,500.00,"100 מ""ל",false,1,8.90,1.7800,true,1,126025
4670001496896,false,בירה מוחנטי שמל 500,מוספיבו,,"בירה מוחנטי שמל 500 מ""ל",מיליליטרים,500.00,"100 מ""ל",false,1,9.90,1.9800,true,1,181194
4678599099161,false,ארנה דג גוסטרה 150 ג,MALBI CHOCOLATE,,ארנה דג גוסטרה 150 גר,גרמים,150.00,100 גרם,false,1,18.90,12.6000,true,1,212200
4680004530541,false,סוכריות קורובקה חלבי,,,סוכריות קורובקה חלבית 250 גר,גרמים,250.00,100 גרם,false,21,9.90,3.9600,true,1,224819
4680004530770,false,סוכריות קורובקה עלית,,,סוכריות קורובקה עלית 250 גר,גרמים,250.00,100 גרם,false,21,9.90,3.9600,true,1,224817
4680009731318,false,בייגל מלוטקה 500 גר,BKK,RU,בייגל מלוטקה 500 גר,גרמים,500.00,100 גרם,false,10,12.90,2.5800,true,1,213938
4680009734395,false,בייגל בטעם וניל 500,BKK,RU,בייגל בטעם וניל 500 גר,גרמים,500.00,100 גרם,false,10,12.90,2.5800,true,1,213937
4680009734432,false,בייגל פרג 500 גר,BKK,RU,בייגל פרג 500 גר,גרמים,500.00,100 גרם,false,10,12.90,2.5800,true,1,213936
4680009735859,false,דובשניות במילוי בטעם,,,דובשניות במילוי בטעם דובדבנים 500 גר,גרמים,500.00,100 גרם,false,1,15.90,3.1800,true,1,221768
4680019560854,false,מיץ עגבניות עם מלח ו,,,מיץ עגבניות עם מלח וכתישה 1 ל,ליטרים,1.00,ליטר,false,1,13.90,13.9000,true,1,225905
4680019565262,false,מיץ תפוע ירוקים 2 ל,,,מיץ תפוע ירוקים 2 ל,ליטרים,2.00,ליטר,false,1,22.90,11.4500,true,1,225897
4680019565361,false,מיץ תפוע וענבים 2 ל,,,מיץ תפוע וענבים 2 ל,ליטרים,2.00,ליטר,false,1,22.90,11.4500,true,1,225899
4680019565408,false,מיץ עגבניות עם מלח,,,מיץ עגבניות עם מלח 2 ל,ליטרים,2.00,ליטר,false,1,22.90,11.4500,true,1,225902
4680036914913,false,בירה גיגולי ללא אלכו,,,בירה גיגולי ללא אלכוהול בק 450 מל,מיליליטרים,450.00,"100 מ""ל",false,1,7.90,1.7556,true,1,212434
4680036914982,false,בירה זיגולי משי 450,,,"בירה זיגולי משי 450 מ""ל",מיליליטרים,450.00,"100 מ""ל",false,1,9.90,2.2000,true,1,211300
4680036915934,false,בירה זיגולי בק 450 מ,,,בירה זיגולי בק 500 מל,מיליליטרים,450.00,"100 מ""ל",false,1,9.90,2.2000,true,1,226391
4680036916191,false,בירה מוחנטי שמל לא מ,מוספיבו,,בירה מוחנטי שמל לא מסונן 500 מל,מיליליטרים,500.00,"100 מ""ל",false,1,10.90,2.1800,true,1,223475
4680036916214,false,בירה מוחנטי שמל אייל,,,בירה מוחנטי שמל אייל לא מסונן 1 ל,ליטרים,1.00,ליטר,false,1,20.90,20.9000,true,1,223474
4680036916870,false,בירה קראפט לא מסוננת,,,בירה קראפט לא מסוננת ללא אלכוהול 450 מל,מיליליטרים,450.00,"100 מ""ל",false,1,9.90,2.2000,true,1,224234
4680036917167,false,בירה קראפט כהה חזקה,,,בירה קראפט כהה חזקה סטאוט שוקולד 450 מל,מיליליטרים,450.00,"100 מ""ל",false,1,10.90,2.4222,true,1,224811
4680036918379,false,בירה זיגולי מנגו פסי,,,בירה זיגולי מנגו פסיפלורה לא מסונן 450 מ,מיליליטרים,450.00,"100 מ""ל",false,1,9.90,2.2000,true,1,228268
4680046809247,false,שמן חמניות לוקס 870,,,שמן חמניות לוקס 870 מל,מיליליטרים,870.00,"100 מ""ל",false,1,14.90,1.7126,true,1,211689
4680070010312,true,"יין ""טסיננדאלי"" 0.75",,,"יין ""טסיננדאלי"" 0.75",מיליליטרים,750.00,"100 מ""ל",false,,29.99,3.9987,true,1,126035
4680070010329,true,"יין ""טביליסורי"" 0.75",,,"יין ""טביליסורי"" 0.75",מיליליטרים,750.00,"100 מ""ל",false,,29.99,3.9987,true,1,126036
4699302736920,false,חטיפי פיתה לבשיקי בט,,,חטיפי פיתה לבשיקי בטעם נקניקיות שום 100,גרמים,100.00,100 גרם,false,1,7.90,7.9000,true,1,227398
4710068001692,false,קפה קר מאסטר קפה לאט,L.S XILAGORA,,קפה קר מאסטר קפה לאטה 240מל,מיליליטרים,240.00,"100 מ""ל",false,1,7.90,3.2917,true,1,163801
4710964170799,false,שומשום שחור קלוי 91,Flavor full foods in,,שומשום שחור קלוי 91 גר,גרמים,91.00,100 גרם,false,24,16.90,18.5714,true,1,127919
4711476002813,false,קפה קר פיפו מוקצינו,,,"קפה קר פיפו מוקצינו 240 מ""ל",מיליליטרים,240.00,"100 מ""ל",false,24,8.90,3.7083,true,1,210108
4740012020356,false,מבחר שוקולד במילוי ל,,,מבחר שוקולדבמילוי ליקר 350 גר,גרמים,350.00,100 גרם,false,12,27.90,7.9714,true,1,215558
4740012032908,false,שוקולד לבן עם פצפוצי,ORKLA,EE,שוקולד לבן עם פצפוני,גרמים,100.00,100 גרם,false,13,7.90,7.9000,true,1,127931
4740012035299,false,שוקולד חלב עם אגוזי,ORKLA,EE,שוקולד חלב עם אגוזי לוז 100 גר,גרמים,100.00,100 גרם,false,11,7.90,7.9000,true,1,204138
4740036005551,false,חמאה טארה 200 גר,,,חמאה טארה 200 גר,גרמים,200.00,100 גרם,false,1,12.90,6.4500,true,1,225805
4740098079316,false,סידר פיז תות שדה 500,CESU ALUS,,"סידר פיז תות שדה 500 מ""ל",מיליליטרים,500.00,"100 מ""ל",false,1,8.90,1.7800,true,1,181486
4740098090601,false,קוקטייל בלו לגון 330,,,קוקטייל בלו לגון 330 מל,מיליליטרים,330.00,"100 מ""ל",false,1,9.90,3.0000,true,1,220364
4740098090632,false,קוקטייל לי קוג מרגרי,,,"קוקטייל לי קוג מרגריטה 330 מ""ל",מיליליטרים,330.00,"100 מ""ל",false,1,9.90,3.0000,true,1,205958
4740098098331,false,קוקטייל בלו לגון לה,,,קוקטייל בלו לגון לה קוק 330 מל,מיליליטרים,330.00,"100 מ""ל",false,1,9.90,3.0000,true,1,227156
4740098098355,false,קוקטייל לה קוק מוחיט,,,קוקטייל לה קוק מוחיטו 330 מל,מיליליטרים,330.00,"100 מ""ל",false,1,9.90,3.0000,true,1,226083
4740098098393,false,קוקטייל סקס און דה ב,,,קוקטייל סקס און דה ביץ לה קוק 330 מל,מיליליטרים,330.00,"100 מ""ל",false,1,9.90,3.0000,true,1,226084
4744131014234,false,קנקן אמטיסט 2.8 ל,,,קנקן אמטיסט 2.8 ל,Unknown,0.00,Unknown,false,6,79.90,0.0000,true,1,215350
4744131014265,false,סט שלישיית סננים לקנ,,,סט שלישיית סננים לקנקן,Unknown,0.00,Unknown,false,12,69.90,0.0000,true,1,215353
4744131015750,false,בקבוק לשתיה כחול,,,בקבוק לשתיה כחול,Unknown,0.00,Unknown,false,1,69.90,0.0000,true,1,227558
4744131015767,false,בקבוק לשתיה אפור,,,בקבוק לשתיה אפור,Unknown,0.00,Unknown,false,1,69.90,0.0000,true,1,227557
4750001007282,true,שוקולד לאימה 70%,,,שוקולד לאימה 70%,פריט,0.00,פריט,false,,7.99,0.0000,true,1,127947
4750001008685,true,"בונ"" ""אסורטי"" מריר כ",,,"בונ"" ""אסורטי"" מריר כ",פריט,0.00,פריט,false,,28.99,0.0000,true,1,127952
4750001008869,false,אסורטי מריר 70% 360,LAIMA,,אסורטי מריר 70% 360 גר,גרמים,360.00,100 גרם,false,1,40.90,11.3611,true,1,127953
4750001814743,false,אסורטי ורדים אדומים,LAIMA,,אסורטי ורדים אדומים 470 גר,גרמים,470.00,100 גרם,false,1,39.90,8.4894,true,1,127957
4750001815030,true,שוקולד מריר לאימה קר,,,שוקולד מריר לאימה קר,פריט,0.00,פריט,false,,8.99,0.0000,true,1,127960
4750001817935,true,"בונ"" ""אסורטי"" מריר ק",,,"בונ"" ""אסורטי"" מריר ק",פריט,0.00,פריט,false,,14.99,0.0000,true,1,127967
4750001817966,true,"בונ"" ""אסורטי"" חלב קר",,,"בונ"" ""אסורטי"" חלב קר",פריט,0.00,פריט,false,,31.99,0.0000,true,1,127968
4750001819496,true,"שוקולד ""לאימה"" חלב ע",,,"שוקולד ""לאימה"" חלב ע",פריט,0.00,פריט,false,,3.99,0.0000,true,1,127973
4750001819656,true,"בונבוניירת קריסמס ""פ",,,"בונבוניירת קריסמס ""פ",פריט,0.00,פריט,false,,29.99,0.0000,true,1,127974
4750001819700,true,בונבוניירת קריסמס סנ,,,בונבוניירת קריסמס סנ,פריט,0.00,פריט,false,,31.99,0.0000,true,1,127975
4750001820096,true,בונבוניירת קריסמס שמ,,,בונבוניירת קריסמס שמ,פריט,0.00,פריט,false,,31.99,0.0000,true,1,127976
4750001948103,false,שוקולד לאימה חלב אסו,LAIMA,,שוקולד לאימה חלב אסורטי 215 גר,גרמים,215.00,100 גרם,false,1,24.90,11.5814,true,1,165353
4750001948127,false,שוקולד לאימה מריר אס,LAIMA,,שוקולד לאימה מריר אסורטי 215 גר,גרמים,215.00,100 גרם,false,1,24.90,11.5814,true,1,165352
4750001951141,false,שוקולד מריר לאימה 70,,,שוקולד מריר לאימה 70% 100 גר,גרמים,90.00,100 גרם,false,1,10.90,12.1111,true,1,196285
4750001955507,false,עוגת וופל טרופל 350,,,עוגת וופל טרופל 350 גר,גרמים,350.00,100 גרם,false,1,22.90,6.5429,true,1,228155
4750007243134,true,"עוגת וופל מצופה ""רבק",,,"עוגת וופל מצופה ""רבק",פריט,0.00,פריט,false,,13.99,0.0000,true,1,127977
4750007244131,true,"עוגת וופל מצופה ""רבק",,,"עוגת וופל מצופה ""רבק",פריט,0.00,פריט,false,,13.99,0.0000,true,1,127978
4750007245046,true,"עוגת וופל ""רבקה"" קלא",,,"עוגת וופל ""רבקה"" קלא",פריט,0.00,פריט,false,,13.99,0.0000,true,1,127979
4750007246043,true,"עוגת וופל ""רבקה"" רטר",,,"עוגת וופל ""רבקה"" רטר",פריט,0.00,פריט,false,,13.99,0.0000,true,1,127980
4750007248047,true,"עוגת וופל ""רבקה"" מוק",,,"עוגת וופל ""רבקה"" מוק",פריט,0.00,פריט,false,,13.99,0.0000,true,1,127981
4750007688843,true,"עוגת וופל מצופה ""רבק",,,"עוגת וופל מצופה ""רבק",פריט,0.00,פריט,false,,13.99,0.0000,true,1,127984
4750007817502,true,סלגה בטעם טירמיסו 18,,,סלגה בטעם טירמיסו 18,פריט,0.00,פריט,false,,3.99,0.0000,true,1,127990
4750007817663,true,"עוגיות ""לימה"" קריסמס",,,"עוגיות ""לימה"" קריסמס",פריט,0.00,פריט,false,,27.99,0.0000,true,1,127991
4750007897375,false,ביסקוויט לאימה חיות,,,ביסקוויט לאימה חיות 500 גר,גרמים,500.00,100 גרם,false,1,12.90,2.5800,true,1,195836
4750010492826,false,דג שפרוטים מעושנים ר,,,דג שפרוטים מעושנים ריגה צנצנת 250 גר,גרמים,250.00,100 גרם,false,1,14.90,5.9600,true,1,206900
4750011850809,false,אוכמניות מצופות שוקו,,,אוכמניות מצופות שוקולד מריר לאימה 140 גר,גרמים,140.00,100 גרם,false,18,16.90,12.0714,true,1,206170
4750012014804,true,"שמפניה ""סובייטסקויה""",,,"שמפניה ""סובייטסקויה""",פריט,0.00,פריט,false,,29.99,0.0000,true,1,127992
4750012016808,true,שמפניה בהירה חצי מתו,,,שמפניה בהירה חצי מתו,פריט,0.00,פריט,false,,30.99,0.0000,true,1,127993
4750021101229,true,בלזאם שחור מריגה 0.5,,,בלזאם שחור מריגה 0.5,פריט,0.00,פריט,false,,129.99,0.0000,true,1,128010
4750021101281,true,בלזם שחור מריגה 0.5,,,בלזם שחור מריגה 0.5,פריט,0.00,פריט,false,,99.99,0.0000,true,1,128011
4750021101984,true,בלזם שחור מריגה 200,,,בלזם שחור מריגה 200,פריט,0.00,פריט,false,,54.99,0.0000,true,1,128013
4750021103353,true,בלזם שחור מריגה 0.7,,,בלזם שחור מריגה 0.7,פריט,0.00,פריט,false,,129.99,0.0000,true,1,128014
4750021230332,true,וודקה קרנברי 0.7 ליט,,,וודקה קרנברי 0.7 ליט,פריט,0.00,פריט,false,,31.99,0.0000,true,1,128015
4750021537240,true,"בלזם ""ריגה"" שחור עם",,,"בלזם ""ריגה"" שחור עם",פריט,0.00,פריט,false,,78.99,0.0000,true,1,128016
4750022001986,false,רוטב עגבניות 510 גר,,,רוטב עגבניות 510 גר,גרמים,510.00,100 גרם,false,6,15.90,3.1176,true,1,215579
4750022002150,false,סלט ירקות על האש 580,,,סלט ירקות על האש 580 מל,מיליליטרים,580.00,"100 מ""ל",false,6,20.90,3.6034,true,1,215573
4750022002167,false,חמציץ 580 מל,,,חמציץ 580 מל,מיליליטרים,580.00,"100 מ""ל",false,6,20.90,3.6034,true,1,215574
4750022002402,false,רוטב עגבניות חריף בס,,,רוטב עגבניות חריף בסגנון מקסיקני 510 גר,גרמים,510.00,100 גרם,false,6,9.90,1.9412,true,1,219746
4750022184191,false,רוטב פסטו ספילבה 285,,,רוטב פסטו ספילבהנ 285 גר,גרמים,285.00,100 גרם,false,6,15.90,5.5789,true,1,219748
4750022185198,false,רוטב בלזמיקו ספילבה,,,רוטב בלזמיקו ספילבה 285 גר,גרמים,285.00,100 גרם,false,6,15.90,5.5789,true,1,219749
4750022519214,false,רוטב קיסר 380 גר,,,רוטב קיסר 380 גר,גרמים,380.00,100 גרם,false,6,15.90,4.1842,true,1,223741
4750022519269,false,חזרת ספילבה 220 מל,,,חזרת ספילבה 220 מל,מיליליטרים,220.00,"100 מ""ל",false,6,9.90,4.5000,true,1,224812
4750022686190,false,רוטב מנגו צילי 285 ג,,,רוטב מנגו צילי 285 גר,גרמים,285.00,100 גרם,false,6,21.90,7.6842,true,1,215586
4750022694195,false,רוטב פרמזן שום 280 ג,,,רוטב פרמזן שום 280 גר,גרמים,280.00,100 גרם,false,6,21.90,7.8214,true,1,215587
4750022716019,false,רוטב טטרי 385 גר,,,רוטב טטרי 385 גר,גרמים,385.00,100 גרם,false,6,15.90,4.1299,true,1,215585
4750022741295,false,מחית תפוחים עם אפרסק,,,מחית תפוחים עם אפרסק שמנת מתוקה 510 גר,גרמים,510.00,100 גרם,false,6,15.90,3.1176,true,1,215577
4750022781253,false,רוטב בלסמי 270 גר,,,רוטב בלסמי 270 גר,גרמים,270.00,100 גרם,false,6,13.90,5.1481,true,1,228847
4750042000181,false,נקטר תפוחים 1.5 ל פר,Cido,LV,נקטר תפוחים 1.5 ל פרוטו,ליטרים,1.50,ליטר,false,8,14.90,9.9333,true,1,210492
4750042201441,true,"משקה ""קבאס"" 1.5 ליטר",,,"משקה ""קבאס"" 1.5 ליטר",פריט,0.00,פריט,false,,7.99,0.0000,true,1,128037
4750042300830,true,מיץ תפוזים מתוק 100%,,,מיץ תפוזים מתוק 100%,פריט,0.00,פריט,false,,10.99,0.0000,true,1,128038
4750042300854,true,מיץ תפוחים 100% 1 ל,,,מיץ תפוחים 100% 1 ל,פריט,0.00,פריט,false,,10.99,0.0000,true,1,128039
4750042301974,true,מיץ תפוזים 100% 1 ל,,,מיץ תפוזים 100% 1 ל,פריט,0.00,פריט,false,,10.99,0.0000,true,1,128041
4750042302018,true,משקה בטעם פירות טרופ,,,משקה בטעם פירות טרופ,פריט,0.00,פריט,false,,10.99,0.0000,true,1,128042
4750042302025,true,משקה בטעם תפוזים 1.5,,,משקה בטעם תפוזים 1.5,פריט,0.00,פריט,false,,10.99,0.0000,true,1,128043
4750042302711,false,נקטר סידו חמוציות 30,,,נקטר סידו חמוציות 30% 1ל,ליטרים,1.00,ליטר,false,1,14.90,14.9000,true,1,165567
4750042303947,false,מיץ דובדבנים 100% סי,,,מיץ דובדבנים 100% סידו 1ל,ליטרים,1.00,ליטר,false,1,14.90,14.9000,true,1,165566
4750042804215,false,מיץ תפוחים 100% סידו,,,מיץ תפוחים 100% סידו 1ל,ליטרים,1.00,ליטר,false,1,14.90,14.9000,true,1,165565
4750042804321,false,נקטר סידו אננס 50% 1,Cido,,נקטר סידו אננס 50% 1 ל,ליטרים,1.00,ליטר,false,15,14.90,14.9000,true,1,205928
4750042804505,false,נקטר סידו דומדמניות,Cido,,נקטר סידו דומדמניות שחורות ותפוח 1 ל,ליטרים,1.00,ליטר,false,1,14.90,14.9000,true,1,181312
4750042884668,false,נקטר סידו שזיפים 1 ל,Cido,,נקטר סידו שזיפים 1 ל,ליטרים,1.00,ליטר,false,1,14.90,14.9000,true,1,128045
4750050000111,false,חטיף גבינה קרומס קרמ,PIENSAIMNIEKS,,חטיף גבינה קרומס קרמל מלוחה 38 גר,גרמים,38.00,100 גרם,false,40,3.90,10.2632,true,1,208612
4750050000128,false,חטיף גבינה קרומס פטל,PIENSAIMNIEKS,,חטיף גבינה קרומס פטל רימון 38 גר,גרמים,38.00,100 גרם,false,40,3.90,10.2632,true,1,208611
4750050341009,true,ממתק גבינה בשוקולד 5,,,ממתק גבינה בשוקולד 5,פריט,0.00,פריט,false,,3.99,0.0000,true,1,128047
4750050341016,true,ממתק גבינה בשוקולד 5,,,ממתק גבינה בשוקולד 5,פריט,0.00,פריט,false,,3.99,0.0000,true,1,128048
4750050341023,true,ממתק גבינה בשוקולד 5,,,ממתק גבינה בשוקולד 5,פריט,0.00,פריט,false,,3.99,0.0000,true,1,128049
4750050341030,true,ממתק גבינה בשוקולד 5,,,ממתק גבינה בשוקולד 5,פריט,0.00,פריט,false,,3.99,0.0000,true,1,128050
4750050341405,false,חטיף גבינה בטעם וניל,PIENSAIMNIEKS,,ממתק גבינה בשוקולד,גרמים,45.00,100 גרם,false,1,3.90,8.6667,true,1,128051
4750050341498,false,חטיף גבינה בשוקולד ע,PIENSAIMNIEKS,,חטיף גבינה בשוקולד עגוז לוז 45גר,גרמים,45.00,100 גרם,false,1,3.90,8.6667,true,1,160236
4750050341511,false,חטיף גבינה עם יוגורט,PIENSAIMNIEKS,,ממתק גבינה בשוקולד 5,גרמים,50.00,100 גרם,false,1,3.90,7.8000,true,1,128052
4750050342211,false,חטיף גבינה קרומס 45,PIENSAIMNIEKS,,חטיף גבינה קרומס 45 גר 6+1,גרמים,315.00,100 גרם,false,1,22.90,7.2698,true,1,180580
4750050342259,false,חטיף גבינה שוקולד קר,PIENSAIMNIEKS,,חטיף גבינה שוקולד קרומס 45 גר 6+1,גרמים,315.00,100 גרם,false,8,22.90,7.2698,true,1,206310
4750050526086,true,"גבינה מותכת ""דזינטרס",,,"גבינה מותכת ""דזינטרס",פריט,0.00,פריט,false,,20.99,0.0000,true,1,128055
4750109000338,false,ממרח על בסיס שמנת חמ,,,ממרח על בסיס שמנת חמוצה 20% 400 גר,גרמים,400.00,100 גרם,false,1,13.90,3.4750,true,1,213647
4750109157643,false,ממרח על בסיס שמנת חמ,,,ממרח על בסיס שמנת חמוצה 20% 200 גר,גרמים,200.00,100 גרם,false,1,7.90,3.9500,true,1,213646
4750142003426,false,בירה פילזנר אקסטרה פ,"""cesu alus""",,בירה פילזנר אקסטרה פחית 500 מל,מיליליטרים,500.00,"100 מ""ל",false,1,6.90,1.3800,true,1,211697
4750142005000,false,בירה ציסו כהה בוהמיי,"""cesu alus""",,בירה ציסו כהה בוהמיין פח 568 מל,מיליליטרים,568.00,"100 מ""ל",false,1,8.90,1.5669,true,1,226591
4750142016518,false,בירה ציסו לא מסוננת,"""cesu alus""",,בירה ציסו לא מסוננת פח568מל,מיליליטרים,568.00,"100 מ""ל",false,1,8.90,1.5669,true,1,160912
4750142021505,false,בירה פילזנר בהירה 50,"""cesu alus""",,"בירה פילזנר בהירה 500 מ""ל",מיליליטרים,500.00,"100 מ""ל",false,1,6.90,1.3800,true,1,128069
4750211031213,true,"מלפפונים כבושים ""קרו",,,"מלפפונים כבושים ""קרו",פריט,0.00,פריט,false,,9.99,0.0000,true,1,128102
4750211031916,true,"מלפפונים כבושים ""קרו",,,"מלפפונים כבושים ""קרו",פריט,0.00,פריט,false,,17.99,0.0000,true,1,128103
4750211400514,true,"שימורי אפונה 460 גר""",,,"שימורי אפונה 460 גר""",פריט,0.00,פריט,false,,7.99,0.0000,true,1,128104
4750211417116,false,שימורי חמציץ קרוניס,,,שימורי חמציץ קרוניס 290 גר,גרמים,290.00,100 גרם,false,8,9.90,3.4138,true,1,207214
4750211710415,false,מרק קרוניקס בורש 500,,,מרק קרוניקס בורש 500 גר,גרמים,500.00,100 גרם,false,1,11.90,2.3800,true,1,184477
4750211750411,false,מרק קרוניס שעועית 50,סיא קרוניס,,מרק קרוניס שעועית 500 גר,גרמים,500.00,100 גרם,false,1,11.90,2.3800,true,1,186094
4750211760410,false,מרק קרוניקס אפונה 50,,,מרק קרוניקס אפונה 500 גר,גרמים,500.00,100 גרם,false,1,11.90,2.3800,true,1,184475
4750211770419,false,מרק קרוניקס חרצו 500,,,מרק קרוניקס חרצו 500 גר,גרמים,500.00,100 גרם,false,1,11.90,2.3800,true,1,184474
4750211790813,false,מרק קרוניס חמציץ 500,סיא קרוניס,,מרק קרוניס חמציץ 500 גר,גרמים,500.00,100 גרם,false,1,11.90,2.3800,true,1,186095
4750259881252,false,וופל לעוגיות 3 צבעים,,,וופל לעוגיות 3 צבעים,Unknown,0.00,Unknown,false,16,9.90,0.0000,true,1,208014
4750616000203,true,שפרוטים מעושנים 100,,,שפרוטים מעושנים 100,פריט,0.00,פריט,false,,9.99,0.0000,true,1,128129
4750616000210,true,שימורי דג שפרוטים שח,,,שימורי דג שפרוטים שח,פריט,0.00,פריט,false,,9.99,0.0000,true,1,128130
4750616000302,true,סלקה מעושנת בשמן 240,,,סלקה מעושנת בשמן 240,פריט,0.00,פריט,false,,8.99,0.0000,true,1,128131
4750616000463,true,"ממרח שפרוטים 160 גר""",,,"ממרח שפרוטים 160 גר""",פריט,0.00,פריט,false,,4.99,0.0000,true,1,128132
4750616000470,true,שימורי קילקה ברוטב ע,,,שימורי קילקה ברוטב ע,פריט,0.00,פריט,false,,4.99,0.0000,true,1,128133
4750616001194,false,שפרוטים ריגה בשמן 24,BRINVAS VILNUS,,שפרוטים ריגה בשמן 240 גר,גרמים,240.00,100 גרם,false,1,8.90,3.7083,true,1,134449
4750616001217,false,סרדינים בשמן 240 גר,BRINVAS VILNUS,,סרדינים בשמן 240 גר,גרמים,240.00,100 גרם,false,1,6.90,2.8750,true,1,191510
4750616001293,true,שפרוטים בשמן ושום 11,,,שפרוטים בשמן ושום 11,פריט,0.00,פריט,false,,5.99,0.0000,true,1,128136
4750616001309,true,שפרוטים בשמן ובצל 11,,,שפרוטים בשמן ובצל 11,פריט,0.00,פריט,false,,5.99,0.0000,true,1,128137
4750616001316,true,שפרוטים בשמן ולימון,,,שפרוטים בשמן ולימון,פריט,0.00,פריט,false,,5.99,0.0000,true,1,128138
4750616001323,true,שפרוטים בשמן עם שום,,,שפרוטים בשמן עם שום,פריט,0.00,פריט,false,,5.99,0.0000,true,1,128139
4750616001330,true,שפרוטים בשמן תבלינים,,,שפרוטים בשמן תבלינים,פריט,0.00,פריט,false,,8.99,0.0000,true,1,128140
4750616001439,false,סרדינים במיץ עגבניות,BRINVAS VILNUS,,סרדינים במיץ עגבניות 240 גר,גרמים,240.00,100 גרם,false,1,6.90,2.8750,true,1,191511
4750616001651,false,שפרוטים גדולים בשמן,BRINVAS VILNUS,,שפרוטים גדולים בשמן 240 גר,גרמים,240.00,100 גרם,false,1,8.90,3.7083,true,1,128141
4750616001668,true,שימורי שפרוטים גדולי,,,שימורי שפרוטים גדולי,פריט,0.00,פריט,false,,11.99,0.0000,true,1,128142
4750616001989,false,פטה שפרוטים 250 גר,BRINVAS VILNUS,,פטה שפרוטים 250 גר,גרמים,250.00,100 גרם,false,1,6.90,2.7600,true,1,128143
4750616002276,false,קילקה במיץ עגבניות ע,BRINVAS VILNUS,,קילקה במיץ עגבניות עם צילי 240 גר,גרמים,240.00,100 גרם,false,1,6.90,2.8750,true,1,128144
4750616002337,false,קילקה במיץ עגבניות 2,BRINVAS VILNUS,,קילקה במיץ עגבניות 240 גר,גרמים,240.00,100 גרם,false,1,6.90,2.8750,true,1,128146
4750616002344,false,קילקה במיץ עגבניות ו,BRINVAS VILNUS,,קילקה במיץ עגבניות וירקות 240 גר,גרמים,240.00,100 גרם,false,1,6.90,2.8750,true,1,128147
4750616002894,true,"שפרוטים מעושנים ""ריג",,,"שפרוטים מעושנים ""ריג",פריט,0.00,פריט,false,,7.99,0.0000,true,1,128148
4750616002900,true,"שימור"" דגים מעושנים",,,"שימור"" דגים מעושנים",פריט,0.00,פריט,false,,13.99,0.0000,true,1,128149
4750616006588,false,סרדינים על הגריל עם,,LV,סרדינים על הגריל עם לימון בשמן זית 190 ג,גרמים,190.00,100 גרם,false,48,10.90,5.7368,true,1,214248
4750817032010,false,סלט סלמון עם ירקות ב,,,סלט סלמון עם ירקות בטעם מקסיקני 240 גר,גרמים,240.00,100 גרם,false,48,7.90,3.2917,true,1,209211
4750817032027,false,סלט סלמון עם ירקות ב,,,סלט סלמון עם ירקות בטעם איטלקי 240 גר,גרמים,240.00,100 גרם,false,48,7.90,3.2917,true,1,209212
4750817111005,false,פילה סלמון במיץ טבעי,ZENTENE,LV,פילה סלמון במיץ טבעי 200 גר,גרמים,200.00,100 גרם,false,48,9.90,4.9500,true,1,205996
4750817111050,false,פילה סלמון עדין ברוט,,,פילה סלמון עדין ברוטב עגבניות 200 גר,גרמים,200.00,100 גרם,false,1,7.90,3.9500,true,1,226971
4750817111616,false,פילה סלמון ברוטב עגב,ZENTENE,LV,פילה סלמון ברוטב עגבניות 200 גר,גרמים,200.00,100 גרם,false,48,9.90,4.9500,true,1,205997
4750817133120,false,סרדינים בשמן 240 גר,ZENTENE,LV,סרדינים בשמן 240 גר,גרמים,240.00,100 גרם,false,48,8.90,3.7083,true,1,205990
4750817135124,false,הרינג בשמן 240 גר,ZENTENE,LV,הרינג בשמן 240 גר,גרמים,240.00,100 גרם,false,48,7.90,3.2917,true,1,205992
4750817136619,false,קילקה ברוטב עגבניות,ZENTENE,LV,קילקה ברוטב עגבניות 240 גר,גרמים,240.00,100 גרם,false,48,5.90,2.4583,true,1,205989
4750817136817,false,סרדינים ברוטב עגבניו,ZENTENE,LV,סרדינים ברוטב עגבניות 240 גר,גרמים,240.00,100 גרם,false,48,8.90,3.7083,true,1,205991
4750817137111,false,מקרל ברוטב עגבניות 2,ZENTENE,LV,מקרל ברוטב עגבניות 240 גר,גרמים,240.00,100 גרם,false,48,9.90,4.1250,true,1,205995
4750817137821,false,מקרל בשמן 240 גר,ZENTENE,LV,מקרל בשמן 240 גר,גרמים,240.00,100 גרם,false,48,9.90,4.1250,true,1,205994
4750817138811,false,סאירה ברוטב עגבניות,,,סאירה ברוטב עגבניות 240 גר,גרמים,240.00,100 גרם,false,48,10.90,4.5417,true,1,223724
4750817140838,false,פילה סלמון על האש בר,,,פילה סלמון על האש ברוטב עגבניות 220 גר,גרמים,220.00,100 גרם,false,1,10.90,4.9545,true,1,220404
4750817140913,false,פילה סלמון על האש בר,,,פילה סלמון על האש ברוטב חרדל 220 גר,גרמים,220.00,100 גרם,false,1,10.90,4.9545,true,1,220405
4750817224927,false,שפרוטים מעושנים בשמן,,,שפרוטים מעושנים בשמן צמחי שקוף 240 גר,גרמים,240.00,100 גרם,false,1,14.90,6.2083,true,1,220407
4750817520791,false,פילה סלומון על האש ב,PIEJURA,,פילה סלומון על האש בשמן צמחי 220 גרם,גרמים,220.00,100 גרם,false,1,11.90,5.4091,true,1,219214
4750817520852,false,פילה סלומון מעושן בש,PIEJURA,,פילה סלומון מעושן בשמן צמחי 220 גרם,גרמים,220.00,100 גרם,false,1,11.90,5.4091,true,1,219218
4750817584922,false,שפרוטים מעושנים בשמן,,,שפרוטים מעושנים בשמן צמחי 325 גר,גרמים,325.00,100 גרם,false,1,13.90,4.2769,true,1,220408
4751000174586,false,דובשניות אדוגס בטעם,ADUGS,,דובשניות אדוגס בטעם שמנת 500 גר,גרמים,500.00,100 גרם,false,1,12.90,2.5800,true,1,187984
4751000179185,true,"עוגת וופל ""רומיאו"" ב",,,"עוגת וופל ""רומיאו"" ב",פריט,0.00,פריט,false,,13.99,0.0000,true,1,128164
4751000837368,false,מאפה זאפירה עם חתיכו,סיא דאוגיליס פארטנרי,,מאפה זאפירה עם חתיכות אננס 300 גר,גרמים,300.00,100 גרם,false,1,15.90,5.3000,true,1,188147
4751000837382,false,מאפה זאפירה בטעם פטל,סיא דאוגיליס פארטנרי,,מאפה זאפירה בטעם פטל 300 גר,גרמים,300.00,100 גרם,false,1,15.90,5.3000,true,1,188146
4751000837610,false,מאפה זאפירה בטעם צימ,סיא דאוגיליס פארטנרי,,מאפה זאפירה בטעם צימוקים 320 גר,גרמים,320.00,100 גרם,false,1,15.90,4.9688,true,1,189242
4751001580010,true,קילקה ברוטב עגבניות,,,קילקה ברוטב עגבניות,פריט,0.00,פריט,false,,4.99,0.0000,true,1,128167
4751001580072,true,"ממרח שפרוטים 160 ג""ר",,,"ממרח שפרוטים 160 ג""ר",פריט,0.00,פריט,false,,3.99,0.0000,true,1,128168
4751001580201,true,"שפרוטים 160 ג""ר",,,"שפרוטים 160 ג""ר",פריט,0.00,פריט,false,,7.99,0.0000,true,1,128171
4751001580461,true,"שפרוטים 190 ג""ר",,,"שפרוטים 190 ג""ר",פריט,0.00,פריט,false,,12.99,0.0000,true,1,128173
4751001580515,true,"סלקה 190 ג""ר",,,"סלקה 190 ג""ר",פריט,0.00,פריט,false,,12.99,0.0000,true,1,128174
4751001580577,true,"דג קוריושקה 190 גר""",,,"דג קוריושקה 190 גר""",פריט,0.00,פריט,false,,12.99,0.0000,true,1,128175
4751001580614,true,קציצות דג ברוטב עגבנ,,,קציצות דג ברוטב עגבנ,פריט,0.00,פריט,false,,5.99,0.0000,true,1,128176
4751001580638,true,פריקדלקי ברוטב עגבני,,,פריקדלקי ברוטב עגבני,פריט,0.00,פריט,false,,5.99,0.0000,true,1,128177
4751001583080,true,קציצות דג ברוטב עגבנ,,,קציצות דג ברוטב עגבנ,פריט,0.00,פריט,false,,6.99,0.0000,true,1,128185
4751003923358,false,קילקה מטוגן ברוטב חר,REGATTA,,קילקה מטוגן ברוטב חרדל רגטה 240 גר,גרמים,240.00,100 גרם,false,1,6.90,2.8750,true,1,186981
4751004074882,true,פילה סלומון פרוס קטן,,,פילה סלומון פרוס קטן,פריט,0.00,פריט,false,,34.99,0.0000,true,1,128190
4751005703569,false,שפרוטים פיגיורה בשמן,PIEJURA,,שפרוטים פיגיורה בשמן 250גר,גרמים,250.00,100 גרם,false,1,16.90,6.7600,true,1,161662
4751007730693,false,דג סלמון ברוטב עגבני,ALTAYSKAYA KRUPA,,דג סלמון ברוטב עגבניות 240 גר,מיליליטרים,240.00,"100 מ""ל",false,24,7.90,3.2917,true,1,223865
4751007730938,false,שפרוטים מעושנים בשמן,,,שפרוטים מעושנים בשמן צמחי 240 גר,גרמים,240.00,100 גרם,false,24,8.90,3.7083,true,1,200758
4751007732666,false,פילה סלמון ברוטב עגב,,,פילה סלמון ברוטב עגבניות פיקנטי ארנולד,גרמים,170.00,100 גרם,false,1,11.90,7.0000,true,1,211808
4751007732864,false,פילה סלמון ברוטב חרד,KARAVELA,,פילה סלמון ברוטב חרד,גרמים,170.00,100 גרם,false,1,11.90,7.0000,true,1,128200
4751007733991,false,פילה סלמון במיץ טבעי,,,פילה סלמון במיץ טבעי ארנולד,גרמים,200.00,100 גרם,false,1,13.90,6.9500,true,1,211810
4751007734486,true,הרינג מטוגן מקסיקני,,,הרינג מטוגן מקסיקני,פריט,0.00,פריט,false,,6.99,0.0000,true,1,128205
4751007734493,true,הרינג מטוגן סיני,,,הרינג מטוגן סיני,פריט,0.00,פריט,false,,6.99,0.0000,true,1,128206
4751007734509,true,הרינג מטוגן עם ירקות,,,הרינג מטוגן עם ירקות,פריט,0.00,פריט,false,,6.99,0.0000,true,1,128207
4751007737753,false,קילקה מטוגנת ברוטב ע,,,קילקה מטוגנת ברוטב עגבניות 240 גר,גרמים,240.00,100 גרם,false,24,6.90,2.8750,true,1,207579
4751007737760,false,קילקה ברוטב עגבניות,SAIVA,,קילקה ברוטב עגבניות 240 גר,גרמים,240.00,100 גרם,false,24,6.90,2.8750,true,1,208831
4751007738149,false,שימורי מולים מעושנות,,,שימורי מולים מעושנות בשמן לפתית 120 גר,גרמים,120.00,100 גרם,false,10,12.90,10.7500,true,1,214181
4751007738385,false,קילקה ברוטב עגבניות,,,קילקה ברוטב עגבניות פתיחה קלה 240 גר,גרמים,240.00,100 גרם,false,24,5.90,2.4583,true,1,210505
4751007738408,false,שימורי דג קילקה מטוג,MALBI CHOCOLATE,,שימורי דג קילקה מטוגנת ברוטב עגבניות 240,גרמים,240.00,100 גרם,false,1,7.90,3.2917,true,1,212203
4751008660821,false,ממתק אומניה ללא סוכר,,,ממתק אומניה ללא סוכר עם אגוזי לוז 90,גרמים,90.00,100 גרם,false,1,6.90,7.6667,true,1,198833
4751008660838,false,ממתק אומניה שקדים לל,,,ממתק אומניה ללא סוכר 90 גר,גרמים,90.00,100 גרם,false,1,6.90,7.6667,true,1,198832
4751008660845,false,ממתק אומניה ללא סוכר,,,ממתק אומניה ללא סוכר עם שקדים 90 גר,גרמים,90.00,100 גרם,false,1,6.90,7.6667,true,1,198834
4751014600033,true,לחם קנטי 700 גרם,,,לחם קנטי 700 גרם,פריט,0.00,פריט,false,,16.99,0.0000,true,1,128208
4751014601504,true,לחם קנטרי עם פירות ו,,,לחם קנטרי עם פירות ו,פריט,0.00,פריט,false,,20.99,0.0000,true,1,128209
4751017400227,false,קילקה באנגה ברוטב עג,סיא בוגה,,קילקה באנגה ברוטב עגבניות 240 גר,גרמים,240.00,100 גרם,false,1,5.90,2.4583,true,1,182217
4751017402863,false,שימורי מולים מעושנים,סיא בוגה,LV,שימורי מולים מעושנים בשמן עם לימוןבאנגה,גרמים,120.00,100 גרם,false,14,12.90,10.7500,true,1,213459
4751017403419,false,כבד דג שיבוט במיץ טב,MALBI CHOCOLATE,,כבד דג שיבוט במיץ טבעי 115 גר,גרמים,115.00,100 גרם,false,1,9.90,8.6087,true,1,212202
4751019530977,false,מוזלי אגוזים גרסי 50,,,מוזלי אגוזים גרסי 500 גר,גרמים,500.00,100 גרם,false,1,21.90,4.3800,true,1,214496
4751019530984,false,מוזלי שוקולד גרסי 50,,,מוזלי שוקולד גרסי 500 גר,גרמים,500.00,100 גרם,false,1,21.90,4.3800,true,1,214494
4751019530991,false,מוזלי פירות מיובשים,,,מוזלי פירות מיובשים גרסי 500 גר,גרמים,500.00,100 גרם,false,1,21.90,4.3800,true,1,214495
4751027950026,false,שוקולד ללא סוכר מריר,PIEJURA,,שוקולד ללא סוכר מריר עם שקדים ותפוזים,גרמים,110.00,100 גרם,false,1,10.90,9.9091,true,1,219222
4751029290472,false,ממרח סלמון 240 גר,,,ממרח סלמון 240 גר,גרמים,240.00,100 גרם,false,1,13.90,5.7917,true,1,206559
4751031690048,false,חתיכות סורימי 300 גר,,,חתיכות סורימי 300 גר,גרמים,300.00,100 גרם,false,1,16.90,5.6333,true,1,229134
4751033540426,false,שוקולד מריר 80% קולו,,,שוקולד חלב 80% קולומביה 100 גר,גרמים,100.00,100 גרם,false,1,12.90,12.9000,true,1,213129
4752038001929,false,קרקר מלוח 300 גר,ADUGS,,קרקר מלוח 300 גרם,גרמים,300.00,100 גרם,false,1,10.90,3.6333,true,1,128214
4752038001936,false,קרקר עם בצל 300 גר,ADUGS,,קרקר עם בצל 300 גרם,גרמים,300.00,100 גרם,false,1,10.90,3.6333,true,1,128215
4752038006184,false,דובשניות אדוגס בטעם,ADUGS,,דובשניות אדוגס בטעם מנטה 500 גר,גרמים,500.00,100 גרם,false,1,12.90,2.5800,true,1,198875
4752040000217,true,"ברנדי ""צ""ורניי אייסט",,,"ברנדי ""צ""ורניי אייסט",פריט,0.00,פריט,false,,39.99,0.0000,true,1,128216
4752040000248,true,"אייס לבן 0.5 ל""",,,"אייס לבן 0.5 ל""",פריט,0.00,פריט,false,,39.99,0.0000,true,1,128219
4752040000286,true,"ברנדי ""צ""ורניי אייסט",,,"ברנדי ""צ""ורניי אייסט",פריט,0.00,פריט,false,,44.99,0.0000,true,1,128220
4752052003701,false,סלק מבושל 500 גר,,,סלק מבושל 500 גר,גרמים,500.00,100 גרם,false,1,6.90,1.3800,true,1,205842
4760001600024,false,רוטב רימונים זהב נרש,,,"רכז רימונים 250 מ""ל",גרמים,430.00,100 גרם,false,1,27.90,6.4884,true,1,128222
4760007300461,false,רוטב רימונים נרשרב 4,,,רוטב רימונים נרשרב 450 גר,גרמים,450.00,100 גרם,false,1,25.90,5.7556,true,1,189010
4760009800426,true,מיץ רימונים 1 ליטר,,,מיץ רימונים 1 ליטר,פריט,0.00,פריט,false,,20.99,0.0000,true,1,128226
4760018504735,false,ריבת דובדבן לבן 400,BIZIM TARLA,,ריבת דובדבן לבן 400 גר,גרמים,400.00,100 גרם,false,1,17.90,4.4750,true,1,135379
4760018504742,false,ריבת תאנים 400 גר,BIZIM TARLA,,ריבת תאנים 400 גר,גרמים,400.00,100 גרם,false,1,15.90,3.9750,true,1,135375
4760018504773,false,ריבת אגוזי מלך 400 ג,BIZIM TARLA,,ריבת אגוזי מלך 400 גר,גרמים,400.00,100 גרם,false,1,17.90,4.4750,true,1,135377
4760062100846,false,תה שחור בוקט 250 גר,,,תה שחור בוקט 250 גר,גרמים,250.00,100 גרם,false,1,29.90,11.9600,true,1,210095
4760062101805,false,תה שחור בוקט 50 גר,,,תה שחור בוקט 50 גר,גרמים,50.00,100 גרם,false,1,9.90,19.8000,true,1,210098
4760065704652,false,מיץ רימונים 1 ל,,,מיץ רימונים 1 ל,ליטרים,1.00,ליטר,false,1,21.90,21.9000,true,1,193310
4760065709145,false,מלפפון בחומץ 670 גר,אינטרקום יוון,,מלפפון בחומץ 670 גר,גרמים,670.00,100 גרם,false,12,14.90,2.2239,true,1,225059
4760068002397,false,ממרח חצילים קלויים 3,אינטרקום יוון,,ממרח חצילים קלויים 315 גר,גרמים,315.00,100 גרם,false,20,14.90,4.7302,true,1,225058
4760074601058,false,גלידת שמנת בטעם וניל,,,גלידת שמנת בטעם וניל בציפוי שוקולד 75 גר,גרמים,75.00,100 גרם,false,1,6.90,9.2000,true,1,228649
4760074601065,false,גלידת שמנת בטעם שוקו,,,גלידת שמנת בטעם שוקולד בציפוי שוקולד 75,גרמים,75.00,100 גרם,false,1,6.90,9.2000,true,1,228650
4760074601072,false,גלידת שמנת בטעם וניל,,,גלידת שמנת בטעם וניל בציפוי שוקולד אגוז,גרמים,75.00,100 גרם,false,1,6.90,9.2000,true,1,228651
4760074601331,false,גלידת שמנת וניל בציפ,,,גלידת שמנת וניל בציפוי קקאו 90 גר,גרמים,90.00,100 גרם,false,1,6.90,7.6667,true,1,228654
4760093400045,false,סוכר לבן קוביות 500,,,סוכר לבן קוביות 500 גר,גרמים,500.00,100 גרם,false,1,9.90,1.9800,true,1,219988
4760129500107,false,ריבת דובדבן לבן 400,,,ריבת דובדבן לבן 400 גר,גרמים,400.00,100 גרם,false,1,18.90,4.7250,true,1,226771
4760129500268,false,ריבת חבושים 400 גר,,,ריבת חבושים 400 גר,גרמים,400.00,100 גרם,false,1,18.90,4.7250,true,1,226774
4760129500961,false,ריבת דובדבן 400 גר,,,ריבת דובדבן 400 גר,גרמים,400.00,100 גרם,false,1,18.90,4.7250,true,1,226773
4760129500978,false,ריבת תות שדה 400 גר,,,ריבת תות שדה 400 גר,גרמים,400.00,100 גרם,false,1,18.90,4.7250,true,1,226772
4760129500985,false,ריבת קורנל 400 גר,,,ריבת קורנל 400 גר,גרמים,400.00,100 גרם,false,1,18.90,4.7250,true,1,226770
4770033221609,false,וודקה סטרקה ליטה 700,STUMBRAS,,וודקה סטרקה ליטה 0.7,מיליליטרים,700.00,"100 מ""ל",false,1,59.90,8.5571,true,1,128240
4770033224709,true,"וודקה ליטה ""קולוס"" 0",,,"וודקה ליטה ""קולוס"" 0",פריט,0.00,פריט,false,,49.99,0.0000,true,1,128255
4770033225133,false,ברנדי גלוריה בטעם שז,STUMBRAS,,ברנדי גלוריה בטעם שזיף 500 מל,מיליליטרים,500.00,"100 מ""ל",false,1,54.90,10.9800,true,1,215784
4770033227472,false,ברנדי גלוריה 700 מל,STUMBRAS,,"ברנדי ""גלוריה"" XO 0.7 ל",מיליליטרים,700.00,"100 מ""ל",false,1,119.90,17.1286,true,1,134762
4770033228035,false,נסטויקה ליטא דובדבן,STUMBRAS,,"נסטויקה ""ליטא"" דובדבן 0.7ל",מיליליטרים,700.00,"100 מ""ל",false,1,49.90,7.1286,true,1,135370
4770075221186,false,סיידר KISS בטעם דובד,,,סיידר KISS בטעם דובדבן מותסס פחית 500 מל,מיליליטרים,500.00,"100 מ""ל",false,1,6.90,1.3800,true,1,206956
4770075447845,false,בירה בהירה אקסטרא פח,סוויטוריס-אוטנוס אלט,,בירה בהירה אקסטרא פח 568 מל,מיליליטרים,568.00,"100 מ""ל",false,1,8.90,1.5669,true,1,222318
4770075448071,false,בירה קוניג סטאדטר 5%,,,"בירה קוניג סטאדטר 5% פח 500 מ""ל",מיליליטרים,500.00,"100 מ""ל",false,1,6.90,1.3800,true,1,199334
4770075449146,false,בירה אוטנוס בטעם דוב,סוויטוריס-אוטנוס אלט,,בירה אוטנוס בטעם דובדבן פח 568 מל,מיליליטרים,568.00,"100 מ""ל",false,1,8.90,1.5669,true,1,226286
4770075449542,false,בירה הלס בורג 5% פח,,,"בירה הלס בורג 5% פח 500 מ""ל",מיליליטרים,500.00,"100 מ""ל",false,1,6.90,1.3800,true,1,199333
4770075450036,false,בירה סטורמנו חזקה 7.,,,בירה סטורמנו חזקה 7.3% פח 500 מל,מיליליטרים,500.00,"100 מ""ל",false,1,6.90,1.3800,true,1,215185
4770134160135,true,דג טארנקה שלם 200 גר,,,דג טארנקה שלם 200 גר,פריט,0.00,פריט,false,,18.99,0.0000,true,1,132742
4770179109991,false,בונבוניירה פרגלה עם,,,בונבוניירה פרגלה עם וודקה 190 גר,גרמים,190.00,100 גרם,false,1,16.90,8.8947,true,1,207484
4770179110126,false,בונבוניירה פרגלה עם,,,בונבוניירה פרגלה עם ליקר שרי 190 גר,גרמים,190.00,100 גרם,false,1,16.90,8.8947,true,1,207485
4770179117910,true,אסורטי 385 גרם,,,אסורטי 385 גרם,פריט,0.00,פריט,false,,24.99,0.0000,true,1,128301
4770179118856,true,בונבוניירות אסורטי ק,,,בונבוניירות אסורטי ק,פריט,0.00,פריט,false,,32.99,0.0000,true,1,128306
4770179138045,true,"דרז""ה מצופה סוכר 80",,,"דרז""ה מצופה סוכר 80",פריט,0.00,פריט,false,,4.99,0.0000,true,1,128332
4770179138052,true,"דרז""ה מצופה קקאו 80",,,"דרז""ה מצופה קקאו 80",פריט,0.00,פריט,false,,4.99,0.0000,true,1,128333
4770179138069,true,"דרז""ה עם בוטנים צבעו",,,"דרז""ה עם בוטנים צבעו",פריט,0.00,פריט,false,,4.99,0.0000,true,1,128334
4770179180082,false,ממתק שוקולד פרגלה דו,,,ממתק שוקולד פרגלה דובדבן 225 גר,גרמים,225.00,100 גרם,false,1,21.90,9.7333,true,1,220519
4770179998366,false,בונ פרליני שקולד בטע,,,בונ פרליני שקולד בטעמי קינוחים 113 גר,גרמים,113.00,100 גרם,false,1,10.90,9.6460,true,1,221526
4770179999042,false,בונ פרליני שקולד מרי,,,בונ פרליני שקולד מריר 114 גר,גרמים,114.00,100 גרם,false,1,10.90,9.5614,true,1,221529
4770190133210,false,מקלות סורימי עם בשר,,,מקלות סורימי עם בשר סרטן ים 200 גר,גרמים,200.00,100 גרם,false,14,16.90,8.4500,true,1,215567
4770190134781,false,בשר סורימי עם בשר סר,,,בשר סורימי עם בשר סרטן ים 120 גר,גרמים,120.00,100 גרם,false,20,10.90,9.0833,true,1,215566
4770237049290,false,גלידה אסקימו פלומביר,,,גלידה אסקימו פלומביר 58 גר,גרמים,58.00,100 גרם,false,1,5.90,10.1724,true,1,154473
4770237049313,false,גלידה אסקימו פלומביר,,,גלידה אסקימו פלומביר עם שקדים 63 גר,גרמים,63.00,100 גרם,false,1,5.90,9.3651,true,1,154475
4770237051804,false,חטיף גבינה וניל 45 ג,פנו ז'ויגזדס,,חטיף גבינה וניל 45 גר,גרמים,45.00,100 גרם,false,1,3.90,8.6667,true,1,162788
4770237051811,false,חטיף גבינה ריבת חלב,פנו ז'ויגזדס,,חטיף גבינה ריבת חלב 45 גר,גרמים,45.00,100 גרם,false,1,3.90,8.6667,true,1,162791
4770237051828,false,חטיף גבינה תות שדה 4,פנו ז'ויגזדס,,חטיף גבינה תות שדה 45 גר,גרמים,45.00,100 גרם,false,1,3.90,8.6667,true,1,162790
4770237051842,false,חטיף גבינה שוקולד 45,פנו ז'ויגזדס,,חטיף גבינה שוקולד 45 גר,גרמים,45.00,100 גרם,false,1,3.90,8.6667,true,1,162789
4770237052092,false,גלידת סליבוצנויה גבי,,,גלידת סליבוצנויה גביע וופל 85 גר,גרמים,85.00,100 גרם,false,1,5.90,6.9412,true,1,165462
4770237055055,false,בסגנון שמנת 30% 200,,,בסגנון שמנת 30% 200 גר,גרמים,200.00,100 גרם,false,1,10.90,5.4500,true,1,201550
4770237055574,false,גלידת שמנת עם שקדים,,,גלידת שמנת עם שקדים 85 גר,גרמים,85.00,100 גרם,false,1,5.90,6.9412,true,1,200567
4770237055604,false,גלידה שוקו פלומביר ע,,,גלידה שוקו פלומביר עם אגוז סבליה דלי 400,גרמים,400.00,100 גרם,false,1,25.90,6.4750,true,1,201940
4770237056748,false,גלידת אסקימו עגול פל,ז'יטומרסקי זאבוד,,גלידת אסקימו עגול פלומביר מסטיק סבליה 58,גרמים,58.00,100 גרם,false,30,5.90,10.1724,true,1,212993
4770237057578,false,חטיף גבינה שוקולד 40,,,חטיף גבינה שוקולד 40 גר,גרמים,40.00,100 גרם,false,15,4.90,12.2500,true,1,224350
4770245045178,true,"חמאה ""רוקשקה"" 82% 20",,,"חמאה ""רוקשקה"" 82% 20",פריט,0.00,פריט,false,,13.99,0.0000,true,1,128352
4770265045264,false,דייסת שיבולת שועל 20,,,דייסת שיבולת שועל 200 גר,גרמים,200.00,100 גרם,false,1,7.90,3.9500,true,1,198943
4770265046568,false,דייסת אורז עם משמש 2,,,דייסת אורז עם משמש 200 גר,גרמים,200.00,100 גרם,false,1,7.90,3.9500,true,1,198946
4770265046575,false,דייסת סולת עם תותי ב,,,דייסת סולת עם תותי בר 200 גר,גרמים,200.00,100 גרם,false,1,7.90,3.9500,true,1,198945
4770265219382,false,תחליף גבינה אנלוגי ג,,,ת.גבינה אנלוגי גורמן מעושנת 600 גר,גרמים,600.00,100 גרם,false,1,44.90,7.4833,true,1,221675
4770265219535,false,תחליף גבינה מעושנת ג,,,תחליף גבינה אבלוגי מעושנת גורמן 150 גר,גרמים,150.00,100 גרם,false,1,11.90,7.9333,true,1,221636
4770266127853,false,חלבה חמניות 300 גר,,,חלבה חמניות 300 גר,גרמים,300.00,100 גרם,false,10,10.90,3.6333,true,1,223692
4770275048019,false,חמאה סבליה מלוחה 200,פנו ז'ויגזדס,,"חמאה סווליה מלוחה 200 ג""ר",גרמים,200.00,100 גרם,false,1,13.90,6.9500,true,1,162572
4770275049580,false,בסגנון טבורוג סבליה,,,בסגנון טבורוג סבליה 5% 370 גר,גרמים,370.00,100 גרם,false,1,18.90,5.1081,true,1,187442
4770275049603,false,בסגנון טבורוג סבליה,,,בסגנון טבורוג סבליה 9% 370 גר,גרמים,370.00,100 גרם,false,1,18.90,5.1081,true,1,187441
4770299045186,false,חמאה ליטאית דמיטיזוס,,,"חמאה ""ג""מיטוס"" 200 ג",גרמים,200.00,100 גרם,false,1,11.90,5.9500,true,1,128355
4770299399708,false,חמאת דזוגס 200 גר,,,חמאת דזוגס 200 גר,גרמים,200.00,100 גרם,false,1,11.90,5.9500,true,1,224367
4770301234935,false,בירה באלטיק פורטר וו,,,בירה באלטיק פורטר וולפאס אנגלמן 568 מל,מיליליטרים,568.00,"100 מ""ל",false,1,9.90,1.7430,true,1,226368
4770301236861,false,משקה קוואס לבובסקי 1,,,משקה קוואס לבובסקי 1.5 ל,ליטרים,1.50,ליטר,false,1,13.90,9.2667,true,1,227399
4770337047431,false,תחליף גבינה סבליה 15,,,תחליף גבינה סבליה 150 גר,גרמים,150.00,100 גרם,false,1,11.90,7.9333,true,1,190631
4770337047455,false,תחליף גבינה רוסייסקי,,,תחליף גבינה רוסייסקי 150 גר,גרמים,150.00,100 גרם,false,1,11.90,7.9333,true,1,190633
4770349227203,false,בירה בלטס חפוויזן לא,,,"בירה בלטס חפוויזן לא מסונן 568 מ""ל",מיליליטרים,568.00,"100 מ""ל",false,1,8.90,1.5669,true,1,211318
4770583207290,true,אוכמניות שחורות מרוס,,,אוכמניות שחורות מרוס,פריט,0.00,פריט,false,,23.99,0.0000,true,1,128377
4770583207382,true,חמוציות מרוסקות עם ס,,,חמוציות מרוסקות עם ס,פריט,0.00,פריט,false,,23.99,0.0000,true,1,128378
4770583214458,true,"מיונז פרובנסל 900 ג""",,,"מיונז פרובנסל 900 ג""",פריט,0.00,פריט,false,,19.99,0.0000,true,1,128383
4770583214557,true,"מיונז פרובנסל 450 ג""",,,"מיונז פרובנסל 450 ג""",פריט,0.00,פריט,false,,11.99,0.0000,true,1,128384
4770583219194,false,כרוב עם חמוציות 900,KEDANEYSKI KONSERVNY,,"כרוב עם חמוציות 900 מ""ל",מיליליטרים,900.00,"100 מ""ל",false,8,17.90,1.9889,true,1,201517
4770583221340,false,מיונז אמריקן 620 גר,,,מיונז אמריקן 620 גר,גרמים,620.00,100 גרם,false,1,23.90,3.8548,true,1,211331
4770583228233,false,ממרח סלמון בטעם פיקנ,,,ממרח סלמון בטעם פיקנטי 280 גר,גרמים,280.00,100 גרם,false,1,17.90,6.3929,true,1,226576
4771033017070,false,בגט צרפתי אפוי למחצה,סיא בוגה,,בגט צרפתי אפוי למחצה עם חמאה ושום 175 גר,גרמים,175.00,100 גרם,false,1,10.90,6.2286,true,1,213048
4771050157575,true,"מרגרינה ""וילנוס"" 50%",,,"מרגרינה ""וילנוס"" 50%",פריט,0.00,פריט,false,,9.99,0.0000,true,1,128396
4771218191014,true,בייגל על חלב בטעם ונ,,,בייגל על חלב בטעם ונ,פריט,0.00,פריט,false,,9.99,0.0000,true,1,128401
4771218192127,true,מיני בייגל מתוק 180,,,מיני בייגל מתוק 180,פריט,0.00,פריט,false,,6.99,0.0000,true,1,128402
4771218192479,true,מיני צנימים עם צימוק,,,מיני צנימים עם צימוק,פריט,0.00,פריט,false,,6.99,0.0000,true,1,128403
4771218192493,true,מיני צנימים מתוקים 2,,,מיני צנימים מתוקים 2,פריט,0.00,פריט,false,,6.99,0.0000,true,1,128404
4771218192714,true,"בייגל מתוק 200 גר""",,,"בייגל מתוק 200 גר""",פריט,0.00,פריט,false,,6.99,0.0000,true,1,128405
4771218192752,true,צנימים בטעם וניל 200,,,צנימים בטעם וניל 200,פריט,0.00,פריט,false,,6.99,0.0000,true,1,128406
4771340161084,true,"דג ""מויבה"" קפוא 1 ק""",,,"דג ""מויבה"" קפוא 1 ק""",פריט,0.00,פריט,false,,19.99,0.0000,true,1,128409
4771632311944,false,בוטנים מצופים בטעם ש,,LT,בוטנים מצופים בטעם שמנת חמוצה ובצל 190 ג,גרמים,190.00,100 גרם,false,1,16.90,8.8947,true,1,222759
4771632314686,false,בוטנים מצופים בטעם ג,,LT,בוטנים מצופים בטעם גבינה ובצל 190 גר,גרמים,190.00,100 גרם,false,1,16.90,8.8947,true,1,222758
4779020980260,true,שימורי כבד דג שיבוט,,,שימורי כבד דג שיבוט,פריט,0.00,פריט,false,,14.99,0.0000,true,1,128412
4779027470764,true,"גביניות ""קוט לאופולד",,,"גביניות ""קוט לאופולד",פריט,0.00,פריט,false,,3.99,0.0000,true,1,134820
4779027471143,false,חטיף גבינה לבנה בטעם,,,חטיף גבינה לבנה בטעם חלב מרוכז 43 גר,גרמים,43.00,100 גרם,false,,3.90,9.0698,true,1,227594
4779027471150,false,חטיף גבינה לבנה בטעם,,,חטיף גבינה לבנה בטעם פלומביר 43 גר,גרמים,43.00,100 גרם,false,,3.90,9.0698,true,1,227595
4779027471167,false,חטיף גבינה לבנה בטעם,,,חטיף גבינה לבנה בטעם קרם ברולה 43 גר,גרמים,43.00,100 גרם,false,,3.90,9.0698,true,1,227596
4779027471181,false,חטיף גבינה לבנה במיל,,,חטיף גבינה לבנה במילוי דובדבנים 43 גר,גרמים,43.00,100 גרם,false,,3.90,9.0698,true,1,227597
4779031277830,false,פיצה מנטינגה 3 גבינו,MANTINGA,,פיצה מנטינגה 3 גבינות נפולטנה 305 גר,גרמים,305.00,100 גרם,false,1,20.90,6.8525,true,1,212896
4779031278738,false,פיצה מנטינגה 3 גבינו,MANTINGA,,פיצה מנטינגה 3 גבינות נפולטנה פטריות 315,גרמים,315.00,100 גרם,false,1,20.90,6.6349,true,1,220954
4779036871378,false,גלידת שמנת בטעם וניל,,,גלידת שמנת בטעם וניל בגביע 75 גר,גרמים,75.00,100 גרם,false,1,5.90,7.8667,true,1,226626
4779036940852,false,עוגיות שוקו גריבוצקי,קאן אגריטך פרייבט למ,,עוגיות שוקו גריבוצקי,Unknown,0.00,Unknown,false,1,5.90,0.0000,true,1,226851
4779040612073,false,נתחי פילה הרינג מומל,,,נתחי פילה הרינג מומלח בשמן עם שמיר 210 ג,גרמים,210.00,100 גרם,false,1,13.90,6.6190,true,1,227286
4779040612097,false,פילה הרינג מומלח בטע,,,פילה הרינג מומלח בטעם מעושן 240 גר,גרמים,240.00,100 גרם,false,1,11.90,4.9583,true,1,228692
4780030690292,false,מלפפונים בחומץ שום ש,,,מלפפונים בחומץ שום שמיר 720 מל,מיליליטרים,720.00,"100 מ""ל",false,1,13.90,1.9306,true,1,228485
4780047500683,false,שום בחומץ 720 גר,,,שום בחומץ 720 גר,גרמים,720.00,100 גרם,false,1,19.90,2.7639,true,1,228496
4780100580065,false,עלי תה ירוק סיני מעי,יוטי פקטורי,,"תה מעיין ירוק 200 ג""",גרמים,200.00,100 גרם,false,1,15.90,7.9500,true,1,128423
4791001061263,false,תה אדבין אסורטי 100,,,תה אדבין אסורטי 100,גרמים,150.00,100 גרם,false,1,21.90,14.6000,true,1,128440
4791021001096,false,תה סגול עטוף 100 שק,IMPRA,,"תה סגול עטוף 100יח""",גרמים,200.00,100 גרם,false,1,22.90,11.4500,true,1,128442
4791021002789,false,תה ירוק אימפרה 100 ש,IMPRA,,תה ירוק אימפרה 100 ש,גרמים,200.00,100 גרם,false,1,22.90,11.4500,true,1,128446
4791021003397,false,תה אימפרה שחור פירות,IMPRA,,"תה ""מתנה"" שחור פירות",גרמים,160.00,100 גרם,false,1,29.90,18.6875,true,1,128447
4791021003588,false,תה אימפרה צהוב 100 ש,IMPRA,,תה אימפרה צהוב 100 ש,גרמים,150.00,100 גרם,false,1,11.90,7.9333,true,1,128448
4791021004608,false,תה ירוק יסמין 100 שק,IMPRA,,תה ירוק יסמין 2גר 10,גרמים,200.00,100 גרם,false,1,22.90,11.4500,true,1,128455
4791021006930,false,תה ירוק אימפרה 250 ג,IMPRA,,תה ירוק אימפרה 250 ג,גרמים,250.00,100 גרם,false,1,11.90,4.7600,true,1,128461
4791021008248,false,תה ירוק 250 גר,IMPRA,,"תה ירוק 250 ג""ר",גרמים,250.00,100 גרם,false,1,35.90,14.3600,true,1,128462
4791021012504,false,תה אימפרה אדום 250 ג,IMPRA,,תה אימפרה אדום 250 ג,גרמים,250.00,100 גרם,false,1,17.90,7.1600,true,1,128467
4791021015000,false,תה אימפרה אדום 500 ג,IMPRA,,תה אימפרה אדום 500 ג,גרמים,500.00,100 גרם,false,1,34.90,6.9800,true,1,128468
4791021917595,false,תה ארל גריי 250 גר,IMPRA,,תה ארל גריי 250 גר,גרמים,250.00,100 גרם,false,1,15.90,6.3600,true,1,135116
4791021944720,false,תה ארל גריי ספיישל 1,IMPRA,,תה ארל גריי ספיישל 200 גר,גרמים,200.00,100 גרם,false,1,22.90,11.4500,true,1,200373
4791045002314,false,תה ירוק הייליס 100 ג,,,תה ירוק הייליס 100 ג,גרמים,100.00,100 גרם,false,1,11.90,11.9000,true,1,128489
4791045002536,false,תה אנגלי 230 גר,,,"תה אנגלי 230 ג""ר",גרמים,230.00,100 גרם,false,1,24.90,10.8261,true,1,128490
4791045010937,false,תה ארל גריי 250 גר,,,"תה ""ארל גריי"" 250 גר",גרמים,250.00,100 גרם,false,1,24.90,9.9600,true,1,134330
4791098012353,true,"תה שחור מג""סטי עם בר",,,"תה שחור מג""סטי עם בר",פריט,0.00,פריט,false,,32.99,0.0000,true,1,128512
4791098012360,true,"תה שחור מג""סטי ארל ג",,,"תה שחור מג""סטי ארל ג",פריט,0.00,פריט,false,,14.99,0.0000,true,1,128513
4791098012377,true,"תה שחור מג""סטי עם בר",,,"תה שחור מג""סטי עם בר",פריט,0.00,פריט,false,,29.99,0.0000,true,1,128514
4791098020310,true,תה שחור גולד לבן,,,תה שחור גולד לבן,פריט,0.00,פריט,false,,15.99,0.0000,true,1,128515
4792219001690,true,"תה ""אריסטוקרט"" 100 ש",,,"תה ""אריסטוקרט"" 100 ש",Unknown,0.00,Unknown,false,,19.90,0.0000,true,1,157261
4792252001114,false,תה ספיישל קלאסיק ארל,בסילר,,תה שחור שמן ברגמות 20 שקי,Unknown,0.00,Unknown,false,1,18.90,0.0000,true,1,135977
4792252001121,false,תה בוקט אסורטי 20 שק,בסילר,,תה ירוק מובחר 20 שקי,גרמים,40.00,100 גרם,false,12,18.90,47.2500,true,1,135978
4792252933514,false,תה בסילור פרוט פטל 1,בליסור,,תה בסילור פרוט פטל 100 גר,גרמים,100.00,100 גרם,false,1,23.90,23.9000,true,1,195978
4796001051061,false,תה שחור עלים אריזת מ,,,תה שחור עלים אריזת מתנה 200 גר,גרמים,200.00,100 גרם,false,1,39.90,19.9500,true,1,227898
4798810005822,false,תה ירוק פירות טרופיי,טורלטון,,תה ירוק פירות טרופיים 250 גר פח,גרמים,250.00,100 גרם,false,1,39.90,15.9600,true,1,135940
4800068002722,true,"וודקה ""בולבש"" 0.7 ל""",,,"וודקה ""בולבש"" 0.7 ל""",פריט,0.00,פריט,false,,46.99,0.0000,true,1,128532
4800344001420,false,רוטב סויה סילוור 385,,,רוטב סויה 385 מל,מיליליטרים,385.00,"100 מ""ל",false,12,8.90,2.3117,true,1,128533
4800888219510,false,דאודורנט דאב סטיק מל,יוניליוור פיליפינים,,דאודורנט דאב סטיק מלפפון 50 גר,גרמים,50.00,100 גרם,false,1,15.90,31.8000,true,1,226552
4804888940023,true,נוזל אגוזי קוקוס 400,,,נוזל אגוזי קוקוס 400,גרמים,400.00,100 גרם,false,,6.90,1.7250,true,1,132697
4804888940320,true,"קרם קוקוס 17% ""סלבס""",,,"קרם קוקוס 17% ""סלבס""",מיליליטרים,400.00,"100 מ""ל",false,,9.99,2.4975,true,1,128547
4809012888288,true,חטיף מנגו אקזוטי יבש,,,חטיף מנגו אקזוטי יבש,פריט,0.00,פריט,false,,15.90,0.0000,true,1,128548
4809012888301,true,חטיף אננס אקזוטי יבש,,,חטיף אננס אקזוטי יבש,פריט,0.00,פריט,false,,15.90,0.0000,true,1,128549
4810014018658,false,קוואס סטארוזיטני 1.4,,,קוואס סטארוזיטני 1.4 ל,ליטרים,1.40,ליטר,false,1,15.90,11.3571,true,1,229419
4810014019808,false,קוואס סטארוזיטני לא,,,קוואס סטארוזיטני לא מסונן 1.4 ל,ליטרים,1.40,ליטר,false,1,15.90,11.3571,true,1,229420
4810025000024,false,יין נתזים יבש 750 מל,,,"שמפניה ""סובטסקויה"" י",מיליליטרים,750.00,"100 מ""ל",false,1,27.90,3.7200,true,1,128550
4810025000031,false,יין נתזים חצי יבש 75,,,"שמפניה ""סובטסקויה"" ח",מיליליטרים,750.00,"100 מ""ל",false,1,27.90,3.7200,true,1,128551
4810025000048,false,יין נתזים חצי מתוק 7,,,"שמפניה ""סובטסקויה"" ח",מיליליטרים,750.00,"100 מ""ל",false,1,27.90,3.7200,true,1,128552
4810025000253,false,יין נתזים חצי יבש זה,,,"יין נתזים ""זולוטויה""",מיליליטרים,750.00,"100 מ""ל",false,1,27.90,3.7200,true,1,128555
4810025000260,false,יין נתזים חצי מתוק ז,,,"שמפניה ""זהב"" חצי מתו",מיליליטרים,750.00,"100 מ""ל",false,1,27.90,3.7200,true,1,128556
4810108007506,false,חלב מרוכז 380 גר,,,חלב מרוכז 380 גר,גרמים,380.00,100 גרם,false,1,14.90,3.9211,true,1,212222
4810165432136,false,לחם על בסיס מחמצת מא,ארדי שיווק וסיטונאות,,"לחם סטוליצ""ני",גרמים,500.00,100 גרם,false,1,9.90,1.9800,true,1,128578
4810165434321,false,לחם צרפתי/טעים/בריאו,ארדי שיווק וסיטונאות,,לחם צרפתי/טעים/בריאו,גרמים,650.00,100 גרם,false,1,12.90,1.9846,true,1,128579
4810168000998,false,חתיכות פילה דג הרינג,,,חתיכות פילה דג הרינג מלוח מצונן עם בצל,גרמים,260.00,100 גרם,false,1,17.90,6.8846,true,1,165302
4810168001056,false,חתיכות פילה דג הרינג,,,חתיכות פילה דג הרינג מלוח מצונן 260 גר,גרמים,260.00,100 גרם,false,1,17.90,6.8846,true,1,157303
4810168001933,false,מקלות סורימי בטעם סר,,,מקלות סורימי בטעם סרטן 200 גרם,גרמים,200.00,100 גרם,false,1,6.90,3.4500,true,1,220980
4810168004149,false,ביצי דג טרוטונית אטל,,,ביצי דג טרוטונית אטלנטי מעושן מצונן 180,גרמים,180.00,100 גרם,false,1,15.90,8.8333,true,1,157296
4810168011017,false,סורימי בטעם סרטן 150,,,סורימי בטעם סרטן 150 גר,גרמים,150.00,100 גרם,false,1,9.90,6.6000,true,1,229508
4810168016104,false,ביצי דג טרוטונית אטל,,,ביצי דג טרוטונית אטלנטי עם הסילונים 180,גרמים,180.00,100 גרם,false,1,15.90,8.8333,true,1,157299
4810168018795,false,חתיכות פילה דג הרינג,,,חתיכות פילה דג הרינג מלוח מצונן 200 גר,גרמים,200.00,100 גרם,false,1,13.90,6.9500,true,1,157302
4810168019051,false,חתיכות פילה הרינג מל,,,חתיכות פילה דג הרינג מלוח מצונן עם תבלי,גרמים,200.00,100 גרם,false,1,13.90,6.9500,true,1,204862
4810168020309,false,אצות ים מוחמצות 150,,,אצות ים מוחמצות 150 גר,גרמים,150.00,100 גרם,false,1,6.90,4.6000,true,1,154646
4810168020330,false,אצות ים מוחמצות עם פ,,,אצות ים מוחמצות עם פטריות 150 גר,גרמים,150.00,100 גרם,false,1,6.90,4.6000,true,1,154647
4810168020361,false,אצות ים מוחמצות עם ח,,,אצות ים מוחמצות עם חצילים 150 גר,גרמים,150.00,100 גרם,false,1,6.90,4.6000,true,1,154648
4810168020392,false,אצות ים מוחמצות עם ג,,,אצות ים מוחמצות עם גזר 150 גר,גרמים,150.00,100 גרם,false,1,6.90,4.6000,true,1,154649
4810168023478,false,סלט אצות ים צוקה 150,,,סלט אצות ים צוקה 150 גר,גרמים,150.00,100 גרם,false,1,14.90,9.9333,true,1,229507
4810168024260,false,ביצי דג שיבוט מומלח,,,ביצי דג שיבוט מומלח מצונן 130 גר,גרמים,130.00,100 גרם,false,1,15.90,12.2308,true,1,161443
4810168024512,false,חתיכות פילה דג הרינג,,,חתיכות פילה דג הרינג מלוח מצונן עם תבלין,גרמים,260.00,100 גרם,false,1,17.90,6.8846,true,1,157304
4810168025793,false,ביצי דג זהבנון מומלח,,,ביצי דג זהבנון מומלח מצונן 130 גר,גרמים,130.00,100 גרם,false,1,15.90,12.2308,true,1,161442
4810168031794,false,ביצי דג הרינג אטלנטי,,,ביצי דג הרינג אטלנטי מומלח מצונן 110 גר,גרמים,110.00,100 גרם,false,1,15.90,14.4545,true,1,165327
4810168037888,true,גלידת פלומביר אסקימו,,,גלידת פלומביר אסקימו עם אגוזי לוז,גרמים,65.00,100 גרם,false,42,5.90,9.0769,true,1,181532
4810168038250,false,גלידה אסקימו יוקי חל,,,"גלידה אסקימו ""יוקי"" חלב ציפורים 65 גר",גרמים,65.00,100 גרם,false,1,5.90,9.0769,true,1,182688
4810168038977,false,גלידה פלומביר יוקי ב,,,גלידה פלומביר יוקי בכוס 75 גר,גרמים,75.00,100 גרם,false,1,5.90,7.8667,true,1,193687
4810168038984,false,גלידת פלומביר יוקי ב,,,"גלידת פלומביר ""יוקי"" בריקט 80 גר",גרמים,80.00,100 גרם,false,1,5.90,7.3750,true,1,182692
4810168038991,false,גלידת פלומביר יוקי ש,,,"גלידת פלומביר ""יוקי"" שוקולד בגביע 75 גר",גרמים,75.00,100 גרם,false,1,5.90,7.8667,true,1,182686
4810168045432,false,גלידת אסקימו יוקי טר,santa bremor,,גלידת אסקימו יוקי טרופל 65 גר,גרמים,65.00,100 גרם,false,1,5.90,9.0769,true,1,199904
4810168045906,true,גלידה סולטו שמנת וני,ז'יטומרסקי זאבוד,,גלידה סולטו שמנת וניל שקדים אסקימו 75 גר,גרמים,75.00,100 גרם,false,24,7.90,10.5333,true,1,223373
4810168045913,true,גלידה סולטו שמנת קקא,ז'יטומרסקי זאבוד,,גלידה סולטו שמנת קקאו בראונ אסקימו 75 גר,גרמים,75.00,100 גרם,false,24,7.90,10.5333,true,1,223374
4810168049966,false,בלינצס במילוי דובדבן,,,בלינצס במילוי דובדבן מוקפא 360 גר,גרמים,360.00,100 גרם,false,1,12.90,3.5833,true,1,220692
4810168055004,false,כיסונים במילוי אוכמנ,,,כיסונים במילוי אוכמניות כחולות 450 גר,גרמים,450.00,100 גרם,false,1,18.90,4.2000,true,1,220683
4810168055028,false,כיסונים במילוי דובדב,,,כיסונים במילוי דובדבנים מוקפא 450 גר,גרמים,450.00,100 גרם,false,1,18.90,4.2000,true,1,220684
4810168055035,false,כיסונים במילוי טבורו,,,כיסונים במילוי טבורוג וצימוקים 450 גר,גרמים,450.00,100 גרם,false,1,15.90,3.5333,true,1,220723
4810168055042,false,כיסונים במילוי פטל מ,,,כיסונים במילוי פטל מוקפא 450 גר,גרמים,450.00,100 גרם,false,1,18.90,4.2000,true,1,220685
4810168055059,false,כיסונים במילוי גבינת,,,כיסונים במילוי גבינת ריקוטה ותרד 450 גר,גרמים,450.00,100 גרם,false,1,18.90,4.2000,true,1,220682
4810168055080,false,כיסונים במילוי כרוב,,,כיסונים במילוי כרוב ופטריות 450 גר,גרמים,450.00,100 גרם,false,1,12.90,2.8667,true,1,220690
4810168055165,false,לביבות גבינת טבורוג,,,לביבות גבינת טבורוג מוקפא 450 גר,גרמים,450.00,100 גרם,false,1,18.90,4.2000,true,1,220681
4810168056964,false,בלינצס במילוי ממרח ק,,,בלינצס במילוי ממרח קקאו אגוזי לוז 360 גר,גרמים,360.00,100 גרם,false,6,12.90,3.5833,true,1,223375
4810168057435,false,חתיכות פילה דג הרינג,,,חתיכות פילה דג הרינג מלוח בשמן 400 גר,גרמים,400.00,100 גרם,false,1,26.90,6.7250,true,1,223266
4810168057510,false,חתיכות פילה דג הרינג,,,חתיכות פילה דג הרינג מלוח בשמן 400 גר,גרמים,400.00,100 גרם,false,1,26.90,6.7250,true,1,224352
4810168058876,false,ביצי דג טרוטונית אטל,,,ביצי דג טרוטונית אטלנטי עם אבוקדו סלמון,גרמים,180.00,100 גרם,false,1,15.90,8.8333,true,1,229652
4810168058975,false,חתיכות פילה הרינג סק,,,חתיכות פילה הרינג סקנדינבי מצונן 260 גר,גרמים,260.00,100 גרם,false,1,17.90,6.8846,true,1,227945
4810168058982,false,חתיכות פילה הרינג סק,,,חתיכות פילה הרינג סקנדינבי בשמן 400 גר,גרמים,400.00,100 גרם,false,1,26.90,6.7250,true,1,227944
4810278003599,false,חליטת צמחים קמומיל ו,,,חליטת צמחים קמומיל ומליסה 20 שק,Unknown,0.00,Unknown,false,24,9.90,0.0000,true,1,214958
4810278003605,false,חליטת צמחים קמומיל ו,,,חליטת צמחים קמומיל ומרווה 20 שק,Unknown,0.00,Unknown,false,24,9.90,0.0000,true,1,214960
4810278003995,false,חליטת פירות וצמחים S,,,חליטת פירות וצמחים SWEET GINGER,Unknown,0.00,Unknown,false,1,10.90,0.0000,true,1,214947
4810278004008,false,חליטת פירות וצמחים O,,,חליטת פירות וצמחים ORANGE BERRY,Unknown,0.00,Unknown,false,1,10.90,0.0000,true,1,214946
4810285004008,false,קוואס לידסקיי לחם 1.,לידסקויה פיבו,,קוואס לידסקיי לחם 1.5 ל,ליטרים,1.50,ליטר,false,1,13.90,9.2667,true,1,185324
4810319000105,false,לחם,,,לחם,Unknown,0.00,Unknown,false,1,9.90,0.0000,true,1,128599
4810319000259,false,לחם צימוקים 530 גר,ארדי שיווק וסיטונאות,,לחם צימוקים 530 גר,גרמים,530.00,100 גרם,false,1,12.90,2.4340,true,1,128600
4810350000027,false,לחם מאסטר 700 גר,ארדי שיווק וסיטונאות,,לחם מאסטר 500 גר,גרמים,700.00,100 גרם,false,1,13.90,1.9857,true,1,128601
4810410024130,false,שוקולד מריר מילוי בט,קמונרקה,BY,שוקולד מריר מילוי בטעם גין 200 גר,גרמים,200.00,100 גרם,false,17,14.90,7.4500,true,1,213943
4810410075293,false,שוקולד מריר קומונרקה,קמונרקה,BY,שוקולד מריר קומונרקה מילוי חמוציות 200 ג,גרמים,200.00,100 גרם,false,17,16.90,8.4500,true,1,214974
4810410075316,false,שוקולד מריר קומונרקה,קמונרקה,BY,שוקולד מריר קומונרקה מילוי דומדומיות שחו,גרמים,200.00,100 גרם,false,17,16.90,8.4500,true,1,214975
4810410078027,false,שוקולד חלב קומונרקה,קמונרקה,BY,שוקולד חלב קומונרקה מילוי קרמל מלוח 200,גרמים,200.00,100 גרם,false,17,16.90,8.4500,true,1,214976
4810411014499,false,ממתק מרמלד בטעם ליים,,,ממתק מרמלד בטעם ליים דולקי 210 גר,גרמים,210.00,100 גרם,false,1,7.90,3.7619,true,1,206654
4810411015267,false,גלי בטעם דומדמניות ב,,,גלי בטעם דומדמנ מצופה שוקולד בלרוסוצקה,גרמים,290.00,100 גרם,false,1,16.90,5.8276,true,1,206641
4810411021077,false,ממתק מוקצף בטעם אוכמ,,,ממתק מוקצף בטעם אוכמניות שחורות ללא סוכר,גרמים,120.00,100 גרם,false,,8.90,7.4167,true,1,220506
4810987094673,false,פרופיטרול עם קרם ריב,,,פרופיטרול עם קרם ריבת חלב 225 גר,גרמים,225.00,100 גרם,false,18,14.90,6.6222,true,1,203415
4811168002708,true,"וודקה ""בולבש"" נא ברי",,,"וודקה ""בולבש"" נא ברי",פריט,0.00,פריט,false,,46.99,0.0000,true,1,128635
4811168002722,true,"וודקה ""בולבש"" ליפה ע",,,"וודקה ""בולבש"" ליפה ע",פריט,0.00,פריט,false,,46.99,0.0000,true,1,128636
4811168002739,true,"וודקה ""בולבש"" מדוביה",,,"וודקה ""בולבש"" מדוביה",פריט,0.00,פריט,false,,46.99,0.0000,true,1,128637
4811168003989,false,וודקה בולבש אוסוביה,,,"וודקה ""בולבש"" אוסוביה 0.7 ל",מיליליטרים,700.00,"100 מ""ל",false,1,59.90,8.5571,true,1,157333
4811222003962,false,קוואס חתני אמיתי 900,,,קוואס חתני אמיתי 900 מל,מיליליטרים,900.00,"100 מ""ל",false,1,10.90,1.2111,true,1,227829
4813538000413,false,נקטר סוצני עגבניות ע,OASIS GROUP,,"נקטר ""סוצני"" עגבניות עם מלח 2 ל",ליטרים,2.00,ליטר,false,1,24.90,12.4500,true,1,160373
4815387002136,false,תה שחור דאלאי 60 שק,,,תה שחור דאלאי 60 שק,גרמים,104.00,100 גרם,false,1,29.90,28.7500,true,1,210851
4820000190954,false,בירה אובולון בהירה 5,OBOLON,,"בירה ""אובולון"" בהירה",מיליליטרים,500.00,"100 מ""ל",false,1,7.90,1.5800,true,1,128648
4820000190961,false,בירה אובולון פחית צה,OBOLON,,בירה אובולון צהוב בפ,מיליליטרים,500.00,"100 מ""ל",false,1,7.90,1.5800,true,1,128649
4820000190985,false,בירה אובולון פחית יר,OBOLON,,בירה אובולון ירוק בפ,מיליליטרים,500.00,"100 מ""ל",false,1,7.90,1.5800,true,1,128650
4820000191579,false,בירה אובולון בהירה 2,OBOLON,,"בירה ""אובולון"" בהירה",ליטרים,2.00,ליטר,false,1,21.90,10.9500,true,1,128653
4820000191586,false,בירה אובולון 1 ל,OBOLON,,בירה אובולון בהיר 1,מיליליטרים,1000.00,"100 מ""ל",false,1,11.90,1.1900,true,1,128654
4820000191715,false,בירה בהירה אובולון 5,OBOLON,,"בירה בהירה ""אובולון""",מיליליטרים,500.00,"100 מ""ל",false,1,8.90,1.7800,true,1,128656
4820000192101,false,בירה קלה בטעם לימון,OBOLON,,בירה קלה בטעם לימון 500 גר,גרמים,500.00,100 גרם,false,1,7.90,1.5800,true,1,139824
4820000192125,false,בירה קלה בטעם דובדבן,OBOLON,,בירה קלה בטעם דובדבן 500 מל,מיליליטרים,500.00,"100 מ""ל",false,1,7.90,1.5800,true,1,139823
4820000193238,false,בירה קלה בטעם פטל 50,OBOLON,,בירה קלה בטעם פטל 500 גר,גרמים,500.00,100 גרם,false,1,7.90,1.5800,true,1,139825
4820000195850,false,בירה זיגוליובסקויה 1,OBOLON,,בירה זיגוליובסקויה 1 לי,מיליליטרים,1000.00,"100 מ""ל",false,1,11.90,1.1900,true,1,158602
4820000453998,false,בירה לביבסקה בהירה 2,קרלסברג אוקראינה,,בירה לביבסקה בהירה 2.5 ל,ליטרים,2.50,ליטר,false,1,29.90,11.9600,true,1,185708
4820000455732,false,בירה לבובסקי בק 450,,,"בירה לבובסקי בק 450 מ""ל",מיליליטרים,450.00,"100 מ""ל",false,1,8.90,1.9778,true,1,185710
4820000455909,false,קוואס טאראס 1.5 ל,,,קוואס טאראס 1.5 ל,ליטרים,1.50,ליטר,false,1,19.90,13.2667,true,1,185713
4820000456272,false,בירה לביבסקי פרמיום,חרקוב ביסקוויט,,"בירה לביבסקי פרמיום בק 500 מ""ל",מיליליטרים,500.00,"100 מ""ל",false,1,9.90,1.9800,true,1,211179
4820000458238,false,בירה אריה כהה בק 500,,,בירה אריה כהה בק 500 מל,מיליליטרים,500.00,"100 מ""ל",false,1,9.90,1.9800,true,1,215493
4820000571036,true,"משקה ""גאלקה"" עם ג""ינ",,,"משקה ""גאלקה"" עם ג""ינ",פריט,0.00,פריט,false,,8.99,0.0000,true,1,128689
4820000690225,true,"משקה ""קאראבן"" בורטינ",,,"משקה ""קאראבן"" בורטינ",פריט,0.00,פריט,false,,4.99,0.0000,true,1,128701
4820000770408,false,קוואס מונסטירסקי בטע,דארל,,קוואס מונסטירסקי בטעם דבש 2 ל,ליטרים,2.00,ליטר,false,1,13.90,6.9500,true,1,159485
4820000770941,false,קוואס מונסטירסקי אוק,,,קוואס מונסטירסקי אוקרושקה 2 ל,ליטרים,2.00,ליטר,false,1,13.90,6.9500,true,1,154783
4820001073867,false,ריבת חלב 370 גר,קופיאנסקי קובבינט,,ריבת חלב 370גר,גרמים,370.00,100 גרם,false,1,11.90,3.2162,true,1,132941
4820001074079,false,חלב מרוכז 370 גר,קופיאנסקי קובבינט,,חלב מרוכז 370 גר,גרמים,370.00,100 גרם,false,1,8.90,2.4054,true,1,133501
4820001358629,false,מיץ עגבניות ציומק 1.,,,מיץ עגבניות ציומק 1.8ל,ליטרים,1.80,ליטר,false,1,23.90,13.2778,true,1,161036
4820002301969,false,קרקר אותיות 400 גר,חרקוב בסקוויט,,"קרקר אותיות 400 ג""ר",גרמים,400.00,100 גרם,false,1,12.90,3.2250,true,1,128839
4820002302058,false,קרקר עדין 400 גר,חרקוב בסקוויט,,"קרקר עדין 400 ג""ר",גרמים,400.00,100 גרם,false,1,12.90,3.2250,true,1,128841
4820002302973,false,עוגיות זואולוגיציסקי,,,עוגיות זואולוגיציסקיה 300 גרי,גרמים,300.00,100 גרם,false,1,9.90,3.3000,true,1,158593
4820002304014,false,ביסקויט פטל עם שמנת,חרקוב בסקוויט,,ביסקויט פטל עם שמנת,גרמים,330.00,100 גרם,false,1,17.90,5.4242,true,1,128849
4820002304052,false,ביסקויט דובדבן עם שמ,חרקוב בסקוויט,,ביסקויט דובדבן עם שמ,גרמים,330.00,100 גרם,false,1,17.90,5.4242,true,1,128851
4820002305462,false,ביסקוויט על פרוקטוז,חרקוב בסקוויט,,ביסקוויט דיאט עם פרו,גרמים,400.00,100 גרם,false,1,12.90,3.2250,true,1,128853
4820002309224,false,קרקר סניור באטוניו 3,KHARKIV BISCUIT,,קרקר סניור באטוניו 350 גר,גרמים,350.00,100 גרם,false,1,10.90,3.1143,true,1,189809
4820002309538,false,עוגת וופל קפריזוליה,KHARKIV BISCUIT,,עוגת וופל קפריזוליה פרוקטוזה 210 גר,גרמים,210.00,100 גרם,false,1,12.90,6.1429,true,1,189808
4820002710426,false,בירה אובולון לבנה 1,OBOLON,,"בירה ""אובולון"" לבנה",מיליליטרים,1000.00,"100 מ""ל",false,1,11.90,1.1900,true,1,128866
4820002710860,false,בירה אובלון פשניצינו,OBOLON,,"בירה ""אובלון פשניצינויה"" 1 ל",ליטרים,1.00,ליטר,false,1,11.90,11.9000,true,1,134944
4820003353622,false,יין מבעבע ארטיומובסק,ARTWINER,,יין מבעבע ארטיומובסקויה לבן חצי מתוק 750,מיליליטרים,750.00,"100 מ""ל",false,1,39.90,5.3200,true,1,201518
4820003370940,false,קוואס דנילו פוחמלני,דארל,,קוואס דנילו פוחמלני 2 ל,ליטרים,2.00,ליטר,false,1,13.90,6.9500,true,1,128890
4820003370957,false,קוואס דנילו אוקרושקה,דארל,,קוואס דנילו אוקרושקה 2 ל,ליטרים,2.00,ליטר,false,1,13.90,6.9500,true,1,128891
4820003689196,false,נקטר ויטמארק תפוחים,ויטמרק,,"נקטר ""ויטמארק"" תפוחים 1.93 ל",ליטרים,1.93,ליטר,false,1,22.90,11.8653,true,1,161629
4820003689325,false,נקטר מולטיפרוט נאש ס,נאש סוק,,נקטר מולטיפרוט 1.93 ל,ליטרים,1.93,ליטר,false,6,24.90,12.9016,true,1,192030
4820003689356,false,נקטר אפרסק נאש סוק 1,נאש סוק,,נקטר אפרסק נאש סוק 1.93 ל,ליטרים,1.93,ליטר,false,1,24.90,12.9016,true,1,191561
4820003689363,false,מיץ עגבניות עם מלח נ,נאש סוק,,נקטר עגבניות עם מלח 1.93 ל,ליטרים,1.93,ליטר,false,6,24.90,12.9016,true,1,191563
4820003689387,false,נקטר נאש סוק בטעם דו,ויטמרק,,נקטר נאש סוק בטעם דובדבן 1.93 ל,ליטרים,1.93,ליטר,false,1,24.90,12.9016,true,1,161627
4820004060161,true,"יין נתזים ""סויוז ויק",,,"יין נתזים ""סויוז ויק",פריט,0.00,פריט,false,,24.99,0.0000,true,1,128896
4820004060451,true,"יין נתזים ""קרימסקויה",,,"יין נתזים ""קרימסקויה",פריט,0.00,פריט,false,,36.99,0.0000,true,1,128897
4820004060475,true,"יין נתזים ""קרימסקויה",,,"יין נתזים ""קרימסקויה",פריט,0.00,פריט,false,,36.99,0.0000,true,1,128898
4820004523536,true,"שמן מניות 1ל""",,,"שמן מניות 1ל""",פריט,0.00,פריט,false,,12.99,0.0000,true,1,128907
4820004532963,true,"שמן חמניות 3 ל""",,,"שמן חמניות 3 ל""",פריט,0.00,פריט,false,,29.99,0.0000,true,1,128908
4820004920274,true,יין לבן מוסקט זהב,,,יין לבן מוסקט זהב,פריט,0.00,פריט,false,,25.99,0.0000,true,1,128909
4820004920311,true,יין איזבלה,,,יין איזבלה,פריט,0.00,פריט,false,,22.99,0.0000,true,1,128911
4820004920403,false,יין קובלבו פרנצסקה 7,קובלבו,,"יין לבן פרנצ""סקה",Unknown,0.00,Unknown,false,1,24.90,0.0000,true,1,128914
4820005192946,false,שוקולד חלב מילניום ג,מלבי,,"שוקולד ""מילניום גולד",גרמים,100.00,100 גרם,false,1,7.90,7.9000,true,1,128922
4820005193073,false,שוקולד מלניום גולד מ,מלבי,,"שוקולד ""מילניום גולד",גרמים,100.00,100 גרם,false,1,7.90,7.9000,true,1,128925
4820006970444,true,"מלפפון חמוץ ""צ""מפיון",,,"מלפפון חמוץ ""צ""מפיון",פריט,0.00,פריט,false,,12.99,0.0000,true,1,128946
4820008120441,true,פתיתי תירס בסוכר 375,,,פתיתי תירס בסוכר 375,פריט,0.00,פריט,false,,10.99,0.0000,true,1,128972
4820008120458,true,פתיתי תירס קלויים 37,,,פתיתי תירס קלויים 37,פריט,0.00,פריט,false,,10.99,0.0000,true,1,128973
4820008120465,true,טבעות בדבש 4 דגנים 2,,,טבעות בדבש 4 דגנים 2,פריט,0.00,פריט,false,,10.99,0.0000,true,1,128974
4820008120496,true,"כריות עם חלב 250 גר""",,,"כריות עם חלב 250 גר""",פריט,0.00,פריט,false,,10.99,0.0000,true,1,128975
4820008120601,true,פתיתי תירס קלויים 1,,,פתיתי תירס קלויים 1,פריט,0.00,פריט,false,,17.99,0.0000,true,1,128976
4820008120618,true,פתיתי תירס בסוכר 1 ק,,,פתיתי תירס בסוכר 1 ק,פריט,0.00,פריט,false,,17.99,0.0000,true,1,128977
4820008120632,true,פתיתי תירס בדבש 375,,,פתיתי תירס בדבש 375,פריט,0.00,פריט,false,,10.99,0.0000,true,1,128978
4820008120854,true,"כריות עם חלב 500 גר""",,,"כריות עם חלב 500 גר""",פריט,0.00,פריט,false,,17.99,0.0000,true,1,128979
4820008120861,true,כריות עם שוקולד 500,,,כריות עם שוקולד 500,פריט,0.00,פריט,false,,17.99,0.0000,true,1,128980
4820008121066,true,"כדורי שוקולד 250 גר""",,,"כדורי שוקולד 250 גר""",פריט,0.00,פריט,false,,10.99,0.0000,true,1,128981
4820008121219,true,"כדורי שוקולד 500 גר""",,,"כדורי שוקולד 500 גר""",פריט,0.00,פריט,false,,17.99,0.0000,true,1,128982
4820008121233,true,"פתיתי תירס בדבש 1 ק""",,,"פתיתי תירס בדבש 1 ק""",פריט,0.00,פריט,false,,17.99,0.0000,true,1,128983
4820008121318,true,כריות עם שוקולד 250,,,כריות עם שוקולד 250,פריט,0.00,פריט,false,,10.99,0.0000,true,1,128984
4820008122186,true,טבעות דבש 4 דגנים 50,,,טבעות דבש 4 דגנים 50,פריט,0.00,פריט,false,,17.99,0.0000,true,1,128985
4820008123312,true,"דגני בוקר ""רודג""ר"" 3",,,"דגני בוקר ""רודג""ר"" 3",פריט,0.00,פריט,false,,10.99,0.0000,true,1,128986
4820009362291,false,משקה גזוז בטעם פירוט,,,משקה גזוז בטעם פירוט בורטינו 1.5ל,ליטרים,1.50,ליטר,false,1,9.90,6.6000,true,1,160815
4820009362758,false,בירה בוצקוביה 1.5 ל,,,בירה בוצקוביה 1.5ל,ליטרים,1.50,ליטר,false,1,16.90,11.2667,true,1,160810
4820011053804,true,מרגרינה שדרו 400 גרי,,,מרגרינה שדרו 400 גרי,גרמים,400.00,100 גרם,false,,10.90,2.7250,true,1,158205
4820012596294,false,אסקימו לב וניל עם אג,laska,,אסקימו לב וניל עם אגוזים,גרמים,80.00,100 גרם,false,22,5.90,7.3750,true,1,208615
4820012596300,false,אסקימו לב בטעם פיסטו,,,אסקימו לב בטעם פיסטוק 85 גר,גרמים,85.00,100 גרם,false,22,5.90,6.9412,true,1,211986
4820012598373,false,פלומביר אליסקה 80 גר,laska,,פלומביר אליסקה 80גר,גרמים,80.00,100 גרם,false,1,5.90,7.3750,true,1,164537
4820012599356,false,גלידה כוס וליקן קקאו,,,גלידה כוס וליקן קקאו 70 גר,גרמים,70.00,100 גרם,false,18,5.90,8.4286,true,1,209634
4820012682324,true,חלב מרוכז בשקית 310,,,חלב מרוכז בשקית 310,פריט,0.00,פריט,false,,8.99,0.0000,true,1,129053
4820012790210,false,פטריות מיובשות חתוכו,,,פטריות מיובשות חתוכות לבנות 15 גר,גרמים,15.00,100 גרם,false,1,16.90,112.6667,true,1,164599
4820014141119,true,"קטשופ שישליק 350 מ""ל",,,"קטשופ שישליק 350 מ""ל",פריט,0.00,פריט,false,,4.99,0.0000,true,1,129063
4820014141126,true,"קטשופ רגיל 350 מ""ל",,,"קטשופ רגיל 350 מ""ל",פריט,0.00,פריט,false,,4.99,0.0000,true,1,129064
4820014141133,true,"קטשופ חריף 350 מ""ל",,,"קטשופ חריף 350 מ""ל",פריט,0.00,פריט,false,,4.99,0.0000,true,1,129065
4820015165213,false,גלידת בריקט פלומביר,ז'יטומרסקי זאבוד,,גלידת בריקט פלומביר,Unknown,0.00,Unknown,false,1,5.90,0.0000,true,1,129075
4820015165922,true,גלידה תות יער בכוס 7,,,גלידה תות יער בכוס 7,פריט,0.00,פריט,false,,5.99,0.0000,true,1,136927
4820015166029,true,גלידה חלב מרוכז 500,,,גלידה חלב מרוכז 500,פריט,0.00,פריט,false,,17.99,0.0000,true,1,129078
4820015166302,false,גלידת שוקולד בכוס וו,ז'יטומרסקי זאבוד,,גלידת שוקולד בכוס וו,Unknown,0.00,Unknown,false,1,5.90,0.0000,true,1,129083
4820015168740,true,גלידה לילדים בדלי 50,,,גלידה לילדים בדלי 50,פריט,0.00,פריט,false,,17.99,0.0000,true,1,129092
4820015944160,false,חומץ 6% תפוע רונה 50,רונה,UA,"חומץ 6% תפו""ע רונה 500 מ""ל",מיליליטרים,500.00,"100 מ""ל",false,12,14.90,2.9800,true,1,211138
4820019932781,true,גלידת בכוס וופל וניל,,,גלידת בכוס וופל וניל,פריט,0.00,פריט,false,,4.99,0.0000,true,1,129152
4820019932798,true,גלידה בכוס וופל קרם,,,גלידה בכוס וופל קרם,פריט,0.00,פריט,false,,4.99,0.0000,true,1,129153
4820019932804,true,גלידה בכוס וופל שוקו,,,גלידה בכוס וופל שוקו,פריט,0.00,פריט,false,,4.99,0.0000,true,1,129154
4820020200015,true,"בירה ""זיפ"" זהב בהיר",,,"בירה ""זיפ"" זהב בהיר",פריט,0.00,פריט,false,,11.99,0.0000,true,1,129161
4820020200022,true,"בירה ""זיפ"" ברחטנויה",,,"בירה ""זיפ"" ברחטנויה",פריט,0.00,פריט,false,,11.99,0.0000,true,1,129162
4820022001160,true,"מרק אפונה 150גר""",,,"מרק אפונה 150גר""",פריט,0.00,פריט,false,,4.99,0.0000,true,1,129168
4820022001238,true,מרק אפונה ובייקון 15,,,מרק אפונה ובייקון 15,פריט,0.00,פריט,false,,4.99,0.0000,true,1,129169
4820022001344,true,מרק פטריות ואטריות 1,,,מרק פטריות ואטריות 1,פריט,0.00,פריט,false,,4.99,0.0000,true,1,129171
4820022001528,true,קיסל בטעם פירות יער,,,קיסל בטעם פירות יער,פריט,0.00,פריט,false,,4.99,0.0000,true,1,129176
4820022001535,true,קיסל בטעם דובדבן 160,,,קיסל בטעם דובדבן 160,פריט,0.00,פריט,false,,4.99,0.0000,true,1,129177
4820022001542,true,קיסל בטעם חמוציות 16,,,קיסל בטעם חמוציות 16,פריט,0.00,פריט,false,,4.99,0.0000,true,1,129178
4820022001566,true,קיסל בטעם תות 160 גר,,,קיסל בטעם תות 160 גר,פריט,0.00,פריט,false,,4.99,0.0000,true,1,129179
4820022001771,true,"מרק רוסולניק 150 גר""",,,"מרק רוסולניק 150 גר""",פריט,0.00,פריט,false,,4.99,0.0000,true,1,129190
4820024794619,true,"עגבניות ""גספדר"" בחומ",,,"עגבניות ""גספדר"" בחומ",פריט,0.00,פריט,false,,11.99,0.0000,true,1,135694
4820024794633,true,"עגבניות ""גספדר"" במיץ",,,"עגבניות ""גספדר"" במיץ",פריט,0.00,פריט,false,,11.99,0.0000,true,1,135693
4820024797511,false,ממרח קישואים גוספודר,,,ממרח קישואים גוספודרוצקה,גרמים,475.00,100 גרם,false,1,10.90,2.2947,true,1,191333
4820024797535,false,איקרה חצילים גספרוצק,גספודרוציקה,,איקרה חצילים גספרוצקיה 445 גר,גרמים,445.00,100 גרם,false,1,11.90,2.6742,true,1,181923
4820024798761,false,עגבניות לא מקולפות ב,אודסה קונדיטר,UA,עגבניות לא מקולפות במיץ עגבניות 875 גר,גרמים,875.00,100 גרם,false,1,15.90,1.8171,true,1,188524
4820028582298,true,גלידת שוקולד קלאסיק,,,גלידת שוקולד קלאסיק,פריט,0.00,פריט,false,,4.90,0.0000,true,1,158886
4820028584827,true,"גלידת קרם ברולה ""גול",,,"גלידת קרם ברולה ""גול",פריט,0.00,פריט,false,,4.90,0.0000,true,1,158888
4820028585114,true,גלידת אסקימו יאגודה,,,גלידת אסקימו יאגודה,פריט,0.00,פריט,false,,4.90,0.0000,true,1,158893
4820028770244,true,"חלב מרוכז 400 ג""ר",,,"חלב מרוכז 400 ג""ר",גרמים,400.00,100 גרם,false,,6.99,1.7475,true,1,129267
4820029431083,false,משקה כהלי מוגז בטעם,OBOLON,,"משקה כהלי מוגז בטעם גין טוניק 330 מ""ל",מיליליטרים,330.00,"100 מ""ל",false,1,10.90,3.3030,true,1,197174
4820029431090,false,משקה כהלי מוגז בטעם,OBOLON,,"משקה כהלי מוגז בטעם ברנדי קולה 330 מ""ל",מיליליטרים,330.00,"100 מ""ל",false,1,10.90,3.3030,true,1,197175
4820029431106,false,משקה כהלי מוגז בטעם,OBOLON,,"משקה כהלי מוגז בטעם רום עם קולה 330 מ""ל",מיליליטרים,330.00,"100 מ""ל",false,1,10.90,3.3030,true,1,197173
4820029431175,false,משקה כהלי מוגז בטעם,OBOLON,,"משקה כהלי מוגז בטעם וודקה ליים 330 מ""ל",מיליליטרים,330.00,"100 מ""ל",false,1,10.90,3.3030,true,1,205206
4820029961078,false,קונפיטורה אוכמניות ש,,,קונפיטורה אוכמניות שחורות 1200 גר,גרמים,1200.00,100 גרם,false,1,32.90,2.7417,true,1,214008
4820029961238,false,קונפיטורה פירות יער,טסומאן,,קונפיטורה פירות יער עם לינגונברי 1200 גר,גרמים,1200.00,100 גרם,false,1,39.90,3.3250,true,1,229702
4820029961245,false,קונפיטורה דובדבני קר,,,קונפיטורה דובדבני קרנילה ען חרצן 1200 גר,גרמים,1200.00,100 גרם,false,1,39.90,3.3250,true,1,229697
4820030051225,true,"מיץ משמש גזר 2 ל""",,,"מיץ משמש גזר 2 ל""",פריט,0.00,פריט,false,,16.99,0.0000,true,1,129273
4820030561410,false,שעועית ברוטב עגבניות,אוריקה,,שעועית ברוטב עגבניות 540 גר,גרמים,540.00,100 גרם,false,1,12.90,2.3889,true,1,186342
4820030561557,false,שעועית לבנה 540 גר,אוריקה,,שעועית לבנה 540 גר,גרמים,540.00,100 גרם,false,1,12.90,2.3889,true,1,186341
4820033950099,true,מורס בטעם תות בר 1 ל,,,מורס בטעם תות בר 1 ל,פריט,0.00,פריט,false,,9.99,0.0000,true,1,129331
4820033950105,true,מורס בטעם חמוציות 1,,,מורס בטעם חמוציות 1,פריט,0.00,פריט,false,,9.99,0.0000,true,1,129332
4820033950143,true,מורס בטעם פטל/דמדמני,,,מורס בטעם פטל/דמדמני,פריט,0.00,פריט,false,,9.99,0.0000,true,1,129333
4820033950150,true,מורס בטעם פטל 1 ליטר,,,מורס בטעם פטל 1 ליטר,פריט,0.00,פריט,false,,9.99,0.0000,true,1,129334
4820033950235,true,מורס בטעם אוכמניות ש,,,מורס בטעם אוכמניות ש,פריט,0.00,פריט,false,,9.99,0.0000,true,1,129335
4820033950242,true,מורס בטעם חמוציות/או,,,מורס בטעם חמוציות/או,פריט,0.00,פריט,false,,9.99,0.0000,true,1,129336
4820039291103,false,תבלין כמון פריפרבקה,,,"תבלין כמון ""פריפרבקה"" 20 גר",גרמים,20.00,100 גרם,false,1,2.90,14.5000,true,1,157329
4820039291318,true,"מדבקות לביצים 7 יח""",,,"מדבקות לביצים 7 יח""",פריט,0.00,פריט,false,,6.00,0.0000,true,1,129389
4820039291332,true,"מדבקות לביצים 7 יח""",,,"מדבקות לביצים 7 יח""",פריט,0.00,פריט,false,,6.00,0.0000,true,1,129390
4820039291349,true,"מדבקות לביצים 7 יח""",,,"מדבקות לביצים 7 יח""",פריט,0.00,פריט,false,,6.00,0.0000,true,1,129391
4820039291356,true,"מדבקות לביצים 7 יח""",,,"מדבקות לביצים 7 יח""",פריט,0.00,פריט,false,,6.00,0.0000,true,1,129392
4820039291363,true,"מדבקות לביצים 7 יח""",,,"מדבקות לביצים 7 יח""",פריט,0.00,פריט,false,,6.00,0.0000,true,1,129393
4820039291851,true,"מדבקות לביצים 7 יח""",,,"מדבקות לביצים 7 יח""",פריט,0.00,פריט,false,,6.00,0.0000,true,1,129402
4820039291868,true,"מדבקות לביצים 7 יח""",,,"מדבקות לביצים 7 יח""",פריט,0.00,פריט,false,,6.00,0.0000,true,1,129403
4820039291875,true,"מדבקות לביצים 7 יח""",,,"מדבקות לביצים 7 יח""",פריט,0.00,פריט,false,,6.00,0.0000,true,1,129404
4820039292230,true,"מדבקות לביצים 7 יח""",,,"מדבקות לביצים 7 יח""",פריט,0.00,פריט,false,,6.00,0.0000,true,1,129405
4820039292278,true,"מדבקות לביצים 7 יח""",,,"מדבקות לביצים 7 יח""",פריט,0.00,פריט,false,,6.00,0.0000,true,1,129406
4820039292414,true,מדבקות לביצים גדולות,,,מדבקות לביצים גדולות,פריט,0.00,פריט,false,,6.00,0.0000,true,1,129408
4820039292452,true,מדבקות לביצים גדולות,,,מדבקות לביצים גדולות,פריט,0.00,פריט,false,,6.00,0.0000,true,1,129409
4820039292490,true,מדבקות לביצים גדולות,,,מדבקות לביצים גדולות,פריט,0.00,פריט,false,,6.00,0.0000,true,1,129410
4820039292513,true,מדבקות לביצים גדולות,,,מדבקות לביצים גדולות,פריט,0.00,פריט,false,,6.00,0.0000,true,1,129411
4820039292544,true,"מדבקות לביצים 7 יח""",,,"מדבקות לביצים 7 יח""",פריט,0.00,פריט,false,,6.00,0.0000,true,1,129413
4820039711656,false,אסורטי מלפפונים ועגב,Gora ukraine llc,,אסורטי מלפפונים ועגבניות 1.8 ל,ליטרים,1.80,ליטר,false,1,18.90,10.5000,true,1,195245
4820043010585,false,שמן פשתן 350 מל,אגרוספרום,,"שמן פשתן 350 מ""ל",מיליליטרים,350.00,"100 מ""ל",false,1,34.90,9.9714,true,1,129458
4820043011094,false,שמן חרדל 500 מל,אגרוספרום,,"שמן חרדל 500 מ""ל",מיליליטרים,500.00,"100 מ""ל",false,1,44.90,8.9800,true,1,129460
4820043011186,false,שמן אובלפיחה 350 מל,אגרוספרום,,"שמן אובלפיחה 350 מ""ל",מיליליטרים,350.00,"100 מ""ל",false,1,44.90,12.8286,true,1,129462
4820043250080,false,קיסל דובדבן 250 גר,אלכסייב קומבינט,,"קיסל דובדבן 250 ג""ר",גרמים,250.00,100 גרם,false,1,5.90,2.3600,true,1,129478
4820044090272,true,שמן חמניות לא מזוכך,,,שמן חמניות לא מזוכך,פריט,0.00,פריט,false,,9.99,0.0000,true,1,129480
4820044092214,true,שמן חמניות להכנת סלט,,,שמן חמניות להכנת סלט,פריט,0.00,פריט,false,,9.99,0.0000,true,1,129482
4820044490478,true,שמן חמניות לא מזוכך,,,שמן חמניות לא מזוכך,פריט,0.00,פריט,false,,10.99,0.0000,true,1,129485
4820044490485,true,שמן חמניות מזוכך 1 ל,,,שמן חמניות מזוכך 1 ל,פריט,0.00,פריט,false,,10.99,0.0000,true,1,129486
4820046680228,true,ציקורי עם בוירשניק 2,,,ציקורי עם בוירשניק 2,פריט,0.00,פריט,false,,12.99,0.0000,true,1,129487
4820046680235,true,ציקורי עם שיפובניק 2,,,ציקורי עם שיפובניק 2,פריט,0.00,פריט,false,,12.99,0.0000,true,1,129488
4820046680273,true,"ציקורי עם שורש ג""נשן",,,"ציקורי עם שורש ג""נשן",פריט,0.00,פריט,false,,12.99,0.0000,true,1,129490
4820046869845,true,מתנה בית 250גר,,,מתנה בית 250גר,פריט,0.00,פריט,false,,13.99,0.0000,true,1,134594
4820046960511,true,בירה אבטורסקה חזקה 6,,,"בירה אבטורסקה חזקה 6.5% כהה 500 מ""ל",מיליליטרים,500.00,"100 מ""ל",false,1,11.90,2.3800,true,1,185177
4820046961310,false,בירה אנדרייבסקי בהיר,,,"בירה אנדרייבסקי בהירה 5.5% 500 מ""ל",מיליליטרים,500.00,"100 מ""ל",false,1,10.90,2.1800,true,1,185493
4820046962652,true,בירה בהירה בוצקובויה,,,בירה בהירה בוצקובויה 4.3% 500 מל לא מסונ,מיליליטרים,500.00,"100 מ""ל",false,20,11.90,2.3800,true,1,199998
4820046962782,true,בירה בטעם דובדבן טטר,,,בירה בטעם דובדבן טטרב 7% 500 מל,מיליליטרים,500.00,"100 מ""ל",false,20,11.90,2.3800,true,1,215706
4820046962829,true,בירה כהה בוצקובויה 4,,,בירה כהה בוצקובויה 4.3% 500 מל לא מסונ,מיליליטרים,500.00,"100 מ""ל",false,20,11.90,2.3800,true,1,214539
4820048618908,false,פירה מיבינה בתוספת א,NESTLE UKRAINE,,פירה מיבינה בתוספת אפונה להכנה מהירה 19,גרמים,19.00,100 גרם,false,1,2.90,15.2632,true,1,192361
4820056380354,false,עולש ציקורי פלוס 100,ורחובינקה,UA,עולש ציקורי פלוס 100 גר,גרמים,100.00,100 גרם,false,24,7.90,7.9000,true,1,201792
4820057300863,true,סרדינים טבעיים בשמן,,,סרדינים טבעיים בשמן,פריט,0.00,פריט,false,,7.99,0.0000,true,1,129566
4820057301310,true,סרדינלה טבעית בשמן 2,,,סרדינלה טבעית בשמן 2,פריט,0.00,פריט,false,,7.99,0.0000,true,1,129567
4820057595290,true,גלידה פישקה עם אגוזי,,,גלידה פישקה עם אגוזי,פריט,0.00,פריט,false,,4.99,0.0000,true,1,132970
4820057860909,false,קרואסון במילוי דובדב,,,קרואסון במילוי דובדבנים 210 גר,גרמים,210.00,100 גרם,false,1,7.90,3.7619,true,1,220284
4820060252289,false,וודקה פרימיום בלגוף,,,"וודקה ""בלגוף"" פראמים",מיליליטרים,700.00,"100 מ""ל",false,1,49.90,7.1286,true,1,129599
4820060254153,false,וודקה בלגוף דאבל אספ,,,וודקה בלגוף דאבל אספרסו 0.7,מיליליטרים,700.00,"100 מ""ל",false,1,39.90,5.7000,true,1,133259
4820061621930,false,מלפפון פוסולסקי דבור,ל.ל.סי חרסון,,מלפפון פוסולסקי דבור מוחמצים 1.8 ל,קילוגרמים,1.80,"ק""ג",false,1,18.90,10.5000,true,1,214965
4820061680227,true,מלפפונים בחומץ 2650,,,מלפפונים בחומץ 2650,פריט,0.00,פריט,false,,29.99,0.0000,true,1,129616
4820061680432,true,"אפונה ירוקה 500 גר""",,,"אפונה ירוקה 500 גר""",פריט,0.00,פריט,false,,6.99,0.0000,true,1,129617
4820061681002,true,מלפפונים במלח 1700 מ,,,מלפפונים במלח 1700 מ,פריט,0.00,פריט,false,,19.99,0.0000,true,1,129618
4820065700044,false,דג שפרוטים ללא ראש כ,,,דג שפרוטים ללא ראש כבוש בשמן 300 גר,גרמים,300.00,100 גרם,false,1,9.90,3.3000,true,1,224962
4820065703328,false,פילה דג סלמון אטלנטי,,,דג סלמון אטלנטי מעושן פילה פרוס 200 גר,גרמים,200.00,100 גרם,false,1,34.90,17.4500,true,1,207381
4820065920886,false,חטיף מקלות תירס 175,,,חטיף מקלות תירס 175 גר,גרמים,175.00,100 גרם,false,1,6.90,3.9429,true,1,213105
4820068980894,true,"מלפפון חמוץ ""צ""ימפיו",,,"מלפפון חמוץ ""צ""ימפיו",פריט,0.00,פריט,false,,11.99,0.0000,true,1,129628
4820068980979,true,"מלפפון חמוץ ""צ""ימפיו",,,"מלפפון חמוץ ""צ""ימפיו",פריט,0.00,פריט,false,,11.99,0.0000,true,1,129629
4820068981815,true,"אפונה ירוקה ""צ""ימפיו",,,"אפונה ירוקה ""צ""ימפיו",פריט,0.00,פריט,false,,6.99,0.0000,true,1,129630
4820068981822,true,"תירס מתוק ""צ""ימפיון""",,,"תירס מתוק ""צ""ימפיון""",פריט,0.00,פריט,false,,6.49,0.0000,true,1,129631
4820075503017,false,סוכריות טרופל טרופ פ,MALBI CHOCOLATE,,סוכריות טרופל טרופ פור יו 300 גר,גרמים,300.00,100 גרם,false,1,29.90,9.9667,true,1,183399
4820075504694,false,שוקולד מילניום פבורי,מלבי,,שוקולד מילניום פווריט מריר 74% 100גר,גרמים,100.00,100 גרם,false,1,7.90,7.9000,true,1,163688
4820075505523,false,שוקולד מילניום לבן א,MALBI CHOCOLATE,,שוקולד מילניום לבן אוורירי 90 גר,גרמים,90.00,100 גרם,false,1,5.90,6.5556,true,1,183402
4820075505547,false,שוקולד מילניום חלב א,MALBI CHOCOLATE,,שוקולד מילניום חלב אוורירי 90 גר,גרמים,90.00,100 גרם,false,1,5.90,6.5556,true,1,183403
4820075505561,false,שוקולד מילניום אוורי,MALBI CHOCOLATE,,שוקולד מריר מילניום אוורירי 90 גר,גרמים,90.00,100 גרם,false,1,5.90,6.5556,true,1,189827
4820075890032,false,מדבקות לביצים 7 יח,,,מדבקות לביצים 7יח,יחידה,1.00,יחידה,false,1,6.90,6.9000,true,1,158665
4820075890094,false,סט צבעים לביצים לפסח,,,סט צבעים לביצים לפסחא,Unknown,0.00,Unknown,false,1,10.90,0.0000,true,1,184342
4820075891398,false,סט צבעים לביצים לפסח,,,סט צבעים לביצים לפסחא,Unknown,0.00,Unknown,false,1,14.90,0.0000,true,1,219604
4820077081018,true,שמן חמניות מזוכך 910,,,שמן חמניות מזוכך 910,פריט,0.00,פריט,false,,8.99,0.0000,true,1,129644
4820077081025,true,שמן חמניות לא מזוכך,,,שמן חמניות לא מזוכך,פריט,0.00,פריט,false,,8.99,0.0000,true,1,129645
4820077081124,false,שמן חמניות גארנה לא,,,"שמן חמניות גארנה לא מזוכך 850 מ""ל",מיליליטרים,850.00,"100 מ""ל",false,1,12.90,1.5176,true,1,191933
4820077081148,false,שמן חמניות גארנה מזו,,,"שמן חמניות גארנה מזוכך 850 מ""ל",מיליליטרים,850.00,"100 מ""ל",false,1,12.90,1.5176,true,1,191932
4820077081773,false,שמן חמניות דיקנקה מז,,,שמן חמניות דיקנקה מזוכך 1 ל,ליטרים,1.00,ליטר,false,1,14.90,14.9000,true,1,204797
4820077081780,false,שמן חמניות דיקנקה לא,,,שמן חמניות דיקנקה לא מזוכך 1 ל,ליטרים,1.00,ליטר,false,1,14.90,14.9000,true,1,204798
4820079590174,true,"פחם ""אלון"" 2.5 ק""ג",,,"פחם ""אלון"" 2.5 ק""ג",פריט,0.00,פריט,false,,24.99,0.0000,true,1,129677
4820080720584,false,וודקה חלבני דאר קלאס,NATIONAL ALCOHOL COM,,"וודקה חלבני דאר קלאסיק 700 מ""ל",מיליליטרים,700.00,"100 מ""ל",false,1,54.90,7.8429,true,1,129680
4820080721536,false,וודקה חלבני דאר שיפו,NATIONAL ALCOHOL COM,,"וודקה "" חלבני דאר"" ז",מיליליטרים,700.00,"100 מ""ל",false,1,54.90,7.8429,true,1,129684
4820091270016,true,"פחם עץ השדר 2.7 ק""ג",,,"פחם עץ השדר 2.7 ק""ג",פריט,0.00,פריט,false,,23.99,0.0000,true,1,129703
4820092131163,false,וופל מגולגל בטעם חלב,,,וופל מגולגל בטעם חלב אפוי רולו 100 גר,גרמים,100.00,100 גרם,false,1,4.90,4.9000,true,1,228913
4820092131187,false,וופל מגולגל בטעם שוק,,,וופל מגולגל בטעם שוקולד רולו 100 גר,גרמים,100.00,100 גרם,false,1,4.90,4.9000,true,1,228914
4820092132764,false,וופל במילוי בטעם שוק,,,וופל במילוי בטעם שוקולד אגוזים 100 גר,גרמים,100.00,100 גרם,false,1,4.90,4.9000,true,1,228916
4820097815549,false,תה ירוק פירות ועלי כ,MALBI CHOCOLATE,,תה ירוק פירות ועלי כותרת פרחים פטל 80 גר,גרמים,80.00,100 גרם,false,1,14.90,18.6250,true,1,220310
4820097815556,false,תערובת תה עם חומרי ג,MALBI CHOCOLATE,,תערובת תה עם חומרי גלם צמחים ניחוח תותי,גרמים,80.00,100 גרם,false,1,14.90,18.6250,true,1,215498
4820097818069,false,תה שחור פירות ועלי כ,MALBI CHOCOLATE,,תה שחור פירות ועלי כותרת פרחים אפרסק 80,גרמים,80.00,100 גרם,false,1,14.90,18.6250,true,1,220311
4820097820710,true,"מלפפון חמוץ ""צ""ימפיו",,,"מלפפון חמוץ ""צ""ימפיו",פריט,0.00,פריט,false,,17.99,0.0000,true,1,129708
4820097899495,false,סיידר הפס אוכמניות ר,,UA,מארז סיידר הפס אוכמניות רביעייה,מיליליטרים,1320.00,"100 מ""ל",false,6,25.90,1.9621,true,1,219368
4820098220267,true,ממרח חמאה שוקולד 200,,,ממרח חמאה שוקולד 200,פריט,0.00,פריט,false,,7.99,0.0000,true,1,129709
4820103341574,false,חלב מרוכז 370 גר,,,"חלב מרוכז 400 גר""",גרמים,370.00,100 גרם,false,1,10.90,2.9459,true,1,157961
4820103402939,true,"וודקה ""איסטינה ציסטה",,,"וודקה ""איסטינה ציסטה",Unknown,0.00,Unknown,false,,49.99,0.0000,true,1,133792
4820106160691,false,גרעיני חמניות קלויים,,,גרעיני חמניות קלויים אלמז 200 גר,גרמים,200.00,100 גרם,false,1,9.90,4.9500,true,1,228466
4820134850243,false,פחם עץ תפוחים 2 קג,,,"פחם עץ תפוחים 2 ק""ג",קילוגרמים,2.00,"ק""ג",false,1,28.90,14.4500,true,1,201646
4820139474284,false,שכר חמוציות זלטוגור,,,שכר חמוציות זלטוגור 500מל,מיליליטרים,500.00,"100 מ""ל",false,1,19.90,3.9800,true,1,164698
4820139474307,false,שכר דובדבן זלטוגור 5,,,שכר דובדבן זלטוגור 500מל,מיליליטרים,500.00,"100 מ""ל",false,1,19.90,3.9800,true,1,164700
4820146444287,false,נקטר ענבים ותפוחי עץ,אקו ספרה אל.אל.סי,,נקטר ענבים ותפוחי עץ 1.9 ל,ליטרים,1.90,ליטר,false,1,17.90,9.4211,true,1,221420
4820154722162,false,גלידה לנינגרד 70 גר,ז'יטומרסקי זאבוד,,גלידה לנינגרד 70גר,גרמים,70.00,100 גרם,false,1,5.90,8.4286,true,1,136812
4820154722445,false,גלידה אסקימוס וניל 7,ז'יטומרסקי זאבוד,,גלידה אסקימוס וניל 750גר,גרמים,750.00,100 גרם,false,1,29.90,3.9867,true,1,160162
4820154722469,false,גלידה אסקימוס כוס ונ,ז'יטומרסקי זאבוד,,גלידה אסקימוס כוס וניל 85גר,גרמים,85.00,100 גרם,false,1,5.90,6.9412,true,1,160159
4820154722803,false,גלידה אסקימוס שוקולד,ז'יטומרסקי זאבוד,,גלידה אסקימוס שוקולד 750גר,גרמים,750.00,100 גרם,false,1,29.90,3.9867,true,1,160163
4820154723275,false,גלידה אסקימוס אסקימו,ז'יטומרסקי זאבוד,,גלידה אסקימוס אסקימו 85גר,גרמים,85.00,100 גרם,false,1,5.90,6.9412,true,1,160161
4820154723428,true,גלידה אמפרזה תות שדה,ז'יטומרסקי זאבוד,,גלידה אמפרזה תות שדה 100 גר,גרמים,100.00,100 גרם,false,1,7.90,7.9000,true,1,180812
4820154725187,false,גלידה אסקימוס אסקימו,ז'יטומרסקי זאבוד,,גלידה אסקימוס אסקימו 85גר,גרמים,85.00,100 גרם,false,1,5.90,6.9412,true,1,164588
4820154727938,false,גלידה אסקימו מלון לי,ז'יטומרסקי זאבוד,,גלידה אסקימו מלון ליים 85גר,גרמים,85.00,100 גרם,false,1,5.90,6.9412,true,1,193550
4820156631059,false,עוגיות גרונה מריה 31,GRONA,,עוגיות גרונה מריה 310 גר,גרמים,310.00,100 גרם,false,1,10.90,3.5161,true,1,185395
4820156631189,false,עוגיות גרונה סלאסטיו,GRONA,,עוגיות גרונה סלאסטיונה 360 גר,גרמים,360.00,100 גרם,false,1,10.90,3.0278,true,1,185397
4820156633473,false,מאפה בצק עלים פלמנקו,GRONA,,מאפה בצק עלים פלמנקו 320 גר,גרמים,320.00,100 גרם,false,1,12.90,4.0313,true,1,198596
4820160780392,false,פירושקי עם כרוב 450,סיא בוגה,,פירושקי עם כרוב 450 גר,גרמים,450.00,100 גרם,false,1,9.90,2.2000,true,1,197813
4820160780514,true,פירושקי עם דובדבן 45,,,פירושקי עם דובדבן 450 גר,גרמים,450.00,100 גרם,false,1,11.90,2.6444,true,1,194183
4820165641391,false,סושקה בטעם וניל פלור,סלובוז'נסקי ברד בייק,,סושקה בטעם וניל פלורה 300 גר,גרמים,300.00,100 גרם,false,1,6.90,2.3000,true,1,181618
4820165641421,false,סולומקה חרומטיק מתוק,סלובוז'נסקי ברד בייק,,סולומקה חרומטיק מתוקה 250 גר,גרמים,250.00,100 גרם,false,1,6.90,2.7600,true,1,181616
4820165641438,false,סולומקה בטעם פירות 2,סלובוז'נסקי ברד בייק,,סולומקה בטעם פירות 250 גר,גרמים,250.00,100 גרם,false,1,6.90,2.7600,true,1,181620
4820171991664,false,קרפלך עם תפוא 900 גר,לאסקה,,"קרפלך עם תפו""א 900 גר",גרמים,900.00,100 גרם,false,1,26.90,2.9889,true,1,181906
4820171993279,false,קרפלך עם תפוא ופטריו,לאסקה,,"קרפלך עם תפו""א ופטריות 900 גר",גרמים,900.00,100 גרם,false,1,26.90,2.9889,true,1,183965
4820171993293,false,קרפלך עם גבינה מלוחה,לאסקה,,קרפלך עם גבינה מלוחה 900 גר,גרמים,900.00,100 גרם,false,1,31.90,3.5444,true,1,183999
4820171997819,false,קרפלך תפוא עם בצל 90,לאסקה,,"קרפלך תפו""א עם בצל 900 גר",גרמים,900.00,100 גרם,false,1,26.90,2.9889,true,1,203957
4820171997833,false,קרפלך תפוא ושמיר 900,,,"קרפלך תפו""א ושמיר 900 גר",גרמים,900.00,100 גרם,false,1,26.90,2.9889,true,1,204915
4820176200037,false,עוגיות שיבולת שועל ק,סויוז,,עוגיות שיבולת שועל קלאסיק 400 גר,גרמים,400.00,100 גרם,false,1,10.90,2.7250,true,1,181820
4820176204080,false,חטיף תירס ממולא בטעם,,,חטיף תירס ממולא בטעם נוטלה 100 גר,גרמים,100.00,100 גרם,false,,5.90,5.9000,true,1,228925
4820179251616,false,אטריות רולטון להכנה,MAREVEN FOOD,,אטריות רולטון להכנה מהירה עוף בכוס 75 גר,גרמים,75.00,100 גרם,false,1,6.90,9.2000,true,1,197166
4820179253726,false,אטריות רולטון להכנה,MAREVEN FOOD,,אטריות רולטון להכנה מהירה פטריות 75 גר,גרמים,75.00,100 גרם,false,1,6.90,9.2000,true,1,220302
4820179254013,false,פירה רולטון בטעם שמנ,,,פירה רולטון בטעם שמנת בכוס 40 גר,גרמים,40.00,100 גרם,false,1,5.90,14.7500,true,1,209181
4820179254044,false,פירה רולטון בטעם עוף,,,פירה רולטון בטעם עוף בכוס 40 גר,גרמים,40.00,100 גרם,false,1,5.90,14.7500,true,1,209179
4820179254051,false,פירה רולטון בטעם שמנ,,,פירה רולטון בטעם שמנת בשקית 40 גר,גרמים,40.00,100 גרם,false,1,3.90,9.7500,true,1,209185
4820179254082,false,פירה רולטון בטעם עוף,,,פירה רולטון בטעם עוף בשקית 40 גר,גרמים,40.00,100 גרם,false,1,3.90,9.7500,true,1,209183
4820182740084,false,ציפס בטעם בייקון 70,קלוס צ'פסוב,,ציפס בטעם בייקון 70 גר,גרמים,70.00,100 גרם,false,1,8.90,12.7143,true,1,183847
4820182742897,false,קרוטונים פלינט בטעם,Snacks,,קרוטונים פלינט בטעם בייקון 35 גר,גרמים,35.00,100 גרם,false,1,2.90,8.2857,true,1,207001
4820182742903,false,קרוטונים פלינט בטעם,Snacks,,קרוטונים פלינט בטעם סרטן 35 גר,גרמים,35.00,100 גרם,false,1,2.90,8.2857,true,1,207002
4820182742989,false,קרוטונים פלינט בטעם,Snacks,,קרוטונים פלינט בטעם גבינה 35 גר,גרמים,35.00,100 גרם,false,1,2.90,8.2857,true,1,212160
4820185101943,false,פילה מקרל בשמן צמחי,,,פילה מקרל בשמן צמחי 300 גר,גרמים,300.00,100 גרם,false,1,25.90,8.6333,true,1,222343
4820185102162,false,פילה פורל ים מעושן ע,UFO,UA,פילה פורל ים מעושן על עור 240 גר NORVEN,גרמים,240.00,100 גרם,false,15,42.90,17.8750,true,1,204170
4820185104906,false,פילה סלמון נורבן מעו,,,פילה סלמון נורבן מעושן פרוס 350 גר,גרמים,350.00,100 גרם,false,1,69.90,19.9714,true,1,191093
4820185106207,false,פילה סלמון מעושן 500,UFO,UA,פילה סלמון מעושן 500 גר,גרמים,500.00,100 גרם,false,17,59.90,11.9800,true,1,204173
4820185230179,false,גלידה לקומקה עם קקאו,laska,,גלידה לקומקה עם קקאו 100גר,גרמים,100.00,100 גרם,false,1,5.90,5.9000,true,1,164530
4820185230186,false,גלידה לקומקה 100 גר,laska,,גלידה לקומקה 100גר,גרמים,100.00,100 גרם,false,1,5.90,5.9000,true,1,164531
4820185230384,false,פלומביר בלורוסי 90 ג,laska,,פלומביר בלורוסי 90גר,גרמים,90.00,100 גרם,false,1,5.90,6.5556,true,1,183723
4820185230643,false,פלומביר סובייטי 60 ג,,,פלומביר סובייטי 60 גר,גרמים,60.00,100 גרם,false,1,5.90,9.8333,true,1,180788
4820185230742,false,גלידה ואלס וינאי 70,,,גלידה ואלס וינאי 70 גר,גרמים,70.00,100 גרם,false,1,5.90,8.4286,true,1,180784
4820185230988,false,גלידה מקסימוס בריקט,laska,,גלידה מקסימוס 90 גר,גרמים,90.00,100 גרם,false,30,5.90,6.5556,true,1,187211
4820185231978,false,גלידה פלומביר בלורוס,לסקה,,גלידה פלומביר בלורוסקי 600 גר,גרמים,600.00,100 גרם,false,1,26.90,4.4833,true,1,185222
4820185232296,false,גלידה אסקימו גרנדי ל,,,גלידה אסקימו גרנדי לאסקה 80 גר,גרמים,80.00,100 גרם,false,1,5.90,7.3750,true,1,205243
4820185232739,false,גלידה אסקימו נובוזלנ,laska,,גלידה אסקימו נובוזלנדסקי 70 גר,גרמים,70.00,100 גרם,false,1,5.90,8.4286,true,1,187512
4820185235013,false,גלידה אסקימו וניל במ,,,גלידה אסקימו וניל במילוי תות שדה 80 גר,גרמים,80.00,100 גרם,false,1,5.90,7.3750,true,1,205244
4820185236256,false,גלידה בריקט מקסימוס,,,גלידה בריקט מקסימוס שוקולד 90 גר,גרמים,90.00,100 גרם,false,1,5.90,6.5556,true,1,227406
4820186620870,false,פילה דג שפרוטים כבוש,,,פילה דג שפרוטים כבוש בשמן 150 גר,גרמים,150.00,100 גרם,false,1,9.90,6.6000,true,1,224964
4820189290193,false,יין אזנאורי ספווי אד,,,"יין אזנאורי ספווי אדום יבש 750 מ""ל",מיליליטרים,750.00,"100 מ""ל",false,12,32.90,4.3867,true,1,209290
4820189290216,false,יין אזנאורי אדום חצי,,,"יין אזנאורי אדום חצי מתוק 750 מ""ל",מיליליטרים,750.00,"100 מ""ל",false,12,32.90,4.3867,true,1,209287
4820189290896,false,יין אזנאורי רוזה חצי,,,"יין אזנאורי רוזה חצי מתוק 750 מ""ל",מיליליטרים,750.00,"100 מ""ל",false,12,32.90,4.3867,true,1,213837
4820193030303,false,בירה זיברט בהירה פח,Obolon,,"בירה זיברט בהירה פח 500 מ""ל",מיליליטרים,500.00,"100 מ""ל",false,1,7.90,1.5800,true,1,187118
4820193031706,false,בירה אובולון חזקה בה,OBOLON,,בירה אובולון חזקה בהירה פחית 500 מל,מיליליטרים,500.00,"100 מ""ל",false,1,8.90,1.7800,true,1,216338
4820193032727,false,בירה קלה בטעם קולה ו,OBOLON,,בירה קלה בטעם קולה וליים 500 מל,גרמים,500.00,100 גרם,false,1,7.90,1.5800,true,1,215504
4820193034707,false,בירה אובולון מחוזקת,OBOLON,,בירה אובולון מחוזקת 1 ל,ליטרים,1.00,ליטר,false,1,11.90,11.9000,true,1,220179
4820193551754,false,גלידה שמנת לסונקה בט,laska,,"גלידה שמנת לסונקה בטעם וניל 1 ק""ג",קילוגרמים,1.00,"ק""ג",false,4,35.90,35.9000,true,1,209635
4820193551990,false,גלידה כוס וליקן משמש,,,גלידה כוס וליקן משמש דובדבן 70 גר,גרמים,70.00,100 גרם,false,18,5.90,8.4286,true,1,209633
4820195090909,false,ממתקי שוקולד ממולאים,,,ממתקי שוקולד ממולאים סטרלה 200 גר,גרמים,200.00,100 גרם,false,1,21.90,10.9500,true,1,212413
4820195096147,false,ביסקוויט עם תפוע וקי,ז'יטומיר,,"ביסקוויט עם תפו""ע וקינמון 680 גר",גרמים,680.00,100 גרם,false,1,17.90,2.6324,true,1,205685
4820196524458,false,מאפה קפוא במילוי גבי,,,מאפה קפוא במילוי גבינה 5% רכה 800 גר,גרמים,800.00,100 גרם,false,12,29.90,3.7375,true,1,216912
4820198872878,false,תה פארטי גריט אריזת,MALBI CHOCOLATE,,תה פארטי גריט אריזת שי 153.5 גר,גרמים,154.00,100 גרם,false,1,29.90,19.4156,true,1,212204
4820198873288,false,תה ירוק דאליי 25 שק,,,תה ירוק דאליי 25 שק,Unknown,0.00,Unknown,false,1,10.90,0.0000,true,1,208711
4820198874605,false,תערובת תה עלים בטעם,MALBI CHOCOLATE,,תערובת תה עלים בטעם ענבים עלי כותרת פרחי,גרמים,30.00,100 גרם,false,1,9.90,33.0000,true,1,212205
4820198874629,false,תה עלים ירוק בטעם תו,MALBI CHOCOLATE,,תה עלים ירוק בטעם תותי בר 30 גר,גרמים,30.00,100 גרם,false,1,9.90,33.0000,true,1,212206
4820198874643,false,תערובת תה פירות ופרח,MALBI CHOCOLATE,,תערובת תה פירות ופרחים בטעם פירות יער,גרמים,30.00,100 גרם,false,1,9.90,33.0000,true,1,212207
4820198876418,false,תה שחור בניחוח וניל,,,תה שחור בניחוח וניל וברגמיט 30 גר,גרמים,30.00,100 גרם,false,1,9.90,33.0000,true,1,220307
4820199870057,false,סושקה פירמינייה 300,BKK,,סושקה פירמינייה 300 גר,גרמים,300.00,100 גרם,false,1,6.90,2.3000,true,1,193436
4820199870620,false,סולומקה מתוקה 100 גר,BKK,,סולומקה מתוקה 100 גר,גרמים,100.00,100 גרם,false,1,4.90,4.9000,true,1,193439
4820199870774,false,דובשניות פרוקטוביי 3,BKK,,דובשניות פרוקטוביי 380 גר,גרמים,380.00,100 גרם,false,1,11.90,3.1316,true,1,193428
4820199870781,false,דובשנית מולוצניה 380,BKK,,דובשנית מולוצניה 380 גר,גרמים,380.00,100 גרם,false,1,11.90,3.1316,true,1,193427
4820199870798,false,דובשניות מוסקובסקיי,BKK,,דובשניות מוסקובסקיי 380 גר,גרמים,380.00,100 גרם,false,1,11.90,3.1316,true,1,193430
4820203710034,false,משקה קל מוגז בייקל 2,,,משקה קל מוגז בייקל 2 ל,ליטרים,2.00,ליטר,false,1,13.90,6.9500,true,1,213192
4820213960016,false,יין מבעבע לבן יבש בר,,,יין מבעבע לבן יבש ברוט אודסה 750 מל,מיליליטרים,750.00,"100 מ""ל",false,1,34.90,4.6533,true,1,222724
4820217240114,false,חמאה פרמה 82.5% 200,,,חמאה פרמה 82.5% 200 גר,גרמים,200.00,100 גרם,false,1,7.80,3.9000,true,1,207412
4820224236360,false,פילה פורל ים בעישון,,,פילה פורל ים בעישון חם 300 גר,גרמים,300.00,100 גרם,false,1,54.90,18.3000,true,1,221759
4820244330239,false,סכין 50 יח,,,סכין 50 יח,Unknown,0.00,Unknown,false,1,9.90,0.0000,true,1,227093
4823005000068,false,בירה לביבסקה פוטר 50,קלסברג אוקראינה,,"בירה לביבסקה פוטר 500 מ""ל",מיליליטרים,500.00,"100 מ""ל",false,1,9.90,1.9800,true,1,129817
4823005000372,false,בירה לביבסקה 1715 פח,קלסברג אוקראינה,,"בירה לביבסקה 1715 פח. 500 מ""ל",מיליליטרים,500.00,"100 מ""ל",false,1,7.90,1.5800,true,1,160448
4823005305101,true,"עוגה ""רושן"" קפוצ""ינ",,,"עוגה ""רושן"" קפוצ""ינ",פריט,0.00,פריט,false,,99.99,0.0000,true,1,129830
4823005306283,true,"עוגה ""רושן"" גריליאז",,,"עוגה ""רושן"" גריליאז",פריט,0.00,פריט,false,,99.99,0.0000,true,1,129835
4823005307587,true,"שוקולד ""רושן"" אלגנט",,,"שוקולד ""רושן"" אלגנט",פריט,0.00,פריט,false,,9.99,0.0000,true,1,129840
4823005311096,true,"עוגה ""רושן"" קלוצ""יק",,,"עוגה ""רושן"" קלוצ""יק",פריט,0.00,פריט,false,,99.99,0.0000,true,1,129868
4823005311119,true,"עוגה ""רושן"" טרופל 1.",,,"עוגה ""רושן"" טרופל 1.",פריט,0.00,פריט,false,,99.99,0.0000,true,1,129869
4823006800964,false,עגבניות כבושות נזין,NEZHIN,,"עגבניות כבושות נז""ין 920 גר",גרמים,920.00,100 גרם,false,1,21.90,2.3804,true,1,129889
4823006801251,false,עגבניות במיץ עגבניות,NEZHIN,,עגבניות במיץ עגבניות,גרמים,920.00,100 גרם,false,1,21.90,2.3804,true,1,129890
4823006801800,false,מלפפונים במלח 920 גר,NEZHIN,,מלפפונים במלח 920 גר,גרמים,920.00,100 גרם,false,1,21.90,2.3804,true,1,129893
4823006801862,false,איקרה קישואים 450 גר,NEZHIN,,איקרה קישואים 450 גר,גרמים,450.00,100 גרם,false,1,14.90,3.3111,true,1,129894
4823006801978,true,שעועית ברוטב עגבניות,,,שעועית ברוטב עגבניות,פריט,0.00,פריט,false,,11.99,0.0000,true,1,129896
4823006802128,false,מלפפונים בחומץ 920 ג,NEZHIN,,מלפפונים בחומץ 920 ג,גרמים,920.00,100 גרם,false,1,21.90,2.3804,true,1,129899
4823006802135,false,איקרה חצילים 450 גר,NEZHIN,,"איקרה חצילים 450 גר""",גרמים,450.00,100 גרם,false,1,14.90,3.3111,true,1,129900
4823006802340,true,עגבניות שרי במרינדה,,,עגבניות שרי במרינדה,פריט,0.00,פריט,false,,11.99,0.0000,true,1,129901
4823006802395,false,חצילים נזין 450 גר,NEZHIN,,חצילים נזין 450גר,גרמים,450.00,100 גרם,false,1,14.90,3.3111,true,1,129902
4823006802401,false,אדגיקה 450 גר,NEZHIN,,"אדג""יקה 450 גר""",גרמים,450.00,100 גרם,false,1,14.90,3.3111,true,1,129903
4823006802647,true,"רוטב ""נז""ין"" 450 גר""",,,"רוטב ""נז""ין"" 450 גר""",פריט,0.00,פריט,false,,11.99,0.0000,true,1,129905
4823006802654,true,רוטב קרסנודרסקי 450,,,רוטב קרסנודרסקי 450,פריט,0.00,פריט,false,,11.99,0.0000,true,1,129906
4823006802661,true,רוטב קרסנודרסקי 450,,,רוטב קרסנודרסקי 450,פריט,0.00,פריט,false,,10.99,0.0000,true,1,129907
4823006802814,true,קישואים עם ירקות 450,,,קישואים עם ירקות 450,פריט,0.00,פריט,false,,12.99,0.0000,true,1,129908
4823006805075,false,מלפפונים NEZEN בטעם,NEZHIN,UA,מלפפונים NEZEN בטעם כפרי 920 גר,גרמים,920.00,100 גרם,false,12,21.90,2.3804,true,1,204154
4823017501034,true,"עוגיות ""וואלס"" בטעם",,,"עוגיות ""וואלס"" בטעם",פריט,0.00,פריט,false,,4.99,0.0000,true,1,130036
4823017501102,true,"עוגיות ""דן צ""איו"" בט",,,"עוגיות ""דן צ""איו"" בט",פריט,0.00,פריט,false,,4.99,0.0000,true,1,130037
4823017502802,true,"עוגיות לקפה ""אולקר""",,,"עוגיות לקפה ""אולקר""",פריט,0.00,פריט,false,,4.99,0.0000,true,1,130060
4823017503083,true,"עוגיות ""דן צ""איו"" בט",,,"עוגיות ""דן צ""איו"" בט",פריט,0.00,פריט,false,,4.99,0.0000,true,1,130061
4823054604392,false,קרואסון במילוי טעם ד,,,קרואסון במילוי דובדבן 45 גר,גרמים,45.00,100 גרם,false,24,2.90,6.4444,true,1,194041
4823054604415,false,קרואסון במילוי קרם ק,,,קרואסון במילוי קרם קקאו 45 גר,גרמים,45.00,100 גרם,false,24,2.90,6.4444,true,1,194039
4823063108300,false,נקטר תפוע ודובדבנים,סדוצ'וק,UA,"נקטר תפו""ע ודובדבנים סדוצק 1.93 ל",ליטרים,1.93,ליטר,false,6,19.90,10.3109,true,1,219060
4823063111836,false,צנימים חרוסטים בטעם,,,צנימים חרוסטים בטעם סרטן ים 60 גר,גרמים,60.00,100 גרם,false,1,3.90,6.5000,true,1,194641
4823063111973,false,נקטר תפוע ורימון סדו,סדוצ'וק,UA,"נקטר תפו""ע ורימון סדוצק 1.93 ל",ליטרים,1.93,ליטר,false,6,19.90,10.3109,true,1,219063
4823063112895,false,נקטר סנדורה דומדמניו,סנדורה,,נקטר סנדורה דומדמניות שחורות וענבים 950,מיליליטרים,950.00,"100 מ""ל",false,1,15.90,1.6737,true,1,198533
4823063112987,false,נקטר סנדורה דובדבנים,סנדורה,,"נקטר סנדורה דובדבנים מפוסטר 950 מ""ל",מיליליטרים,950.00,"100 מ""ל",false,1,15.90,1.6737,true,1,198534
4823063113007,false,נקטר סנדורה רימונים,סנדורה,,"נקטר סנדורה רימונים 950 מ""ל",מיליליטרים,950.00,"100 מ""ל",false,1,15.90,1.6737,true,1,198535
4823063113038,false,מיץ סנדורה ירקות מעו,סנדורה,,"מיץ סנדורה ירקות מעוקר 950 מ""ל",מיליליטרים,950.00,"100 מ""ל",false,1,15.90,1.6737,true,1,198531
4823063113441,false,נקטר תפוע סדוצק 1.93,סדוצ'וק,UA,"נקטר תפו""ע סדוצק 1.93 ל",ליטרים,1.93,ליטר,false,6,19.90,10.3109,true,1,219064
4823063113502,false,נקטר פירות מעורבים ס,סדוצ'וק,UA,נקטר פירות מעורבים סדוצק 1.93 ל,ליטרים,1.93,ליטר,false,6,19.90,10.3109,true,1,219069
4823063113656,false,נקטר תפוע וענבים סדו,סדוצ'וק,UA,"נקטר תפו""ע וענבים סדוצק 1.93 ל",ליטרים,1.93,ליטר,false,6,19.90,10.3109,true,1,219066
4823063115698,false,צנימים חרוסטים בטעם,סנדורה,UA,צנימים חרוסטים בטעם 4 גבינות 60 גר,גרמים,60.00,100 גרם,false,24,3.90,6.5000,true,1,213263
4823063121446,false,חטיפי תפוא בטעם נקני,,,"חטיפי תפו""א בטעם נקניקיות עם חרדל 120 גר",גרמים,120.00,100 גרם,false,1,15.90,13.2500,true,1,219750
4823063707855,false,תה שחור קלאסי 20 שק,או א.או מאי קומפני,,תה שחור קלאסי 20 שק 36 גר,גרמים,36.00,100 גרם,false,1,11.90,33.0556,true,1,219599
4823071515398,false,בלינצס במילוי שטרודל,,,בלינצס במילוי שטרודל תפוחים 350 גר,גרמים,350.00,100 גרם,false,1,14.90,4.2571,true,1,228203
4823077604171,false,סוכ קארא קום 1 קג,,,סוכ קארא קום 1 קג,קילוגרמים,1.00,"ק""ג",false,1,54.90,54.9000,true,1,186900
4823077604416,false,סוכ קראסני מאק 1 קג,,,סוכ קראסני מאק 1 קג,קילוגרמים,1.00,"ק""ג",false,1,54.90,54.9000,true,1,186899
4823077605215,false,סוכריות גלי רושן 1 ק,קייב קרמנציק,,סוכריות גלי רושן 1 קג,קילוגרמים,1.00,"ק""ג",false,,29.90,29.9000,true,1,186890
4823077608933,false,סוכ לצינה 1 קג,,,סוכ לצינה,Unknown,0.00,Unknown,false,1,54.90,0.0000,true,1,186901
4823077609299,false,שוקולד מריר 78% 90 ג,רושן,,שוקולד מריר 78% 90 גר,גרמים,90.00,100 גרם,false,1,5.90,6.5556,true,1,182131
4823077611940,false,בונבוניירה אסורטי קל,קייב קרמנציק,,בונבוניירה אסורטי קלאסיק 154 גר,גרמים,154.00,100 גרם,false,1,18.90,12.2727,true,1,185055
4823077613203,false,שוקולד רושן מריר+פונ,רושן,,שוקולד רושן מריר+פונדוק שלם 90 גר,גרמים,90.00,100 גרם,false,1,7.90,8.7778,true,1,186855
4823077613630,false,בטונציק שוקולד רושן,רושן,,בטונציק שוקולד רושן קרם ברולה 43 גר,גרמים,43.00,100 גרם,false,1,3.90,9.0698,true,1,186117
4823077614675,false,ביסקוויט חלב 185 גר,קייב קרמנציק,,ביסקוויט חלב 185 גר,גרמים,185.00,100 גרם,false,1,3.90,2.1081,true,1,186870
4823077614699,false,ביסקוויט וניל 185 גר,קייב קרמנציק,,ביסקוויט וניל 185 גר,גרמים,185.00,100 גרם,false,1,3.90,2.1081,true,1,186869
4823077614767,false,שוקולד חלב נוגט רושן,רושן,,שוקולד חלב נוגט רושן בטעם אגוזי לוז 90 ג,גרמים,90.00,100 גרם,false,1,4.90,5.4444,true,1,221269
4823077614804,false,שוקולד חלב נוגט בטעם,רושן,,שוקולד חלב נוגט בטעם אוכמניות כחולות 90,גרמים,90.00,100 גרם,false,1,4.90,5.4444,true,1,188432
4823077617041,false,חטיף שוקולד רושן קרמ,רושן,,בטונציק שוקולד רושן קרמל 43 גר,גרמים,43.00,100 גרם,false,1,3.90,9.0698,true,1,186844
4823077617645,false,עוגת פרזסקי רושן 850,,,עוגת פרזסקי רושן 850 גר,גרמים,850.00,100 גרם,false,1,79.90,9.4000,true,1,202995
4823077617829,false,עוגת רושן קייבסקי 45,,,עוגת רושן קייבסקי 450 גר,גרמים,450.00,100 גרם,false,1,59.90,13.3111,true,1,194499
4823077618161,false,וופל רול קונאפטו חלב,רושן,,וופל רול קונאפטו חלב 140 גר,גרמים,156.00,100 גרם,false,1,6.90,4.4231,true,1,212304
4823077618901,false,בונ שוטרס רום ליקר 1,רושן,,בונ שוטרס רום ליקר 150 גר,גרמים,150.00,100 גרם,false,1,12.90,8.6000,true,1,193702
4823077618918,false,בונ שוטרס ברנדי ליקר,רושן,,בונ שוטרס ברנדי ליקר 150 גר,גרמים,150.00,100 גרם,false,1,12.90,8.6000,true,1,193703
4823077620737,false,בונ וצרני קייב 352 ג,,,בונ בצרני קייב 352 גר,גרמים,352.00,100 גרם,false,1,39.90,11.3352,true,1,195717
4823077621154,false,בטונציק שוקולד רושן,רושן,,בטונציק שוקולד רושן ממולא 43 גר,גרמים,43.00,100 גרם,false,1,3.90,9.0698,true,1,197446
4823077621642,false,וופל רושן בטעם שוקול,,,וופל רושן בטעם שוקולד 72 גר,גרמים,72.00,100 גרם,false,1,3.90,5.4167,true,1,222193
4823077621659,false,וופל רושן בטעם אגוז,,,וופל רושן בטעם אגוז 72 גר,גרמים,72.00,100 גרם,false,1,3.90,5.4167,true,1,222194
4823077624247,false,גלי בוני פרוט ציטרוס,,,גלי בוני פרוט ציטרוס מיקס 200 גר,גרמים,200.00,100 גרם,false,1,6.90,3.4500,true,1,202568
4823077624261,false,גלי בוני פרוט ברי מי,,,גלי בוני פרוט ברי מיקס 200 גר,גרמים,200.00,100 גרם,false,1,6.90,3.4500,true,1,202569
4823077624285,false,בונ אסורטי שוקולאטרי,,,בונ אסורטי שוקולאטריה 194 גר,גרמים,194.00,100 גרם,false,8,22.90,11.8041,true,1,201825
4823077625145,false,בונ דובדבן+ליקר דובד,רושן,,בונ דובדבן+ליקר דובדבן 155 גר,גרמים,155.00,100 גרם,false,1,12.90,8.3226,true,1,204972
4823077625589,false,וופל רושן חלב 216 גר,,,וופל רושן חלב 216 גר,גרמים,216.00,100 גרם,false,1,6.90,3.1944,true,1,205722
4823077625602,false,וופל רושן שוקולד 216,,,וופל רושן שוקולד 216 גר,גרמים,216.00,100 גרם,false,1,6.90,3.1944,true,1,205723
4823077625626,false,וופל רושן אגוז 216 ג,,,וופל רושן אגוז 216 גר,גרמים,216.00,100 גרם,false,1,6.90,3.1944,true,1,205724
4823077625879,false,בונבוניירה קומפלימנט,קייב קרמנציק,,בונבוניירה קומפלימנט 145 גר,גרמים,145.00,100 גרם,false,8,18.90,13.0345,true,1,208650
4823077626203,false,שוקולד אוורירי מריר,רושן,,שוקולד אוורירי מריר 80 גר,גרמים,80.00,100 גרם,false,20,6.90,8.6250,true,1,206579
4823077626227,false,שוקולד אורירי חלב 80,רושן,,שוקולד אורירי חלב 80 גר,גרמים,80.00,100 גרם,false,20,6.90,8.6250,true,1,206578
4823077626241,false,שוקולד אוורירי לבן ק,רושן,,שוקולד אוורירי לבן קרמל 80 גר,גרמים,80.00,100 גרם,false,20,6.90,8.6250,true,1,206577
4823077626364,false,שוקולד אוורירי לבן 8,רושן,,שוקולד אוורירי לבן 80 גר,גרמים,80.00,100 גרם,false,20,6.90,8.6250,true,1,206576
4823077629372,false,ביסקוויט רושן חלב מר,רושן,,ביסקוויט רושן חלב מרוכז 300 גר,גרמים,300.00,100 גרם,false,9,9.90,3.3000,true,1,210628
4823077630057,false,חמאה רושן 82.5% 200,,,חמאה רושן 82.5% 200 גר,גרמים,200.00,100 גרם,false,24,10.90,5.4500,true,1,214336
4823077630422,false,קרקר סנדוויץ חלב וני,רושן,,קרקר סנדוויץ חלב וניל רושן 235 גר,גרמים,235.00,100 גרם,false,1,9.90,4.2128,true,1,220394
4823077630439,false,קרקר סנדוויץ שוקולד,רושן,,קרקר סנדוויץ שוקולד רושן 235 גר,גרמים,235.00,100 גרם,false,1,9.90,4.2128,true,1,220393
4823077631467,false,קרקר עם מלח ים רושן,רושן,,קרקר עם מלח ים רושן 168 גר,גרמים,168.00,100 גרם,false,1,4.90,2.9167,true,1,220391
4823077631474,false,קרקר קלאסי רושן 168,רושן,,קרקר קלאסי רושן 168 גר,גרמים,168.00,100 גרם,false,1,4.90,2.9167,true,1,220390
4823077631856,false,וופל רול קונאפטו קוק,רושן,,וופל רול קונאפטו קוקוס 140 גר,גרמים,140.00,100 גרם,false,15,6.90,4.9286,true,1,216351
4823077632112,false,וופל רושן בטעם קקאו,,,וופל רושן בטעם קקאו חלב 216 גר,גרמים,216.00,100 גרם,false,1,6.90,3.1944,true,1,220385
4823077632259,false,בטונציק קרם בוטנים ר,רושן,,בטונציק קרם בוטנים רושן 38 גר,גרמים,38.00,100 גרם,false,30,3.90,10.2632,true,1,216889
4823077632327,false,סוכ קשות מנטה מנטול,,,סוכ קשות מנטה מנטול 1 קג,קילוגרמים,1.00,"ק""ג",false,1,24.90,24.9000,true,1,227932
4823077632358,false,סוכ מקל קולה רושן 15,קייב קרמנציק,,סוכ מקל קולה רושן 150 גר,גרמים,150.00,100 גרם,false,12,4.90,3.2667,true,1,220396
4823077632570,false,שוקולד מריר ברוט 85,רושן,,שוקולד מריר ברוט 80 גר,גרמים,85.00,100 גרם,false,20,6.90,8.1176,true,1,220984
4823077632594,false,שוקולד רושן חלב אגוז,רושן,,שוקולד רושן חלב אגוז שלם 90 גר,גרמים,90.00,100 גרם,false,1,7.90,8.7778,true,1,220982
4823077633058,false,גליליות וופל רושן קו,רושן,,גליליות וופל רושן קונאפטו אגוז 140 גר,גרמים,140.00,100 גרם,false,15,6.90,4.9286,true,1,219129
4823077633317,false,עוגיות שוקולד עם חתי,,,עוגיות שוקולד עם חתיכות שוקולד 150 גר,גרמים,150.00,100 גרם,false,16,6.90,4.6000,true,1,220381
4823077633324,false,עוגיות שוקוציפס חתיכ,,,עוגיות שוקוציפס חתיכות שוקולד 150 גר,גרמים,150.00,100 גרם,false,16,6.90,4.6000,true,1,220380
4823077633331,false,עוגיות רושן בטעם תפו,,,עוגיות רושן בטעם תפוז 150 גר,גרמים,150.00,100 גרם,false,16,6.90,4.6000,true,1,220379
4823077633348,false,עוגיות רושן לוויטה ע,,,עוגיות רושן לוויטה עם חתיכות בוטנים 150,גרמים,150.00,100 גרם,false,16,6.90,4.6000,true,1,220266
4823077633423,false,עוגיות רושן במילוי ק,,,עוגיות רושן במילוי קרם שוקולד 170 גר,גרמים,170.00,100 גרם,false,16,6.90,4.0588,true,1,220384
4823077633515,false,חטיף וופל במילוי קרם,,,חטיף וופל במילוי קרם חלבי רושן 34 גר,גרמים,34.00,100 גרם,false,1,3.90,11.4706,true,1,227937
4823077633690,false,בונ שוטרס ויסקי רושן,רושן,,בונ שוטרס ויסקי רושן 150 גר,גרמים,150.00,100 גרם,false,1,12.90,8.6000,true,1,222597
4823077634116,false,סוכ קורובקה 1 קג,,,סוכ קורובקה 1 קג,קילוגרמים,1.00,"ק""ג",false,7,24.90,24.9000,true,1,220562
4823077634192,false,עוגיות במילוי דובדבן,,,עוגיות במילוי דובדבן וניל 168 גר,גרמים,168.00,100 גרם,false,1,6.90,4.1071,true,1,222590
4823077634222,false,עוגיות תפוז 135 גר,,,עוגיות תפוז 135 גר,גרמים,135.00,100 גרם,false,1,6.90,5.1111,true,1,222593
4823077634246,false,עוגיות פטל 135 גר,,,עוגיות פטל 135 גר,גרמים,135.00,100 גרם,false,1,6.90,5.1111,true,1,222591
4823077634369,false,שוקולד חלב ופצפוצי א,,,שוקולד חלב ופצפוצי אורז לקמי רושן 85 גר,גרמים,85.00,100 גרם,false,1,6.90,8.1176,true,1,227934
4823077634376,false,שוקולד חלב וקרם אגוז,,,שוקולד חלב וקרם אגוזים לקמי רושן 85 גר,גרמים,85.00,100 גרם,false,1,6.90,8.1176,true,1,227935
4823077634413,false,עוגות אישיות תות שדה,,,עוגות אישיות תות שדה 270 גר,גרמים,270.00,100 גרם,false,1,13.90,5.1481,true,1,222596
4823077634420,false,עוגות אישיות חלב 270,,,עוגות אישיות חלב 270 גר,גרמים,270.00,100 גרם,false,1,13.90,5.1481,true,1,222594
4823077634741,false,עוגיות במילוי תות שד,,,עוגיות במילוי תות שדה 168 גר,גרמים,168.00,100 גרם,false,1,6.90,4.1071,true,1,222598
4823077635106,false,מארז מתנה 378 גר,,,מארז מתנה 378 גר,גרמים,378.00,100 גרם,false,1,29.90,7.9101,true,1,223732
4823077635489,false,חטיף וופל רושן קרם ק,,,חטיף וופל רושן קרם קקאו 350 גר,גרמים,350.00,100 גרם,false,1,16.90,4.8286,true,1,224665
4823077635533,false,חטיף וופל רושן קרם ח,,,חטיף וופל רושן קרם חלב 350 גר,גרמים,350.00,100 גרם,false,1,16.90,4.8286,true,1,224664
4823077635793,false,וופלים דקיקים רושן ס,,,וופלים דקיקים רושן סינס בטעם וניל 55 גר,גרמים,55.00,100 גרם,false,1,4.90,8.9091,true,1,229723
4823077635809,false,וופלים דקיקים רושן ס,,,וופלים דקיקים רושן סינס בטעם קקאו 55 גר,גרמים,55.00,100 גרם,false,1,4.90,8.9091,true,1,229724
4823077636059,false,עוגיות קקאו דובדבן ל,,,עוגיות קקאו דובדבן לוביטה 420 גר,גרמים,420.00,100 גרם,false,1,16.90,4.0238,true,1,224663
4823077636097,false,עוגיות פטל לוביטה 42,,,עוגיות פטל לוביטה 420 גר,גרמים,420.00,100 גרם,false,1,16.90,4.0238,true,1,224660
4823077636110,false,עוגיות תפוז לוביטה 4,,,עוגיות תפוז לוביטה 420 גר,גרמים,420.00,100 גרם,false,1,16.90,4.0238,true,1,224662
4823077636172,false,וופל רושן בטעם לימון,,,וופל רושן בטעם לימון 216 גר,גרמים,216.00,100 גרם,false,20,6.90,3.1944,true,1,226671
4823077636547,false,סוכ בים בום 468 גר,רושן,,סוכ בים בום 468 גר,גרמים,468.00,100 גרם,false,12,11.90,2.5427,true,1,226245
4823077636578,false,סוכ כוס חלב 325 גר,רושן,,סוכ כוס חלב 325 גר,גרמים,325.00,100 גרם,false,12,11.90,3.6615,true,1,226249
4823077636608,false,סוכ טופליני 325 גר,רושן,,סוכ טופליני 325 גר,גרמים,325.00,100 גרם,false,12,11.90,3.6615,true,1,226250
4823077638183,false,מתנה מס 1 279 גר,,,מתנה מס 1 279 גר,גרמים,279.00,100 גרם,false,1,24.90,8.9247,true,1,229726
4823077638220,false,מתנה מס 8 468 גר,,,מתנה מס 8 468 גר,גרמים,468.00,100 גרם,false,1,39.90,8.5256,true,1,229733
4823077638268,false,מתנה מס 6 382 גר,,,מתנה מס 6 382 גר,גרמים,382.00,100 גרם,false,1,34.90,9.1361,true,1,229731
4823077638329,false,מתנה מס 3 298 גר,,,מתנה מס 3 298 גר,גרמים,298.00,100 גרם,false,1,29.90,10.0336,true,1,229727
4823077638343,false,מתנה מס 2 294 גר,,,מתנה מס 2 294 גר,גרמים,294.00,100 גרם,false,1,29.90,10.1701,true,1,229728
4823090302481,false,ביסקוויט לוזוק בטעם,,,ביסקוויט לוזוק בטעם חלב אפוי 180 גר,גרמים,180.00,100 גרם,false,1,5.90,3.2778,true,1,205228
4823090302498,false,ביסקוויט לוזוק בטעם,,,ביסקוויט לוזוק בטעם שמנת 180 גר,גרמים,180.00,100 גרם,false,1,5.90,3.2778,true,1,205229
4823090302528,false,ביסקוויט לוזוק בטעם,,,ביסקוויט לוזוק בטעם ריבת חלב 180 גר,גרמים,180.00,100 גרם,false,1,5.90,3.2778,true,1,205227
4823097809747,false,גלידת שוקולד בכוס 70,ז'יטומרסקי זאבוד,,גלידת שוקולד בכוס 70 גר,גרמים,70.00,100 גרם,false,1,5.90,8.4286,true,1,222429
4823097809754,false,גלידה בריקט צימוקים,ז'יטומרסקי זאבוד,,גלידה בריקט 90 גר צימוקים,גרמים,90.00,100 גרם,false,1,5.90,6.5556,true,1,219970
4823097809778,false,גלידה בריקט שוקולד 9,ז'יטומרסקי זאבוד,,גלידה בריקט שוקולד 90 גר,גרמים,90.00,100 גרם,false,25,5.90,6.5556,true,1,220361
4823097809785,false,גלידה בטעם וניל 1 קג,ז'יטומרסקי זאבוד,,גלידה וניל 1 קג,קילוגרמים,1.00,"ק""ג",false,1,36.90,36.9000,true,1,219969
4823097809792,false,גלידה שוקו 1 קג,ז'יטומרסקי זאבוד,,גלידה שוקו 1 קג,קילוגרמים,1.00,"ק""ג",false,6,36.90,36.9000,true,1,222428
4823097809808,false,גלידה וניל 500 גר,ז'יטומרסקי זאבוד,,גלידה וניל 500 גר,גרמים,500.00,100 גרם,false,1,21.90,4.3800,true,1,222427
4823097809815,false,גלידה חלבית אוכמניות,ז'יטומרסקי זאבוד,,גלידה חלבית אוכמניות 85 גר,גרמים,85.00,100 גרם,false,40,5.90,6.9412,true,1,220360
4823097810026,false,גלידת בטעם קולה בגבי,,,גלידת בטעם קולה בגביע וופל אמפרזה 100 גר,גרמים,100.00,100 גרם,false,1,5.90,5.9000,true,1,220921
4823105400539,false,מרינדה לעוף 140 גר,,,מרינדה לעוף 140 גר,גרמים,140.00,100 גרם,false,1,6.90,4.9286,true,1,209970
4823105400713,false,חצילים ברוטב סלסה 50,,,חצילים ברוטב סלסה 500 גר,גרמים,500.00,100 גרם,false,1,14.90,2.9800,true,1,227224
4823105400805,false,אפונה במי מלח 510 גר,,,אפונה במי מלח 510 גר,גרמים,510.00,100 גרם,false,1,12.90,2.5294,true,1,227215
4823105402618,false,חרדל בסגנון רוסי חרי,,,חרדל בסגנון רוסי חריף 190 גר,גרמים,190.00,100 גרם,false,1,6.90,3.6316,true,1,227204
4823105800582,false,ממתק שוקולד קריאמו א,,,ממתק שוקולד קריאמו איירי במילוי שוקולד,גרמים,500.00,100 גרם,false,1,29.90,5.9800,true,1,212719
4823105802173,false,ממתק שוקולד טרופל חל,,,ממתק שוקולד טרופל חלבי 200 גר,גרמים,200.00,100 גרם,false,1,9.80,4.9000,true,1,212728
4823105802227,false,ממתק שוקולד טרופל או,,,ממתק שוקולד טרופל אוריגינל 200 גר,גרמים,200.00,100 גרם,false,1,9.90,4.9500,true,1,212729
4823105806584,true,שוקולד מריר 67% ללא,,,שוקולד מריר 67% ללא סוכר 90 גר,גרמים,90.00,100 גרם,false,,8.90,9.8889,true,1,225014
4823105808366,false,תערובת מס 1 ממתקי חג,,,תערובת מס 1 ממתקי חג 280 גר,גרמים,280.00,100 גרם,false,1,24.90,8.8929,true,1,223451
4823105808410,false,חטיף שוקולד מריר ממו,,,חטיף שוקולד מריר ממולא שוקולד עם פרוקטוז,גרמים,38.00,100 גרם,false,1,3.90,10.2632,true,1,225015
4823105810000,false,בטונציק קריאמו רויאל,,,בטונציק קריאמו רויאל שארם על פרוקטוז 29,גרמים,29.00,100 גרם,false,1,3.90,13.4483,true,1,227907
4840006001108,true,"ברנדי ""בוקט"" מולדביי",,,"ברנדי ""בוקט"" מולדביי",פריט,0.00,פריט,false,,59.99,0.0000,true,1,130122
4840008001199,false,סושקה מיני פרנזלוטה,FRANZELUTA,,סושקה מיני פרנזלוטה בטעם וניל 500 גר,גרמים,500.00,100 גרם,false,1,9.90,1.9800,true,1,159405
4840008001205,false,סושקה מיני פרנזלוטה,FRANZELUTA,,סושקה מיניע פרנזלוטה עם פרג 500גר,גרמים,500.00,100 גרם,false,1,9.90,1.9800,true,1,159406
4840008008624,false,סושקה מיני פרנזלוטה,FRANZELUTA,,סושקה מיניע פרנזלוטה לוביטלסקייה 500גר,גרמים,500.00,100 גרם,false,1,9.90,1.9800,true,1,159407
4840008017749,false,מיני סוחרי וניל פראנ,FRANZELUTA,,מיני סוחרי וניל פראנזלוטה 200 גר,גרמים,200.00,100 גרם,false,1,7.90,3.9500,true,1,190217
4840008017763,false,מיני צנימים פראנזלוצ,FRANZELUTA,,מיני צנימים פראנזלוצה עם צימוקים 200גר,גרמים,200.00,100 גרם,false,1,7.90,3.9500,true,1,160910
4840008018319,false,דובשניות עם שזיף 400,Franzeluta,,דובשניות עם שזיף 400 גר,גרמים,400.00,100 גרם,false,1,8.90,2.2250,true,1,194136
4840008018333,false,דובשניות פרנזולטה בט,Franzeluta,,דובשניות פרנזולטה בטעם דבש 400 גר,גרמים,400.00,100 גרם,false,1,8.90,2.2250,true,1,181337
4840008018371,false,דובשניות פרנזלוטה סב,FRANZELUTA,,דובשניות פרנזלוטה סברניה 400 גר,גרמים,400.00,100 גרם,false,1,8.90,2.2250,true,1,182442
4840008019521,false,עוגיות פרנזולטה בצק,FRANZELUTA,,עוגיות פרנזולטה בצק עלים לבבות דקל 350 ג,גרמים,350.00,100 גרם,false,1,9.90,2.8286,true,1,194664
4840008019897,false,דפי וופל פרנזולטה עג,Franzeluta,,דפי וופל פרנזולטה עגולים 100 גר,גרמים,100.00,100 גרם,false,1,9.90,9.9000,true,1,180383
4840008028028,false,צנימים פראנזלוצה עם,FRANZELUTA,,צנימים פראנזלוצה עם צימוקים 200גר,גרמים,200.00,100 גרם,false,1,7.90,3.9500,true,1,160909
4840008031806,false,דובשניות בטעם חלב מר,Franzeluta,,דובשניות בטעם חלב מרוכז 400 גר,גרמים,400.00,100 גרם,false,1,8.90,2.2250,true,1,191450
4840008037778,false,סופר מיני סושקה וניל,,MD,סופר מיני סושקה וניל 300 גר,גרמים,300.00,100 גרם,false,12,7.90,2.6333,true,1,223688
4840008037792,false,סופר מיני סושקה לובי,,MD,סופר מיני סושקה לוביטלסקיה 300 גר,גרמים,300.00,100 גרם,false,12,7.90,2.6333,true,1,223689
4840008040075,false,עוגיות אוזניים קינמו,FRANZELUTA,,עוגיות אוזניים קינמון 350 ג,גרמים,350.00,100 גרם,false,1,9.90,2.8286,true,1,222333
4840013000217,false,יין מבעבע קריקובה חצ,קריקובה,MD,שמפניה קריקובה חצי מ,מיליליטרים,750.00,"100 מ""ל",false,12,39.90,5.3200,true,1,130123
4840013006868,false,יין מבעבע קריקובה בר,קריקובה,MD,"יין מבעבע קריקובה ברוט 750 מ""ל",מיליליטרים,750.00,"100 מ""ל",false,12,39.90,5.3200,true,1,209625
4840019004653,false,עגבניות שרי מוחמצות,,,עגבניות שרי מוחמצות 670 גר,גרמים,670.00,100 גרם,false,1,10.90,1.6269,true,1,227441
4840022000956,false,מיץ ויטה פרמיום תפוח,,,מיץ ויטה פרמיום תפוח גזר 1ל,ליטרים,1.00,ליטר,false,1,12.90,12.9000,true,1,160044
4840022004107,false,ריבת אוכמניות שחורות,,,ריבת אוכמניות שחורות 680גר,גרמים,670.00,100 גרם,false,1,26.90,4.0149,true,1,132981
4840022004152,false,נקטר ויטה נטורליס תפ,,,נקטר ויטה נטורליס תפוח משמש 1ל,ליטרים,1.00,ליטר,false,1,9.90,9.9000,true,1,160039
4840022004183,false,מיץ ויטה נטורליס שזי,,,מיץ ויטה נטורליסשזיפים 1 ליטר,ליטרים,1.00,ליטר,false,1,9.90,9.9000,true,1,160026
4840022004190,false,נקטר ויטה נטורליס אפ,,,נקטר ויטה נטורליס אפרסק 1 ל,ליטרים,1.00,ליטר,false,1,9.90,9.9000,true,1,201545
4840022004206,false,מיץ עגבניות ויטה נטו,,,מיץ עגבניות ויטה נטורליס 1ל,ליטרים,1.00,ליטר,false,1,9.90,9.9000,true,1,160819
4840022004589,false,מיץ ויטה נטורליס תפו,,,מיץ ויטה נטורליס תפוח-משמש 2 ליטר,ליטרים,2.00,ליטר,false,1,16.90,8.4500,true,1,160027
4840022004626,false,מיץ ויטה נטורליס עגב,,,מיץ ויטה נטורליס עגבניות 2 ליטר,ליטרים,2.00,ליטר,false,1,16.90,8.4500,true,1,160029
4840022005265,false,מיץ תפוחים 1 ל,,,מיץ תפוחים 1 ליטר,ליטרים,1.00,ליטר,false,1,10.90,10.9000,true,1,132982
4840022005272,false,מיץ תפוח ענבים 1 ל,,,מיץ תפוח ענבים 1 ליטר,ליטרים,1.00,ליטר,false,1,10.90,10.9000,true,1,132983
4840022005319,false,נקטר דובדבן חמוץ מתו,,,נקטר דובדבן חמוץ מתוק 1 ליטר,ליטרים,1.00,ליטר,false,1,10.90,10.9000,true,1,132987
4840022005326,false,מיץ עגבניות ויטה 1 ל,,,מיץ עגבניות 1 ליטר,ליטרים,1.00,ליטר,false,1,10.90,10.9000,true,1,132988
4840022005647,false,ריבת תותים 680 גר,,,ריבת תותים 680גר,גרמים,680.00,100 גרם,false,1,26.90,3.9559,true,1,132989
4840022005661,false,ריבת פטל 680 גר,,,ריבת פטל 680גר,גרמים,680.00,100 גרם,false,1,32.90,4.8382,true,1,132990
4840022005876,false,נקטר רימונים 1 ל,,,נקטר רימונים 1 ליטר,ליטרים,1.00,ליטר,false,1,10.90,10.9000,true,1,132991
4840022006637,false,נקטר נטורליס תפוח דו,,,נקטר ויטה נטורליס תפוח דובדבן 1 ליטר,ליטרים,1.00,ליטר,false,1,9.90,9.9000,true,1,132996
4840022006668,false,נקטר ויטה נטוראליס ת,,,נקטר ויטה נטוראליס תפוח ענבים 2ל,ליטרים,2.00,ליטר,false,1,16.90,8.4500,true,1,160042
4840022006699,false,נקטר ויטה נטורליס תפ,,,נקטר ויטה נטורליס תפוח עץ אדום 1ל,ליטרים,1.00,ליטר,false,1,9.90,9.9000,true,1,160818
4840022006705,false,נקטר ויטה נטוראליס ת,,,נקטר ויטה נטוראליס תפוח אדום 2ל,ליטרים,2.00,ליטר,false,1,16.90,8.4500,true,1,160041
4840022007368,false,פטיסונים מוחמצים ויט,,,פטיסונים מוחמצים ויטה 660גר,גרמים,660.00,100 גרם,false,1,16.90,2.5606,true,1,160051
4840022007870,false,ממרח קישואים ויטה 40,,,ממרח קישואים ויטה 400 גר,גרמים,400.00,100 גרם,false,1,9.90,2.4750,true,1,212400
4840022008044,false,קונפיטיור ויטה פירות,סיא בוגה,,קונפיטיור ויטה פירות יער 360 גר,גרמים,360.00,100 גרם,false,1,9.90,2.7500,true,1,197803
4840022008709,false,משקה קל ויטה נטורליס,,,משקה קל ויטה נטורליס אפרסק מנגו 1 ל,ליטרים,1.00,ליטר,false,1,9.90,9.9000,true,1,201547
4840022009997,false,משקה קל נטורליס אפרס,,,משקה קל נטורליס אפרסק מנגו 2 ל,ליטרים,2.00,ליטר,false,1,16.90,8.4500,true,1,222021
4840029002601,true,"ברנדי ""בליי אגאט"" 0.",,,"ברנדי ""בליי אגאט"" 0.",פריט,0.00,פריט,false,,59.90,0.0000,true,1,130138
4840034001866,false,אפונה ירוקה ויטה 415,,,אפונה ירוקה ויטה 415גר,גרמים,415.00,100 גרם,false,1,8.90,2.1446,true,1,164658
4840044001627,true,"ברנדי מולדבי ""מאגיסט",,,"ברנדי מולדבי ""מאגיסט",Unknown,0.00,Unknown,false,,48.99,0.0000,true,1,130141
4840044001658,true,"ברנדי מולדבי ""גרלינג",,,"ברנדי מולדבי ""גרלינג",Unknown,0.00,Unknown,false,,48.99,0.0000,true,1,130142
4840044004130,true,"ברנדי מולדבי ""קומיר""",,,"ברנדי מולדבי ""קומיר""",Unknown,0.00,Unknown,false,,48.99,0.0000,true,1,130143
4840048000299,false,ברנדי בליי אייסט 500,,,"ברנדי ""בליי אייסט"" 0",מיליליטרים,500.00,"100 מ""ל",false,1,69.90,13.9800,true,1,130144
4840095000389,true,"בונבוניירות ""דו-רה-מ",,,"בונבוניירות ""דו-רה-מ",פריט,0.00,פריט,false,,35.99,0.0000,true,1,130152
4840095000525,true,דובדבן בשוקולד 360 ג,,,דובדבן בשוקולד 360 ג,פריט,0.00,פריט,false,,24.99,0.0000,true,1,130153
4840095002383,true,בונ. סטרלה 170 גרם,,,בונ. סטרלה 170 גרם,פריט,0.00,פריט,false,,19.99,0.0000,true,1,130158
4840095003090,false,מרמלד דולקי 350 גר,BUCURIA,,"מרמלד דולקי 350 ג""ר",גרמים,350.00,100 גרם,false,1,11.90,3.4000,true,1,130159
4840095007548,true,איריס טופי,,,איריס טופי,פריט,0.00,פריט,false,,15.99,0.0000,true,1,130160
4840095022565,true,"בונבוניירה ""מטאוריט""",,,"בונבוניירה ""מטאוריט""",פריט,0.00,פריט,false,,28.99,0.0000,true,1,130163
4840181001436,false,יין רטריו איזבלה אדו,,,"יין אדום ""רטריו"" איז",מיליליטרים,750.00,"100 מ""ל",false,1,31.90,4.2533,true,1,130172
4840254002193,false,יין לטו אדום חצי מתו,,,יין לטו אדום חצי מתוק קברנה סוביניון 1ל,ליטרים,1.00,ליטר,false,1,39.90,39.9000,true,1,164367
4840259011022,false,עוגיות שיבולת שועל 3,,,עוגיות שיבולת שועל 300 גר,גרמים,300.00,100 גרם,false,1,9.90,3.3000,true,1,227892
4840259011039,false,כעכים עם פרג 300 גר,,,כעכים עם פרג 300 גר,גרמים,300.00,100 גרם,false,1,9.90,3.3000,true,1,227885
4840267006829,false,יין מוסקט לבן חצי מת,אלבסטרילי ויינס אס א,,"יין מוסקט לבן חצי מתוק 750 מ""ל",מיליליטרים,750.00,"100 מ""ל",false,1,32.90,4.3867,true,1,189585
4840472005549,false,יין פורקרי קברנה סוב,,,"יין ""פורקארו"" קברנה",מיליליטרים,750.00,"100 מ""ל",false,6,64.90,8.6533,true,1,155924
4840472005556,false,יין פורקרי פינו נואר,,,"יין ""פורקארו"" פינות",מיליליטרים,750.00,"100 מ""ל",false,6,64.90,8.6533,true,1,155925
4840472005570,false,יין פורקרי סוביניון,,,"יין ""פורקארו"" סביון",מיליליטרים,750.00,"100 מ""ל",false,6,64.90,8.6533,true,1,155927
4840472020030,false,יין טרמינר דה פורקרי,,,יין טרמינר דה פורקרי 750 מל,מיליליטרים,750.00,"100 מ""ל",false,1,79.90,10.6533,true,1,227389
4840490000304,false,גרעינים דנדר לא קלוי,DANDAR,,גרעינים דנדר לא קלויים 800גר,גרמים,800.00,100 גרם,false,1,16.90,2.1125,true,1,162121
4840500002090,true,"קוניאק מולדבי ""אפיסק",,,"קוניאק מולדבי ""אפיסק",פריט,0.00,פריט,false,,54.99,0.0000,true,1,155932
4840536000558,true,"יין ""קגור"" 0.7 ליטר",,,"יין ""קגור"" 0.7 ליטר",פריט,0.00,פריט,false,,27.99,0.0000,true,1,130234
4840748000605,false,עגבניות מוחמצות 670,,,עגבניות מוחמצות 670 גר,גרמים,670.00,100 גרם,false,1,10.90,1.6269,true,1,228930
4840748000667,false,פטיסונים מוחמצים 670,,,פטיסונים מוחמצים 670 גר,גרמים,670.00,100 גרם,false,1,14.90,2.2239,true,1,130249
4840748000698,false,מלפפונים ועגבניות מו,,,מלפפונים ועגבניות מוחמצים 670 גר,גרמים,670.00,100 גרם,false,1,10.90,1.6269,true,1,226545
4840748002753,false,אפונה בראבו 420 גר,נטור ברבו,,אפונה בראבו 420 גר,גרמים,420.00,100 גרם,false,1,7.90,1.8810,true,1,187463
4840748005556,false,מלפפונים 6-9 במלח 92,,,מלפפונים 6-9 במלח 925 גר,גרמים,925.00,100 גרם,false,1,14.90,1.6108,true,1,226544
4850001032168,false,וודקה משמש 750 מל,,,וודקה משמש 750 מל,מיליליטרים,750.00,"100 מ""ל",false,1,119.90,15.9867,true,1,219133
4850001035190,false,עלי גפן במי מלח 700,,,עלי גפן במי מלח 700 גר,גרמים,700.00,100 גרם,false,1,16.90,2.4143,true,1,199724
4850001035275,false,ריבת דובדבני קורנילה,,,ריבת דובדבני קורנילה קיזיל 600 גר,גרמים,600.00,100 גרם,false,1,25.90,4.3167,true,1,203781
4850001035602,false,ריבת דובדבן חמוץ 600,,,ריבת דובדבן חמוץ 600 גר,גרמים,600.00,100 גרם,false,1,25.90,4.3167,true,1,203780
4850001035619,false,ריבת פרי עץ תות 600,,,ריבת פרי עץ תות 600 גר,גרמים,600.00,100 גרם,false,1,25.90,4.3167,true,1,199721
4850001111061,false,מיץ יאן אפרסק טבעי 9,,,"מיץ ""יאן"" אפרסק טבעי 930 מ""ל",מיליליטרים,930.00,"100 מ""ל",false,1,18.90,2.0323,true,1,193324
4850001111450,false,קונפיטורה יאן אגוז י,,,"קונפיטורה ""יאן"" אגוז ירוק 538 גר",גרמים,538.00,100 גרם,false,1,19.90,3.6989,true,1,193349
4850001112358,false,מיץ יאן אשחר עם אפרס,,,"מיץ יאן אשחר עם אפרסק ותפוח 930 מ""ל",מיליליטרים,930.00,"100 מ""ל",false,1,18.90,2.0323,true,1,195306
4850001113874,false,קונפיטורה יאן דובדבנ,,,קונפיטורה יאן דובדבנים לבנים 567 גר,גרמים,567.00,100 גרם,false,1,19.90,3.5097,true,1,201732
4850001114178,false,קונפיטורה יאן חבושים,,,קונפיטורה יאן חבושים 567 גר,גרמים,567.00,100 גרם,false,1,19.90,3.5097,true,1,201729
4850001116486,false,אדגיקה חריפה יאן 250,,,אדגיקה חריפה יאן 250 גר,גרמים,250.00,100 גרם,false,1,15.90,6.3600,true,1,195296
4850001117438,false,יין רימונים ויניאן 7,,,"משקה כוהלי רימונים ויניאן 750 מ""ל חנוכיה",מיליליטרים,750.00,"100 מ""ל",false,1,39.90,5.3200,true,1,207881
4850001117728,false,רוטב שזיפים טקמאלי י,,,רוטב שזיפים טקמאלי ירוק 330 גר,גרמים,330.00,100 גרם,false,1,10.90,3.3030,true,1,216169
4850001117773,false,ממרח קישואים יאן 470,,,ממרח קישואים יאן 470 גר,גרמים,470.00,100 גרם,false,1,15.90,3.3830,true,1,212885
4850001396604,false,רחת לוקום בטעם ורדים,,,רחת לוקום בטעם ורדים גויקו 250 גר,גרמים,250.00,100 גרם,false,1,7.90,3.1600,true,1,229434
4850001921660,false,ברנדי לגנד ארמניה 7,,,"ברנדי לגנד ארמניה 7 שנים 500 מ""ל",מיליליטרים,500.00,"100 מ""ל",false,1,84.90,16.9800,true,1,196845
4850004382161,false,מבחר ממתקי שוקולד ממ,,,מבחר ממתקי שוקולד ממולאים אבנגרד 410 גר,גרמים,410.00,100 גרם,false,1,69.90,17.0488,true,1,229605
4850004382772,false,מבחר ממתקי שוקולד מי,,,מבחר ממתקי שוקולד מיוחד 360 גר,גרמים,360.00,100 גרם,false,1,69.90,19.4167,true,1,229609
4850008150087,false,יין אדום חצי מתוק 75,ארמניה ויין פקטורי,,"יין אדום חצי מתוק 750 מ""ל",מיליליטרים,750.00,"100 מ""ל",false,1,39.80,5.3067,true,1,182182
4850008150094,false,יין אדום יבש 750 מל,ארמניה ויין פקטורי,,"יין אדום יבש 750 מ""ל",מיליליטרים,750.00,"100 מ""ל",false,1,39.80,5.3067,true,1,182183
4850008150728,false,שכר רימונים מתוק 750,ארמניה ויין פקטורי,,"שכר רימונים מתוק 750 מ""ל",מיליליטרים,750.00,"100 מ""ל",false,1,39.90,5.3200,true,1,182192
4850008150988,false,יין קאגור ארמניה מתו,ארמניה ויין פקטורי,,"יין קאגור ארמניה מתוק מתוק 750 מ""ל",מיליליטרים,750.00,"100 מ""ל",false,1,39.90,5.3200,true,1,201842
4850008150995,false,שכר רימונים חצי מתוק,ארמניה ויין פקטורי,,"שכר רימונים חצי מתוק 750 מ""ל",מיליליטרים,750.00,"100 מ""ל",false,1,39.90,5.3200,true,1,182193
4850008151862,false,ברנדי גרנד ירבן 5 שנ,ארמניה ויין פקטורי,,"ברנדי גרנד ירבן 5 שנים 700 מ""ל",מיליליטרים,700.00,"100 מ""ל",false,1,89.90,12.8429,true,1,185523
4850008151886,false,ברנדי גרנד ירבן 7 שנ,ארמניה ויין פקטורי,,"ברנדי גרנד ירבן 7 שנים 500 מ""ל",מיליליטרים,500.00,"100 מ""ל",false,1,89.90,17.9800,true,1,185524
4850011110818,false,קונפיטורה תמרה דובדב,תמרה פירות,,קונפיטורה תמרה דובדבן 400 גר,גרמים,400.00,100 גרם,false,1,22.90,5.7250,true,1,197003
4850011110870,false,קונפיטורה תמרה תאנים,תמרה פירות,,קונפיטורה תמרה תאנים 400 גר,גרמים,400.00,100 גרם,false,1,21.90,5.4750,true,1,197005
4850011110924,false,קונפיטורה תמרה עלי ש,תמרה פירות,,קונפיטורה תמרה עלי שושנים 400 גר,גרמים,400.00,100 גרם,false,1,21.90,5.4750,true,1,197009
4850011110931,false,קונפיטורה תמרה קיזיל,תמרה פירות,,קונפיטורה תמרה קיזיל 400 גר,גרמים,400.00,100 גרם,false,1,21.90,5.4750,true,1,197004
4850011113185,false,קונפיטורה תמרה דובדב,,,קונפיטורה תמרה דובדבן לבן 900 גר,גרמים,900.00,100 גרם,false,1,35.90,3.9889,true,1,224696
4850011113918,false,קונפיטורה תמרה דובדב,,,קונפיטורה תמרה דובדבנים 900 גר,גרמים,900.00,100 גרם,false,1,35.90,3.9889,true,1,206564
4850016340036,false,דג חדקן במיץ טבעי 24,או או או אקו פוד,,דג חדקן במיץ טבעי 240 גר,גרמים,240.00,100 גרם,false,1,32.90,13.7083,true,1,187488
4850016340135,false,מרק דגים חדקן רואילי,או או או אקו פוד,,מרק דגים חדקן רואילי 530 גר,גרמים,530.00,100 גרם,false,1,17.90,3.3774,true,1,187487
4850016340142,false,מרק דגים פורל רואילי,או או או אקו פוד,,מרק דגים פורל רואילי 530 גר,גרמים,530.00,100 גרם,false,1,17.90,3.3774,true,1,187486
4850016340333,false,מרק דג חדקן חארצו עם,או או או אקו פוד,,מרק דג חדקן חארצו עם אגוזי מלך 530 גר,גרמים,530.00,100 גרם,false,1,24.90,4.6981,true,1,189572
4850016340371,false,דג בלוגה במיץ טבעי 2,,,דג בלוגה במיץ טבעי 240 גר,גרמים,240.00,100 גרם,false,1,34.90,14.5417,true,1,191596
4850023112008,false,ברנדי סטארי ירבאן אר,ארמווין,,"ברנדי סטארי ירבאן ארמני 500 מ""ל",מיליליטרים,500.00,"100 מ""ל",false,1,49.90,9.9800,true,1,185671
4860001370115,true,רוטב טקמלי אדום 530,,,רוטב טקמלי אדום 530,גרמים,530.00,100 גרם,false,,12.99,2.4509,true,1,130283
4860001370122,true,רוטב טקמלי ירוק 530,,,רוטב טקמלי ירוק 530,גרמים,530.00,100 גרם,false,,12.99,2.4509,true,1,130284
4860001370139,true,"צלפים במי מלח ""ג""נג""",,,"צלפים במי מלח ""ג""נג""",גרמים,750.00,100 גרם,false,,18.99,2.5320,true,1,130285
4860001370160,true,אגוזי מלך בציפוי סוכ,,,אגוזי מלך בציפוי סוכ,גרמים,370.00,100 גרם,false,,15.99,4.3216,true,1,130286
4860001370177,true,קונפיטורת חבושים 370,,,קונפיטורת חבושים 370,גרמים,370.00,100 גרם,false,,15.99,4.3216,true,1,130287
4860001370214,true,"אדג""יקה 190 גר""",,,"אדג""יקה 190 גר""",גרמים,190.00,100 גרם,false,,14.99,7.8895,true,1,130288
4860001370221,true,פלפל מתוק במי מלח 35,,,פלפל מתוק במי מלח 35,גרמים,350.00,100 גרם,false,,9.99,2.8543,true,1,130289
4860001370238,true,קונפיטורת תאנים 496,,,קונפיטורת תאנים 496,גרמים,496.00,100 גרם,false,,18.99,3.8286,true,1,130290
4860001370245,true,עלי גפן כבושים 750 ג,,,עלי גפן כבושים 750 ג,מיליליטרים,750.00,"100 מ""ל",false,,14.99,1.9987,true,1,130291
4860001370252,true,קונפיטורת דובדבן חמו,,,קונפיטורת דובדבן חמו,גרמים,425.00,100 גרם,false,,11.90,2.8000,true,1,130292
4860001370283,true,פלפל מתוק בשמן 350 ג,,,פלפל מתוק בשמן 350 ג,גרמים,350.00,100 גרם,false,,9.99,2.8543,true,1,130293
4860001370306,true,רוטב עגבניות לברביקי,,,רוטב עגבניות לברביקי,גרמים,340.00,100 גרם,false,,12.99,3.8206,true,1,130294
4860001370412,true,קונפיטורת דובדבן לבן,,,קונפיטורת דובדבן לבן,גרמים,370.00,100 גרם,false,,22.99,6.2135,true,1,130295
4860001590018,true,"מים מינרליים ""סיירמה",,,"מים מינרליים ""סיירמה",ליטרים,1.00,ליטר,false,,5.99,5.9900,true,1,130296
4860001590124,false,מים מינרליים מוגזים,,,מים מינרליים מוגזים סאיירמה 500 מל,מיליליטרים,500.00,"100 מ""ל",false,1,6.90,1.3800,true,1,226662
4860001590162,false,מים מינרליים מוגזים,,,מים מינרליים מוגזים סאיירמה 1 ל,ליטרים,1.00,ליטר,false,1,7.90,7.9000,true,1,226661
4860004070173,false,יין גרוזיני אלזאני א,GWS,,יין גרוזיני אלזאני אדום 750מל,מיליליטרים,750.00,"100 מ""ל",false,1,35.90,4.7867,true,1,159440
4860004070227,false,יין גרוזיני אלזאני ל,GWS,,יין גרוזיני אלזאני לבן 750מל,מיליליטרים,750.00,"100 מ""ל",false,1,35.90,4.7867,true,1,159441
4860004073082,false,יין גרוזיני ספראבי 7,GWS,,יין גרוזיני ספראבי 750מל,מיליליטרים,750.00,"100 מ""ל",false,1,35.90,4.7867,true,1,159438
4860004650078,true,"בירה ""הרצוג"" 0.5 ל""",,,"בירה ""הרצוג"" 0.5 ל""",מיליליטרים,500.00,"100 מ""ל",false,,9.99,1.9980,true,1,130307
4860004650399,true,"גזוז ""זנדוקלי"" בטעם",,,"גזוז ""זנדוקלי"" בטעם",מיליליטרים,1000.00,"100 מ""ל",false,,6.99,0.6990,true,1,130308
4860004650405,true,"גזוז ""זנדוקלי"" בטעם",,,"גזוז ""זנדוקלי"" בטעם",מיליליטרים,1000.00,"100 מ""ל",false,,6.99,0.6990,true,1,130309
4860004650429,true,"גזוז ""זנדוקלי"" בטעם",,,"גזוז ""זנדוקלי"" בטעם",מיליליטרים,1000.00,"100 מ""ל",false,,6.99,0.6990,true,1,130310
4860004650436,true,"גזוז ""זנדוקלי"" בטעם",,,"גזוז ""זנדוקלי"" בטעם",מיליליטרים,1000.00,"100 מ""ל",false,,6.99,0.6990,true,1,130311
4860004650641,true,"גזוז ""זנדוקלי"" בטעם",,,"גזוז ""זנדוקלי"" בטעם",מיליליטרים,1000.00,"100 מ""ל",false,,6.99,0.6990,true,1,130312
4860007010336,true,"יין ""פירוסמני"" אדום",,,"יין ""פירוסמני"" אדום",מיליליטרים,750.00,"100 מ""ל",false,,29.99,3.9987,true,1,133131
4860007010343,true,"יין ""אלאזני רואלי"" ל",,,"יין ""אלאזני רואלי"" ל",מיליליטרים,750.00,"100 מ""ל",false,,29.99,3.9987,true,1,133130
4860008660196,false,יין קינזמראולי אדום,KVARELI CELLAR,,"יין קינזמראולי אדום 750 מ""ל",מיליליטרים,750.00,"100 מ""ל",false,1,32.90,4.3867,true,1,183627
4860008660202,false,יין חבנצקרה אדום חצי,KVARELI CELLAR,,"יין חבנצקרה אדום חצי מתוק 750 מ""ל",מיליליטרים,750.00,"100 מ""ל",false,1,32.90,4.3867,true,1,183628
4860008660479,false,יין סאפרבי אדום יבש,KVARELI CELLAR,,"יין סאפרבי אדום יבש 750 מ""ל",מיליליטרים,750.00,"100 מ""ל",false,1,32.90,4.3867,true,1,183630
4860008662251,false,יין קינדזמראולי אדום,,,"יין קינדזמראולי אדום חצי מתוק 750 מ""ל",מיליליטרים,750.00,"100 מ""ל",false,1,39.90,5.3200,true,1,199338
4860008662329,false,יין אחשני אדום חצי מ,,,"יין אחשני אדום חצי מתוק 750 מ""ל",מיליליטרים,750.00,"100 מ""ל",false,1,39.90,5.3200,true,1,199335
4860008663340,false,יין ספירבי רוזה 750,,,יין ספירבי רוזה 750 מל,מיליליטרים,750.00,"100 מ""ל",false,1,39.90,5.3200,true,1,219369
4860009000014,false,מיץ רימונים 100% 1 ל,Aromaproduct ltd,,מיץ רימונים גרוזיני,ליטרים,1.00,ליטר,false,1,18.90,18.9000,true,1,130313
4860013080521,false,ברנדי אולד קאחטי 4 ש,קחטיאן טרדיטיונל,,"ברנדי אולד קאחטי 4 שנים 500 מ""ל",מיליליטרים,500.00,"100 מ""ל",false,1,59.90,11.9800,true,1,183916
4860013080538,false,ברנדי אולד קאחטי 5 ש,קחטיאן טרדיטיונל,,"ברנדי אולד קאחטי 5 שנים 500 מ""ל",מיליליטרים,500.00,"100 מ""ל",false,1,64.90,12.9800,true,1,183917
4860013080613,false,ברנדי אולד קאחטי 7 ש,,,ברנדי אולד קאחטי 7 שנים 500 מל,מיליליטרים,500.00,"100 מ""ל",false,1,75.90,15.1800,true,1,216725
4860013080682,false,ברנדי אולד קאחטי 10,,,ברנדי אולד קאחטי 10 שנים 500 מל,מיליליטרים,500.00,"100 מ""ל",false,1,84.90,16.9800,true,1,216726
4860018004416,false,ברנדי שרהגישוילי 3 כ,,,"ברנדי שרהגישוילי 3 כוכבים 700 מ""ל",מיליליטרים,700.00,"100 מ""ל",false,1,99.90,14.2714,true,1,209742
4860018004454,false,ברנדי שרהגישוילי 5 כ,,,"ברנדי שרהגישוילי 5 כוכבים 700 מ""ל",מיליליטרים,700.00,"100 מ""ל",false,1,109.90,15.7000,true,1,209743
4860018004478,false,ברנדי שרהגישוילי וי,,,"ברנדי שרהגישוילי וי אס 7 שנים 700 מ""ל",מיליליטרים,700.00,"100 מ""ל",false,1,119.90,17.1286,true,1,207931
4860018004522,false,ברנדי שרהגישוילי אקס,,,"ברנדי שרהגישוילי אקס או 10 שנים 700 מ""ל",מיליליטרים,700.00,"100 מ""ל",false,1,299.90,42.8429,true,1,207932
4860018008155,false,ברנדי שרהגישוילי וי,,GE,ברנדי שרהגישוילי וי אס 700 מל,מיליליטרים,700.00,"100 מ""ל",false,6,119.90,17.1286,true,1,222602
4860019001308,false,מים מינרליים בורזומי,BORJOMI,,מים מינרליים בורזומי 500 מל מארז 12 בק,מיליליטרים,6000.00,"100 מ""ל",false,1,79.90,1.3317,true,1,224526
4860019001346,false,מים מינרליים בורזומי,BORJOMI,,"מים מינרליים ""בורג""ו",מיליליטרים,500.00,"100 מ""ל",false,1,7.90,1.5800,true,1,130328
4860019001421,false,מים מינירליים בורגומ,,,מים מינירליים בורגומי 750מל שישייה,מיליליטרים,750.00,"100 מ""ל",false,1,39.90,5.3200,true,1,159467
4860053011677,false,יין אסקנלי ספראבי מו,"אחים אסקנלי בע""מ",GE,יין אסקנלי ספראבי מוסקט אדום חצי מתוק,מיליליטרים,750.00,"100 מ""ל",false,1,49.90,6.6533,true,1,213292
4860053011967,false,ברנדי אסקנלי 3* 40%,"אחים אסקנלי בע""מ",,"ברנדי אסקנלי 3* 40% 500 מ""ל",מיליליטרים,500.00,"100 מ""ל",false,1,54.90,10.9800,true,1,197413
4860053012032,false,ברנדי אסקנלי 5* 40%,"אחים אסקנלי בע""מ",,"ברנדי אסקנלי 5* 40% 500 מ""ל",מיליליטרים,500.00,"100 מ""ל",false,1,59.90,11.9800,true,1,197412
4860065010026,false,יין מוקוזאני מגאורגי,תליאני וולי,,יין מוקוזאני מגאורגיה 750 מל,מיליליטרים,750.00,"100 מ""ל",false,6,44.90,5.9867,true,1,212425
4860065010088,false,יין אחאשני אדום מגאו,תליאני וולי,,יין אחאשני אדום מגאורגיה 750 מל,מיליליטרים,750.00,"100 מ""ל",false,6,44.90,5.9867,true,1,212426
4860065010101,false,יין ציננדלי לבן יבש,,,יין ציננדלי לבן יבש מגאורגיה,Unknown,0.00,Unknown,false,1,44.90,0.0000,true,1,176779
4860065010293,false,יין לבן חצי מתוק תבי,,,יין לבן חצי מתוק תבישי 750 מל,מיליליטרים,750.00,"100 מ""ל",false,6,44.90,5.9867,true,1,216424
4860070010042,true,"יין אדום חצי מתוק ""ק",,,"יין אדום חצי מתוק ""ק",מיליליטרים,750.00,"100 מ""ל",false,,29.99,3.9987,true,1,130330
4860070010059,true,"יין ""חבנצ""קרה"" אדום",,,"יין ""חבנצ""קרה"" אדום",ליטרים,1.00,ליטר,false,,46.99,46.9900,true,1,130331
4860070010066,true,"יין ""קינדזמראולי"" אד",,,"יין ""קינדזמראולי"" אד",ליטרים,1.00,ליטר,false,,46.99,46.9900,true,1,130332
4860070010073,true,"יין אדום חצי מתוק ""ח",,,"יין אדום חצי מתוק ""ח",מיליליטרים,750.00,"100 מ""ל",false,,29.99,3.9987,true,1,130333
4860070010097,true,"יין ""קינדזמראולי"" אד",,,"יין ""קינדזמראולי"" אד",ליטרים,1.00,ליטר,false,,46.99,46.9900,true,1,130334
4860070010103,true,"יין ""חבנצ""קרה"" אדום",,,"יין ""חבנצ""קרה"" אדום",ליטרים,1.00,ליטר,false,,46.99,46.9900,true,1,130335
4860070010110,true,"יין ""אלאזני וואלי"" 0",,,"יין ""אלאזני וואלי"" 0",מיליליטרים,750.00,"100 מ""ל",false,,29.99,3.9987,true,1,130336
4860070010318,true,"יין ""ספרבי"" 1 ל""",,,"יין ""ספרבי"" 1 ל""",מיליליטרים,1000.00,"100 מ""ל",false,,46.99,4.6990,true,1,130337
4860070010325,true,"יין ""ספרבי"" 0.75 ל""",,,"יין ""ספרבי"" 0.75 ל""",מיליליטרים,750.00,"100 מ""ל",false,,29.99,3.9987,true,1,130338
4860070011001,true,"וודקה ""צ""צ""ה"" 0.5 ל""",,,"וודקה ""צ""צ""ה"" 0.5 ל""",מיליליטרים,500.00,"100 מ""ל",false,,64.90,12.9800,true,1,130341
4860102000164,false,פלפל כבוש מומלח 540,,GE,פלפל כבוש מומלח 540 גר,גרמים,540.00,100 גרם,false,6,24.90,4.6111,true,1,224534
4860102000171,false,שום לבן גאורגי כבוש,,,שום לבן גאורגי כבוש 570 גר,גרמים,570.00,100 גרם,false,1,24.90,4.3684,true,1,222263
4860102000195,false,סלט גמבה גאורגי 580,,,סלט גמבה גאורגי 580 גר,גרמים,580.00,100 גרם,false,1,24.90,4.2931,true,1,222262
4860102000249,false,לוביו שעועית בסגנון,,,לוביו שעועית בסגנון גאורגי 570 גר,גרמים,570.00,100 גרם,false,1,24.90,4.3684,true,1,222261
4860102000515,false,אדגיקה סחוג אבחזי 12,,GE,אדגיקה סחוג אבחזי 120 גר,גרמים,120.00,100 גרם,false,12,9.90,8.2500,true,1,224533
4860102000522,false,רוטב טקמלי אדום גאור,,,רוטב טקמלי אדום גאורגי 270 גר,גרמים,270.00,100 גרם,false,1,9.90,3.6667,true,1,222259
4860102000553,false,רוטב סצבלי קלאסיק 27,,GE,רוטב סצבלי קלאסיק 270 גר,גרמים,270.00,100 גרם,false,6,9.90,3.6667,true,1,224531
4860102001154,false,רוטב רימונים ללא תוס,,,רוטב רימונים ללא תוספת סוכר 350 גר,גרמים,350.00,100 גרם,false,1,27.90,7.9714,true,1,222260
4860102001178,false,אדגיקה יבשה 120 גר,,GE,אדגיקה יבשה 120 גר,גרמים,120.00,100 גרם,false,12,14.90,12.4167,true,1,224535
4860102001314,false,תבלין חמלי סונלי גאו,,,תבלין חמלי סונלי גאורגי 108 גר,גרמים,108.00,100 גרם,false,1,14.90,13.7963,true,1,222265
4860102001321,false,תבלין אוצחו סונלי גא,,,תבלין אוצחו סונלי גאורגי 108 גר,גרמים,108.00,100 גרם,false,1,14.90,13.7963,true,1,222266
4860102001574,false,ריבת אפרסק גאורגי 59,,,ריבת אפרסק גאורגי 590 גר,גרמים,590.00,100 גרם,false,1,21.90,3.7119,true,1,229425
4860102001581,false,פלפל חלפניו בשמן גאו,,GE,פלפל חלפניו בשמן גאורגי 570 גר,גרמים,570.00,100 גרם,false,6,24.90,4.3684,true,1,230054
4860104540620,false,אגוזי לוז בדבש לינדן,,,אגוזי לוז בדבש לינדן גאורגי 350 גר,גרמים,350.00,100 גרם,false,1,39.90,11.4000,true,1,226781
4860108700150,true,רוטב שזיפי בר טקמלי,,,"רוטב שזיפי בר טקמלי ירוק 500 מ""ל",מיליליטרים,540.00,"100 מ""ל",false,12,13.90,2.5741,true,1,197348
4860108700198,true,רוטב שזיפי בר טקמלי,,,"רוטב שזיפי בר טקמלי צהוב 500 מ""ל",מיליליטרים,540.00,"100 מ""ל",false,12,13.90,2.5741,true,1,197347
4860108700624,true,רוטב עגבניות סאציבלי,,,"רוטב עגבניות סאציבלי 540 מ""ל",מיליליטרים,540.00,"100 מ""ל",false,12,13.90,2.5741,true,1,205963
4860111650824,false,משקה מוגז קזבגי אגס,,GE,משקה מוגז קזבגי אגס 1 ל,ליטרים,1.00,ליטר,false,6,10.90,10.9000,true,1,228601
4860111650831,false,משקה מוגז קזבגי טרגו,,GE,משקה מוגז קזבגי טרגון 1 ל,ליטרים,1.00,ליטר,false,1,10.90,10.9000,true,1,228600
4865602000010,false,מים מינרלים נבגלבי 5,NABEGLAVI,,"מים ""נבגלוי"" 0.5 ליט",מיליליטרים,500.00,"100 מ""ל",false,1,6.90,1.3800,true,1,133998
4865602000027,false,מים מינרליים נבגלבי,,,מים מינרליים נבגלבי מוגז 1 ל,ליטרים,1.00,ליטר,false,1,6.90,6.9000,true,1,158239
4867106010151,false,ברנדי בגרטיון 500 מל,,,ברנדי בגרטיון 0.5ל,מיליליטרים,500.00,"100 מ""ל",false,1,89.90,17.9800,true,1,130359
4867106070018,false,יין גרוזיני חבנצקרה,אליאנס,,"יין גרוזיני חבנצקרה 700 מ""ל",מיליליטרים,700.00,"100 מ""ל",false,1,34.90,4.9857,true,1,185002
4867106070049,false,יין גרוזיני מוקוזני,אליאנס,,"יין גרוזיני מוקוזני 700 מ""ל",מיליליטרים,700.00,"100 מ""ל",false,1,34.90,4.9857,true,1,185004
4867106070056,false,יין ספראבי 700 מל,אליאנס,,"יין ספראבי 700 מ""ל",מיליליטרים,700.00,"100 מ""ל",false,1,34.90,4.9857,true,1,186714
4867106070063,false,יין גרוזיני אלזני וו,אליאנס,,"יין גרוזיני אלזני וולי 700 מ""ל",מיליליטרים,700.00,"100 מ""ל",false,1,34.90,4.9857,true,1,185005
4867106070070,false,יין גרוזיני ציננדלי,אליאנס,,"יין גרוזיני ציננדלי לבן יבש 700 מ""ל",מיליליטרים,700.00,"100 מ""ל",false,1,34.90,4.9857,true,1,185000
4867106070087,false,יין גרוזיני רקציטלי,אליאנס,,"יין גרוזיני רקציטלי לבן חצי מתוק 700 מ""ל",מיליליטרים,700.00,"100 מ""ל",false,1,34.90,4.9857,true,1,185001
4891028165651,true,חלב סויה,,,חלב סויה,פריט,0.00,פריט,false,,7.99,0.0000,true,1,130379
4891028168188,true,חלב סויה שוקו,,,חלב סויה שוקו,פריט,0.00,פריט,false,,7.99,0.0000,true,1,130380
4891130001199,false,רוטב צדפות 530 גר,Pun chun sauce & pre,,"רוטב צדפות 450 מ""ל",גרמים,530.00,100 גרם,false,1,24.90,4.6981,true,1,130384
4891228430085,false,סכיני גילוח חד פעמי,Schick,,סכיני גילוח חד פעמי,Unknown,0.00,Unknown,false,1,19.90,0.0000,true,1,130394
4891228430092,false,סכיני גילוח חד פעמי,Schick,,סכיני גילוח חד פעמי,Unknown,0.00,Unknown,false,1,19.90,0.0000,true,1,130395
4901777020320,false,ליקר מידורי 700 מל,רמי קואנטרו,,ליקר מידורי 0.7,מיליליטרים,700.00,"100 מ""ל",false,1,99.90,14.2714,true,1,158844
4902106970415,true,"מירין ""מיצוקאן"" 500",,,"מירין ""מיצוקאן"" 500",מיליליטרים,500.00,"100 מ""ל",false,,33.99,6.7980,true,1,131547
4902713121576,true,"מיסו לבן 400 גר""",,,"מיסו לבן 400 גר""",גרמים,400.00,100 גרם,false,,17.99,4.4975,true,1,131549
4902713121583,true,"מיסו אדום 400 גר""",,,"מיסו אדום 400 גר""",גרמים,400.00,100 גרם,false,,17.99,4.4975,true,1,131550
4903001014761,true,רוטב סויה מתובל לסוש,,,רוטב סויה מתובל לסוש,מיליליטרים,200.00,"100 מ""ל",false,,22.99,11.4950,true,1,131552
4903001925784,false,רוטב סויה יאמאסה 500,,,"רוטב סויה ""יאמסה"" 500 מ""ל",מיליליטרים,500.00,"100 מ""ל",false,1,17.90,3.5800,true,1,165313
4903127139300,true,קנפיו - דלעת כבושה 7,,,קנפיו - דלעת כבושה 7,Unknown,0.00,Unknown,false,,22.99,0.0000,true,1,131557
4905846117966,false,ליקר צויה גולדן עם פ,,,"ליקר צויה קלאסיק עם פרי שלם 750 מ""ל",מיליליטרים,650.00,"100 מ""ל",false,1,79.90,12.2923,true,1,208718
4972080001559,true,"אבקת וואסבי 25 גר""",,,"אבקת וואסבי 25 גר""",גרמים,25.00,100 גרם,false,,16.99,67.9600,true,1,131561
5000111041065,false,היינץ רוטב וסטרשייר,,,היינץ רוטב וסטרשייר 150 מל,מיליליטרים,150.00,"100 מ""ל",false,1,11.90,7.9333,true,1,215804
5000111047371,false,רוטב HP ברביקיו קלאס,היינץ,,רוטב HP ברביקיו קלאסי 465 גר,גרמים,465.00,100 גרם,false,1,14.90,3.2043,true,1,194772
5000146057710,false,ספריי לניקוי חלונות,,,"גלסקס חלונות 750 מ""ל",מיליליטרים,750.00,"100 מ""ל",false,1,9.90,1.3200,true,1,119859
5000157143365,false,מתבל בטעם מיונז וקטש,,,"מתבל בטעם מיונז וקטשופ היינץ 425 מ""ל",מיליליטרים,425.00,"100 מ""ל",false,1,16.90,3.9765,true,1,209938
5000159407236,false,חטיף מרס 51 גר,,,חטיף מרס 51 גר,גרמים,51.00,100 גרם,false,1,3.90,7.6471,true,1,119872
5000159442572,false,מיני חטיפי טוויקס שק,מרס,,מיני חטיפי טוויקס שקית 403 גר,גרמים,403.00,100 גרם,false,1,22.90,5.6824,true,1,159291
5000159452540,false,חטיפי שוקולד סניקרס,מרס,NL,מארז שוקולד סניקרס חמישייה,גרמים,250.00,100 גרם,false,12,10.90,4.3600,true,1,212301
5000159452977,false,מיקס מיני חטיפים שקי,מרס,,מיקס מיני חטיפים שקית 400 גר,גרמים,400.00,100 גרם,false,1,22.90,5.7250,true,1,159292
5000159459228,false,חטיף טוויקס 50 גר,,,חטיף טוויקס 50 גר,גרמים,50.00,100 גרם,false,1,3.90,7.8000,true,1,137905
5000159461122,false,חטיף סניקרס 50 גר,,,חטיף סניקרס 50 גר,גרמים,50.00,100 גרם,false,1,3.90,7.8000,true,1,137904
5000159461412,false,מארז מילקי ווי חטיף,,,מארז מילקי ווי חטיף נוגט וקרמל,Unknown,0.00,Unknown,false,1,9.90,0.0000,true,1,221997
5000159541152,false,חטיף טוויקס לבן 46 ג,,,חטיף טוויקס לבן 46 גר,גרמים,46.00,100 גרם,false,30,3.90,8.4783,true,1,224389
5000168199245,false,שוקולד גודיבה חלב מע,,,שוקולד גודיבה חלב מעולה עם חתיכות קרמל,גרמים,90.00,100 גרם,false,10,14.90,16.5556,true,1,203242
5000174825152,true,"מרכך ""פנטן"" נוסחה קל",,,"מרכך ""פנטן"" נוסחה קל",פריט,0.00,פריט,false,,26.99,0.0000,true,1,119894
5000204115048,false,גלייד ארוסול בניחוח,coster aerosol vail,,גלייד ארוסול בניחוח לבנדר 300 מל,מיליליטרים,300.00,"100 מ""ל",false,1,8.90,2.9667,true,1,210020
5000204550719,true,פלדג לניקוי רהיטים 3,,,פלדג לניקוי רהיטים 3,פריט,0.00,פריט,false,,16.90,0.0000,true,1,119907
5000204882162,true,פלדג לניקוי רהיטים ש,,,פלדג לניקוי רהיטים ש,פריט,0.00,פריט,false,,16.90,0.0000,true,1,119908
5000204887556,true,גלייד ארוסול יסמין,,,גלייד ארוסול יסמין,פריט,0.00,פריט,false,,12.99,0.0000,true,1,119910
5000204890785,true,גלייד בניחוח אורנים,,,גלייד בניחוח אורנים,פריט,0.00,פריט,false,,12.99,0.0000,true,1,119911
5000204891850,true,"פלדג"" לניקוי רהיטים",,,"פלדג"" לניקוי רהיטים",פריט,0.00,פריט,false,,16.90,0.0000,true,1,119912
5000213014905,false,בירה גינס פחית 440 מ,קרלסברג ישראל,,"בירה ""גינס"" פחית 440 מל",מיליליטרים,440.00,"100 מ""ל",false,1,14.90,3.3864,true,1,139452
5000219008168,true,קנט ננוטק שחור פקט,,,קנט ננוטק שחור פקט,פריט,0.00,פריט,false,,265.00,0.0000,true,1,119913
5000267014203,false,ויסקי גוני ווקר אדום,,,ויסקי JW,מיליליטרים,700.00,"100 מ""ל",false,1,79.90,11.4143,true,1,119914
5000267024202,false,ויסקי גוני ווקר בלאק,,,"ג""וני ווקר שחור",מיליליטרים,700.00,"100 מ""ל",false,1,124.90,17.8429,true,1,119915
5000267116426,false,ויסקי גיוני ווקר דאב,,,"ויסקי ""גיוני ווקר"" דאבל בלאק 700 מל",מיליליטרים,700.00,"100 מ""ל",false,1,159.90,22.8429,true,1,139441
5000267117560,false,ויסקי גולד לייבל רזר,,,"ויסקי ""גיוני ווקר"" גולד ריזרב 700 מ""ל",מיליליטרים,700.00,"100 מ""ל",false,1,189.90,27.1286,true,1,186259
5000267186757,false,מארז גוני שחור 700 מ,,,מארז גוני שחור 700 מל+2 כוסות הייבול,מיליליטרים,700.00,"100 מ""ל",false,1,124.90,17.8429,true,1,228731
5000277001019,false,ויסקי דיוארס ווייט ל,,,"ויסקי דברר""ס 0.7",מיליליטרים,700.00,"100 מ""ל",false,12,79.90,11.4143,true,1,170692
5000281020587,true,וודקה אורסוס 0.7 ליט,,,וודקה אורסוס 0.7 ליט,פריט,0.00,פריט,false,,52.99,0.0000,true,1,119918
5000299605950,false,גין ביפאיטר לונדון פ,,,גין פיפיטר פינק 700 מל,מיליליטרים,700.00,"100 מ""ל",false,1,109.90,15.7000,true,1,212182
5000394140820,false,סוללות דורסל AA פלוס,,,סוללות דורסל AA פלוס פאור שישייה,Unknown,0.00,Unknown,false,1,18.90,0.0000,true,1,222433
5000394141209,false,סוללות דורסל AAA פלו,,,סוללות דורסל AAA פלוס פאור שישייה,Unknown,0.00,Unknown,false,1,18.90,0.0000,true,1,222434
5000394142190,false,סוללות פלוס פאוור 9,,,סוללות פלוס פאוור 9,Unknown,0.00,Unknown,false,1,24.90,0.0000,true,1,227716
5000396037944,false,ביסקוויט מקוויטיס קל,ברנדס סרטרה נשיונל,,ביסקוויט מקוויטיס קלאסי 250 גר,גרמים,250.00,100 גרם,false,1,9.90,3.9600,true,1,195487
5010038000359,true,"בירה ""וורטינגטונס"" ב",,,"בירה ""וורטינגטונס"" ב",פריט,0.00,פריט,false,,11.99,0.0000,true,1,119935
5010038109274,true,"בירה ""קפריס"" איירש א",,,"בירה ""קפריס"" איירש א",פריט,0.00,פריט,false,,11.99,0.0000,true,1,119937
5010106110225,false,ויסקי בלנטיינס 12שנה,,,וויסקי בלנטיינס 12שנה 700מל,מיליליטרים,700.00,"100 מ""ל",false,1,129.90,18.5571,true,1,162782
5010182997338,false,גל לאסלה טואלט דאק 5,DEOFLOR,,"ג""ל לאסלה ""טואלט דאק",מיליליטרים,55.00,"100 מ""ל",false,1,9.90,18.0000,true,1,119946
5010182997680,false,קוטל נמלים 2 ב-1 ריי,SC Jonson,,"ארוסול ""רייד"" קוטל נ",מיליליטרים,300.00,"100 מ""ל",false,1,15.90,5.3000,true,1,119949
5010182998847,false,טואלט דאק נוזל כחול,SC Jonson,,טואלט דאק נוזל כחול 750 מל,מיליליטרים,750.00,"100 מ""ל",false,1,9.90,1.3200,true,1,119951
5010296002980,false,גין גרינאלס 700 מל,,,גין גרינאלס 700 מל,מיליליטרים,700.00,"100 מ""ל",false,1,79.90,11.4143,true,1,211787
5010311200414,true,"וויסקי ""פלינט גולד """,,,"וויסקי ""פלינט גולד """,פריט,0.00,פריט,false,,84.90,0.0000,true,1,133964
5010327000046,false,ויסקי גרנטס 700 מל ב,ויליאם גראנט,,וויסקי גרנטיס באריזת,מיליליטרים,700.00,"100 מ""ל",false,1,79.90,11.4143,true,1,119959
5010327105215,false,ויסקי מנקיי שולדר 70,ויליאם גראנט,,וויסקי מוניק שולדר 0.7ל,מיליליטרים,700.00,"100 מ""ל",false,1,149.90,21.4143,true,1,158841
5010327325323,false,ויסקי גלנפידיך 18 שנ,ויליאם גראנט,,ויסקי גלנפידיך 18 שנה רזרב 700 מל,מיליליטרים,700.00,"100 מ""ל",false,1,359.90,51.4143,true,1,219324
5010327399614,false,ויסקי גלנפידיך 12 שנ,ויליאם גראנט,,ויסקי גלנפידיך 12 שנה אמריקן אוק 700 מל,מיליליטרים,700.00,"100 מ""ל",false,1,179.90,25.7000,true,1,228111
5010327658544,false,בירה אינס אנד גון או,,,"בירה אינס אנד גון אוריגינל 330 מ""ל",מיליליטרים,330.00,"100 מ""ל",false,1,12.90,3.9091,true,1,195188
5010327755014,false,גין הנדריקס 700 מל,,,"גין הנדריקס 700 מ""ל",מיליליטרים,700.00,"100 מ""ל",false,1,169.90,24.2714,true,1,209941
5010327906270,true,"ויסקי ""מקדואל"" 0.7 ל",,,"ויסקי ""מקדואל"" 0.7 ל",פריט,0.00,פריט,false,,49.99,0.0000,true,1,119964
5010477300508,true,"דגני בוקר ""ג""ורדנס ק",,,"דגני בוקר ""ג""ורדנס ק",פריט,0.00,פריט,false,,22.99,0.0000,true,1,119972
5010477303004,true,"דגני בוקר ""ג""ורדנס ק",,,"דגני בוקר ""ג""ורדנס ק",פריט,0.00,פריט,false,,22.99,0.0000,true,1,119973
5010477304285,true,"דגני בוקר ""ג""ורדנס ק",,,"דגני בוקר ""ג""ורדנס ק",פריט,0.00,פריט,false,,22.99,0.0000,true,1,119974
5010477308221,true,"דגני בוקר ""ג""ורדנס ק",,,"דגני בוקר ""ג""ורדנס ק",פריט,0.00,פריט,false,,22.99,0.0000,true,1,119975
5010477337757,true,"דגני בוקר ""ג""ורדנס ק",,,"דגני בוקר ""ג""ורדנס ק",פריט,0.00,פריט,false,,22.99,0.0000,true,1,119976
5010494195286,false,ויסקי סקוטי ארדבג 10,polmos,,ויסקי סקוטי ארדבג 10 שנים 700 מל,מיליליטרים,700.00,"100 מ""ל",false,1,249.90,35.7000,true,1,213351
5010509001229,false,ויסקי הנקי בניסטר 70,אינוור האוס דיסטילרס,,"וויסקי הנקי בניסטר 700 מ""ל",מיליליטרים,700.00,"100 מ""ל",false,1,64.90,9.2714,true,1,119979
5010677552387,false,בקרדי בריזר אננס 275,,,בקרדי בריזר אננס 275,מיליליטרים,275.00,"100 מ""ל",false,1,14.90,5.4182,true,1,119989
5010677554398,false,בקרדי בריזר אבטיח 27,,,בקרדי בריזר אבטיח 27,מיליליטרים,275.00,"100 מ""ל",false,1,14.90,5.4182,true,1,119990
5010677714006,false,גין בומביי ספייר 700,,,"גין בומביי ספייר 700 מ""ל",מיליליטרים,700.00,"100 מ""ל",false,1,129.90,18.5571,true,1,197585
5010677924009,true,מרטיני ביאנקו,,,מרטיני ביאנקו,פריט,0.00,פריט,false,,52.99,0.0000,true,1,119992
5010852000917,false,ויסקי בארקליס 700 מל,CAMPBELL MEYER,,וויסקי בארקליס 0.7 ל,מיליליטרים,700.00,"100 מ""ל",false,1,64.90,9.2714,true,1,119995
5010867400054,false,יין פורט טאוני לבן 7,,,"יין פורט טאוני לבן 750 מ""ל",מיליליטרים,750.00,"100 מ""ל",false,1,69.90,9.3200,true,1,191119
5010909000679,true,"עוגיות אצבעות ""קאמפב",,,"עוגיות אצבעות ""קאמפב",פריט,0.00,פריט,false,,12.99,0.0000,true,1,120001
5010909000785,true,עוגיות חמאה פריכות ג,,,עוגיות חמאה פריכות ג,פריט,0.00,פריט,false,,14.99,0.0000,true,1,120002
5010909001362,true,עוגיות אצבעות שוקולד,,,עוגיות אצבעות שוקולד,פריט,0.00,פריט,false,,14.99,0.0000,true,1,120003
5010909001782,true,"עוגיות אצבעות ""קאמפב",,,"עוגיות אצבעות ""קאמפב",פריט,0.00,פריט,false,,14.99,0.0000,true,1,120004
5010909004332,true,עוגיות אצבעות דאבל ש,,,עוגיות אצבעות דאבל ש,פריט,0.00,פריט,false,,14.99,0.0000,true,1,120005
5011007003005,false,ויסקי גיימסון 700 מל,,,"ויסקי ג""יימסון 0.7 ל",מיליליטרים,700.00,"100 מ""ל",false,1,99.90,14.2714,true,1,120006
5011007025960,false,ויסקי גיימסון 700 מל,,,ויסקי גיימסון 700 מל,מיליליטרים,700.00,"100 מ""ל",false,1,139.90,19.9857,true,1,225695
5011013100132,false,ליקר אייריש קרם בייל,,,"אייריש קרים ""בייליס""",מיליליטרים,750.00,"100 מ""ל",false,1,89.90,11.9867,true,1,120008
5011013500680,false,ליקר שרידנס 700 מל,,,ליקר שרידנס 700 מל,מיליליטרים,700.00,"100 מ""ל",false,1,89.90,12.8429,true,1,161139
5011013504411,true,"אייריש קרים ""בייליס""",,,"אייריש קרים ""בייליס""",פריט,0.00,פריט,false,,129.99,0.0000,true,1,149005
5011013934546,false,ליקר בייליס אייריש ק,,,ליקר בייליס אייריש קרים קרמל מלוח 700 מל,מיליליטרים,700.00,"100 מ""ל",false,1,89.90,12.8429,true,1,228728
5011026108033,false,ויסקי טולמור דיו 700,טולמור דיו,,וויסקי טולמור דיו 0.7ל,מיליליטרים,700.00,"100 מ""ל",false,1,89.90,12.8429,true,1,158835
5011038022273,true,חמאה אירלנדית 227גר,,,חמאה אירלנדית 227גר,גרמים,227.00,100 גרם,false,,15.99,7.0441,true,1,120011
5011166055709,false,ויסקי אירי פוגס 700,,,ויסקי אירי פוגס 700 מל,מיליליטרים,700.00,"100 מ""ל",false,1,89.90,12.8429,true,1,219622
5011166059745,false,ויסקי פוגס סינגל מאל,,,ויסקי אירי סינגל מאלט פוגס 700 מל,מיליליטרים,700.00,"100 מ""ל",false,1,114.90,16.4143,true,1,219623
5011321285095,true,"מרכך ""פנטן"" לברק זוה",,,"מרכך ""פנטן"" לברק זוה",פריט,0.00,פריט,false,,26.99,0.0000,true,1,120026
5011348010335,false,בירה גינגר בירד 500,Wychwood,,"בירה גינגר בירד 500 מ""ל",מיליליטרים,500.00,"100 מ""ל",false,1,16.90,3.3800,true,1,180393
5011348015194,false,בירה הובגובלין גולד,,,"בירה הובגובלין גולד 500 מ""ל",מיליליטרים,500.00,"100 מ""ל",false,1,16.90,3.3800,true,1,194067
5011348016238,false,בירה שיפיארד 500 מל,ויצ'וויד,,בירה שיפיארד 500 מל,מיליליטרים,500.00,"100 מ""ל",false,8,16.90,3.3800,true,1,216896
5011348019772,false,בירה הובגובלין איי פ,ויצ'וויד,,"בירה הובגובלין אי.פי.איי 500 מ""ל",מיליליטרים,500.00,"100 מ""ל",false,1,16.90,3.3800,true,1,200487
5011348019918,false,בירה דריי נאק 500 מל,Wychwood,,בירה דריי נאק 500 מל,מיליליטרים,500.00,"100 מ""ל",false,8,16.80,3.3600,true,1,214779
5011417535424,true,"קלגון טבליות 15 יח""",,,"קלגון טבליות 15 יח""",גרמים,240.00,100 גרם,false,,30.99,12.9125,true,1,120053
5011417538500,true,קליה אוקסי ספריי 500,,,קליה אוקסי ספריי 500,מיליליטרים,500.00,"100 מ""ל",false,,23.90,4.7800,true,1,120055
5011417549216,true,"""פיניש"" קוונטו 24 +6",,,"""פיניש"" קוונטו 24 +6",יחידה,30.00,יחידה,false,,47.99,1.5997,true,1,120058
5011417555637,true,"קצף אנטיבקטריאלי ""סי",,,"קצף אנטיבקטריאלי ""סי",Unknown,0.00,Unknown,false,,32.90,0.0000,true,1,120060
5011417565421,false,ספריי אוויר אירוויק,רקיט,,ספריי אוויר אירוויק פיור בניחוח כותנה,מיליליטרים,250.00,"100 מ""ל",false,1,12.80,5.1200,true,1,185804
5014271350424,false,מעדן סנט דלפור ארבע,סאנטדלפור,,"מעדן ""סנט דלפור"" ארב",גרמים,284.00,100 גרם,false,1,19.90,7.0070,true,1,126066
5014271795980,false,מעדן סנט דלפור אוכמנ,סאנטדלפור,,"מעדן ""סנט דלפור"" אוכ",גרמים,284.00,100 גרם,false,1,19.90,7.0070,true,1,126075
5014379009972,false,בירה באדוויזר פחית 5,,,"בירה באדוויזר פחית 500 מ""ל",מיליליטרים,500.00,"100 מ""ל",false,1,9.90,1.9800,true,1,209335
5016840000211,false,ויסקי היי קומישיונר,,,ויסקי היי קומישנר,מיליליטרים,700.00,"100 מ""ל",false,1,59.90,8.5571,true,1,126079
5021349102410,false,ויסקי בלנדד קינג דונ,,,ויסקי בלנדד קינג דונק 1 ל,ליטרים,1.00,ליטר,false,1,79.90,79.9000,true,1,198540
5021349103103,false,ויסקי סקוטי פרקרס 40,,,ויסקי סקוטי פרקרס 40% 1 ל,ליטרים,1.00,ליטר,false,1,89.90,89.9000,true,1,219584
5021349700180,false,ויסקי סקוטי היילנד ל,,,וויסקי סקוטי היילנד לגנד,מיליליטרים,700.00,"100 מ""ל",false,1,59.90,8.5571,true,1,126089
5023625004487,false,בירה הובגובלין 500 מ,ויצ'וויד,,"בירה הובגובלין 500 מ""ל",מיליליטרים,500.00,"100 מ""ל",false,1,16.90,3.3800,true,1,126093
5024546356587,false,ויסקי מקניש 1 ל,,,ויסקי מקניש 1 ל,מיליליטרים,1000.00,"100 מ""ל",false,1,99.90,9.9900,true,1,126097
5024546366630,false,ויסקי סקוטש לאודרס 1,,,"וויסקי ""סקוטש לאודרס",מיליליטרים,1000.00,"100 מ""ל",false,1,99.90,9.9900,true,1,126101
5029053039725,false,מחמטות נטורל פרש קלי,עלבד,,מחמטות נטורל פרש קלינקס קופסא 72 יח,Unknown,0.00,Unknown,false,24,10.90,0.0000,true,1,223327
5029053510828,false,תחבושות קוטקס אולטרא,KC Turkey,,"תחבושות ""קוטקס"" סופר",Unknown,0.00,Unknown,false,1,17.90,0.0000,true,1,126117
5029053523446,false,תחבושות קוטקס אולטרא,KC Turkey,,"תחבושות ""קוטקס"" נייט",Unknown,0.00,Unknown,false,1,17.90,0.0000,true,1,126122
5035766060253,false,בירה מרפיס סטאוט 500,,,"בירה מרפיס סטאוט 500 מ""ל",מיליליטרים,500.00,"100 מ""ל",false,1,12.90,2.5800,true,1,126134
5053827191753,false,דגני בוקר קלוגס 8 וו,,,דגני בוקר קלוגס 8 ווראייטי 190 גר,גרמים,190.00,100 גרם,false,24,18.90,9.9474,true,1,227951
5055966801005,false,ויסקי בושמילס אוריגי,אלב בושמילס,,"וויסקי אירי בושמילס אוריגינל 700 מ""ל",מיליליטרים,700.00,"100 מ""ל",false,1,99.90,14.2714,true,1,181400
5055966810014,false,ויסקי בושמילס בלאק ב,אלב בושמילס,,"וויסקי אירי בושמילס בלאק בוש 700 מ""ל",מיליליטרים,700.00,"100 מ""ל",false,1,119.90,17.1286,true,1,181401
5055966820037,false,ויסקי בושמילס סינגל,אלב בושמילס,,"וויסקי אירי בושמילס סינגל מאלט 700 מ""ל",מיליליטרים,700.00,"100 מ""ל",false,1,169.90,24.2714,true,1,188203
5060045588128,false,גים בים לבן כשר 700,בים סנטורי,,"גים בים לבן כשר 700 מ""ל",מיליליטרים,700.00,"100 מ""ל",false,1,99.90,14.2714,true,1,199500
5060045590190,false,ויסקי גים בים דבש 70,בים סנטורי,,ויסקי גים בים דבש 700 מל,מיליליטרים,700.00,"100 מ""ל",false,1,99.90,14.2714,true,1,220993
5060045590213,false,ויסקי גים בים תפוח 7,בים סנטורי,,ויסקי גים בים תפוח 700 מל,מיליליטרים,700.00,"100 מ""ל",false,1,99.90,14.2714,true,1,220992
5060190561267,false,בירה אינס אנד גון לא,,,"בירה אינס אנד גון לאגר 330 מ""ל",מיליליטרים,330.00,"100 מ""ל",false,1,12.90,3.9091,true,1,195190
5060250343741,false,הרשיז ראונדס קוקיס א,,,הרשיז ראונדס קוקיס אנד קרים 6 יח 96 גר,גרמים,96.00,100 גרם,false,1,10.90,11.3542,true,1,226738
5060255492154,false,אבר קלין תורכיז ללא,,,אבר קלין תורכיז ללא בישום 6 ל,ליטרים,6.00,ליטר,false,1,54.90,9.1500,true,1,227036
5060402904738,false,עוגיות אמ&אמס 180 גר,,,עוגיות אמ&אמס 180 גר,גרמים,180.00,100 גרם,false,1,12.90,7.1667,true,1,212916
5060402906459,false,עוגיות טוויקס 144 גר,,,עוגיות טוויקס 144 גר,גרמים,144.00,100 גרם,false,1,12.90,8.9583,true,1,212918
5060412214124,false,אבר קלין חול פיזור צ,,,אבר קלין חול פיזור צהוב מופחת 6 קג,קילוגרמים,6.00,"ק""ג",false,1,54.90,9.1500,true,1,212791
5060517886486,false,משקה אנרגיה מונסטר פ,,RS,"משקה אנרגיה מונסטר פחית 500 מ""ל",מיליליטרים,500.00,"100 מ""ל",false,24,7.90,1.5800,true,1,210583
5060517886516,false,משקה אנרגיה מונסטר ז,,RS,"משקה אנרגיה מונסטר זירו פחית 500 מ""ל",מיליליטרים,500.00,"100 מ""ל",false,24,7.90,1.5800,true,1,210584
5200133120292,false,גליליות וופל ללא סוכ,גולדן ברייק,GR,גליליות וופל ללא סוכר קקאו ואגוזים 135 ג,גרמים,135.00,100 גרם,false,12,6.90,5.1111,true,1,203605
5201003110702,false,אוזו 12 700 מל,,,"אוזו 12 700 מ""ל",מיליליטרים,700.00,"100 מ""ל",false,1,89.90,12.8429,true,1,126162
5201071101015,true,"מיקס סוכריות ג""לי 1ק",,,"מיקס סוכריות ג""לי 1ק",גרמים,1000.00,100 גרם,false,,24.99,2.4990,true,1,126164
5201347160326,false,גל למניעת אבנית קלגו,רקיט,,"גל למניעת אבנית קלגון 750 מ""ל",מיליליטרים,750.00,"100 מ""ל",false,1,24.90,3.3200,true,1,195945
5201360112166,true,"קרואסון מאקס ""7 דייז",,,"קרואסון מאקס ""7 דייז",גרמים,85.00,100 גרם,false,,4.99,5.8706,true,1,126186
5201360142262,true,וופל מצופה וממולא קר,,,וופל מצופה וממולא קר,גרמים,35.00,100 גרם,false,,2.99,8.5429,true,1,126187
5201360541157,true,"קרואסון מיני 200 גר""",,,"קרואסון מיני 200 גר""",גרמים,200.00,100 גרם,false,,11.99,5.9950,true,1,126188
5201360750092,true,"עוגת רולדה ""7 דייז""",,,"עוגת רולדה ""7 דייז""",גרמים,200.00,100 גרם,false,,6.99,3.4950,true,1,126189
5201360750238,true,"עוגת רולדה ""7 דייז""",,,"עוגת רולדה ""7 דייז""",גרמים,200.00,100 גרם,false,,6.99,3.4950,true,1,126190
5201360750498,true,"עוגת רולדה ""7 דייז""",,,"עוגת רולדה ""7 דייז""",גרמים,200.00,100 גרם,false,,6.99,3.4950,true,1,126191
5201360754069,true,"עוגת רולדה ""7 דייז""",,,"עוגת רולדה ""7 דייז""",Unknown,0.00,Unknown,false,,6.99,0.0000,true,1,126192
5201360790524,true,עוגת ספוג מצופה קקאו,,,עוגת ספוג מצופה קקאו,גרמים,200.00,100 גרם,false,,11.99,5.9950,true,1,126193
5201360790593,true,עוגת ספוג מצופה קקאו,,,עוגת ספוג מצופה קקאו,Unknown,0.00,Unknown,false,,11.99,0.0000,true,1,126194
5201360795192,true,עוגת ספוג מצופה קקאו,,,עוגת ספוג מצופה קקאו,גרמים,35.00,100 גרם,false,,1.99,5.6857,true,1,126195
5201384000173,true,שמן זית,,,שמן זית,פריט,0.00,פריט,false,,19.90,0.0000,true,1,126198
5201583042028,false,טופי פירות ללא סוכר,,,טופי פירות ללא סוכר,גרמים,175.00,100 גרם,false,1,12.90,7.3714,true,1,126199
5201911001017,true,ממרח אגוזי לוז וקרם,,,ממרח אגוזי לוז וקרם,"מ""ר",1.00,"מ""ר",false,,23.99,23.9900,true,1,126204
5201911240164,true,ממרח אגוזי לוז 400 ג,,,ממרח אגוזי לוז 400 ג,גרמים,400.00,100 גרם,false,,9.99,2.4975,true,1,126205
5201911240171,true,ממרח אגוזי לוז וקרם,,,ממרח אגוזי לוז וקרם,גרמים,400.00,100 גרם,false,,9.99,2.4975,true,1,126206
5201940060078,false,זיתים קלמטה במלח 700,,,זיתים קלמטה במלח 700 גר,גרמים,700.00,100 גרם,false,1,18.90,2.7000,true,1,126211
5202175001034,true,"חטיף ""נאצ""וס"" בטעם צ",,,"חטיף ""נאצ""וס"" בטעם צ",פריט,0.00,פריט,false,,4.99,0.0000,true,1,126213
5202175001096,true,"חטיף ""נאצ""וס"" טבעי מ",,,"חטיף ""נאצ""וס"" טבעי מ",פריט,0.00,פריט,false,,4.99,0.0000,true,1,126214
5202175001515,false,ציפס נאצו מלוח 225 ג,,,ציפס נאצו מלוח 225 גר,גרמים,225.00,100 גרם,false,1,10.90,4.8444,true,1,196210
5202175001546,false,ציפס נאצו בטעם ברביק,,,ציפס נאצו בטעם ברביקיו 225 גר,גרמים,225.00,100 גרם,false,1,10.90,4.8444,true,1,196209
5202175001652,true,"חטיף ""נאצ""וס"" בטעם ב",,,"חטיף ""נאצ""וס"" בטעם ב",פריט,0.00,פריט,false,,4.99,0.0000,true,1,126215
5202429109394,false,זיתים מושחרים אליטה,,,זיתים מושחרים אליטה 820 מל,גרמים,820.00,100 גרם,false,1,19.90,2.4268,true,1,220026
5202795120054,false,ברנדי יווני מטאקסה 5,רמי קואנטרו,,"ברנדי יווני ""מטאקסה""",מיליליטרים,700.00,"100 מ""ל",false,1,94.90,13.5571,true,1,126222
5202795130022,false,ברנדי מטאקסה 700 מל,רמי קואנטרו,,ברנדי מטאקסה 0.7ל,מיליליטרים,700.00,"100 מ""ל",false,1,119.90,17.1286,true,1,158843
5203156000534,true,שנאפס תפוחים 0.7 ליט,,,שנאפס תפוחים 0.7 ליט,פריט,0.00,פריט,false,,38.99,0.0000,true,1,126223
5203156005003,true,אבסנט אדום 0.75 ליטר,,,אבסנט אדום 0.75 ליטר,פריט,0.00,פריט,false,,119.99,0.0000,true,1,126224
5203273101039,true,"ריבת ""7 דייס"" בטעם א",,,"ריבת ""7 דייס"" בטעם א",גרמים,380.00,100 גרם,false,,13.99,3.6816,true,1,126226
5203273102036,true,"ריבת ""7 דייס"" בטעם מ",,,"ריבת ""7 דייס"" בטעם מ",גרמים,380.00,100 גרם,false,,13.99,3.6816,true,1,126227
5203273105037,true,"ריבת ""7 דייס"" בטעם ת",,,"ריבת ""7 דייס"" בטעם ת",גרמים,380.00,100 גרם,false,,13.99,3.6816,true,1,126228
5203273106034,true,"ריבת ""7 דייס"" בטעם ד",,,"ריבת ""7 דייס"" בטעם ד",גרמים,380.00,100 גרם,false,,13.99,3.6816,true,1,126229
5203273108038,true,"ריבת ""7 דייס"" בטעם פ",,,"ריבת ""7 דייס"" בטעם פ",גרמים,380.00,100 גרם,false,,13.99,3.6816,true,1,126230
5208049001841,false,פאל מאל סלימס דמי קפ,,,פאל מאל סלימס דמי קפסולה,Unknown,0.00,Unknown,false,1,26.00,0.0000,false,1,207684
5290123000062,true,טודאי שוקולד 200 גרם,,,טודאי שוקולד 200 גרם,גרמים,200.00,100 גרם,false,,10.99,5.4950,true,1,126243
5290123000079,true,טודאי שוקולד 200 גרם,,,טודאי שוקולד 200 גרם,גרמים,200.00,100 גרם,false,,10.99,5.4950,true,1,126244
5290123000086,true,טודאי שוקולד 200 גרם,,,טודאי שוקולד 200 גרם,גרמים,200.00,100 גרם,false,,10.99,5.4950,true,1,126245
5390424121845,false,ויסקי דה דאבלינר בור,,,ויסקי דה דאבלינר בורבון קאסק 700 מל,מיליליטרים,700.00,"100 מ""ל",false,1,99.90,14.2714,true,1,213372
5391533970003,false,ויסקי סינגל מאלט סקס,,,"ויסקי סינגל מאלט סקסטון 700 מ""ל",מיליליטרים,700.00,"100 מ""ל",false,1,139.90,19.9857,true,1,210234
5400265008554,true,המלט מאפה במילוי תות,,,המלט מאפה במילוי תות,גרמים,300.00,100 גרם,false,,12.99,4.3300,true,1,126291
5400265010632,true,המלט-וופל חמאה בלגי,,,המלט-וופל חמאה בלגי,גרמים,300.00,100 גרם,false,,16.90,5.6333,true,1,126293
5400265011844,true,קופידו פרלינים בלגים,,,קופידו פרלינים בלגים,גרמים,250.00,100 גרם,false,,29.90,11.9600,true,1,126294
5400265012179,true,המלט צדפים בלגים 500,,,המלט צדפים בלגים 500,גרמים,500.00,100 גרם,false,,57.99,11.5980,true,1,126295
5400265013916,true,המלט וופל בלגי מצופה,,,המלט וופל בלגי מצופה,גרמים,300.00,100 גרם,false,,13.90,4.6333,true,1,136760
5400265017938,true,המלט לשונות חתול חלב,,,המלט לשונות חתול חלב,גרמים,100.00,100 גרם,false,,11.99,11.9900,true,1,126299
5400265018898,true,קופידו פנטזי טרופל ק,,,קופידו פנטזי טרופל ק,גרמים,175.00,100 גרם,false,,16.90,9.6571,true,1,126301
5400265018904,true,קופידו פנטזי טרופל ק,,,קופידו פנטזי טרופל ק,גרמים,175.00,100 גרם,false,,16.90,9.6571,true,1,126302
5400265018911,true,קופידו פנטזי טרופל ק,,,קופידו פנטזי טרופל ק,גרמים,175.00,100 גרם,false,,16.90,9.6571,true,1,126303
5400265019383,true,קופידו פנטזי טרופל ק,,,קופידו פנטזי טרופל ק,גרמים,175.00,100 גרם,false,,16.90,9.6571,true,1,126306
5400265019390,true,קופידו פנטזי טרופל ק,,,קופידו פנטזי טרופל ק,גרמים,175.00,100 גרם,false,,16.90,9.6571,true,1,126307
5400265020228,true,המלט סטרופ וופל הולנ,,,המלט סטרופ וופל הולנ,גרמים,325.00,100 גרם,false,,19.99,6.1508,true,1,126309
5400265020372,true,המלט לשונות חתול חלב,,,המלט לשונות חתול חלב,גרמים,100.00,100 גרם,false,,11.99,11.9900,true,1,126310
5400265020631,true,קופידו טרופל חלב כחו,,,קופידו טרופל חלב כחו,גרמים,175.00,100 גרם,false,,20.99,11.9943,true,1,126311
5400265020648,true,קופידו טרופל חלב זהב,,,קופידו טרופל חלב זהב,גרמים,175.00,100 גרם,false,,20.90,11.9429,true,1,126312
5400265022369,true,"פרלינים בלגיים ""המלט",,,"פרלינים בלגיים ""המלט",גרמים,125.00,100 גרם,false,,24.99,19.9920,true,1,126320
5400265025155,true,"פרלינים ""קופידו"" במי",,,"פרלינים ""קופידו"" במי",מיליליטרים,150.00,"100 מ""ל",false,,18.99,12.6600,true,1,126332
5400265033006,false,נשיקות המלט מרנג צבע,,,נשיקות המלט מרנג צבעוני 100גר,גרמים,100.00,100 גרם,false,1,11.90,11.9000,true,1,165031
5400265037998,false,בובת סנטה המלט 125 ג,,,בובת סנטה המלט 125 גר,גרמים,125.00,100 גרם,false,1,18.90,15.1200,true,1,230092
5400265040745,false,המלט מתנה ליין מנוקד,,,המלט מתנה ליין מנוקד מעורב 250 גר,גרמים,250.00,100 גרם,false,1,49.90,19.9600,true,1,221494
5410076951710,false,אבקת כביסה אריאל שוש,פרוקטר אנד גמבל,,"אבקת כביסה אריאל שושן צחור 4 ק""ג",קילוגרמים,4.00,"ק""ג",false,1,34.90,8.7250,true,1,180439
5410126006377,false,עוגיות במילוי קרם ונ,,,עוגיות במילוי קרם וניל לוטוס 150 גר,גרמים,150.00,100 גרם,false,1,9.90,6.6000,true,1,221084
5410126116953,false,ממרח עוגיות לוטוס קר,,,"ממרח עוגיות ""לוטוס"" קרמל 400 גר",גרמים,400.00,100 גרם,false,1,19.90,4.9750,true,1,135850
5410126666038,false,עוגיות לוטוס 279 גר,לוטס,BE,עוגיות לוטוס 279 גר,גרמים,279.00,100 גרם,false,10,9.90,3.5484,true,1,202573
5410126716016,false,ביסקוויט בטעם קרמל ל,,,ביסקויט בטעם קרמל לו,גרמים,250.00,100 גרם,false,1,11.90,4.7600,true,1,126354
5410126726947,false,ממרח עוגיות לוטוס קר,,,ממרח עוגיות לוטוס קראנץי 380 גר,גרמים,380.00,100 גרם,false,1,19.90,5.2368,true,1,161155
5410228141785,false,בירה הוגרדן 330 מל,קרלסברג יבוא יצוא,,"בירה הוגרדן 330 מ""ל",מיליליטרים,330.00,"100 מ""ל",false,24,10.90,3.3030,true,1,126357
5410228142089,false,בירה לף בלונד 330 מל,קרלסברג יבוא יצוא,,"בירה ""לף"" בלונד",מיליליטרים,330.00,"100 מ""ל",false,24,10.90,3.3030,true,1,126359
5410228146162,false,בירה לף בראון 330 מל,קרלסברג יבוא יצוא,,"בירה לף בראון 330 מ""ל",מיליליטרים,330.00,"100 מ""ל",false,1,10.90,3.3030,true,1,126363
5410291021991,false,ממרח צוקטה אגוזי לוז,נטרה,,ממרח צוקטה אגוזי לוז עם קקאו 700 גר,גרמים,700.00,100 גרם,false,1,19.90,2.8429,true,1,186500
5410291022738,false,ממרח דואו צוקטה 350,,,ממרח דואו צוקטה 350 גר,גרמים,350.00,100 גרם,false,1,11.90,3.4000,true,1,221056
5410316983693,false,סמירנוף אייס 275 מל,IBBLS,,אייס סמירנוף,מיליליטרים,275.00,"100 מ""ל",false,1,12.90,4.6909,true,1,126374
5410316994019,false,וודקה סמירנוף 700 מל,,,וודקה סמירנוף 0.7 ל,מיליליטרים,700.00,"100 מ""ל",false,1,54.90,7.8429,true,1,137509
5410453210034,true,"עוגיות ספקולאס ""דלי",,,"עוגיות ספקולאס ""דלי",גרמים,300.00,100 גרם,false,,16.90,5.6333,true,1,133333
5410481080128,false,נוגט פירות קרלייר 10,,,נוגט פירות קרלייר 100 גר,גרמים,100.00,100 גרם,false,1,16.90,16.9000,true,1,221478
5410658902413,false,קפסולות קפה פורטיסימ,,,קפסולות קפה פורטיסימו אספרסו 08,Unknown,0.00,Unknown,false,1,11.90,0.0000,true,1,197199
5410658902437,false,קפסולות קפה פורטיסימ,,,קפסולות קפה פורטיסימו לונגו פורטה 07,Unknown,0.00,Unknown,false,1,11.90,0.0000,true,1,197200
5410769200095,false,בירה מק שוף בק 750 מ,,,בירה לה שופ בלגי,מיליליטרים,750.00,"100 מ""ל",false,1,31.90,4.2533,true,1,152760
5410769800097,false,בירה צרי שוף 8% 330,,,"בירה צרי שוף 8% 330 מ""ל",מיליליטרים,330.00,"100 מ""ל",false,1,13.90,4.2121,true,1,194202
5410769800554,false,בירה צרי שוף בק 750,,,"בירה צרי שוף בק 750 מ""ל",מיליליטרים,750.00,"100 מ""ל",false,1,29.90,3.9867,true,1,206624
5410976823018,false,גיליאן שוקולד מריר פ,,,גיליאן שוקולד מריר פטל 100 גר,גרמים,100.00,100 גרם,false,1,14.90,14.9000,true,1,211559
5411081000677,false,בירה קסטיל טריפל 330,מבשלת קסטל ואן הונסב,,"בירה קסטיל טריפל 330 מ""ל",מיליליטרים,330.00,"100 מ""ל",false,1,12.90,3.9091,true,1,134751
5411081003661,false,בירה קסטיל רוז 750 מ,מבשלת קסטל ואן הונסב,,"בירה קסטיל רוז 750 מ""ל",מיליליטרים,750.00,"100 מ""ל",false,1,32.90,4.3867,true,1,126385
5411188112709,false,משקה אלפרו שקדים ללא,ALPRO,,אלפרו משקה שקדים ללא סוכר,ליטרים,1.00,ליטר,false,1,13.90,13.9000,true,1,187478
5411188116905,false,משקה סויה בטעם בננה,ALPRO,,משקה סויה בטעם בננה אלפרו 1 ל,ליטרים,1.00,ליטר,false,8,14.90,14.9000,true,1,226206
5411188129899,false,משקה אלפרו בריסטה שק,ALPRO,,משקה אלפרו בריסטה שקדים 1 ל,ליטרים,1.00,ליטר,false,1,14.90,14.9000,true,1,213694
5411188134985,false,משקה שיבולת שועל 3.5,,,משקה שיבולת שועל 3.5% אלפרו 1 ל,ליטרים,1.00,ליטר,false,1,13.90,13.9000,true,1,222143
5411188135005,false,משקה שיבולת שועל 1.8,,,משקה שיבולת שועל 1.8% אלפרו 1 ל,ליטרים,1.00,ליטר,false,1,13.90,13.9000,true,1,222144
5411223100579,false,בירה לינדמנס תפוחים,מבשלת לינדמנס,,"בירה לינדמנס תפוחים 250 מ""ל",מיליליטרים,250.00,"100 מ""ל",false,1,13.90,5.5600,true,1,208715
5411223100838,false,בירה לינדמנס אפרסק 2,מבשלת לינדמנס,,"בירה לינדמנס אפרסק 250 מ""ל",מיליליטרים,250.00,"100 מ""ל",false,1,13.90,5.5600,true,1,208608
5411616002190,false,בירה מרטנס חזק 500 מ,,,בירה מרטנס חזק 500מל,מיליליטרים,500.00,"100 מ""ל",false,1,7.90,1.5800,true,1,164824
5411616148546,false,בירה מרטנס גולד 500,,,"בירה ""מרטנס גולד"" 50",מיליליטרים,500.00,"100 מ""ל",false,1,7.90,1.5800,true,1,126398
5411642563047,false,גופרה בלגית וופל עם,,,גופרה בלגית וופל עם סוכר מצופה 300 גר,גרמים,300.00,100 גרם,false,1,12.90,4.3000,true,1,226559
5411676100928,false,בירה ברבר רוז 330 מל,,,בירה ברבר רוז 330 מל,מיליליטרים,330.00,"100 מ""ל",false,1,13.90,4.2121,true,1,223170
5411681402635,false,בירה דובל בק 750 מל,,,"בירה דובל בק 750 מ""ל",מיליליטרים,750.00,"100 מ""ל",false,1,29.90,3.9867,true,1,200878
5411686700118,false,בירה ליפמנס און דה ר,אודנרד,,"בירה ליפמנס און דה רוקס 250 מ""ל",מיליליטרים,250.00,"100 מ""ל",false,1,13.90,5.5600,true,1,185252
5412956120162,false,מקל סנטה קריסמס 100,,,מקל סנטה קריסמס 100 גר,גרמים,100.00,100 גרם,false,1,24.90,24.9000,true,1,229736
5412956214519,false,שוקולד מריר תפוז ושק,,,שוקולד מריר תפוז ושקדים קאשט 100 גר,גרמים,100.00,100 גרם,false,1,9.90,9.9000,true,1,200610
5412956214526,false,שוקולד מריר אגס ושקד,,,שוקולד מריר אגס ושקדים קאשט 100 גר,גרמים,100.00,100 גרם,false,1,9.90,9.9000,true,1,200607
5412956214533,false,שוקולד מריר לימון ופ,,,שוקולד מריר לימון ופלפל שחור קאשט 100 גר,גרמים,100.00,100 גרם,false,1,9.90,9.9000,true,1,200608
5412956214540,false,שוקולד מריר גינגר וא,,,שוקולד מריר גינגר ואוכמניות קאשט 100 גר,גרמים,100.00,100 גרם,false,1,9.90,9.9000,true,1,200609
5412956214649,false,שוקולד מריר 85% קקאו,,,שוקולד מריר 85% קקאו קאשט 100 גר,גרמים,100.00,100 גרם,false,1,9.90,9.9000,true,1,200606
5413121355075,false,שוקולד בלגיאן פרסטיז,BCG,,"פרסטיז"" שוקולד בלגי",גרמים,100.00,100 גרם,false,1,12.90,12.9000,true,1,126432
5413121355105,false,שוקולד בלגי פרסטיז ח,BCG,,"פרסטיז"" שוקולד בלגי",גרמים,100.00,100 גרם,false,1,12.90,12.9000,true,1,126435
5413121356737,false,שוקולד מריר בלגי ללא,BCG,,"בלג""יאן שוקולד בלגי",גרמים,100.00,100 גרם,false,1,14.90,14.9000,true,1,126437
5413121358694,false,שוקולד בלגי פרסטיז מ,BCG,,"פרסטיז"" שוקולד בלגי",גרמים,100.00,100 גרם,false,1,12.90,12.9000,true,1,126439
5413121358908,true,"בונבוניירות ""צדפות ש",,,"בונבוניירות ""צדפות ש",גרמים,250.00,100 גרם,false,,24.99,9.9960,true,1,133865
5413121359769,false,בונ צדפי שוקולד בלגי,BCG,,"צדפי שוקולד בלגי ""בל",גרמים,195.00,100 גרם,false,1,16.90,8.6667,true,1,126444
5413121359790,true,"טראפלס פרל ד""אור ""בל",,,"טראפלס פרל ד""אור ""בל",גרמים,200.00,100 גרם,false,,14.99,7.4950,true,1,126445
5413121359806,true,"טראפלס פרל ד""אור ""בל",,,"טראפלס פרל ד""אור ""בל",גרמים,200.00,100 גרם,false,,14.99,7.4950,true,1,126446
5413121359813,true,"טראפלס פרל ד""אור ""בל",,,"טראפלס פרל ד""אור ""בל",גרמים,200.00,100 גרם,false,,14.99,7.4950,true,1,126447
5413121359820,true,"טראפלס פרל ד""אור ""בל",,,"טראפלס פרל ד""אור ""בל",גרמים,200.00,100 גרם,false,,14.99,7.4950,true,1,126448
5413121365616,false,בלגיאן שוקולד מריר מ,BCG,,בלגיאן שוקולד מריר משובח 90% 100 גר,גרמים,100.00,100 גרם,false,1,12.90,12.9000,true,1,205276
5413149655522,false,אבקת כביסה אריאל 1.2,,,אבקת כביסה אריאל שוש,קילוגרמים,1.25,"ק""ג",false,1,14.90,11.9200,true,1,126476
5413149922907,false,אבקת כביסה אריאל 5 ק,,,אבקת כביסה אריאל 5 קג,קילוגרמים,5.00,"ק""ג",false,1,39.90,7.9800,true,1,126507
5413202291308,true,בונבוניירות לבבות בל,,,בונבוניירות לבבות בל,פריט,0.00,פריט,false,,13.99,0.0000,true,1,126512
5413202309317,true,בונבוניירות לבבות בל,,,בונבוניירות לבבות בל,פריט,0.00,פריט,false,,21.99,0.0000,true,1,126513
5413202309416,true,בונבוניירות לבבות בל,,,בונבוניירות לבבות בל,פריט,0.00,פריט,false,,21.99,0.0000,true,1,126514
5413202904208,true,בונבוניירת מיקס שוקו,,,בונבוניירת מיקס שוקו,פריט,0.00,פריט,false,,28.99,0.0000,true,1,135511
5413202908206,true,בונבוניירת פרלינים ב,,,בונבוניירת פרלינים ב,פריט,0.00,פריט,false,,30.99,0.0000,true,1,135516
5413202920208,true,בונבוניירת פרלינים ב,,,בונבוניירת פרלינים ב,פריט,0.00,פריט,false,,30.99,0.0000,true,1,135513
5413202991833,true,בונבוניירת פח זהב לל,,,בונבוניירת פח זהב לל,פריט,0.00,פריט,false,,59.99,0.0000,true,1,126516
5413548040479,false,בונבוניירה רפאלו 240,,,"בונבוניירה ""רפאלו"" 240 גר",גרמים,240.00,100 גרם,false,1,24.90,10.3750,true,1,126519
5413623011257,true,קופסת נפוליטנים מריר,,,קופסת נפוליטנים מריר,פריט,0.00,פריט,false,,29.99,0.0000,true,1,126521
5413623021256,true,קופסת נפוליטנים חלב,,,קופסת נפוליטנים חלב,פריט,0.00,פריט,false,,29.99,0.0000,true,1,126522
5413623041254,true,קופסת נפוליטנים מריר,,,קופסת נפוליטנים מריר,פריט,0.00,פריט,false,,29.99,0.0000,true,1,126523
5413623125039,true,"בונבוניירת צדפות ""קא",,,"בונבוניירת צדפות ""קא",פריט,0.00,פריט,false,,29.99,0.0000,true,1,126525
5413623165028,true,אצבעות שוקולד עם וופ,,,אצבעות שוקולד עם וופ,פריט,0.00,פריט,false,,29.99,0.0000,true,1,126527
5413623165035,true,וופל וניל מצופה שוקו,,,וופל וניל מצופה שוקו,פריט,0.00,פריט,false,,24.99,0.0000,true,1,126528
5413623165097,true,"וופל בלגי ""קאווליאר""",,,"וופל בלגי ""קאווליאר""",פריט,0.00,פריט,false,,17.99,0.0000,true,1,126529
5413623302317,true,"בונבוניירת פרלינים """,,,"בונבוניירת פרלינים """,פריט,0.00,פריט,false,,29.99,0.0000,true,1,126537
5414145035622,false,ויסקי בורבון קנטקי ג,סודיקו,US,וויסקי קנטוקי גיק 1ל,מיליליטרים,1000.00,"100 מ""ל",false,6,99.90,9.9900,true,1,160718
5414145036568,false,ליקר קרם קלאב בתוספת,סודיקו,US,"ליקר קרם קלאב אוריגל בתוספת ויסקי 700 מ""",מיליליטרים,700.00,"100 מ""ל",false,6,49.90,7.1286,true,1,202741
5414865710007,true,"שוקולד קרם חלב ""ספוט",,,"שוקולד קרם חלב ""ספוט",מיליליטרים,80.00,"100 מ""ל",false,,5.99,7.4875,true,1,134865
5414865710014,true,"שוקולד מריר ""ספוט קו",,,"שוקולד מריר ""ספוט קו",מיליליטרים,80.00,"100 מ""ל",false,,5.99,7.4875,true,1,134862
5414865710021,true,"שוקולד אקסטרה מריר """,,,"שוקולד אקסטרה מריר """,מיליליטרים,80.00,"100 מ""ל",false,,5.90,7.3750,true,1,134856
5414865710038,true,שוקולד חלב עם אגוזים,,,שוקולד חלב עם אגוזים,מיליליטרים,80.00,"100 מ""ל",false,,5.90,7.3750,true,1,134855
5414865710045,true,שוקולד חלב עם אגוזים,,,שוקולד חלב עם אגוזים,מיליליטרים,80.00,"100 מ""ל",false,,5.90,7.3750,true,1,134857
5414865710052,true,שוקולד חלב עם נוגט פ,,,שוקולד חלב עם נוגט פ,מיליליטרים,80.00,"100 מ""ל",false,,5.99,7.4875,true,1,134859
5414865710069,true,"שוקולד חלב עםקרמל ""ס",,,"שוקולד חלב עםקרמל ""ס",מיליליטרים,80.00,"100 מ""ל",false,,5.99,7.4875,true,1,134860
5414865710076,true,שוקולד מריר עם אגוזי,,,שוקולד מריר עם אגוזי,מיליליטרים,80.00,"100 מ""ל",false,,5.90,7.3750,true,1,134863
5414865710083,true,שוקולד מריר עם שקדים,,,שוקולד מריר עם שקדים,מיליליטרים,80.00,"100 מ""ל",false,,5.90,7.3750,true,1,134864
5414865710090,true,שוקולד לבן עם פצפוצי,,,שוקולד לבן עם פצפוצי,מיליליטרים,80.00,"100 מ""ל",false,,5.90,7.3750,true,1,134861
5414865710106,true,שוקולד לבן עם אגוזים,,,שוקולד לבן עם אגוזים,מיליליטרים,80.00,"100 מ""ל",false,,5.90,7.3750,true,1,134866
5414865710113,true,שוקולד חלב עם אגוזים,,,שוקולד חלב עם אגוזים,מיליליטרים,80.00,"100 מ""ל",false,,5.90,7.3750,true,1,134858
5420066330203,false,טרופל ביאנקה קקאו בא,Chocolate Q,,טרופל ביאנקה קקאו באריזת זהב 175 גר,גרמים,175.00,100 גרם,false,1,14.90,8.5143,true,1,181468
5420066370025,false,טרופל בלגי קפה 150 ג,,,טרופל בלגי קפה 150 גר,גרמים,150.00,100 גרם,false,1,14.90,9.9333,true,1,188056
5420066370032,false,טרופל בלגי מריר 150,,,טרופל בלגי מריר 150 גר,גרמים,150.00,100 גרם,false,1,14.90,9.9333,true,1,188053
5420066370049,false,טרופל בלגי תפוז 150,,,טרופל בלגי תפוז 150 גר,גרמים,150.00,100 גרם,false,1,14.90,9.9333,true,1,188058
5420066370384,false,טרופל בלגי אגוזים 15,,,טרופל בלגי אגוזים 150 גר,גרמים,150.00,100 גרם,false,1,14.90,9.9333,true,1,188055
5425017240013,false,בירה חזקה ברוז זוט ב,,,בירה חזקה ברוז זוט בלונד 330 מל,מיליליטרים,330.00,"100 מ""ל",false,1,13.90,4.2121,true,1,228343
5425017240075,false,בירה חזקה ברוז זוט ד,,,בירה חזקה ברוז זוט דאבל 330 מל,מיליליטרים,330.00,"100 מ""ל",false,1,13.90,4.2121,true,1,228344
5600241519016,false,סרדין בלמר בשמן זית,,,סרדין בלמר בשמן זית 120 גר,גרמים,120.00,100 גרם,false,1,15.90,13.2500,true,1,221565
5600241519276,false,זוג נתחי טונה קרדום,,,זוג נתחי טונה קרדום בשמן חמניות 160 גר,גרמים,320.00,100 גרם,false,1,14.90,4.6563,true,1,221579
5600241519283,false,זוג נתחי טונה קרדום,,,זוג נתחי טונה קרדום ברוטב עגבניות 160 גר,גרמים,320.00,100 גרם,false,1,14.90,4.6563,true,1,221580
5600241519436,false,סרדין קרדום בשמן זית,,,סרדין קרדום בשמן זית 120 גר,גרמים,120.00,100 גרם,false,1,8.90,7.4167,true,1,221574
5601008200444,false,עוגיות מרבה גודיס שו,Goodies,,"עוגיות ""מרבה"" גודיס שוקולד חלב 150 גר",גרמים,150.00,100 גרם,false,1,5.90,3.9333,true,1,126579
5601008200451,false,עוגיות מרבה גודיס שו,Goodies,,"עוגיות ""מרבה"" גודיס שוקולד מריר 150 גר",גרמים,150.00,100 גרם,false,1,5.90,3.9333,true,1,126580
5601008200468,false,עוגיות מרבה גודיס שו,Goodies,,"עוגיות ""מרבה"" גודיס שוקולד לבן 150 גר",גרמים,150.00,100 גרם,false,1,5.90,3.9333,true,1,126581
5601012002454,false,יין מבעבע מתאוס חצי,,,יין מבעבע מתאוס חצי יבש 750 מל,מיליליטרים,750.00,"100 מ""ל",false,6,39.90,5.3200,true,1,215937
5601012011500,false,יין מטאוס רוזה אוריג,,,מתיאוס רוזה,מיליליטרים,750.00,"100 מ""ל",false,1,34.90,4.6533,true,1,126582
5601012021509,false,יין מטאוס לבן פורטוג,,,"יין מטאוס לבן פורטוגל 750 מ""ל",מיליליטרים,750.00,"100 מ""ל",false,1,34.90,4.6533,true,1,214129
5601217129420,false,דפים לכביסה שומרי צב,רקיט,,דפים לכביסה שומרי צבע וולייט 20 יח,Unknown,0.00,Unknown,false,1,19.90,0.0000,true,1,196340
5601996023780,false,יין פורטה 6 רוזה 750,,,יין פורטה 6 רוזה 750 מל,מיליליטרים,750.00,"100 מ""ל",false,1,44.90,5.9867,true,1,212298
5601996355485,false,יין פורטה 6 לבן 750,,,יין פורטה 6 לבן 750 מל,מיליליטרים,750.00,"100 מ""ל",false,1,44.90,5.9867,true,1,212297
5694110028129,false,כבד דג שיבוט 115 גר,,IS,כבד דג שיבוט 120 גר,גרמים,115.00,100 גרם,false,12,8.90,7.7391,true,1,201199
5694230412518,false,ממרח סלמון איסלנדי 1,סטראוס,,ממרח סלמון איסלנדי 125 גר,גרמים,125.00,100 גרם,false,1,7.90,6.3200,true,1,219683
5700527204626,true,וול סטריט 20 אוריגינ,,,וול סטריט 20 אוריגינ,פריט,0.00,פריט,false,,16.00,0.0000,true,1,130430
5701049170147,false,קרלטי שוקולד מריר תפ,,,קרלטי שוקולד מריר תפוז 75 גר,גרמים,75.00,100 גרם,false,1,6.90,9.2000,true,1,130437
5701215042407,false,גבינת ברי 125 גר,,,"גבינת ""ברי"" 125 גר""",גרמים,125.00,100 גרם,false,1,16.90,13.5200,true,1,158277
5702024006918,true,"ביצי דג שיבוט ""אופיס",,,"ביצי דג שיבוט ""אופיס",Unknown,0.00,Unknown,false,,14.90,0.0000,true,1,130450
5740900403215,false,ממרח מחמאת לורפק עם,,,ממרח מחמאת לורפק עם מלח 250 גר,גרמים,250.00,100 גרם,false,1,16.90,6.7600,true,1,205642
5740900403239,false,ממרח מחמאת לורפק ללא,,,ממרח מחמאת לורפק ללא מלח 250 גר,גרמים,250.00,100 גרם,false,1,16.90,6.7600,true,1,205643
5740900403864,false,חמאה לורפק מלח 200 ג,,,חמאה לורפק מלח 200 גר,גרמים,200.00,100 גרם,false,20,11.90,5.9500,true,1,221630
5741000002247,true,"בירה ""פאקס"" ללא אלכו",,,"בירה ""פאקס"" ללא אלכו",פריט,0.00,פריט,false,,4.99,0.0000,true,1,130456
5774540132006,false,שוקולד אנטון ברג קרם,,,שוקולד אנטון ברג קרם קרמל וקונטרו 90 גר,גרמים,90.00,100 גרם,false,12,17.90,19.8889,true,1,224894
5774540694306,false,אנטון ברג בקבוקוני ל,,,אנטון ברג-16 בקבוקי,גרמים,250.00,100 גרם,false,1,49.90,19.9600,true,1,176848
5774540984254,false,שוק מריר מרציפן אנטו,,,שוק מריר מרציפן אנטון ברג משמש בברנדי,גרמים,220.00,100 גרם,false,1,39.90,18.1364,true,1,189283
5850000600350,false,אמא וגור פנדה 30 סמ,,,אמא וגור פנדה 30 סמ,Unknown,0.00,Unknown,false,1,69.90,0.0000,true,1,223028
5900020012814,false,נסקוויק דגני בוקר בט,נסטלה פולין דגני בוק,,נסקוויק דגני בוקר בט,גרמים,500.00,100 גרם,false,1,21.90,4.3800,true,1,130473
5900020024770,false,חטיפי דגנים פיטנס בר,נסטלה פולין ברים,,חטיפי דגנים פיטנס בר דליס שוקולד אגוזים,גרמים,135.00,100 גרם,false,1,13.90,10.2963,true,1,181200
5900020025647,false,חטיפי דגנים פיטנס בר,נסטלה פולין ברים,,חטיפי דגנים פיטנס בר דליס שוקולד חלב,גרמים,135.00,100 גרם,false,1,13.90,10.2963,true,1,181199
5900020026552,false,דגני בוקר האני נאט צ,,,דגני בוקר האני נאט ציריוס 625 גר,גרמים,625.00,100 גרם,false,1,21.90,3.5040,true,1,185517
5900020033314,false,חטיף דגנים ליון שמינ,נסטלה פולין ברים,,חטיף דגנים ליון שמינייה 150 גר,גרמים,150.00,100 גרם,false,1,13.90,9.2667,true,1,203245
5900020033482,false,חטיפי דגנים פיטנס שק,נסטלה פולין ברים,PL,חטיפי דגנים פיטנס שקדים ודבש 140 גר,גרמים,140.00,100 גרם,false,8,13.90,9.9286,true,1,211823
5900020036407,false,דגני בוקר ליון שוקול,נסטלה פולין דגני בוק,,דגני בוקר ליון שוקולד וקרמל 480 גר,גרמים,480.00,100 גרם,false,1,21.90,4.5625,true,1,212344
5900238585384,true,"שוקולד ""בארונטה"" במי",,,"שוקולד ""בארונטה"" במי",גרמים,100.00,100 גרם,false,,8.99,8.9900,true,1,130482
5900238585391,true,"שוקולד ""בארונטה"" במי",,,"שוקולד ""בארונטה"" במי",גרמים,100.00,100 גרם,false,,8.99,8.9900,true,1,130483
5900238585605,true,"שוקולד ""בארונטה"" במי",,,"שוקולד ""בארונטה"" במי",גרמים,100.00,100 גרם,false,,8.99,8.9900,true,1,130484
5900238585629,true,"שוקולד ""בארונטה"" במי",,,"שוקולד ""בארונטה"" במי",גרמים,100.00,100 גרם,false,,8.99,8.9900,true,1,130485
5900238585872,true,"שוקולד ""בארונטה"" במי",,,"שוקולד ""בארונטה"" במי",גרמים,100.00,100 גרם,false,,8.99,8.9900,true,1,130486
5900247000816,true,"מרגרינה עם חמאה ""פוז",,,"מרגרינה עם חמאה ""פוז",גרמים,500.00,100 גרם,false,,8.99,1.7980,true,1,130487
5900247001349,true,"מרגרינה ""מסלניצה "" 6",,,"מרגרינה ""מסלניצה "" 6",גרמים,600.00,100 גרם,false,,14.99,2.4983,true,1,130488
5900247001356,true,"מסלניצה לייט 500 ג""ר",,,"מסלניצה לייט 500 ג""ר",גרמים,500.00,100 גרם,false,,8.99,1.7980,true,1,130489
5900247001363,true,"מרגרינה ""מסלניצה"" 40",,,"מרגרינה ""מסלניצה"" 40",גרמים,400.00,100 גרם,false,,10.99,2.7475,true,1,130490
5900259056160,false,חטיפי תפוא בטעם פפרי,,,חטיפי תפוא בטעם פפריקה של לייס 125 ג,גרמים,125.00,100 גרם,false,1,18.90,15.1200,true,1,227195
5900334005526,true,"מיץ ""טומבארק"" בננה 1",,,"מיץ ""טומבארק"" בננה 1",פריט,0.00,פריט,false,,9.99,0.0000,true,1,130505
5900334006011,true,"מיץ ""טומבארק"" תפוז א",,,"מיץ ""טומבארק"" תפוז א",פריט,0.00,פריט,false,,17.99,0.0000,true,1,130506
5900334007377,true,"מיץ ""קפריאו"" תפוז 2ל",,,"מיץ ""קפריאו"" תפוז 2ל",פריט,0.00,פריט,false,,15.99,0.0000,true,1,130507
5900334007414,true,"מיץ ""קפריאו"" אשכולית",,,"מיץ ""קפריאו"" אשכולית",פריט,0.00,פריט,false,,15.99,0.0000,true,1,130510
5900343005296,false,וודקה זוברובקה 700 מ,,,"וודקה זוברובקה 700 מ""ל",מיליליטרים,700.00,"100 מ""ל",false,1,84.90,12.1286,true,1,210504
5900352000770,false,גלרטקה דובדבן 190 גר,,,"גלרטקה דובדבן 190 ג""",גרמים,190.00,100 גרם,false,1,8.90,4.6842,true,1,130516
5900352001814,false,גלרטקה תפוז 190 גר,,,"גלרטקה תפוז 190 ג""ר",גרמים,190.00,100 גרם,false,1,8.90,4.6842,true,1,130517
5900352002361,false,עוגיות יזיקי קלאסיק,,,עוגיות יזיקי קלאסיק 140 גר,גרמים,140.00,100 גרם,false,1,5.90,4.2143,true,1,221262
5900352014449,false,וופל בלגי וניל 130 ג,,,וופל בלגי וניל 130 גר,גרמים,130.00,100 גרם,false,23,4.90,3.7692,true,1,223447
5900352014456,false,וופל בלגי שוקולד 130,,,וופל בלגי שוקולד 130 גר,גרמים,130.00,100 גרם,false,23,4.90,3.7692,true,1,223448
5900352014470,false,וופל בלגי קרמל 140 ג,,,וופל בלגי קרמל 140 גר,גרמים,140.00,100 גרם,false,23,4.90,3.5000,true,1,223449
5900352014890,false,עוגיות יזיקי מריר תפ,,,עוגיות יזיקי מריר תפוז 140 גר,גרמים,140.00,100 גרם,false,20,5.90,4.2143,true,1,229193
5900352015125,false,עוגיות יזיקי קרמל מל,,,עוגיות יזיקי קרמל מלוח 140 גר,גרמים,140.00,100 גרם,false,20,5.90,4.2143,true,1,229192
5900353611180,true,"סרגל אדבוקט 106 גר""",,,"סרגל אדבוקט 106 גר""",פריט,0.00,פריט,false,,12.99,0.0000,true,1,130530
5900353612132,true,בונבוניירת לב פח שרי,,,בונבוניירת לב פח שרי,פריט,0.00,פריט,false,,44.99,0.0000,true,1,130531
5900353615416,true,"סרגל שרי 108 גר""",,,"סרגל שרי 108 גר""",פריט,0.00,פריט,false,,12.99,0.0000,true,1,130532
5900353615683,false,בונ ויסקי בשוקולד מר,,,בונ ויסקי בשוקולד מריר 180 גר MIESZKO,גרמים,180.00,100 גרם,false,1,19.90,11.0556,true,1,202587
5900353615690,false,בונ ברנדי בשוקולד מר,,,בונ ברנדי בשוקולד מריר 180 גר MIESZKO,גרמים,180.00,100 גרם,false,1,19.90,11.0556,true,1,202586
5900353615706,false,בונ וודקה בשוקולד מר,,,בונ וודקה בשוקולד מריר 180 גר MIESZKO,גרמים,180.00,100 גרם,false,1,19.90,11.0556,true,1,202588
5900353616031,true,"בונבוניירת לב פח ""שו",,,"בונבוניירת לב פח ""שו",פריט,0.00,פריט,false,,44.99,0.0000,true,1,130536
5900353618288,false,בונ שרי 285 גר,,,בונ שרי 285 גר,גרמים,285.00,100 גרם,false,1,34.90,12.2456,true,1,229743
5900353620533,false,בונ ויסקי+וודקה 143,,,בונ ויסקי+וודקה 143 גר,גרמים,143.00,100 גרם,false,1,20.90,14.6154,true,1,229746
5900353643570,true,"בונבוניירת ""אמאדורו""",,,"בונבוניירת ""אמאדורו""",פריט,0.00,פריט,false,,19.99,0.0000,true,1,130541
5900353643969,true,"בונבוניירות ""אמאדורו",,,"בונבוניירות ""אמאדורו",פריט,0.00,פריט,false,,33.99,0.0000,true,1,130547
5900353644430,true,"גלילי אספרסו 120 גר""",,,"גלילי אספרסו 120 גר""",פריט,0.00,פריט,false,,18.99,0.0000,true,1,130549
5900437705125,false,פיצה 4 גבינות 325 גר,,,פיצה 4 גבינות 325 גר,גרמים,325.00,100 גרם,false,5,24.90,7.6615,true,1,215568
5900580000085,true,"תערובת ירקות לצ""ו עם",,,"תערובת ירקות לצ""ו עם",פריט,0.00,פריט,false,,14.99,0.0000,true,1,130574
5900580000528,true,"סלט ירקות ""פרוביטוס""",,,"סלט ירקות ""פרוביטוס""",פריט,0.00,פריט,false,,14.99,0.0000,true,1,156141
5900580001655,true,חזרת אוכמניות אדומות,,,חזרת אוכמניות אדומות,פריט,0.00,פריט,false,,11.99,0.0000,true,1,130581
5900580002041,true,"בצלים כבושים ""פרוביט",,,"בצלים כבושים ""פרוביט",פריט,0.00,פריט,false,,14.99,0.0000,true,1,130584
5900627021721,true,"סיליט באנג 750 מ""ל",,,"סיליט באנג 750 מ""ל",מיליליטרים,750.00,"100 מ""ל",false,,19.99,2.6653,true,1,130594
5900627046380,true,"נוזל לאסלה ""הרפיק"" ב",,,"נוזל לאסלה ""הרפיק"" ב",Unknown,0.00,Unknown,false,,16.99,0.0000,true,1,134015
5900675009023,false,תה חמוציות באלין 40,,,תה חמוציות באלין 40 גר,גרמים,40.00,100 גרם,false,18,3.90,9.7500,true,1,225334
5900675009047,false,תה פטל באלין 40 גר,,,תה פטל באלין 40 גר,גרמים,40.00,100 גרם,false,18,3.90,9.7500,true,1,225336
5900675009108,false,תה היביסקוס באלין 30,,PL,תה היביסקוס באלין 30 גר,גרמים,30.00,100 גרם,false,18,3.90,13.0000,true,1,225342
5900675009122,false,תה בבונג באלין 30 גר,,PL,תה בבונג באלין 30 גר,גרמים,30.00,100 גרם,false,18,3.90,13.0000,true,1,225344
5900675009160,false,תה מרווה באלין 20 גר,,PL,תה מרווה באלין 20 גר,גרמים,20.00,100 גרם,false,18,3.90,19.5000,true,1,225348
5900746003066,true,גבינה מותכת בטעם בצל,,,גבינה מותכת בטעם בצל,פריט,0.00,פריט,false,,3.99,0.0000,true,1,130603
5900746004032,true,גבינה מותכת בטעם בצל,,,גבינה מותכת בטעם בצל,פריט,0.00,פריט,false,,12.99,0.0000,true,1,130604
5900820000257,true,חמאה לסיאטה 200 גר,,,חמאה לסיאטה 200 גר,גרמים,200.00,100 גרם,false,,12.99,6.4950,true,1,133528
5900820007355,true,חמאה אוסלקה 200 גר,,,חמאה אוסלקה 200 גר,גרמים,200.00,100 גרם,false,,12.90,6.4500,true,1,133529
5900820007737,true,חמאה מזורסקי 200 גר,,,חמאה מזורסקי 200 גר,גרמים,200.00,100 גרם,false,,12.99,6.4950,true,1,133530
5900820014230,false,גבינה נורויסקי סלמון,מלקפול,,גבינה נורוויסקי סלמון 150 גר,גרמים,150.00,100 גרם,false,1,12.90,8.6000,true,1,181491
5900857007793,false,גבינה רדמר סרנדה פרו,,,ת.גבינה רדמר סרנדה פרוס 135 גר,גרמים,135.00,100 גרם,false,1,11.90,8.8148,true,1,205354
5900907000101,false,תערובת מלפפונים ועגב,URBANEK,,תערובת מלפפונים ועגב,קילוגרמים,2.55,"ק""ג",false,1,32.90,12.9020,true,1,130609
5900907000118,false,סלט ירקות בתחמיץ 680,URBANEK,,סלט ירקות בתחמיץ 680 גר,גרמים,680.00,100 גרם,false,1,10.90,1.6029,true,1,130610
5900907000347,false,פטריות בחומץ 500 גר,URBANEK,,"פטריות בחומץ 900 ג""ר",גרמים,500.00,100 גרם,false,1,18.90,3.7800,true,1,130612
5900907000477,false,ריבת שזיפים 330 גר,URBANEK,,ריבת שזיפים 330גר,גרמים,330.00,100 גרם,false,1,9.90,3.0000,true,1,162183
5900907000491,false,לצו 680 גר,URBANEK,,"לצ""ו",גרמים,680.00,100 גרם,false,1,13.90,2.0441,true,1,130613
5900907000583,false,מלפפון בחומץ 900 גר,URBANEK,,"מלפפון בחומץ 900 ג""ר",גרמים,900.00,100 גרם,false,1,15.90,1.7667,true,1,130615
5900907000835,false,מלפפונים בחומץ 2.55,URBANEK,,מלפפונים בחומץ 2.55,קילוגרמים,2.55,"ק""ג",false,1,32.90,12.9020,true,1,130617
5900907000965,false,פטיסון בחומץ 910 גר,URBANEK,,פטיסון בחומץ 900 גר,גרמים,910.00,100 גרם,false,1,19.90,2.1868,true,1,130618
5900907001238,false,עגבניות בחומץ 2.55 ק,URBANEK,,עגבניות בחומץ 2.55 ק,קילוגרמים,2.55,"ק""ג",false,1,32.90,12.9020,true,1,130619
5900907001412,false,אסורטי אורבנק 2.55 ק,URBANEK,,"אסורטי 2.55 ק""ג",קילוגרמים,2.55,"ק""ג",false,1,32.90,12.9020,true,1,130620
5900907001429,false,אסורטי 920 גר,URBANEK,,"אסורטי 920 ג""ר",גרמים,900.00,100 גרם,false,1,15.90,1.7667,true,1,130621
5900907001450,false,מלפפונים במלח 900 גר,URBANEK,,מלפפונים במלח 900 גר,גרמים,900.00,100 גרם,false,1,15.90,1.7667,true,1,130622
5900907001474,false,עגבניות בחומץ 900 גר,URBANEK,,עגבניות בחומץ 900גר,גרמים,900.00,100 גרם,false,1,15.90,1.7667,true,1,130623
5900907001597,false,כרוב כבוש עם גזר 900,URBANEK,,כרוב כבוש עם גזר,גרמים,900.00,100 גרם,false,1,15.90,1.7667,true,1,130625
5900907001719,false,תערובת מלפפונים ועגב,URBANEK,,תערובת מלפפונים ועגב,גרמים,900.00,100 גרם,false,1,15.90,1.7667,true,1,130628
5900907003027,false,עגבניות במיץ טבעי 92,URBANEK,,"עגבניות במיץ טבעי ""א",גרמים,920.00,100 גרם,false,12,15.90,1.7283,true,1,130632
5900907003393,false,עגבניות שרי בחומץ 93,URBANEK,,עגבניות שרי בחומץ 930 גר,גרמים,930.00,100 גרם,false,12,16.90,1.8172,true,1,135106
5900951017131,true,"חטיף ""סניקרס"" 51 גר""",,,"חטיף ""סניקרס"" 51 גר""",פריט,0.00,פריט,false,,3.99,0.0000,true,1,130640
5900951262531,false,פדיגרי פאוץ בקר וכבש,,,פדיגרי פאוץ בקר וכבש 100 גר,גרמים,100.00,100 גרם,false,24,4.90,4.9000,true,1,210961
5900951295072,false,סניקרס קרמי חמאת בוט,,,סניקרס קרמי חמאת בוטנים 182.5 גר,גרמים,183.00,100 גרם,false,18,13.90,7.5956,true,1,223232
5901041003003,false,וודקה בלוודר פרמיום,polmos,,וודקה בלוודר פרמיום,מיליליטרים,700.00,"100 מ""ל",false,1,109.90,15.7000,true,1,132856
5901064000287,false,יין טוטינו ביאנקו 1,VINPOL,,יין טוטינו ביאנקו 1 ל,ליטרים,1.00,ליטר,false,1,34.90,34.9000,true,1,131564
5901064761805,false,שכר פטל נלבקה באבוני,וינפוד,,שכר פטל 750מל,מיליליטרים,750.00,"100 מ""ל",false,1,29.90,3.9867,true,1,159676
5901064762888,false,יין סני גרדן פטל 1 ל,,,יין סני גרדן פטל 1ל,מיליליטרים,750.00,"100 מ""ל",false,1,26.90,3.5867,true,1,160717
5901064764103,false,יין טוטינו דובדבנים,VINPOL,,יין טוטינו דובדבנים 1 ל,ליטרים,1.00,ליטר,false,1,34.90,34.9000,true,1,131566
5901064766350,false,ליקר קנרי טירמיסו 35,"ווינפול בע""ם",,"ליקר ""קנרי""טירמיסו 3",מיליליטרים,350.00,"100 מ""ל",false,1,39.90,11.4000,true,1,131568
5901069000183,true,שפרוטים בשמן צמחי,,,שפרוטים בשמן צמחי,פריט,0.00,פריט,false,,9.99,0.0000,true,1,131571
5901069000213,true,פילה הרינג מעושן,,,פילה הרינג מעושן,פריט,0.00,פריט,false,,12.99,0.0000,true,1,131574
5901121000045,true,"בונ"" שוקולד חלב בטעמ",,,"בונ"" שוקולד חלב בטעמ",פריט,0.00,פריט,false,,15.99,0.0000,true,1,131575
5901121000052,true,"בונ"" שוקולד מריר ""פנ",,,"בונ"" שוקולד מריר ""פנ",פריט,0.00,פריט,false,,15.99,0.0000,true,1,131576
5901126010667,true,רכיבי גבינה מותכת עם,,,רכיבי גבינה מותכת עם,פריט,0.00,פריט,false,,6.99,0.0000,true,1,131580
5901126010681,true,"גבינה מותכת ""לקטימה""",,,"גבינה מותכת ""לקטימה""",גרמים,100.00,100 גרם,false,,3.99,3.9900,true,1,131581
5901126010698,true,"גבינה ""לקטימה"" אלפיי",,,"גבינה ""לקטימה"" אלפיי",גרמים,100.00,100 גרם,false,,3.99,3.9900,true,1,131582
5901126010704,true,"גבינה מותכת ""לקטימה""",,,"גבינה מותכת ""לקטימה""",גרמים,100.00,100 גרם,false,,3.99,3.9900,true,1,131583
5901126010735,true,"גבינה מותכת ""לקטימה""",,,"גבינה מותכת ""לקטימה""",גרמים,100.00,100 גרם,false,,3.99,3.9900,true,1,131584
5901126010865,true,"גבינה מותכת ""לקטימה""",,,"גבינה מותכת ""לקטימה""",גרמים,100.00,100 גרם,false,,3.99,3.9900,true,1,131585
5901126011909,true,גבינה מותכת עם שום 1,,,גבינה מותכת עם שום 1,פריט,0.00,פריט,false,,6.99,0.0000,true,1,131588
5901134009745,false,תה פירות יער 90 גר,,,תה פירות יער 90 גר,גרמים,90.00,100 גרם,false,1,9.90,11.0000,true,1,136733
5901134009783,false,תה פירות אוכמניות 90,,,תה פירות אוכמניות 90 גר,גרמים,90.00,100 גרם,false,1,9.90,11.0000,true,1,136737
5901134009790,false,תה פירות דובדבן 90 ג,,,תה פירות דובדבן 90 גר,גרמים,90.00,100 גרם,false,1,9.90,11.0000,true,1,136738
5901134009813,false,תה היביסקוס 100 גר,,,תה היביסקוס 100 גר,גרמים,100.00,100 גרם,false,1,8.90,8.9000,true,1,136740
5901135000468,true,"תבלין ""קוחארק"" 500 ג",,,"תבלין ""קוחארק"" 500 ג",פריט,0.00,פריט,false,,24.99,0.0000,true,1,156794
5901177157267,false,בונ בית קריסמס עם ממ,,,בונ בית קריסמס עם ממתקים 200 גר,גרמים,200.00,100 גרם,false,1,15.90,7.9500,true,1,229749
5901177157274,false,בונ ירוקה בצורת עץ ע,,,בונ ירוקה בצורת עץ עם ממתקים 170 גר,גרמים,170.00,100 גרם,false,1,14.90,8.7647,true,1,229750
5901414200411,false,עוגיות סנדוויץ ממולא,,,עוגיות סנדוויץ ממולא שוקולד,גרמים,130.00,100 גרם,false,1,6.90,5.3077,true,1,131600
5901414200428,true,"עוגיות סנדוויץ"" ""היט",,,"עוגיות סנדוויץ"" ""היט",פריט,0.00,פריט,false,,8.99,0.0000,true,1,131601
5901483010409,false,תה אוכמניות 25 שק,BIFIX,,"תה אוכמניות 25 שק""",גרמים,38.00,100 גרם,false,1,9.90,26.0526,true,1,131604
5901483010706,false,תה ורדים 25 שק,BIFIX,,"תה ורדים 25 שק""",גרמים,50.00,100 גרם,false,1,9.90,19.8000,true,1,131606
5901483020101,false,חליטת פטל סגל 25 שק,BIFIX,,"תה פטל 25 שק""",גרמים,38.00,100 גרם,false,1,9.90,26.0526,true,1,131607
5901483020309,false,תה פרות יער 25 שק,BIFIX,,"תה פרות יער 25 שק""",גרמים,38.00,100 גרם,false,1,9.90,26.0526,true,1,131609
5901483060022,false,חליטת עלי מרווה ביופ,BIFIX,,"חליטת תה עלי מרווה """,יחידה,25.00,יחידה,false,1,9.90,0.3960,true,1,131611
5901483060107,false,חליטת עלי טיליה ללא,BIFIX,,חליטת טיליה 20 שק,Unknown,0.00,Unknown,false,1,9.90,0.0000,true,1,131612
5901483060305,false,תה מליסה 20 שק,BIFIX,,תה מליסה 20שק,יחידה,1.00,יחידה,false,1,9.90,9.9000,true,1,162201
5901483060404,false,תה בבונג 20 שק,BIFIX,,"תה בבונג 20 שק""",גרמים,50.00,100 גרם,false,1,9.90,19.8000,true,1,131613
5901483061401,false,תה בבונג 30 גר,BIFIX,,תה בבונג 30גר,גרמים,30.00,100 גרם,false,1,13.90,46.3333,true,1,162204
5901483080501,false,תה פירות יער 100 גר,BIFIX,,תה פירות יער 100 גר,גרמים,100.00,100 גרם,false,1,13.90,13.9000,true,1,131617
5901483080907,false,תה אוכמניות כחולות 1,BIFIX,,תה אוכמניות כחולות 1,גרמים,100.00,100 גרם,false,1,13.90,13.9000,true,1,131619
5901483081003,false,חליטת פטל 100 גר,BIFIX,,תה פטל 100גר,גרמים,100.00,100 גרם,false,1,13.90,13.9000,true,1,131620
5901483082970,false,חליטת ורדי בר פרי של,,,חליטת ורדי בר פרי שלם 100 גר,גרמים,100.00,100 גרם,false,1,13.90,13.9000,true,1,197402
5901483084752,false,קונפיטורת דובדבנים 3,,,קונפיטורת דובדבנים 330 גר,גרמים,330.00,100 גרם,false,1,14.90,4.5152,true,1,220148
5901483084769,false,קונפיטורת פטל 330 גר,,,קונפיטורת פטל 330 גר,גרמים,330.00,100 גרם,false,1,14.90,4.5152,true,1,220149
5901483084776,false,קונפיטורת דומדמניות,,,קונפיטורת דומדמניות שחורות 330 גר,גרמים,330.00,100 גרם,false,1,14.90,4.5152,true,1,220150
5901581102679,true,"לפתן שזיפים 920 גר""",,,"לפתן שזיפים 920 גר""",פריט,0.00,פריט,false,,15.99,0.0000,true,1,131639
5901581102709,true,לפתן דמדמניות שחורות,,,לפתן דמדמניות שחורות,פריט,0.00,פריט,false,,15.99,0.0000,true,1,131640
5901828011115,true,"משקה אנרגיה ""פיטבול""",,,"משקה אנרגיה ""פיטבול""",פריט,0.00,פריט,false,,9.99,0.0000,true,1,131647
5901996000584,true,"סוכריות ""קורובקה"" חל",,,"סוכריות ""קורובקה"" חל",פריט,0.00,פריט,false,,29.99,0.0000,true,1,131661
5901996001024,true,"סוכריות ""קורובקה"" קק",,,"סוכריות ""קורובקה"" קק",פריט,0.00,פריט,false,,29.99,0.0000,true,1,131662
5901996003509,true,"סוכריות ""קורובקה"" חמ",,,"סוכריות ""קורובקה"" חמ",פריט,0.00,פריט,false,,29.99,0.0000,true,1,131663
5901996003547,true,"סוכריות ""קורובקה"" חל",,,"סוכריות ""קורובקה"" חל",פריט,0.00,פריט,false,,11.99,0.0000,true,1,131664
5902162120716,false,פיצה קפוא פטריות 415,,,פיצה קפוא פטריות 415 גר,גרמים,415.00,100 גרם,false,1,21.90,5.2771,true,1,161801
5902162129313,false,פיצה קפוא 4 גבינות 3,,,פיצה קפוא 4 גבינות 390 גר,גרמים,390.00,100 גרם,false,1,21.90,5.6154,true,1,161802
5902162138414,false,פיצה קפוא מוצרלה 330,,,פיצה קפוא מוצרלה 330 גר,גרמים,330.00,100 גרם,false,1,21.90,6.6364,true,1,161798
5902198160403,false,משקה אנרגיה XL ten 2,,,משקה אנרגיה XL ten,מיליליטרים,250.00,"100 מ""ל",false,1,4.20,1.6800,true,1,192164
5902214001178,true,סוכריות קשות בטעמים,,,סוכריות קשות בטעמים,פריט,0.00,פריט,false,,12.99,0.0000,true,1,131667
5902323000611,true,"דרז""ה שוקולד מריר ממ",,,"דרז""ה שוקולד מריר ממ",פריט,0.00,פריט,false,,17.99,0.0000,true,1,131668
5902323003506,true,"דרז""ה שוקולד חלב ממו",,,"דרז""ה שוקולד חלב ממו",פריט,0.00,פריט,false,,17.99,0.0000,true,1,131669
5902323003902,true,"דרז""ה שוקולד מריר ממ",,,"דרז""ה שוקולד מריר ממ",פריט,0.00,פריט,false,,17.99,0.0000,true,1,131670
5902323004916,true,"דרז""ה שוקולד מריר ממ",,,"דרז""ה שוקולד מריר ממ",פריט,0.00,פריט,false,,17.99,0.0000,true,1,131671
5902323004923,true,"דרז""ה שוקולד מריר ממ",,,"דרז""ה שוקולד מריר ממ",פריט,0.00,פריט,false,,17.99,0.0000,true,1,131672
5902323004930,true,"דרז""ה שוקולד מריר ממ",,,"דרז""ה שוקולד מריר ממ",פריט,0.00,פריט,false,,17.99,0.0000,true,1,131673
5902323009805,true,"דרז""ה שוקולד מריר ממ",,,"דרז""ה שוקולד מריר ממ",פריט,0.00,פריט,false,,17.99,0.0000,true,1,131674
5902379703894,true,עוגיות עם תפוחי עץ ו,,,עוגיות עם תפוחי עץ ו,פריט,0.00,פריט,false,,6.99,0.0000,true,1,131682
5902379714449,true,עוגיות עם בוטנים 150,,,עוגיות עם בוטנים 150,פריט,0.00,פריט,false,,6.99,0.0000,true,1,131683
5902379714944,true,עוגיות בוטנים ללא סו,,,עוגיות בוטנים ללא סו,פריט,0.00,פריט,false,,12.99,0.0000,true,1,131684
5902379724851,true,עוגיות עם קוקוס 150,,,עוגיות עם קוקוס 150,פריט,0.00,פריט,false,,6.99,0.0000,true,1,131685
5902379734454,true,עוגיות עם אגוזי לוד,,,עוגיות עם אגוזי לוד,פריט,0.00,פריט,false,,6.99,0.0000,true,1,131686
5902379743128,true,"עוגיות שוקולד צ""יפס",,,"עוגיות שוקולד צ""יפס",פריט,0.00,פריט,false,,6.99,0.0000,true,1,131687
5902379743234,true,"עוגיות שוקולד צ""יפס",,,"עוגיות שוקולד צ""יפס",פריט,0.00,פריט,false,,6.99,0.0000,true,1,131688
5902379744859,true,עוגיות עם תפוחי עץ ו,,,עוגיות עם תפוחי עץ ו,פריט,0.00,פריט,false,,6.99,0.0000,true,1,131689
5902379753196,true,עוגיות פלורנס עם שיב,,,עוגיות פלורנס עם שיב,פריט,0.00,פריט,false,,12.99,0.0000,true,1,131690
5902379762952,true,עוגיות אגוזי לוז ובו,,,עוגיות אגוזי לוז ובו,פריט,0.00,פריט,false,,12.99,0.0000,true,1,131691
5902379763799,true,"עוגיות שוקולד צ""יפס",,,"עוגיות שוקולד צ""יפס",פריט,0.00,פריט,false,,6.99,0.0000,true,1,131692
5902379764857,true,עוגיות בוטנים עם פסי,,,עוגיות בוטנים עם פסי,פריט,0.00,פריט,false,,6.99,0.0000,true,1,131694
5902379764956,true,עוגיות בוטנים ללא סו,,,עוגיות בוטנים ללא סו,פריט,0.00,פריט,false,,12.99,0.0000,true,1,131695
5902379783131,true,עוגיות עם שקדים 145,,,עוגיות עם שקדים 145,פריט,0.00,פריט,false,,6.99,0.0000,true,1,131696
5902379783438,true,עוגיות שקדים ללא סוכ,,,עוגיות שקדים ללא סוכ,פריט,0.00,פריט,false,,12.99,0.0000,true,1,131697
5902379783834,true,עוגיות קוקוס ללא סוכ,,,עוגיות קוקוס ללא סוכ,פריט,0.00,פריט,false,,12.99,0.0000,true,1,131698
5902379783933,true,עוגיות אגוזי לוז ללא,,,עוגיות אגוזי לוז ללא,פריט,0.00,פריט,false,,12.99,0.0000,true,1,131699
5902379811834,true,עוגיות וניל עם פסי ש,,,עוגיות וניל עם פסי ש,פריט,0.00,פריט,false,,5.99,0.0000,true,1,131700
5902379833836,true,עוגיות חמאה עם אגוזי,,,עוגיות חמאה עם אגוזי,פריט,0.00,פריט,false,,5.99,0.0000,true,1,131702
5902379851335,true,עוגיות פלורנס עם דלע,,,עוגיות פלורנס עם דלע,פריט,0.00,פריט,false,,12.99,0.0000,true,1,131703
5902379920192,true,עוגיות פלורנס עם גרע,,,עוגיות פלורנס עם גרע,פריט,0.00,פריט,false,,12.99,0.0000,true,1,131704
5902379921199,true,עוגיות פלורנס עם גרע,,,עוגיות פלורנס עם גרע,פריט,0.00,פריט,false,,12.99,0.0000,true,1,131705
5902510274146,false,ממרח סלמון עם שום 10,,,ממרח סלמון עם שום 100 גר,גרמים,100.00,100 גרם,false,1,3.90,3.9000,true,1,209207
5902510274153,false,ממרח סלמון קלאסי 100,,,ממרח סלמון קלאסי 100 גר,גרמים,100.00,100 גרם,false,1,3.90,3.9000,true,1,209206
5902510274160,false,ממרח סלמון עם שמיר 1,,,ממרח סלמון עם שמיר 100 גר,גרמים,100.00,100 גרם,false,1,3.90,3.9000,true,1,209208
5902510275327,false,ממרח בטעם כבד אווז ו,,,ממרח בטעם כבד אווז ופטריות 300 גר,גרמים,300.00,100 גרם,false,1,9.90,3.3000,true,1,227449
5902510275334,false,ממרח בטעם כבד אווז ד,,PL,ממרח בטעם כבד אווז דליקטס 130 גר,גרמים,130.00,100 גרם,false,1,4.90,3.7692,true,1,219114
5902510275372,false,ממרח בטעם כבד ברווז,,PL,ממרח בטעם כבד ברווז צרפתי 130 גר,גרמים,130.00,100 גרם,false,1,4.90,3.7692,true,1,219116
5902510275389,false,ממרח בטעם כבד ברווז,,,ממרח בטעם כבד ברווז צרפתי 300 גר,גרמים,300.00,100 גרם,false,1,9.90,3.3000,true,1,227450
5902510275402,false,ממרח בטעם כבד עוף עד,,,ממרח בטעם כבד עוף עדין 300 גר,גרמים,300.00,100 גרם,false,1,9.90,3.3000,true,1,227448
5902768879025,false,כבד דג שיבוט 240 גר,,,כבד דג שיבוט 240 גר,גרמים,240.00,100 גרם,false,1,15.90,6.6250,true,1,198199
5902781000024,false,חליטת היביסקוס מלווה,,,"תה קרקדה 25 שק""",Unknown,0.00,Unknown,false,1,7.90,0.0000,true,1,131707
5902781000048,false,חליטת פירות יער מלוו,,,תה חליטת פירות,Unknown,0.00,Unknown,false,1,7.90,0.0000,true,1,131708
5902781000062,false,תה ורד הבר 25 שק,,,"תה ורד הבר 25 שק""",גרמים,75.00,100 גרם,false,1,7.90,10.5333,true,1,131710
5902781000093,false,חליטת תה מלווה קמומל,,,"תה קמומיל 25 שק""",Unknown,0.00,Unknown,false,1,7.90,0.0000,true,1,131711
5902781000109,false,תה פרע (זברובוי) 25,,,תה פרע (זברובוי) 25,Unknown,0.00,Unknown,false,1,7.90,0.0000,true,1,131712
5902781000192,false,תה מרווה (שאלפי) 25,,,תה מרווה (שאלפי) 25,Unknown,0.00,Unknown,false,1,7.90,0.0000,true,1,131714
5902781000215,false,חליטת ענבי שועל שחור,,,תה דמדמניות שחורות 2,Unknown,0.00,Unknown,false,1,7.90,0.0000,true,1,131715
5902781000260,false,חליטת חמוציות מלווה,,,תה חמוציות,Unknown,0.00,Unknown,false,1,7.90,0.0000,true,1,131717
5902781000468,false,חליטת דובדבן מלווה 2,,,תה דובדובן,גרמים,75.00,100 גרם,false,1,7.90,10.5333,true,1,131722
5902781001205,false,תה סרפד (קרפיבה) 25,,,תה סרפד (קרפיבה) 25,גרמים,75.00,100 גרם,false,1,7.90,10.5333,true,1,131726
5902781001281,false,תה נענע מלווה 25 שק,,,תה נענע,Unknown,0.00,Unknown,false,1,7.90,0.0000,true,1,131734
5902781001304,false,חליטת מליסה מלווה 25,,,תה מליסה,Unknown,0.00,Unknown,false,1,7.90,0.0000,true,1,131735
5902781002028,false,תה שומר 25 שק,,,תה שומר,Unknown,0.00,Unknown,false,1,7.90,0.0000,true,1,131790
5902781002141,false,תה בריאות,,,תה בריאות,Unknown,0.00,Unknown,false,1,9.90,0.0000,true,1,131802
5902781002165,false,תה בריאות 40 גר,,,תה בריאות 40 גר,גרמים,40.00,100 גרם,false,1,9.90,24.7500,true,1,131804
5902781002202,false,תה רויבוס דבש וגינסנ,,,"תה רוייבוס עם ז""אנסא",יחידה,20.00,יחידה,false,1,12.90,0.6450,true,1,131808
5902781002219,false,תה אקסקלוסיב ורד אוכ,,,תה ורד הבר עם אוכמני,יחידה,20.00,יחידה,false,1,12.90,0.6450,true,1,131809
5902781002233,false,תה אקסקלוסיב חמוציות,,,תה חמוציות עם פרי חו,גרמים,40.00,100 גרם,false,1,12.90,32.2500,true,1,131811
5902781002257,false,תה אחינאצייה עם ורד,,,תה אחינאצייה עם ורד,גרמים,40.00,100 גרם,false,1,9.90,24.7500,true,1,131813
5902781002288,false,תה גינגר עם ורד הב,,,"תה ג""ינג""ר עם ורד הב",Unknown,0.00,Unknown,false,1,9.90,0.0000,true,1,131816
5902781002295,false,תה פטל עם אוכמניות מ,,,תה פטל עם אוכמניות כ,גרמים,40.00,100 גרם,false,1,9.90,24.7500,true,1,131817
5902781002479,false,תה ופטל ותות שדה מלו,,,תה תות שדה ופטל,Unknown,0.00,Unknown,false,1,12.90,0.0000,true,1,137658
5902781002486,false,תה אקסקלוסיב ירוק עם,,,"תה ירוק עם ג""ינג""ר",Unknown,0.00,Unknown,false,1,12.90,0.0000,true,1,137657
5902781002509,false,תה מליסה ורד הבר,,,תה מליסה ורד הבר,Unknown,0.00,Unknown,false,1,9.90,0.0000,true,1,137660
5902781002523,false,תה אוכמניות עם קרקדה,,,תה אוכמניות עם קרקדה,Unknown,0.00,Unknown,false,1,9.90,0.0000,true,1,137662
5902781002578,false,תה ספוקויניי סון 20,,,תה ספוקויניי סון 20שק,Unknown,0.00,Unknown,false,1,9.90,0.0000,true,1,162499
5902781002585,false,תה ורד הבר 25 שק,,,תה ורד הבר 25 שק,גרמים,50.00,100 גרם,false,1,7.90,15.8000,true,1,182070
5902781002592,false,תהב אקסקלוזיב שחור ע,,,תהב אקסקלוזיב שחור עם גינגיר 40גר,גרמים,40.00,100 גרם,false,1,12.90,32.2500,true,1,164384
5902781002691,false,תה עם ליים 20 שק,,,"תה עם ליים 20 שק""",גרמים,40.00,100 גרם,false,1,12.90,32.2500,true,1,191512
5902795005664,true,תבלין שום,,,תבלין שום,פריט,0.00,פריט,false,,2.99,0.0000,true,1,131843
5902795033131,false,תבלין בזיליקום 10 גר,,,תבלין בזיליקום,Unknown,0.00,Unknown,false,1,2.90,0.0000,true,1,137075
5902795033148,false,תבלין קרי 15 גר,,,תבלין קרי 15גר,גרמים,15.00,100 גרם,false,1,2.90,19.3333,true,1,134716
5902795033179,false,עלי דפנה 5 גר,,,עלי דפנה 5 גר,גרמים,5.00,100 גרם,false,1,2.90,58.0000,true,1,134907
5902795033230,false,תבלין לעוף 25 גר,,,"תבלין לעוף 25 ג""ר",גרמים,25.00,100 גרם,false,1,2.90,11.6000,true,1,134717
5902795033247,false,תבלין שישליק 25 גר,,,"תבלין שישליק 25 ג""ר",גרמים,25.00,100 גרם,false,1,2.90,11.6000,true,1,134718
5902795033254,false,תבלין חמלי סונלי 25,,,תבלינים חמלי סונלי 25 גר,גרמים,25.00,100 גרם,false,1,2.90,11.6000,true,1,134719
5902795033261,false,תבלין לבורש 25 גר,,,"תבלין לבורש"" 25גר",גרמים,25.00,100 גרם,false,1,2.90,11.6000,true,1,134720
5902795033278,false,תבלין לתפוא 25 גר,,,"תבלין לתפו""א 25 גר""",גרמים,25.00,100 גרם,false,1,2.90,11.6000,true,1,134721
5902795033292,false,תבלין לטחון 25 גר,,,"תבלין לטחון 25 גר""",גרמים,25.00,100 גרם,false,1,2.90,11.6000,true,1,134723
5902795033308,false,תבלין לטיגון בשר 25,,,תבלין לטיגון בשר 25 גר,גרמים,25.00,100 גרם,false,1,2.90,11.6000,true,1,134724
5902795033315,false,תערובת תיבול לפירות,,,תבלין לפירות ים,Unknown,0.00,Unknown,false,1,2.90,0.0000,true,1,134733
5902795033322,false,תבלין לאורז 25 גר,,,תבלין לאורז 25גר,גרמים,25.00,100 גרם,false,1,2.90,11.6000,true,1,134725
5902795033339,false,תבלין לדגים 25 גר,,,"תבלין לדגים 25 גר""",גרמים,25.00,100 גרם,false,1,2.90,11.6000,true,1,134726
5902795033346,false,תבלין לסלט 25 גר,,,"תבלין לסלט 25 גר""",גרמים,25.00,100 גרם,false,1,2.90,11.6000,true,1,134727
5902795033353,false,תבלין לבשר לבן 25 גר,,,"תבלין לבשר לבן 25 ג""",גרמים,25.00,100 גרם,false,1,2.90,11.6000,true,1,134728
5902795033360,false,תבלין גרוזיני 25 גר,,,"תבלין גרוזיני 25 ג""ר",גרמים,25.00,100 גרם,false,1,2.90,11.6000,true,1,134729
5902795033377,false,תבלין קבקזי 25 גר,,,תבלין קבקזי 25גר,גרמים,25.00,100 גרם,false,1,2.90,11.6000,true,1,134730
5902795033384,false,תבלין ארמני 25 גר,,,"תבלין ארמני 25 ג""ר",גרמים,25.00,100 גרם,false,1,2.90,11.6000,true,1,134731
5902795033445,false,תבלין שמיר 7 גר,,,תבלין שמיר 7גר,גרמים,7.00,100 גרם,false,1,2.90,41.4286,true,1,164382
5902795033452,false,תבלין קוריאנדר 7 גר,,,תבלין קוריאנדר,יחידה,1.00,יחידה,false,1,2.90,2.9000,true,1,161596
5902808786672,false,טורטילאב דפי טורטיה,,,"טורטילאב דפי טורטיה 20 ס""מ 320 גר",גרמים,320.00,100 גרם,false,1,7.90,2.4688,true,1,211561
5902899103730,true,גבינת סמטנקוביי 100,,,גבינת סמטנקוביי 100,גרמים,100.00,100 גרם,false,,8.99,8.9900,true,1,131870
5902978060206,true,"וופלים קקאו 180 גר""",,,"וופלים קקאו 180 גר""",פריט,0.00,פריט,false,,5.99,0.0000,true,1,131878
5902978060213,true,וופלים אגוזים 180 גר,,,וופלים אגוזים 180 גר,פריט,0.00,פריט,false,,5.99,0.0000,true,1,131879
5902978060220,true,"וופלים חלב 180 גר""",,,"וופלים חלב 180 גר""",פריט,0.00,פריט,false,,5.99,0.0000,true,1,131880
5902978060442,true,וופל עם מילוי בטעם ח,,,וופל עם מילוי בטעם ח,פריט,0.00,פריט,false,,5.99,0.0000,true,1,131881
5902978060954,true,וופל עם מילוי בטעם ט,,,וופל עם מילוי בטעם ט,פריט,0.00,פריט,false,,5.99,0.0000,true,1,131882
5902978060985,true,וופל עם מילוי יוגורט,,,וופל עם מילוי יוגורט,פריט,0.00,פריט,false,,5.99,0.0000,true,1,131883
5902978061029,true,וופל עם מילוי בטעם א,,,וופל עם מילוי בטעם א,פריט,0.00,פריט,false,,5.99,0.0000,true,1,131884
5903141006694,true,ווג פריזון מנטול פקט,,,ווג פריזון מנטול פקט,פריט,0.00,פריט,false,,280.00,0.0000,true,1,131885
5903191005401,true,אל-די כחול,,,אל-די כחול,פריט,0.00,פריט,false,,18.00,0.0000,true,1,131887
5903191008075,true,סיגריות סלימס LD,,,סיגריות סלימס LD,פריט,0.00,פריט,false,,18.00,0.0000,true,1,131888
5903191012881,true,אל די ארוך,,,אל די ארוך,פריט,0.00,פריט,false,,18.00,0.0000,true,1,131889
5904031091028,true,ממתקי שוקולד חלב ממו,,,ממתקי שוקולד חלב ממו,פריט,0.00,פריט,false,,12.99,0.0000,true,1,131912
5904031091073,true,"מבחר ממתקי שוקולד ""ט",,,"מבחר ממתקי שוקולד ""ט",פריט,0.00,פריט,false,,9.99,0.0000,true,1,131913
5904031091097,true,מבחר בונבוניירת שוקו,,,מבחר בונבוניירת שוקו,פריט,0.00,פריט,false,,29.99,0.0000,true,1,131914
5904031091141,true,ממתקי שוקולד חלב ממו,,,ממתקי שוקולד חלב ממו,פריט,0.00,פריט,false,,19.99,0.0000,true,1,131915
5904031091233,true,ממתקי שוקולד חלב ממו,,,ממתקי שוקולד חלב ממו,פריט,0.00,פריט,false,,9.99,0.0000,true,1,131916
5904031091257,true,בונבוניירת שוקולד חל,,,בונבוניירת שוקולד חל,פריט,0.00,פריט,false,,12.99,0.0000,true,1,131917
5904031091271,true,בונבוניירת שוקולד ממ,,,בונבוניירת שוקולד ממ,פריט,0.00,פריט,false,,12.99,0.0000,true,1,131918
5904031091288,true,בונבוניירת שוקולד ממ,,,בונבוניירת שוקולד ממ,פריט,0.00,פריט,false,,12.99,0.0000,true,1,131919
5904031091301,true,"בונבוניירת שוקולד ""ד",,,"בונבוניירת שוקולד ""ד",פריט,0.00,פריט,false,,15.99,0.0000,true,1,131920
5904031091615,true,ממתקי שוקולד ממולאים,,,ממתקי שוקולד ממולאים,פריט,0.00,פריט,false,,9.99,0.0000,true,1,131921
5904031091851,true,"בונבוניירת שוקולד ""ב",,,"בונבוניירת שוקולד ""ב",פריט,0.00,פריט,false,,15.99,0.0000,true,1,131922
5904277110958,false,קפה נמס נטול קפאין 1,INSTANTA,,קפה נמס,גרמים,100.00,100 גרם,false,1,19.90,19.9000,true,1,131923
5904277112044,false,קפה אספרסו 100 גר,INSTANTA,,קפה אספרסו 100 גר,גרמים,100.00,100 גרם,false,1,19.90,19.9000,true,1,131925
5904603190302,false,סלט כרוב כבוש 850 גר,דבורק,,סלט כרוב כבוש 850גר,גרמים,850.00,100 גרם,false,1,11.90,1.4000,true,1,163902
5904603190357,false,מלפפונים בחומץ עם חז,דבורק,,מלפפונים בחומץ עם חזרת ושמיר 860גר,גרמים,860.00,100 גרם,false,1,12.90,1.5000,true,1,163899
5904603190432,false,אפונה ירוקה דבורק 48,,,אפונה ירוקה דבורק 480 גר,גרמים,480.00,100 גרם,false,1,10.90,2.2708,true,1,227912
5904603190555,false,מלפפון בחומץ עם חזרת,,,מלפפון בחומץ עם שמיר 860 גר,גרמים,860.00,100 גרם,false,1,12.90,1.5000,true,1,190551
5904603190715,false,עגבניות בחומץ פיקנטי,דבורק,,עגבניות בחומץ פיקנטי דבוריק 880 גר,גרמים,880.00,100 גרם,false,8,12.90,1.4659,true,1,163887
5904603191323,false,מלפפונים כבושים 860,דבורק,,מלפפונים כבושים 860גר,גרמים,860.00,100 גרם,false,1,12.90,1.5000,true,1,163900
5904603192054,false,מלפפונים בחומץ עם רו,,,מלפפונים בחומץ עם רוטב חרדל 700 גר,גרמים,700.00,100 גרם,false,8,12.90,1.8429,true,1,212471
5904714300393,true,רוקטס 40 אורגינל פקט,,,רוקטס 40 אורגינל פקט,פריט,0.00,פריט,false,,260.00,0.0000,true,1,131962
5904714302311,true,רוקטס 40 וויט פקט,,,רוקטס 40 וויט פקט,פריט,0.00,פריט,false,,260.00,0.0000,true,1,131963
5904714405904,true,רוקטס אוריגינל 20,,,רוקטס אוריגינל 20,פריט,0.00,פריט,false,,16.00,0.0000,true,1,131964
5904941751319,true,"משקה אנרגיה ""BLU""",,,"משקה אנרגיה ""BLU""",פריט,0.00,פריט,false,,2.90,0.0000,true,1,131966
5904941751388,true,"משקה אנרגיה ""BLU"" זי",,,"משקה אנרגיה ""BLU"" זי",פריט,0.00,פריט,false,,3.99,0.0000,true,1,131967
5904941751395,true,"משקה אנרגיה ""BLU"" קר",,,"משקה אנרגיה ""BLU"" קר",פריט,0.00,פריט,false,,3.99,0.0000,true,1,131968
5904941751753,true,"משקה אנרגיה ""בלו"" עם",,,"משקה אנרגיה ""בלו"" עם",פריט,0.00,פריט,false,,9.99,0.0000,true,1,131970
5904941751869,true,"משקה אנרגיה ""בלו"" עם",,,"משקה אנרגיה ""בלו"" עם",פריט,0.00,פריט,false,,9.99,0.0000,true,1,131973
5905643000590,false,קונפיטורה חמוציות 32,,,קונפיטורה חמוציות 320 גר,גרמים,320.00,100 גרם,false,1,13.90,4.3438,true,1,186732
5905643070852,false,פטל בסירופ קל 400 גר,,,פטל בסירופ קל 425 גר,גרמים,400.00,100 גרם,false,1,12.90,3.2250,true,1,189365
5905643070869,false,אוכמניות כחולות בסיר,,,אוכמניות כחולות בסירופ קל 400 גר,גרמים,400.00,100 גרם,false,1,12.90,3.2250,true,1,198283
5905643070883,false,תות שדה בסירופ קל 40,,,תות שדה בסירופ קל 425 גר,גרמים,400.00,100 גרם,false,1,12.90,3.2250,true,1,186736
5906485301012,false,משקה אנרגיה XL 250 מ,,,משקה אנרגיה XL 250 מ,מיליליטרים,250.00,"100 מ""ל",false,1,4.20,1.6800,true,1,132003
5906747312138,false,עוגיות מילקה שוקוציפ,,,עוגיות מילקה שוקוציפס אגוז 135 גר,גרמים,135.00,100 גרם,false,24,6.90,5.1111,true,1,178639
5907029000484,true,בוטנים קלויים בציפוי,,,בוטנים קלויים בציפוי,פריט,0.00,פריט,false,,6.99,0.0000,true,1,132035
5907029001009,true,בוטנים קלויים בציפוי,,,בוטנים קלויים בציפוי,פריט,0.00,פריט,false,,6.99,0.0000,true,1,132036
5907029001290,true,"מקלות ""בסקידסקי"" ילד",,,"מקלות ""בסקידסקי"" ילד",פריט,0.00,פריט,false,,6.99,0.0000,true,1,132037
5907029001306,true,"מקלות ""בסקידסקי"" ילד",,,"מקלות ""בסקידסקי"" ילד",פריט,0.00,פריט,false,,6.99,0.0000,true,1,132038
5907029001481,true,בוטנים קלויים בציפוי,,,בוטנים קלויים בציפוי,פריט,0.00,פריט,false,,6.99,0.0000,true,1,132039
5907029001498,true,בוטנים קלויים בציפוי,,,בוטנים קלויים בציפוי,פריט,0.00,פריט,false,,6.99,0.0000,true,1,132040
5907029001504,true,בוטנים קלויים בציפוי,,,בוטנים קלויים בציפוי,פריט,0.00,פריט,false,,6.99,0.0000,true,1,132041
5907029002358,true,"צ""יפס ""בסקידסקי"" עם",,,"צ""יפס ""בסקידסקי"" עם",פריט,0.00,פריט,false,,5.99,0.0000,true,1,156983
5907623260208,true,ממרח סלומון מעושן 13,,,ממרח סלומון מעושן 13,פריט,0.00,פריט,false,,5.99,0.0000,true,1,132053
5907623260741,true,"ממרח קלמר 130 גר""",,,"ממרח קלמר 130 גר""",פריט,0.00,פריט,false,,5.99,0.0000,true,1,132055
5907771492148,true,משמש מצופה שוקולד מר,,,משמש מצופה שוקולד מר,פריט,0.00,פריט,false,,19.99,0.0000,true,1,132061
5907771492360,true,שזיף מצופה שוקולד מר,,,שזיף מצופה שוקולד מר,פריט,0.00,פריט,false,,19.99,0.0000,true,1,132062
5908234805635,false,וופל רול פליס במילוי,FLIS Z.P.C,,וופל רול פליס במילוי קרם קקאו 150גר,גרמים,150.00,100 גרם,false,1,5.90,3.9333,true,1,163610
5908234807097,true,וופל פירמידה פליס במ,,,וופל פירמידה פליס במ,גרמים,200.00,100 גרם,false,,9.90,4.9500,true,1,163615
5941000025585,false,חטיפי תפוא הגל פלפל,,,חטיפי תפוא הגל פלפל חריף של לייס 130 גר,גרמים,130.00,100 גרם,false,1,18.90,14.5385,true,1,227197
5941000025646,false,חטיפי תפוא בטעם שמנת,,,חטיפי תפוא בטעם שמנת חמוצה של לייס 140 ג,גרמים,140.00,100 גרם,false,1,18.90,13.5000,true,1,227203
5941021001179,false,שוקולד סנטה היידי עו,,,קריסמס סנטה היידי 70 גר,גרמים,70.00,100 גרם,false,14,14.90,21.2857,true,1,196026
5941021001254,false,שוקולד היידי גראנדור,,,שוקולד מריר תפוז 80,גרמים,80.00,100 גרם,false,20,10.90,13.6250,true,1,157029
5941021002282,false,בונבוניירה היידי גור,,,בונבוניירה היידי גורמה דובדבן 100 גר,גרמים,100.00,100 גרם,false,1,11.90,11.9000,true,1,225611
5941021003531,false,שוקולד איש שלג היידי,,,איש שלג היידי 20 גר,גרמים,20.00,100 גרם,false,15,3.90,19.5000,true,1,196030
5941021004446,false,שוקולד קריסמס סנטה ו,,,קריסמס סנטה ואיש שלג היידי 40 גר,גרמים,40.00,100 גרם,false,10,7.90,19.7500,true,1,196027
5941208001886,true,כריות מיני וופלים ממ,,,כריות מיני וופלים ממ,גרמים,150.00,100 גרם,false,,6.99,4.6600,true,1,132080
5942219000059,false,מים מינרליים בורסק 1,,,מים מינרליים בורסק 1.5 ליטר,ליטרים,1.50,ליטר,false,1,8.90,5.9333,true,1,132090
5948530001607,true,קנט ננוטק אדום פקט,,,קנט ננוטק אדום פקט,פריט,0.00,פריט,false,,265.00,0.0000,true,1,132091
5996496000721,false,בונ שרי קווין 192 גר,,,בונ שרי קווין 192 גר,גרמים,192.00,100 גרם,false,1,23.90,12.4479,true,1,132103
5996496002855,false,בונבוניירה שרי קווין,,,בונבוניירה שרי קווין 108 גר,גרמים,108.00,100 גרם,false,1,14.90,13.7963,true,1,225003
5997312700634,true,"צ""יפס ""צ""יאו"" עם פפר",,,"צ""יפס ""צ""יאו"" עם פפר",פריט,0.00,פריט,false,,14.99,0.0000,true,1,132104
5997312700641,true,"צ""יפס ""צ""יאו"" חריף 1",,,"צ""יפס ""צ""יאו"" חריף 1",פריט,0.00,פריט,false,,14.99,0.0000,true,1,132105
5997312700900,true,"צ""יפס ""צ""יאו"" מלוח 1",,,"צ""יפס ""צ""יאו"" מלוח 1",פריט,0.00,פריט,false,,14.99,0.0000,true,1,132106
5997659354491,true,"גלילי וופל קלאסיק ""ב",,,"גלילי וופל קלאסיק ""ב",פריט,0.00,פריט,false,,10.99,0.0000,true,1,132112
5997659354538,true,"וופלים גרנדולטי ""בונ",,,"וופלים גרנדולטי ""בונ",פריט,0.00,פריט,false,,10.99,0.0000,true,1,132113
5998710131877,false,ממתק שוקולד שרי קווי,,,"חטיף ""בונבונטי"" דובדבן בשוקולד 36 גר",גרמים,36.00,100 גרם,false,1,3.90,10.8333,true,1,139546
5998710132201,false,בונ שרי קווין במילוי,,,בונ שרי קווין במילוי דובדבן 132 גר,גרמים,132.00,100 גרם,false,1,16.90,12.8030,true,1,132120
5998711388928,false,קרקר טוק עם גבינה 10,,,קרקר טוק עם גבינה 100 גר,גרמים,100.00,100 גרם,false,24,5.90,5.9000,true,1,216554
5998711388935,false,קרקר טוק בטעם שמנת ח,,,קרקר טוק בטעם שמנת חמוצה ובצל 100 גר,גרמים,100.00,100 גרם,false,24,5.90,5.9000,true,1,216552
5998749108536,false,חטיף לחתולים ויסקס ס,ויסקס,PL,"אוכל לחתולים ""ויסקס""",גרמים,60.00,100 גרם,false,1,11.90,19.8333,true,1,132128
5998749108574,false,מזון לחתולים ויסקס ח,ויסקס,PL,"מזון לחתולים ""ויסקס"" בקר 60 גר",גרמים,60.00,100 גרם,false,1,11.90,19.8333,true,1,157372
5998749109113,false,פדיגרי דנטא סטיקס 27,,,פדיגרי דנטא סטיקס 270 גר,גרמים,270.00,100 גרם,false,1,23.90,8.8519,true,1,180256
5998749129746,false,אוכל לחתולים ויסקס א,,,"אוכל לחתולים ויסקס אדולט ביף 1.4 ק""ג",קילוגרמים,1.40,"ק""ג",false,6,49.90,35.6429,true,1,186301
5999539469899,false,סנטה קלאוס סנטה וורל,,,סנטה קלאוס סנטה וורלד 18 גר שלישייה,גרמים,108.00,100 גרם,false,24,10.90,10.0926,true,1,208843
5999548130414,true,עגבניות ומלפפונים בח,,,עגבניות ומלפפונים בח,פריט,0.00,פריט,false,,19.99,0.0000,true,1,132131
5999548130469,true,עגבניות אדומות בחומץ,,,עגבניות אדומות בחומץ,פריט,0.00,פריט,false,,19.99,0.0000,true,1,132132
5999548130902,true,"מלפפון בחומץ 720 גר""",,,"מלפפון בחומץ 720 גר""",פריט,0.00,פריט,false,,11.99,0.0000,true,1,132133
5999548130926,true,"מלפפון בחומץ 720 גר""",,,"מלפפון בחומץ 720 גר""",פריט,0.00,פריט,false,,11.99,0.0000,true,1,132134
5999548131350,true,מלפפונים בחומץ 1700,,,מלפפונים בחומץ 1700,פריט,0.00,פריט,false,,19.99,0.0000,true,1,132135
5999548131558,true,עגבניות במיץ טבעי 72,,,עגבניות במיץ טבעי 72,פריט,0.00,פריט,false,,9.99,0.0000,true,1,132136
5999548131589,true,עגבניות בחומץ עם שמי,,,עגבניות בחומץ עם שמי,פריט,0.00,פריט,false,,9.99,0.0000,true,1,132137
5999548132074,true,"לצ""ו 720 מ""""ל",,,"לצ""ו 720 מ""""ל",פריט,0.00,פריט,false,,11.99,0.0000,true,1,132138
5999548132319,true,עגבניות ומלפפונים בח,,,עגבניות ומלפפונים בח,פריט,0.00,פריט,false,,10.99,0.0000,true,1,132139
5999548133347,true,עגבניות בחומץ עם שמי,,,עגבניות בחומץ עם שמי,פריט,0.00,פריט,false,,29.99,0.0000,true,1,132140
6001506003902,false,יין אאודה קאפ שנין ב,אאודה קאפ,,"יין ""אאודה קאפ "" שני",Unknown,0.00,Unknown,false,1,29.90,0.0000,true,1,120131
6008165003984,false,פאל מאל כחול סטרים פ,,,פאל מאל כחול סטרים פילטר,Unknown,0.00,Unknown,false,1,30.00,0.0000,false,1,158152
6008165274629,false,פאל מאל כחול ארוך סט,,,פאל מאל כחול ארוך סטרים פילטר,Unknown,0.00,Unknown,false,1,30.00,0.0000,false,1,181779
6111094000808,false,קוסקוס דארי בינוני 1,Marchesi srl,,"קוסקוס דארי בינוני 1.1 ק""ג",קילוגרמים,1.10,"ק""ג",false,1,14.90,13.5455,true,1,184135
6251100000702,true,שוקולד טודאי 46 גרם,,,שוקולד טודאי 46 גרם,גרמים,46.00,100 גרם,false,,2.99,6.5000,true,1,126633
6251100001181,true,"דרז""ה ""טודאי"" טעמים",,,"דרז""ה ""טודאי"" טעמים",גרמים,400.00,100 גרם,false,,26.99,6.7475,true,1,126634
6251100004199,true,שוקולד טודאי 46 גרם,,,שוקולד טודאי 46 גרם,גרמים,46.00,100 גרם,false,,2.99,6.5000,true,1,126635
6251100004229,true,שוקולד טודאי 46 גרם,,,שוקולד טודאי 46 גרם,גרמים,46.00,100 גרם,false,,2.99,6.5000,true,1,126636
6251100005110,true,"שוקולד מריר ""טודאי""",,,"שוקולד מריר ""טודאי""",גרמים,200.00,100 גרם,false,,13.99,6.9950,true,1,126637
6251100005127,true,"שוקולד מריר ""טודאי""",,,"שוקולד מריר ""טודאי""",גרמים,200.00,100 גרם,false,,13.99,6.9950,true,1,126638
6251100005134,true,"שוקולד מריר ""טודאי""",,,"שוקולד מריר ""טודאי""",גרמים,200.00,100 גרם,false,,13.99,6.9950,true,1,126639
6251100005141,true,"שוקולד מריר ""טודאי""",,,"שוקולד מריר ""טודאי""",גרמים,200.00,100 גרם,false,,13.99,6.9950,true,1,126640
6251100005158,true,"שוקולד חלב ""טודאי"" ב",,,"שוקולד חלב ""טודאי"" ב",גרמים,200.00,100 גרם,false,,13.99,6.9950,true,1,126641
6251100005165,true,"שוקולד חלב ""טודאי"" ב",,,"שוקולד חלב ""טודאי"" ב",גרמים,200.00,100 גרם,false,,13.99,6.9950,true,1,126642
6251100005172,true,"שוקולד חלב ""טודאי"" 2",,,"שוקולד חלב ""טודאי"" 2",גרמים,200.00,100 גרם,false,,13.99,6.9950,true,1,126643
6251100005189,true,"שוקולד חלב ""טודאי"" ב",,,"שוקולד חלב ""טודאי"" ב",גרמים,200.00,100 גרם,false,,13.99,6.9950,true,1,126644
6251100007114,true,"שוקולד דרז""ה ""טודאי""",,,"שוקולד דרז""ה ""טודאי""",גרמים,400.00,100 גרם,false,,26.99,6.7475,true,1,126645
6251100007121,true,"שוקולד דרז""ה ""טודאי""",,,"שוקולד דרז""ה ""טודאי""",גרמים,400.00,100 גרם,false,,26.99,6.7475,true,1,126646
6253504180394,false,כוס פלסטיק 100 יח,,,כוס פלסטיק 100 יח,Unknown,0.00,Unknown,false,1,6.90,0.0000,true,1,227187
6281034067175,true,"שישיית משקה מאלט ""בר",,,"שישיית משקה מאלט ""בר",Unknown,0.00,Unknown,false,,21.99,0.0000,true,1,126655
6291003005640,true,"וופל ""טיפאני"" תפוז 8",,,"וופל ""טיפאני"" תפוז 8",גרמים,85.00,100 גרם,false,,3.99,4.6941,true,1,126656
6291003005657,true,"וופל ""טיפאני"" וניל 8",,,"וופל ""טיפאני"" וניל 8",גרמים,85.00,100 גרם,false,,3.99,4.6941,true,1,126657
6291003005855,true,"וופל ""טיפאני"" תות שד",,,"וופל ""טיפאני"" תות שד",גרמים,85.00,100 גרם,false,,3.99,4.6941,true,1,126658
6291003005862,true,"וופל ""טיפאני"" שוקולד",,,"וופל ""טיפאני"" שוקולד",גרמים,85.00,100 גרם,false,,3.99,4.6941,true,1,126659
6291003007101,true,"וופל ""טיפאני"" אגוזים",,,"וופל ""טיפאני"" אגוזים",גרמים,85.00,100 גרם,false,,3.99,4.6941,true,1,126660
6291003070785,true,"סוכריות טופי ""טיפאני",,,"סוכריות טופי ""טיפאני",גרמים,500.00,100 גרם,false,,26.99,5.3980,true,1,126661
6291003074431,true,"וופל ""טיפאני"" אננס 8",,,"וופל ""טיפאני"" אננס 8",גרמים,85.00,100 גרם,false,,3.99,4.6941,true,1,126662
6291003074448,true,"וופל ""טיפאני"" מנגו 8",,,"וופל ""טיפאני"" מנגו 8",גרמים,85.00,100 גרם,false,,3.99,4.6941,true,1,126663
6291003074455,true,"וופל ""טיפאני"" קוקוס",,,"וופל ""טיפאני"" קוקוס",גרמים,85.00,100 גרם,false,,3.99,4.6941,true,1,126664
6291003206092,true,"חטיף ""טיפאני"" טמפו ו",,,"חטיף ""טיפאני"" טמפו ו",גרמים,25.00,100 גרם,false,,1.99,7.9600,true,1,126665
6291003206221,true,"חטיף ""טיפאני"" דיזייר",,,"חטיף ""טיפאני"" דיזייר",גרמים,25.00,100 גרם,false,,1.99,7.9600,true,1,126666
6291003206238,true,"מארז חטיף ""טיפאני"" א",,,"מארז חטיף ""טיפאני"" א",Unknown,0.00,Unknown,false,,22.99,0.0000,true,1,126667
6291003206436,true,"מארז חטיף ""טיפאני"" ט",,,"מארז חטיף ""טיפאני"" ט",Unknown,0.00,Unknown,false,,22.99,0.0000,true,1,126668
6291108340011,false,ממרח גבינה מותכת עם,,,ממרח גבינה מותכת עם שומן צמחי 500 גר,גרמים,500.00,100 גרם,false,10,21.90,4.3800,true,1,216020
6291108340042,false,ממרח גבינה צדר מותכת,,,ממרח גבינה צדר מותכת עם שומן צמחי 500 גר,גרמים,500.00,100 גרם,false,10,21.90,4.3800,true,1,216021
6408432052712,true,ויולה עם נקניק 200 ג,,,ויולה עם נקניק 200 ג,גרמים,200.00,100 גרם,false,,19.99,9.9950,true,1,126684
6408432052842,true,"גבינה מותכת ""ויולה""",,,"גבינה מותכת ""ויולה""",גרמים,200.00,100 גרם,false,,19.99,9.9950,true,1,126685
6408432060311,true,"חמאה וליו 200 ג""ר",,,"חמאה וליו 200 ג""ר",גרמים,200.00,100 גרם,false,,15.99,7.9950,true,1,126686
6416453015456,false,שוקולד חלב בלו ליין,,,שוקולד חלב בלו ליין פייזר 145 גר,גרמים,145.00,100 גרם,false,1,14.90,10.2759,true,1,221005
6418512939017,true,"סילבה 200 גר""",,,"סילבה 200 גר""",גרמים,200.00,100 גרם,false,,17.99,8.9950,true,1,126706
6430016342049,false,חמאה טאוסנד לייק 475,,,"חמאה ""טאוסנד לייק"" 475 גר",גרמים,475.00,100 גרם,false,1,36.90,7.7684,true,1,165129
6430016342872,true,חמאה טאוסנד לייק 200,,,חמאה טאוסנד לייק 200 גר,גרמים,200.00,100 גרם,false,,14.90,7.4500,true,1,216252
6569513465354,true,"פטריות ""אופיטה"" במלח",,,"פטריות ""אופיטה"" במלח",פריט,0.00,פריט,false,,9.99,0.0000,true,1,126775
6582040252464,true,"קישוטי עוגה 80 גר""",,,"קישוטי עוגה 80 גר""",פריט,0.00,פריט,false,,12.99,0.0000,true,1,126778
6866088005580,false,משחק יו יו על חוט,,,משחק יו יו על חוט,Unknown,0.00,Unknown,false,1,9.90,0.0000,true,1,223092
6879077400327,false,בובת מאשה 30 סמ,,,בובת מאשה 30 סמ,Unknown,0.00,Unknown,false,1,39.90,0.0000,true,1,223025
6892021001838,false,עץ אשוח דקורטיבי מוש,,IL,עץ אשוח דקורטיבי מושלג כוכב וכדורים אדום,Unknown,0.00,Unknown,false,1,29.90,0.0000,true,1,223069
6901022100409,false,גינגר כתוש 95% גינגר,עבדו,,גינגר כתוש 95% גינגר טרי 100 גר,גרמים,100.00,100 גרם,false,1,6.90,6.9000,true,1,229207
6901248680877,false,דג עיט ים מיובש וממו,אקוואטיק,,"דג עיט ים 130 גר""",גרמים,130.00,100 גרם,false,1,16.90,13.0000,true,1,157092
6901248680907,false,דיונון מיובש 90 גר,אקוואטיק,,"דיונון מיובש 90 ג""ר",גרמים,90.00,100 גרם,false,1,16.90,18.7778,true,1,132146
6901248893239,false,רצועות דביקון מיובש,אקוואטיק,,רצועות דביקון מיובש,גרמים,90.00,100 גרם,false,1,16.90,18.7778,true,1,157093
6901248894090,false,דג ארנה פס שחור 100,אקוואטיק,,דג ארנה פס שחור 100 גר,גרמים,100.00,100 גרם,false,1,15.90,15.9000,true,1,164905
6901489340264,false,פטריות כבושות גרוזדי,,,פטריות כבושות גרוזדי 880 מל,גרמים,840.00,100 גרם,false,1,19.90,2.3690,true,1,139031
6902102403830,false,ספל חגיגי לבן ידית א,,,ספל חגיגי לבן ידית אדומה 13*9*10 סמ,Unknown,0.00,Unknown,false,1,19.90,0.0000,true,1,223009
6902102403939,false,פסלון רגליים תלויות,,,פסלון רגליים תלויות סנטה/אייל/איש שלג,Unknown,0.00,Unknown,false,1,19.90,0.0000,true,1,223146
6902102403960,false,פסלון סנטה/איש שלג 1,,,פסלון סנטה/איש שלג 16.6*11.5*8.2 סמ,Unknown,0.00,Unknown,false,1,39.90,0.0000,true,1,223160
6902106052058,false,משקפיים 2 כובעי סנטה,,,משקפיים 2 כובעי סנטה 14*10 סמ,Unknown,0.00,Unknown,false,1,6.90,0.0000,true,1,222922
6902106052096,false,משקפיים 2 כובעי סנטה,,,משקפיים 2 כובעי סנטה 16*9 סמ,Unknown,0.00,Unknown,false,1,6.90,0.0000,true,1,222926
6902106052126,false,משקפיים דמויות החג 1,,,משקפיים דמויות החג 19*9 סמ,Unknown,0.00,Unknown,false,1,8.90,0.0000,true,1,222929
6906800004559,true,ציפית 45*45 סמ לכרית,,IL,ציפית 45*45 סמ לכרית כריסמס חגיגית,Unknown,0.00,Unknown,false,1,19.90,0.0000,true,1,222790
6910191800287,false,דפי אצות נורי 10 דף,Nantong haida aquati,,דפי אצות נורי 10 דף,גרמים,25.00,100 גרם,false,1,11.90,47.6000,true,1,134237
6910614500336,true,"שיכר שזיפים 750 גר""",,,"שיכר שזיפים 750 גר""",פריט,0.00,פריט,false,,19.90,0.0000,true,1,132198
6912977000140,false,אטריות שעועית דקות 2,Yantai Yinsida Longk,,אטריות שעועית דקות 250גר,גרמים,250.00,100 גרם,false,1,9.90,3.9600,true,1,159367
6914648927961,false,גיפ אדום עם מנוף 19*,,,גיפ אדום עם מנוף 19*13*11.5 סמ,Unknown,0.00,Unknown,false,1,24.90,0.0000,true,1,223035
6914725836902,true,מפות שולחן,,,מפות שולחן,Unknown,0.00,Unknown,false,1,9.90,0.0000,true,1,200396
6916305932783,false,מארז כדורים אדום וזה,,,מארז כדורים אדום וזהב לקישוט,Unknown,0.00,Unknown,false,1,19.90,0.0000,true,1,223802
6920090211107,true,גז למילוי מצת זיפו,,,גז למילוי מצת זיפו,פריט,0.00,פריט,false,,10.99,0.0000,true,1,134192
6920210886765,false,אריזה למתנת חג שחור,,,אריזה למתנת חג שחור זהב,Unknown,0.00,Unknown,false,1,7.90,0.0000,true,1,222677
6920221673644,false,ספל חגיגי לבן 9*8.5,,,ספל חגיגי לבן 9*8.5 סמ,Unknown,0.00,Unknown,false,1,24.90,0.0000,true,1,222991
6920221673651,false,ספל חגיגי ורוד 9*8.5,,,ספל חגיגי ורוד 9*8.5 סמ,Unknown,0.00,Unknown,false,1,24.90,0.0000,true,1,222992
6920221673712,false,ספל וכפית לבנים 9*8.,,,ספל וכפית לבנים 9*8.5 סמ,Unknown,0.00,Unknown,false,1,24.90,0.0000,true,1,222998
6920221673736,false,ספל וכפית כחולים 9*8,,,ספל וכפית כחולים 9*8.5 סמ,Unknown,0.00,Unknown,false,1,24.90,0.0000,true,1,223000
6920221673774,false,ספל ורוד בקופסא חגיג,,,ספל ורוד בקופסא חגיגית 10.5*8.3 סמ,Unknown,0.00,Unknown,false,1,24.90,0.0000,true,1,223004
6920221674955,true,מחזיק מפתחות סמל שנה,,IL,מחזיק מפתחות סמל שנה,Unknown,0.00,Unknown,false,1,4.90,0.0000,true,1,222802
6920221674962,true,מחזיק מפתחות דמויות,,IL,מחזיק מפתחות דמויות כריסמס,Unknown,0.00,Unknown,false,1,4.90,0.0000,true,1,222803
6920354822193,false,משחת שיניים קולגייט,,,משחת שיניים קולגייט הדרים אקליפטוס 90 גר,גרמים,90.00,100 גרם,false,1,24.80,27.5556,true,1,220917
6920510424926,false,סוויט בוקס צעצוע ודו,,,סוכ גלי סביט בוקס+מאשה ודוב,Unknown,0.00,Unknown,false,1,11.90,0.0000,true,1,198521
6920510504345,false,צעצוע פרוזן עם ממתק,,,צעצוע פרוזן עם ממתק סוויט בוקס 10 גר,Unknown,0.00,Unknown,false,1,11.90,0.0000,true,1,224794
6920510504369,false,צעצוע מכוניות עם ממת,,,צעצוע מכוניות עם ממתק סוויט בוקס 10 גר,Unknown,0.00,Unknown,false,1,11.90,0.0000,true,1,224795
6920510504420,false,צעצוע ספיידרמן עם ממ,,,צעצוע ספיידרמן עם ממתק סוויט בוקס 10 גר,Unknown,0.00,Unknown,false,1,11.90,0.0000,true,1,224798
6920510504444,false,צעצוע הנוקמים עם ממת,,,צעצוע הנוקמים עם ממתק סוויט בוקס 10 גר,Unknown,0.00,Unknown,false,1,11.90,0.0000,true,1,224797
6920902690519,false,דגל בד 145*110,,,דגל בד 110/150,Unknown,0.00,Unknown,false,1,19.90,0.0000,true,1,211580
6920902697266,false,כיסוי מראות,,,זוג דגל לכיסוי מראת רכב,Unknown,0.00,Unknown,false,1,9.90,0.0000,true,1,211582
6921236832835,false,פטריות גרוזדי מוחמצו,דליאן ג'יי אנד אן פו,,פיטריות גרוזדי כבושי,גרמים,840.00,100 גרם,false,1,16.90,2.0119,true,1,132235
6921236832859,false,פטריות אופיאטה מוחמצ,דליאן ג'יי אנד אן פו,,פיטריות אופיאטה כבוש,גרמים,880.00,100 גרם,false,1,23.90,2.7159,true,1,132237
6921236832910,false,פיטריות מסליאטה מוחמ,דליאן ג'יי אנד אן פו,,פיטריות מסליאטה כבוש,גרמים,840.00,100 גרם,false,1,23.90,2.8452,true,1,132239
6921476201088,false,מקלות סורימי 200 גר,,,מקלות סורימי 200 גרם,גרמים,200.00,100 גרם,false,1,5.90,2.9500,true,1,203764
6921476201095,false,נתחי סורימי 200 גר,,,נתחי סורימי 200 גר,גרמים,200.00,100 גרם,false,1,5.90,2.9500,true,1,203563
6922571302076,false,דג מינטאי ארנה מיובש,אקוואטיק,,דג מינטאי ארנה מיובש וממולח 100 גר,גרמים,100.00,100 גרם,false,1,16.90,16.9000,true,1,207462
6922571302205,false,דג בליצוק ארנה 100 ג,אקוואטיק,,דג בליצוק ארנה 100 גר,גרמים,100.00,100 גרם,false,1,16.90,16.9000,true,1,207461
6927779770900,true,"תפוחי עדן 425 ג""ר",,,"תפוחי עדן 425 ג""ר",פריט,0.00,פריט,false,,6.99,0.0000,true,1,132330
6927964578403,true,"קלמרי 185 ג""ר",,,"קלמרי 185 ג""ר",פריט,0.00,פריט,false,,12.99,0.0000,true,1,132332
6927964578557,true,"סקומבריה בשמן 185 ג""",,,"סקומבריה בשמן 185 ג""",פריט,0.00,פריט,false,,8.99,0.0000,true,1,132333
6927964578564,true,סקומבריה ברוטב עגבני,,,סקומבריה ברוטב עגבני,פריט,0.00,פריט,false,,7.99,0.0000,true,1,132334
6932450433500,true,שיפודים,,,שיפודים,Unknown,0.00,Unknown,false,1,5.90,0.0000,true,1,200399
6934731210138,false,אטריות טריות עבות 20,Qingdao Sun-growing,,אטריות טריות עבות 200 גר,גרמים,200.00,100 גרם,false,1,6.90,3.4500,true,1,205492
6937380316114,true,עלי תה ירוק סיני עם,,,עלי תה ירוק סיני עם,פריט,0.00,פריט,false,,6.99,0.0000,true,1,132397
6937380316121,true,עלי תה ירוק סיני עם,,,עלי תה ירוק סיני עם,פריט,0.00,פריט,false,,6.99,0.0000,true,1,132398
6937380316152,true,עלי תה ירוק סיני עם,,,עלי תה ירוק סיני עם,פריט,0.00,פריט,false,,6.99,0.0000,true,1,132399
6937380316169,true,עלי תה ירוק סיני עם,,,עלי תה ירוק סיני עם,פריט,0.00,פריט,false,,6.99,0.0000,true,1,132400
6937380316183,true,עלי תה ירוק סיני עם,,,עלי תה ירוק סיני עם,פריט,0.00,פריט,false,,6.99,0.0000,true,1,132401
6937380316190,true,עלי תה ירוק סיני עם,,,עלי תה ירוק סיני עם,פריט,0.00,פריט,false,,6.99,0.0000,true,1,132402
6937380316220,true,עלי תה ירוק סיני עם,,,עלי תה ירוק סיני עם,פריט,0.00,פריט,false,,6.99,0.0000,true,1,132403
6937380316237,true,עלי תה ירוק סיני עם,,,עלי תה ירוק סיני עם,פריט,0.00,פריט,false,,6.99,0.0000,true,1,132404
6942971507123,false,סוויט בוקס צעצוע ודו,גואנגדונג ויסקי פודס,,מארז סוכ גלי בטעם פירות וצעצוע כלבים,Unknown,0.00,Unknown,false,1,11.90,0.0000,true,1,193119
6942971507581,false,סוויט בוקס צעצוע ודו,,,סוכ גלי סביט בוקס+פיקסיס,Unknown,0.00,Unknown,false,1,11.90,0.0000,true,1,198520
6942971508090,false,סוויט בוקס צעצוע ודו,,,מארז סוכ גלי עם צעצוע תינוקות,Unknown,0.00,Unknown,false,1,11.90,0.0000,true,1,194670
6942971509318,false,מארז סוכ גלי בטעם פי,גואנגדונג ויסקי פודס,,מארז סוכ גלי בטעם פירות וצעצוע אגדת יער,Unknown,0.00,Unknown,false,1,11.90,0.0000,true,1,203676
6944027000015,false,תה סיני 125 גר,זאינינג קריאלס אואיל,,"תה סיני 125 גר""",מיליליטרים,125.00,"100 מ""ל",false,1,6.90,5.5200,true,1,132457
6944027000428,false,תה ירוק סיני 250 גר,זאינינג קריאלס אואיל,,"תה סיני 250 גר""",גרמים,250.00,100 גרם,false,1,11.90,4.7600,true,1,132458
6944027000725,false,תה ירוק יסמין 100 גר,זאינינג קריאלס אואיל,,"תה סיני ""ג""אסמין"" 10",גרמים,100.00,100 גרם,false,1,9.90,9.9000,true,1,132460
6948626581883,false,שמיכה צבעונית,,,שמיכה צבעונית,Unknown,0.00,Unknown,false,1,19.90,0.0000,true,1,207538
6955995949152,false,בובת קופיקו 23 סמ במ,,,בובת קופיקו 23 סמ במגוון צבעים,Unknown,0.00,Unknown,false,1,39.90,0.0000,true,1,223011
6955995949206,false,בובת כבש לבן בחולצה,,,בובת כבש לבן בחולצה 25 סמ,Unknown,0.00,Unknown,false,1,39.90,0.0000,true,1,223014
6955995949251,false,דינוזאור במגוון צבעי,,,דינוזאור במגוון צבעים 25 סמ,Unknown,0.00,Unknown,false,1,39.90,0.0000,true,1,223018
6955995949268,false,אריה יושב 50 סמ,,,אריה יושב 50 סמ,Unknown,0.00,Unknown,false,1,59.90,0.0000,true,1,223019
6957763801518,false,סאיירה במיץ טבעי 425,,,סאיירה במיץ טבעי 425 גר,גרמים,425.00,100 גרם,false,1,12.90,3.0353,true,1,222174
6957763801532,false,סאיירה בתוספת שמן צמ,,,סאיירה בתוספת שמן צמחי 425 גר,גרמים,425.00,100 גרם,false,1,12.90,3.0353,true,1,222175
6959123012381,false,בובת נמר עם קולר פרח,,,בובת נמר עם קולר פרח 25 סמ,Unknown,0.00,Unknown,false,1,49.90,0.0000,true,1,223115
6965496463408,false,פסלון נמר כתום עם שק,,IL,פסלון נמר כתום עם שק מתנות,Unknown,0.00,Unknown,false,1,24.90,0.0000,true,1,222937
6971289090010,false,פטריות מאסליאטה מוחמ,,,פטריות מאסליאטה מוחמצות שלמות 530 מל,מיליליטרים,530.00,"100 מ""ל",false,1,15.90,3.0000,true,1,199017
6971289090027,false,פטריות לבנות מוחמצות,,,"פטריות לבנות מוחמצות שלמות 530 מ""ל",מיליליטרים,530.00,"100 מ""ל",false,1,15.90,3.0000,true,1,199021
6971289090034,false,פטריות גרוזדי מוחמצו,,,"פטריות גרוזדי מוחמצות 530 מ""ל",מיליליטרים,530.00,"100 מ""ל",false,1,15.90,3.0000,true,1,199018
6971289090072,false,פטריות מאסלטה מוחמצו,,,"פטריות מאסלטה מוחמצות אלפא שלמות 840 מ""ל",גרמים,840.00,100 גרם,false,1,22.90,2.7262,true,1,199914
6971289090096,false,פטריות אופיאטה מוחמצ,,,פטריות אופיאטה מוחמצות אלפא שלמות 840 מל,מיליליטרים,840.00,"100 מ""ל",false,1,24.90,2.9643,true,1,199911
6971289090102,false,פטריות אסורטי מוחמצו,,,פטריות אסורטי מוחמצות שלמות 530 מל,מיליליטרים,530.00,"100 מ""ל",false,1,15.90,3.0000,true,1,199020
6978570004121,false,ספל ראש נמר על צלוחי,,,ספל ראש נמר על צלוחית 13.8*13.8*7.5 סמ,Unknown,0.00,Unknown,false,1,29.90,0.0000,true,1,224553
6989484561563,false,בובת נמר עם סינר נקו,,,בובת נמר עם סינר נקודות 30 סמ,Unknown,0.00,Unknown,false,1,49.90,0.0000,true,1,223122
7290000000018,false,כרוב קייל,ירק הגליל,,כרוב קייל,Unknown,0.00,Unknown,false,1,12.90,0.0000,true,1,109745
7290000000169,false,תפוח אדמה לאפיה,ביכורי שדה דרום 2002,,"תפו""א לאפיה",קילוגרמים,1.00,"ק""ג",true,,4.90,4.9000,true,1,110357
7290000000202,false,סלמי כפרית פרוס,ישרקו שיווק מותגי מז,,סלמי כפרית פרוס,קילוגרמים,1.00,"ק""ג",true,,165.00,165.0000,true,1,111043
7290000000203,false,סלמי מילאנו פרוס,ישרקו שיווק מותגי מז,,סלמי מילנו פרוס,קילוגרמים,1.00,"ק""ג",true,,165.00,165.0000,true,1,106842
7290000000205,false,מוסקובסקייה פרוס,ישרקו שיווק מותגי מז,,מוסקובסקייה פרוס,קילוגרמים,1.00,"ק""ג",true,,119.00,119.0000,true,1,106844
7290000000213,false,פריזר עגל,ישרקו שיווק מותגי מז,,פריזר עגל,קילוגרמים,1.00,"ק""ג",true,,49.00,49.0000,true,1,111050
7290000000214,false,נקניקיות בוואריה,ישרקו שיווק מותגי מז,,נקניקיות בוואריה,קילוגרמים,1.00,"ק""ג",true,,79.00,79.0000,true,1,160565
7290000000217,false,סלמי פפרוני,ישרקו שיווק מותגי מז,,סלמי פפרוני,קילוגרמים,1.00,"ק""ג",true,,165.00,165.0000,true,1,108533
7290000000221,false,נקניק קרוביאנקה,ישרקו שיווק מותגי מז,,נקניק קרוביאנקה,קילוגרמים,1.00,"ק""ג",true,,75.00,75.0000,true,1,109194
7290000000222,false,וטצינה מוסקובסקיה,ישרקו שיווק מותגי מז,,"וטצ""ינה מוסקובסקיה",קילוגרמים,1.00,"ק""ג",true,,149.00,149.0000,true,1,106964
7290000000228,false,סלמי הונגרי,ישרקו שיווק מותגי מז,,סלמי הונגרי,קילוגרמים,1.00,"ק""ג",true,,165.00,165.0000,true,1,111058
7290000000229,false,סלמי צרפתי,ישרקו שיווק מותגי מז,,סלמי צרפתי,קילוגרמים,1.00,"ק""ג",true,,165.00,165.0000,true,1,106969
7290000000230,false,רוסקי סרוולט,ישרקו שיווק מותגי מז,,רוסקי סרוולט,קילוגרמים,1.00,"ק""ג",true,,155.00,155.0000,true,1,107702
7290000000231,false,סרוולט מוסקובסקי,ישרקו שיווק מותגי מז,,סרוולט מוסקובסקי,קילוגרמים,1.00,"ק""ג",true,,155.00,155.0000,true,1,106858
7290000000234,false,סלה ביתי/הונגרי,ישרקו שיווק מותגי מז,,סלה כל הסוגים,קילוגרמים,1.00,"ק""ג",true,,105.00,105.0000,true,1,107092
7290000000238,false,רו סרוולט,ישרקו שיווק מותגי מז,,רו-סרוולט,קילוגרמים,1.00,"ק""ג",true,,155.00,155.0000,true,1,107097
7290000000239,false,סלמי ספרטק,ישרקו שיווק מותגי מז,,סלמי ספרטק,קילוגרמים,1.00,"ק""ג",true,,155.00,155.0000,true,1,108548
7290000000243,false,נקניק סבינייה,ישרקו שיווק מותגי מז,,נקניק סבינייה,קילוגרמים,1.00,"ק""ג",true,,179.00,179.0000,true,1,109806
7290000000246,false,סרוולט אוסטרי,ישרקו שיווק מותגי מז,,סרוולט אוסטרי,קילוגרמים,1.00,"ק""ג",true,,169.00,169.0000,true,1,161259
7290000000247,false,סלמי בקר גרנאדה,ישרקו שיווק מותגי מז,,סלמי נאפולי,קילוגרמים,1.00,"ק""ג",true,,79.00,79.0000,true,1,161264
7290000000248,false,פרושוטו רוסי,ישרקו שיווק מותגי מז,,פרושוטו רוסי,קילוגרמים,1.00,"ק""ג",true,,199.00,199.0000,true,1,106987
7290000000249,false,סרוולט קופצסקיי,ישרקו שיווק מותגי מז,,"סרוולט קופצ""סקי",קילוגרמים,1.00,"ק""ג",true,,115.00,115.0000,true,1,107106
7290000000250,false,סלמי פינלנד,ישרקו שיווק מותגי מז,,סלמי פינלנד,קילוגרמים,1.00,"ק""ג",true,,155.00,155.0000,true,1,109212
7290000000255,false,פפרוני עגל,ישרקו שיווק מותגי מז,,פפרוני עגל,קילוגרמים,1.00,"ק""ג",true,,159.00,159.0000,true,1,110454
7290000000268,false,בסטורמה ארמנית,ישרקו שיווק מותגי מז,,בסטרומה ארמנית,קילוגרמים,1.00,"ק""ג",true,,219.00,219.0000,true,1,107451
7290000000272,false,נקניקיות סליבוצניה,ישרקו שיווק מותגי מז,,"נקניקיות סליבוצ""ניה",קילוגרמים,1.00,"ק""ג",true,,59.00,59.0000,true,1,108601
7290000000273,false,פרושוטו,ישרקו שיווק מותגי מז,,פרושוטו,קילוגרמים,1.00,"ק""ג",true,,309.00,309.0000,true,1,111081
7290000000289,false,לשון זליבנוי טילצי,ישרקו שיווק מותגי מז,,"לשון זליבנוי טילצ""י",קילוגרמים,1.00,"ק""ג",true,,89.00,89.0000,true,1,107461
7290000000393,false,נקניק הרץ,"ולדמן ביח""ר לנקניק ו",,נקניק הרץ,קילוגרמים,1.00,"ק""ג",true,,89.00,89.0000,true,1,108075
7290000000396,false,פריזר אליטניה,"ולדמן ביח""ר לנקניק ו",,פריזר אליטנאיה,קילוגרמים,1.00,"ק""ג",true,,85.00,85.0000,true,1,107044
7290000000404,false,וטצינה רוסקיה,"ולדמן ביח""ר לנקניק ו",,"ויצ""ינה רוסקיה",קילוגרמים,1.00,"ק""ג",true,,119.00,119.0000,true,1,109255
7290000000407,false,נקניק חי פרמיום,"ולדמן ביח""ר לנקניק ו",,נקניק חי פרמיום,קילוגרמים,1.00,"ק""ג",true,,129.00,129.0000,true,1,108083
7290000000408,false,נקניק מילאנו מעושן,"ולדמן ביח""ר לנקניק ו",,נקניק מילנו מעושן,קילוגרמים,1.00,"ק""ג",true,,99.00,99.0000,true,1,107498
7290000000409,false,בוזנינה הודו ביתית,"ולדמן ביח""ר לנקניק ו",,בוזנינה הודו ביתית,קילוגרמים,1.00,"ק""ג",true,,69.00,69.0000,true,1,107499
7290000000410,false,סרדלקה שפיקצקי,"ולדמן ביח""ר לנקניק ו",,סרדלקה שפיקצקי,קילוגרמים,1.00,"ק""ג",true,,69.00,69.0000,true,1,107060
7290000000417,false,פסטרמה הודו ברשת,"ולדמן ביח""ר לנקניק ו",,פסטרמה הודו ברשת,קילוגרמים,1.00,"ק""ג",true,,59.00,59.0000,true,1,108087
7290000000425,false,בוט מלוצניה מעושן,"ולדמן ביח""ר לנקניק ו",,"בוט מלוצ""ניה מעושן (",קילוגרמים,1.00,"ק""ג",true,,79.00,79.0000,true,1,108662
7290000000426,false,נקניק פולטבסקיה,"ולדמן ביח""ר לנקניק ו",,נקניק פלטבסקיה,קילוגרמים,1.00,"ק""ג",true,,119.00,119.0000,true,1,107513
7290000000433,false,דיאט בוט (לבן),"ולדמן ביח""ר לנקניק ו",,דיאט בוט (לבן),קילוגרמים,1.00,"ק""ג",true,,79.00,79.0000,true,1,107519
7290000000436,false,בוט דיאטטי מעושן,"ולדמן ביח""ר לנקניק ו",,בוט דיאטטי מעושן,קילוגרמים,1.00,"ק""ג",true,,79.00,79.0000,true,1,109903
7290000000437,false,בוזנינה חזיר ביתית,"ולדמן ביח""ר לנקניק ו",,בוזנינה חזיר ביתית,קילוגרמים,1.00,"ק""ג",true,,119.00,119.0000,true,1,108669
7290000000438,false,נובגורודסקיה,"ולדמן ביח""ר לנקניק ו",,נובגורודסקיה,קילוגרמים,1.00,"ק""ג",true,,79.00,79.0000,true,1,107521
7290000000441,false,נקניק פרח פרוס,"ולדמן ביח""ר לנקניק ו",,נקניק פרח פרוס,קילוגרמים,1.00,"ק""ג",true,,99.00,99.0000,true,1,107077
7290000000442,false,בורגונדיה,"ולדמן ביח""ר לנקניק ו",,בורגונדיה/מוסקטני,קילוגרמים,1.00,"ק""ג",true,,99.00,99.0000,true,1,110534
7290000000444,false,קופצסקי סרוולט,"ולדמן ביח""ר לנקניק ו",,"קופצ""סקי סרוולד",קילוגרמים,1.00,"ק""ג",true,,99.00,99.0000,true,1,110535
7290000000447,false,ציגיינר,"ולדמן ביח""ר לנקניק ו",,ציגיינר,קילוגרמים,1.00,"ק""ג",true,,119.00,119.0000,true,1,110536
7290000000448,false,קייזר גרודינקה,"ולדמן ביח""ר לנקניק ו",,קייזר גרודינקה,קילוגרמים,1.00,"ק""ג",true,,189.00,189.0000,true,1,111165
7290000000450,false,פריזר דוקטורסקייה/מי,"ולדמן ביח""ר לנקניק ו",,פריזר דוקטורסקייה/מיני,קילוגרמים,1.00,"ק""ג",true,,59.00,59.0000,true,1,109281
7290000000451,false,מולוצניה,"ולדמן ביח""ר לנקניק ו",,"מולוצ""ניה",קילוגרמים,1.00,"ק""ג",true,,79.00,79.0000,true,1,108124
7290000000455,false,לקס לבן,"ולדמן ביח""ר לנקניק ו",,לקס לבן,קילוגרמים,1.00,"ק""ג",true,,159.00,159.0000,true,1,107527
7290000000456,false,פרלמנט,"ולדמן ביח""ר לנקניק ו",,פרלמנט,קילוגרמים,1.00,"ק""ג",true,,89.00,89.0000,true,1,107528
7290000000462,false,צוואר מעושן,"ולדמן ביח""ר לנקניק ו",,צוואר מעושן,קילוגרמים,1.00,"ק""ג",true,,149.00,149.0000,true,1,110543
7290000000463,false,רולדה קרפצקיה,"ולדמן ביח""ר לנקניק ו",,רולדה קרפצקיה,קילוגרמים,1.00,"ק""ג",true,,189.00,189.0000,true,1,109920
7290000000468,false,כרעיים/שוקיים עוף מע,"ולדמן ביח""ר לנקניק ו",,כרעיים/שוקיים עוף מע,קילוגרמים,1.00,"ק""ג",true,,49.00,49.0000,true,1,109289
7290000000469,false,נקניק בייגלה,"ולדמן ביח""ר לנקניק ו",,נקניק בייגלה,קילוגרמים,1.00,"ק""ג",true,,59.00,59.0000,true,1,109923
7290000000470,false,קייזר כפול/עם תבליני,"ולדמן ביח""ר לנקניק ו",,קייזר כפול/עם תבלחנים,קילוגרמים,1.00,"ק""ג",true,,189.00,189.0000,true,1,109290
7290000000472,false,ליפצקיה,"ולדמן ביח""ר לנקניק ו",,ליפצקיה,קילוגרמים,1.00,"ק""ג",true,,99.00,99.0000,true,1,110545
7290000000473,false,קבנוס בווארסקיי,"ולדמן ביח""ר לנקניק ו",,קבנוס בוורסקיי,קילוגרמים,1.00,"ק""ג",true,,109.00,109.0000,true,1,108158
7290000000484,false,נקניקיות גבינה,"ולדמן ביח""ר לנקניק ו",,נקניקיות גבינה,קילוגרמים,1.00,"ק""ג",true,,65.00,65.0000,true,1,110553
7290000000486,false,נקניק סרוולט אורחובי,"ולדמן ביח""ר לנקניק ו",,נקניק סרוולט אורחובי,קילוגרמים,1.00,"ק""ג",true,,99.00,99.0000,true,1,108692
7290000000491,false,נקניקיות וטציניה טבע,"ולדמן ביח""ר לנקניק ו",,"נקניקיות ויצ""ינה טבע",קילוגרמים,1.00,"ק""ג",true,,69.00,69.0000,true,1,109943
7290000000495,false,קבנוס פראג,"ולדמן ביח""ר לנקניק ו",,קבנוס פראג,קילוגרמים,1.00,"ק""ג",true,,99.00,99.0000,true,1,107543
7290000000496,false,נקניק סלמי בוט,"ולדמן ביח""ר לנקניק ו",,נקניק סלמי בוט,קילוגרמים,1.00,"ק""ג",true,,109.00,109.0000,true,1,107127
7290000000499,false,בוזנינה עוף,"ולדמן ביח""ר לנקניק ו",,בוזנינה עוף,קילוגרמים,1.00,"ק""ג",true,,59.00,59.0000,true,1,111185
7290000000501,false,קרמליובסקיה,מעדני מניה תעשיות בש,,קרמליובסקיה,קילוגרמים,1.00,"ק""ג",true,,155.00,155.0000,true,1,109311
7290000000502,false,נקניק דומשניה,מעדני מניה תעשיות בש,,נקניק דומשניה,קילוגרמים,1.00,"ק""ג",true,,59.00,59.0000,true,1,107128
7290000000506,false,פרס פלפל,מעדני מניה תעשיות בש,,פרס פלפל,קילוגרמים,1.00,"ק""ג",true,,119.00,119.0000,true,1,108187
7290000000511,false,גולן פרוס,מעדני מניה תעשיות בש,,גולן פרוס,קילוגרמים,1.00,"ק""ג",true,,109.00,109.0000,true,1,107129
7290000000513,false,אסאדו על האש,מעדני מניה תעשיות בש,,אסאדו על האש,קילוגרמים,1.00,"ק""ג",true,,129.00,129.0000,true,1,109949
7290000000518,false,וינר חדש,מעדני מניה תעשיות בש,,וינר חדש,קילוגרמים,1.00,"ק""ג",true,,69.00,69.0000,true,1,108703
7290000000522,false,וינר חדש עבה,מעדני מניה תעשיות בש,,וינר חדש עבה,קילוגרמים,1.00,"ק""ג",true,,69.00,69.0000,true,1,109314
7290000000523,false,פסטרמה רומנית שום/פל,מעדני מניה תעשיות בש,,"פסטרמה ב""/רומנית/שום",קילוגרמים,1.00,"ק""ג",true,,105.00,105.0000,true,1,111189
7290000000524,false,פסטרמה הונגרית,מעדני מניה תעשיות בש,,פסטרמה הונגרית,קילוגרמים,1.00,"ק""ג",true,,129.00,129.0000,true,1,109952
7290000000526,false,קנקרס מעושן,מעדני מניה תעשיות בש,,"קנקרס לבן/מעושן, קוק",קילוגרמים,1.00,"ק""ג",true,,35.00,35.0000,true,1,108711
7290000000527,false,זולץ,מעדני מניה תעשיות בש,,זולץ,קילוגרמים,1.00,"ק""ג",true,,65.00,65.0000,true,1,107135
7290000000528,false,פרושוטו טורינו חדש,מעדני מניה תעשיות בש,,פרושוטו טורינו חדש,קילוגרמים,1.00,"ק""ג",true,,139.00,139.0000,true,1,107768
7290000000533,false,בייקון חי,מעדני מניה תעשיות בש,,בייקון חי,קילוגרמים,1.00,"ק""ג",true,,189.00,189.0000,true,1,109954
7290000000535,false,רולדה/רולדה פלפל/פפר,מעדני מניה תעשיות בש,,רולדה/רולדה פלפל/פפר,קילוגרמים,1.00,"ק""ג",true,,139.00,139.0000,true,1,109955
7290000000536,false,פרושוטו חי,מעדני מניה תעשיות בש,,פרושוטו חי,קילוגרמים,1.00,"ק""ג",true,,159.00,159.0000,true,1,107138
7290000000537,false,לקס צוואר,מעדני מניה תעשיות בש,,לקס צוואר,קילוגרמים,1.00,"ק""ג",true,,189.00,189.0000,true,1,107772
7290000000546,false,רולדה לנינגרדסקיה,מעדני מניה תעשיות בש,,רולדה לנינגרדסקיה,קילוגרמים,1.00,"ק""ג",true,,99.00,99.0000,true,1,110575
7290000000547,false,נקניקיות וינר מעושן,מעדני מניה תעשיות בש,,נקניקיות וינר מעושן/,קילוגרמים,1.00,"ק""ג",true,,35.00,35.0000,true,1,107143
7290000000553,false,קייזר,מעדני מניה תעשיות בש,,קייזר,קילוגרמים,1.00,"ק""ג",true,,129.00,129.0000,true,1,108723
7290000000554,false,נקניק חי כפרי,מעדני מניה תעשיות בש,,נקניק חי כפרי,קילוגרמים,1.00,"ק""ג",true,,159.00,159.0000,true,1,109326
7290000000555,false,גרמני,מעדני מניה תעשיות בש,,גרמני,קילוגרמים,1.00,"ק""ג",true,,109.00,109.0000,true,1,107777
7290000000559,false,נקניק רוסקיה,מעדני מניה תעשיות בש,,נקניק רוסקיה,קילוגרמים,1.00,"ק""ג",true,,155.00,155.0000,true,1,111194
7290000000570,false,סרוולט,מעדני מניה תעשיות בש,,סרוולט,קילוגרמים,1.00,"ק""ג",true,,159.00,159.0000,true,1,111211
7290000000572,false,צוואר פיקנטי,מעדני מניה תעשיות בש,,צוואר פיקנטי,קילוגרמים,1.00,"ק""ג",true,,129.00,129.0000,true,1,111214
7290000000573,false,נקניק קייבסקיה,מעדני מניה תעשיות בש,,נקניק קייבסקיה,קילוגרמים,1.00,"ק""ג",true,,95.00,95.0000,true,1,108252
7290000000575,false,פסטרמה דליקטסניה,מעדני מניה תעשיות בש,,פסטרמה דליקטסניה,קילוגרמים,1.00,"ק""ג",true,,99.00,99.0000,true,1,108253
7290000000576,false,בראונשבייגסקייה,מעדני מניה תעשיות בש,,בראונשבייסקייה,קילוגרמים,1.00,"ק""ג",true,,155.00,155.0000,true,1,110591
7290000000579,false,שומן מעושן,מעדני מניה תעשיות בש,,שומן מעושן,קילוגרמים,1.00,"ק""ג",true,,99.00,99.0000,true,1,110595
7290000000585,false,צוואר מעושן,מעדני מניה תעשיות בש,,צוואר מעושן,קילוגרמים,1.00,"ק""ג",true,,129.00,129.0000,true,1,111221
7290000000587,false,נקניקיות עוף לילדים,מעדני מניה תעשיות בש,,נקניקיות עוף לילדים,קילוגרמים,1.00,"ק""ג",true,,35.00,35.0000,true,1,107172
7290000000600,false,סלמי רוונה,קרלברג ייצור ושיווק,,סלמי רוונה,קילוגרמים,1.00,"ק""ג",true,,99.00,99.0000,true,1,109352
7290000000601,false,סלמי פארמה,קרלברג ייצור ושיווק,,סלמי פארמה,קילוגרמים,1.00,"ק""ג",true,,99.00,99.0000,true,1,107805
7290000000602,false,נקניק מוסקובסקיה חצי,קרלברג ייצור ושיווק,,נקניק מוסקובסקיה חצי יבש,קילוגרמים,1.00,"ק""ג",true,,89.00,89.0000,true,1,110609
7290000000611,false,פריזר סליבוצניה,,,רולדה הודו,קילוגרמים,1.00,"ק""ג",true,,85.00,85.0000,true,1,107813
7290000000830,false,בוזנינה רגילה,מעדני מניה תעשיות בש,,"בוז""נינה רגילה",קילוגרמים,1.00,"ק""ג",true,,129.00,129.0000,true,1,108982
7290000000831,false,רוחברג,מעדני מניה תעשיות בש,,רוחברג,קילוגרמים,1.00,"ק""ג",true,,155.00,155.0000,true,1,110829
7290000000832,false,פריזר ביצה,מעדני מניה תעשיות בש,,פריזר ביצה,קילוגרמים,1.00,"ק""ג",true,,39.00,39.0000,true,1,110830
7290000000838,false,אכוטניצה כפרי,מעדני מניה תעשיות בש,,אכוטניצה כפרי,קילוגרמים,1.00,"ק""ג",true,,99.00,99.0000,true,1,108984
7290000000850,false,קרקובסקיה דימוב,מעדני בשר השוקת,,קרקובסקיה דימוב,קילוגרמים,1.00,"ק""ג",true,,99.00,99.0000,true,1,108567
7290000000853,false,נקניק וארשבסקיה דימו,מעדני בשר השוקת,,נקניק וארשבסקיה של דימוב,קילוגרמים,1.00,"ק""ג",true,,109.00,109.0000,true,1,110217
7290000000857,false,סלמי פינסקיה דימוב,מעדני בשר השוקת,,סלמי פינסקיה דימוב,קילוגרמים,1.00,"ק""ג",true,,99.00,99.0000,true,1,108568
7290000000858,false,בליקוביה דימוב,מעדני בשר השוקת,,בליקוביה דימוב,קילוגרמים,1.00,"ק""ג",true,,109.00,109.0000,true,1,108987
7290000000901,false,נקניקיות שפיקצקי,מעדני בשר השוקת,,"נקניקיות שפיקצ""קי",קילוגרמים,1.00,"ק""ג",true,,69.00,69.0000,true,1,111436
7290000000918,false,סלמי פולני,מעדני בשר השוקת,,סלמי פולני,קילוגרמים,1.00,"ק""ג",true,,85.00,85.0000,true,1,110839
7290000001010,false,נקניק אבא הרמן פרוס,מעדני מניה תעשיות בש,,נקניק אבא הרמן פרוס,קילוגרמים,1.00,"ק""ג",true,,155.00,155.0000,true,1,106561
7290000001011,false,זרניסטיה,מעדני מניה תעשיות בש,,זרניסטיה,קילוגרמים,1.00,"ק""ג",true,,155.00,155.0000,true,1,106562
7290000001012,false,טוסקנה,מעדני מניה תעשיות בש,,טוסקנה,קילוגרמים,1.00,"ק""ג",true,,159.00,159.0000,true,1,106579
7290000001015,false,אוקורוק אפוי מעושן,מעדני מניה תעשיות בש,,אוקורוק אפוי מעושן,קילוגרמים,1.00,"ק""ג",true,,99.00,99.0000,true,1,106448
7290000001016,false,מילאנו חי,מעדני מניה תעשיות בש,,מילנו חי,קילוגרמים,1.00,"ק""ג",true,,155.00,155.0000,true,1,106818
7290000001025,false,קוניאק ניקול,מעדני מניה תעשיות בש,,קוניאק ניקול,קילוגרמים,1.00,"ק""ג",true,,155.00,155.0000,true,1,106823
7290000001026,false,פרובנס,מעדני מניה תעשיות בש,,פרובנס,קילוגרמים,1.00,"ק""ג",true,,155.00,155.0000,true,1,106582
7290000001034,false,ספריבס בעישון קר,מעדני מניה תעשיות בש,,ספריבס בעישון קר,קילוגרמים,1.00,"ק""ג",true,,160.00,160.0000,true,1,139139
7290000001040,false,נקניק אקסטרה,מעדני מניה תעשיות בש,,נקניק אקסטרה,קילוגרמים,1.00,"ק""ג",true,,39.00,39.0000,true,1,136613
7290000001071,false,פסטרמה הודו ברביקיו,קרלברג ייצור ושיווק,,נקניק אגוזית,קילוגרמים,1.00,"ק""ג",true,,59.00,59.0000,true,1,135277
7290000001072,false,פסטרמה הודו מעושנת,קרלברג ייצור ושיווק,,נקניק צרסקיה,קילוגרמים,1.00,"ק""ג",true,,59.00,59.0000,true,1,135268
7290000001073,false,פסטרמה הודו מקסיקנית,קרלברג ייצור ושיווק,,נקניק דבוריאנסקיה,קילוגרמים,1.00,"ק""ג",true,,59.00,59.0000,true,1,135269
7290000001075,false,מעדן אווז,קרלברג ייצור ושיווק,,נקניק ונסקיה,קילוגרמים,1.00,"ק""ג",true,,95.00,95.0000,true,1,164855
7290000001077,false,כתף בקר מעושן,קרלברג ייצור ושיווק,,טורינו חי,קילוגרמים,1.00,"ק""ג",true,,85.00,85.0000,true,1,164859
7290000001078,false,כתף בקר פלפל,קרלברג ייצור ושיווק,,סלמי אוקראינסקיה,קילוגרמים,1.00,"ק""ג",true,,85.00,85.0000,true,1,164860
7290000001128,false,נקניקיות פרנקפורט בק,מעדני מניה תעשיות בש,,נקניקיות פרנקפורט בקר,קילוגרמים,1.00,"ק""ג",true,,49.00,49.0000,true,1,136400
7290000001206,false,שווארמה הודו צועני,ישרקו שיווק מותגי מז,,שווארמה הודו אפויה/צועני,קילוגרמים,1.00,"ק""ג",true,,119.00,119.0000,true,1,110899
7290000001208,false,פסטרמה קופציסקי,ישרקו שיווק מותגי מז,,פסטרמה קופציסקי,קילוגרמים,1.00,"ק""ג",true,,99.00,99.0000,true,1,164582
7290000001216,false,נקניקיות פרגית,ישרקו שיווק מותגי מז,,נקניקיות פרגית,קילוגרמים,1.00,"ק""ג",true,,36.00,36.0000,true,1,106701
7290000001220,false,פטה כבד עוף בלוק,ישרקו שיווק מותגי מז,,פטה כבד עוף בלוק,קילוגרמים,1.00,"ק""ג",true,,85.00,85.0000,true,1,108132
7290000001288,false,פטה אווז בלוק,ישרקו שיווק מותגי מז,,פטה אווז בלוק,קילוגרמים,1.00,"ק""ג",true,,69.00,69.0000,true,1,206461
7290000001391,false,שינקן מבושל/מעושן,"ולדמן ביח""ר לנקניק ו",,שינקן מבושל/מעושן,קילוגרמים,1.00,"ק""ג",true,,119.00,119.0000,true,1,106722
7290000001396,false,פריזר אליטניה מיני,"ולדמן ביח""ר לנקניק ו",,פריזר אליטניה מיני,קילוגרמים,1.00,"ק""ג",true,,85.00,85.0000,true,1,107606
7290000001403,false,סרדלקה שקולניה,"ולדמן ביח""ר לנקניק ו",,סרדלקה שקולניה,קילוגרמים,1.00,"ק""ג",true,,59.00,59.0000,true,1,107607
7290000001437,false,בוזנינה פסטיבל ביתי,"ולדמן ביח""ר לנקניק ו",,בוזנינה פסטיבל ביתי,קילוגרמים,1.00,"ק""ג",true,,119.00,119.0000,true,1,163130
7290000001438,false,אסאדו חזיר מעושן,"ולדמן ביח""ר לנקניק ו",,אסאדו חזיר מעושן,קילוגרמים,1.00,"ק""ג",true,,119.00,119.0000,true,1,163129
7290000001440,false,ציגיינר אפוי,"ולדמן ביח""ר לנקניק ו",,צגיינר אפוי,קילוגרמים,1.00,"ק""ג",true,,115.00,115.0000,true,1,163131
7290000001448,false,קייזר מחולק בוואקום,"ולדמן ביח""ר לנקניק ו",,קייזר מחולק בוואקום,קילוגרמים,1.00,"ק""ג",true,,179.00,179.0000,true,1,163140
7290000001455,false,פריזר לארוחת בוקר,"ולדמן ביח""ר לנקניק ו",,פריזר לארוחת בוקר,קילוגרמים,1.00,"ק""ג",true,,75.00,75.0000,true,1,163146
7290000001459,false,פסטרמה חזיר צאך עם ח,"ולדמן ביח""ר לנקניק ו",,פסטרמה חזיר צך בטעמים עם שומן,קילוגרמים,1.00,"ק""ג",true,,115.00,115.0000,true,1,163145
7290000001470,false,קייזר כפול מחולק בוו,"ולדמן ביח""ר לנקניק ו",,קייזר קפול מחולק בוואקום,קילוגרמים,1.00,"ק""ג",true,,179.00,179.0000,true,1,163141
7290000001500,false,פריזר רוסי קטן,מעדני מניה תעשיות בש,,פריזר רוסי קטן,קילוגרמים,1.00,"ק""ג",true,,69.00,69.0000,true,1,110336
7290000001502,false,לחם בשר,מעדני מניה תעשיות בש,,לחם בשר,קילוגרמים,1.00,"ק""ג",true,,59.00,59.0000,true,1,108203
7290000001508,false,פריזר בייגלה,מעדני מניה תעשיות בש,,פריזר בייגלה,קילוגרמים,1.00,"ק""ג",true,,69.00,69.0000,true,1,110338
7290000001518,false,פסטרמה דליקטסניה לבנ,מעדני מניה תעשיות בש,,פסטרמה דליקטסניה לבנ,קילוגרמים,1.00,"ק""ג",true,,99.00,99.0000,true,1,106729
7290000001519,false,פסטרמה גוברנטורסקיה,מעדני מניה תעשיות בש,,פסטרמה גוברנטורסקיה,קילוגרמים,1.00,"ק""ג",true,,89.00,89.0000,true,1,110951
7290000001521,false,נקניק לבירה,מעדני מניה תעשיות בש,,"נקניק לבירה ""קפיבו""",קילוגרמים,1.00,"ק""ג",true,,155.00,155.0000,true,1,107614
7290000001527,false,גרודינקה ביתית/כפרית,מעדני מניה תעשיות בש,,פרס בייקון,קילוגרמים,1.00,"ק""ג",true,,145.00,145.0000,true,1,110339
7290000001529,false,נקניק מורטדלה חדשה,מעדני מניה תעשיות בש,,נקניק מורטדלה חדשה,קילוגרמים,1.00,"ק""ג",true,,69.00,69.0000,true,1,110340
7290000001546,false,פריזר בוקרים בייבי,מעדני מניה תעשיות בש,,פריזר בוקרים בייבי,קילוגרמים,1.00,"ק""ג",true,,55.00,55.0000,true,1,157553
7290000001549,false,בליק דרניצקי,מעדני מניה תעשיות בש,,בליק דרניצקי,קילוגרמים,1.00,"ק""ג",true,,169.00,169.0000,true,1,158340
7290000001552,false,נקניקיות גבינה,מעדני מניה תעשיות בש,,נקניקיות גבינה,קילוגרמים,1.00,"ק""ג",true,,65.00,65.0000,true,1,106880
7290000001553,false,קוסטיצה לבן/שחור,מעדני מניה תעשיות בש,,קוסטיצה לבן/שחור,קילוגרמים,1.00,"ק""ג",true,,129.00,129.0000,true,1,110343
7290000001562,false,קבנוס,מעדני מניה תעשיות בש,,קבנוס,קילוגרמים,1.00,"ק""ג",true,,59.00,59.0000,true,1,157549
7290000001564,false,בייקון אנגלי,מעדני מניה תעשיות בש,,בייקון אנגלי,קילוגרמים,1.00,"ק""ג",true,,105.00,105.0000,true,1,162133
7290000001587,false,נקניקיות עוף,מעדני מניה תעשיות בש,,נקניקיות עוף,קילוגרמים,1.00,"ק""ג",true,,35.00,35.0000,true,1,109698
7290000001611,false,פריזר סליבוצניה מיני,,,פריזר סליבוצניה מיני,קילוגרמים,1.00,"ק""ג",true,,85.00,85.0000,true,1,213797
7290000001853,false,נקניק וארשבסקיה של ד,מעדני בשר השוקת,,נקניק וארשבסקיה של דימוב שלם,קילוגרמים,1.00,"ק""ג",true,,105.00,105.0000,true,1,191162
7290000001864,false,פיקוליני שום/חרדל/בי,מעדני בשר השוקת,,פיקוליני אישי שום/חרדל/ביקון/שישליק/גבינ,קילוגרמים,1.00,"ק""ג",true,,159.00,159.0000,true,1,133071
7290000002018,false,גבינה בלו לאזור עם ע,Lazur,,"גבינה ""בלו לאזור"" עם עובש כחול",קילוגרמים,1.00,"ק""ג",true,,99.00,99.0000,true,1,157509
7290000002019,false,גבינה טורקיז לאזור ע,Lazur,,"גבינה ""טורקיז לאזור"" עם עובש כחול",קילוגרמים,1.00,"ק""ג",true,,99.00,99.0000,true,1,157506
7290000002035,false,גבינה רדמר,Spomlek,,גבינה רדמר,קילוגרמים,1.00,"ק""ג",true,,89.00,89.0000,true,1,159827
7290000002037,false,גבינה גרנד גאודה,Spomlek,,גבינה גרנד גאודה,קילוגרמים,1.00,"ק""ג",true,,89.00,89.0000,true,1,159829
7290000002038,false,גבינה גרנד רדמר,Spomlek,,גבינה גרנד רדמר,קילוגרמים,1.00,"ק""ג",true,,89.00,89.0000,true,1,159830
7290000002039,false,גבינה קשטן,Spomlek,,גבינה קשטן,קילוגרמים,1.00,"ק""ג",true,,119.00,119.0000,true,1,159831
7290000002044,false,גבינה סטרי אולדר,Spomlek,,גבינה סטרי אולדר,קילוגרמים,1.00,"ק""ג",true,,119.00,119.0000,true,1,159832
7290000002053,false,בלוז בסגנון דנבלו,גבינות משק יעקבס,,"קצ""יטה/פקורינה",קילוגרמים,1.00,"ק""ג",true,,59.00,59.0000,true,1,108509
7290000002055,false,תחליף גבינה גאודה עם,,,קממבר טבעי/אגוזים,קילוגרמים,1.00,"ק""ג",true,,79.00,79.0000,true,1,111044
7290000002104,false,גבינת סולוגוני,מחלבת עברי,,גבינת סולוגוני,קילוגרמים,1.00,"ק""ג",true,,89.00,89.0000,true,1,107691
7290000002106,false,גלגל גרוזיני,מחלבת עברי,,גלגל גרוזיני,קילוגרמים,1.00,"ק""ג",true,,79.00,79.0000,true,1,106848
7290000002108,false,שמנת חמוצה,מחלבת עברי,,שמנת חמוצה,קילוגרמים,1.00,"ק""ג",true,,25.00,25.0000,true,1,107692
7290000002112,false,כדורי מוצרלה,מחלבת עברי,,כדורי מוצרלה,קילוגרמים,1.00,"ק""ג",true,,99.00,99.0000,true,1,109784
7290000002115,false,גבינת קשקבל כבש עברי,מחלבת עברי,,גבינת קשקבל כבש עברי,קילוגרמים,1.00,"ק""ג",true,,139.00,139.0000,true,1,109785
7290000002117,false,גבינת ריקוטה,מחלבת עברי,,גבינת ריקוטה,קילוגרמים,1.00,"ק""ג",true,,59.00,59.0000,true,1,107693
7290000002152,false,צפתית 5%,מחלבת ציפורי הגלילית,,צפתית 5%,קילוגרמים,1.00,"ק""ג",true,,49.00,49.0000,true,1,109787
7290000002155,false,טבורוג בטעמים,מחלבת ציפורי הגלילית,,טבורוג בטעמים,קילוגרמים,1.00,"ק""ג",true,,32.00,32.0000,true,1,109788
7290000002161,false,גבינה אורדה,מחלבת ציפורי הגלילית,,גבינה אורדה,קילוגרמים,1.00,"ק""ג",true,,46.00,46.0000,true,1,110425
7290000002202,false,גבינה מוצרלה איטלקית,,,גבינה מוצרלה איטלקית,קילוגרמים,1.00,"ק""ג",true,,79.00,79.0000,true,1,134159
7290000002203,false,תחליף גבינה סמוקרלה,,,סמוקרלה מעושנת,קילוגרמים,1.00,"ק""ג",true,,62.00,62.0000,true,1,106963
7290000002204,false,גבינה קורולבסקי/מרקי,,,גבינה קורולבסקי/מרקיז/מגנט,קילוגרמים,1.00,"ק""ג",true,,79.00,79.0000,true,1,107695
7290000002209,false,בסגנון פרמזן,,,בסגנון פרמזן,קילוגרמים,1.00,"ק""ג",true,,74.00,74.0000,true,1,108534
7290000002212,false,ריבת חלב,,,ריבת חלב,קילוגרמים,1.00,"ק""ג",true,,25.00,25.0000,true,1,107697
7290000002216,false,בסגנון פטה דניש קומב,,,גבינת פטה דניש קומבי,קילוגרמים,1.00,"ק""ג",true,,25.00,25.0000,true,1,106854
7290000002218,false,גבינת עיזים פריסלנד,,,גבינה עיזים פריסלנד,קילוגרמים,1.00,"ק""ג",true,,139.00,139.0000,true,1,139456
7290000002219,false,גבינה מאסדם,,,גבינה מאסדם,קילוגרמים,1.00,"ק""ג",true,,79.00,79.0000,true,1,109196
7290000002220,false,גבינה פרמזן,,,גבינה פרמזו,קילוגרמים,1.00,"ק""ג",true,,99.00,99.0000,true,1,158486
7290000002222,false,גבינה ברי צרפתי,,,גבינה ברי צרפתי,קילוגרמים,1.00,"ק""ג",true,,99.00,99.0000,true,1,161743
7290000002224,false,גבינת כבשים מנצגו,,,גבינת כבשים מנצגו,קילוגרמים,1.00,"ק""ג",true,,149.00,149.0000,true,1,161744
7290000002227,false,קרם ציז אמריקאי פאו,,,"קרם צ""יז אמריקאי פאו",קילוגרמים,1.00,"ק""ג",true,,64.00,64.0000,true,1,109197
7290000002231,false,גבינה גאודה כמון,,,גבינה גאודה כמון,קילוגרמים,1.00,"ק""ג",true,,75.00,75.0000,true,1,108538
7290000002232,false,גבינת גאודה,,,גבינת גאודה,קילוגרמים,1.00,"ק""ג",true,,75.00,75.0000,true,1,108539
7290000002234,false,תחליף גבינה דנבלו,,,גבינת דנאבלו,קילוגרמים,1.00,"ק""ג",true,,69.00,69.0000,true,1,106965
7290000002240,false,גבינה גאודה פסטו,,,גבינה גאודה פסטו,קילוגרמים,1.00,"ק""ג",true,,119.00,119.0000,true,1,162850
7290000002243,false,גבינה פושחונסקי,,,גבינות פושחונסקי,קילוגרמים,1.00,"ק""ג",true,,79.00,79.0000,true,1,107700
7290000002249,false,גבינה גאודה עיזים בל,,,גבינה גאודה,קילוגרמים,1.00,"ק""ג",true,,159.00,159.0000,true,1,165300
7290000002273,false,גבינה וינו עזים ביין,,,גבינה וינו עיזים ביין,קילוגרמים,1.00,"ק""ג",true,,139.00,139.0000,true,1,205141
7290000002285,false,גבינה מנורי צאן יוונ,,,גבינה מנורי צאן יווני בלוק,קילוגרמים,1.00,"ק""ג",true,,119.00,119.0000,true,1,210718
7290000002304,false,גבינה גאודה עגול,פריזלנד,,"גבינה ""גאודה"" עגול",קילוגרמים,1.00,"ק""ג",true,,79.00,79.0000,true,1,106971
7290000002313,false,גבינת מאסדם אמנטל,פריזלנד,,"גבינת ""אמנטל""",קילוגרמים,1.00,"ק""ג",true,,79.00,79.0000,true,1,110434
7290000002511,false,גבינת גלבוע 22%,,,גבינת גלבוע 22%,קילוגרמים,1.00,"ק""ג",true,,42.58,42.5800,true,1,109815
7290000002523,false,טוסטי ארוז,,,טוסטי ארוז,קילוגרמים,1.00,"ק""ג",true,,40.00,40.0000,true,1,107110
7290000002620,false,גבינה צהובה נעם 22%,,,גבינה צהובה נעם 22%,קילוגרמים,1.00,"ק""ג",true,,42.58,42.5800,true,1,111071
7290000002636,false,גבינה צהובה נעם 28%,,,גבינה צהובה נעם 28%,קילוגרמים,1.00,"ק""ג",true,,44.79,44.7900,true,1,139141
7290000002700,false,מוצרלה/הולנדית/שוויצ,,,מוצרלה/הולנדית/שוויצרית/צדר,קילוגרמים,1.00,"ק""ג",true,,45.00,45.0000,true,1,110459
7290000002702,false,תחליף גבינה מעושנת נ,,,תחליף גבינה מעושן,קילוגרמים,1.00,"ק""ג",true,,49.00,49.0000,true,1,110460
7290000002705,false,תחליף גבינה צהובה מע,,,תחליף גבינה צהובה מעושנת 5,קילוגרמים,1.00,"ק""ג",true,,62.00,62.0000,true,1,111079
7290000002833,false,גבינה ברס בלו,בונגראן,,גבינה ברס בלו,קילוגרמים,1.00,"ק""ג",true,,199.00,199.0000,true,1,132833
7290000002852,false,גבינה מימולט,איזוסטמר,,גבינה מימולט,קילוגרמים,1.00,"ק""ג",true,,165.00,165.0000,true,1,161765
7290000002860,false,גבינה דורבלו גלגל,,,גבינה דורבלו גלגל,קילוגרמים,1.00,"ק""ג",true,,169.00,169.0000,true,1,162734
7290000002867,false,גבינה מונטניולו גרמנ,,,גבינת מונטניולו גרמנ,קילוגרמים,1.00,"ק""ג",true,,169.00,169.0000,true,1,110474
7290000002871,false,גאודה הולנדית,,,גאודה הולנדית,קילוגרמים,1.00,"ק""ג",true,,79.00,79.0000,true,1,108614
7290000002883,false,גבינה צדר גרמני אדום,,,גבינה צדר גרמני אדום,קילוגרמים,1.00,"ק""ג",true,,89.00,89.0000,true,1,107015
7290000002889,false,גורגונזולה פיקנטי/דו,,,גורגונזולה פיקנטי/דו,קילוגרמים,1.00,"ק""ג",true,,189.00,189.0000,true,1,107742
7290000002897,false,גבינה גאודה עם רוטב,,,גבינה גאודה עם רוטב חריף סמבל,קילוגרמים,1.00,"ק""ג",true,,119.00,119.0000,true,1,162715
7290000002928,false,פטה עיזים,מחלבת המושבה,,פטה עיזים,קילוגרמים,1.00,"ק""ג",true,,109.00,109.0000,true,1,109845
7290000002929,false,ברינזה צאן,מחלבת המושבה,,ברינזה צאן,קילוגרמים,1.00,"ק""ג",true,,89.00,89.0000,true,1,111096
7290000002931,false,גבינה בולגרית 5% מסו,מחלבת המושבה,,גבינה בולגרית קשה 5%,קילוגרמים,1.00,"ק""ג",true,,49.00,49.0000,true,1,109227
7290000002932,false,גבינת קאש,מחלבת המושבה,,גבינת קאש,קילוגרמים,1.00,"ק""ג",true,,49.00,49.0000,true,1,109846
7290000002934,false,גבינת שמנת 30% טבעי,מחלבת המושבה,,גבינת שמנת 30% טבעי,קילוגרמים,1.00,"ק""ג",true,,55.00,55.0000,true,1,109847
7290000002935,false,לאבנה טבעי,מחלבת המושבה,,לאבנה טבעי,קילוגרמים,1.00,"ק""ג",true,,39.00,39.0000,true,1,107466
7290000002937,false,טבורוג טבעי,מחלבת המושבה,,טבורוג טבעי,קילוגרמים,1.00,"ק""ג",true,,36.00,36.0000,true,1,107468
7290000002960,false,גבינה בולגרית 5%/16%,מחלבת המושבה,,גבינה בולגרית חלקה 5,קילוגרמים,1.00,"ק""ג",true,,55.00,55.0000,true,1,110487
7290000002970,false,אצבעות שוקולד,מחלבת המושבה,,אצבעות שוקולד,קילוגרמים,1.00,"ק""ג",true,,69.00,69.0000,true,1,158204
7290000002982,false,גבינה ערקית,מחלבת המושבה,,גבינה ערקית,קילוגרמים,1.00,"ק""ג",true,,75.00,75.0000,true,1,107476
7290000002983,false,גבינת מנצגו/תום/פקור,מחלבת המושבה,,"גבינת מנצ""גו/תום/פיק",קילוגרמים,1.00,"ק""ג",true,,159.00,159.0000,true,1,109232
7290000002995,false,גבינת שמנת שום שמיר,,,גבינת שמנת שום שמיר 30%,קילוגרמים,1.00,"ק""ג",true,,55.00,55.0000,true,1,109854
7290000003011,false,נקניק לבובסקיה,מעדני בשר השוקת,,נקניק לבובסקיה,קילוגרמים,1.00,"ק""ג",true,,79.00,79.0000,true,1,109857
7290000003025,false,פסטרמה עננים,מעדני בשר השוקת,,פסטרמה עננים,קילוגרמים,1.00,"ק""ג",true,,85.00,85.0000,true,1,110491
7290000003028,false,סטייק סטוליצני,מעדני בשר השוקת,,"סטייק סטוליצ""ני",קילוגרמים,1.00,"ק""ג",true,,95.00,95.0000,true,1,111106
7290000003034,false,שייקה הונגרי\צוואר מ,מעדני בשר השוקת,,שייקה הונגרי\צוואר מעושן,קילוגרמים,1.00,"ק""ג",true,,109.00,109.0000,true,1,110492
7290000003036,false,נקניק בוקובינסקיה/או,מעדני בשר השוקת,,נקניק בוקובינסקיה/אודסקיה,קילוגרמים,1.00,"ק""ג",true,,75.00,75.0000,true,1,162185
7290000004791,true,סנטה שוקולד קישוט,,,סנטה שוקולד קישוט,פריט,0.00,פריט,false,,1.49,0.0000,true,1,107251
7290000005826,false,סוכריות על מקל רושן,,,סוכריות על מקל רושן,Unknown,0.00,Unknown,false,,2.90,0.0000,true,1,110599
7290000006107,false,צימצה,,,"צ""ימצ""ה",קילוגרמים,1.00,"ק""ג",true,,59.00,59.0000,true,1,109357
7290000006130,false,עגבניות שרי,סלטי עמים ברדה,,עגבניות שרי,קילוגרמים,1.00,"ק""ג",true,,49.00,49.0000,true,1,111234
7290000006131,false,פלפל אדום במרינדה,,,פלפל אדום במרינדה,קילוגרמים,1.00,"ק""ג",true,,49.00,49.0000,true,1,109993
7290000006132,false,עגבניות אדומות מוחמצ,סלטי עמים ברדה,,עגבניות אדומות,קילוגרמים,1.00,"ק""ג",true,,39.00,39.0000,true,1,110614
7290000006134,false,עגבניות ירוקות,,,עגבניות ירוקות,קילוגרמים,1.00,"ק""ג",true,,39.00,39.0000,true,1,111235
7290000006136,false,מלפפון במלח,,,מלפפון במלח,קילוגרמים,1.00,"ק""ג",true,,39.00,39.0000,true,1,108757
7290000006149,false,כרוב כבוש,סלטי עמים ברדה,,כרוב כבוש,קילוגרמים,1.00,"ק""ג",true,,29.00,29.0000,true,1,107817
7290000006173,false,פטריות במרינדה במשקל,,,פטריות במשקל,קילוגרמים,1.00,"ק""ג",true,,69.00,69.0000,true,1,110616
7290000006331,false,גבינה מוצרלה נקניק ט,,,גבינה מוצרלה נקניק טבעי,קילוגרמים,1.00,"ק""ג",true,,79.00,79.0000,true,1,108774
7290000006340,false,גבינה קממבר בקר,,,גבינת ברי פקאן נחשון,קילוגרמים,1.00,"ק""ג",true,,95.00,95.0000,true,1,108776
7290000006351,false,מוצרלה נקניק מעושן,,,מוצרלה נקניק מעושן,קילוגרמים,1.00,"ק""ג",true,,89.00,89.0000,true,1,162816
7290000006362,false,גבינה ברי פקאן משולש,,,גבינת ברי פקאן משולש צאן 22%,קילוגרמים,1.00,"ק""ג",true,,135.00,135.0000,true,1,162843
7290000006387,false,כרוב ארמני/מקסיקני,,,כרוב ארמני/מקסיקני,קילוגרמים,1.00,"ק""ג",true,,39.00,39.0000,true,1,110014
7290000006595,false,טבורוג קיבוצני,,,טבורוג קיבוצני,קילוגרמים,1.00,"ק""ג",true,,49.00,49.0000,true,1,205153
7290000006596,false,גבינה צאן,,,גבינה צאן,קילוגרמים,1.00,"ק""ג",true,,99.00,99.0000,true,1,204872
7290000006701,false,דג אמור לבן מעושן,,,דג אמור לבן מעושן,קילוגרמים,1.00,"ק""ג",true,,119.00,119.0000,true,1,160925
7290000006703,false,בייבי סלמון,,,בייבי סלמון,קילוגרמים,1.00,"ק""ג",true,,159.00,159.0000,true,1,162349
7290000006704,false,סלמון נורווגי פרוס,,,סלמון נורבגי פרוס,קילוגרמים,1.00,"ק""ג",true,,199.00,199.0000,true,1,162339
7290000006705,false,פלטוס,,,פלטוס,קילוגרמים,1.00,"ק""ג",true,,149.00,149.0000,true,1,162346
7290000007353,false,פורל בעישון חם,הרמס דגים,,פורל בעישון חם שלם,קילוגרמים,1.00,"ק""ג",true,,159.00,159.0000,true,1,158134
7290000007388,false,דג סלמון בעישון קר פ,,,דג סלמון בעישון קר פרוס,קילוגרמים,1.00,"ק""ג",true,,189.00,189.0000,true,1,211964
7290000007410,false,סלט אצות ים בטעמים,,,סלט אצות ים בטעמים,קילוגרמים,1.00,"ק""ג",true,,55.00,55.0000,true,1,108527
7290000007602,false,דג מקרל מעושן גדול,,,דג מקרל מעושן גדול,קילוגרמים,1.00,"ק""ג",true,,89.00,89.0000,true,1,164749
7290000007603,false,דג מקרל בעישון חם גד,,,דג מקרל בעישון חם גדול פיקלינג,קילוגרמים,1.00,"ק""ג",true,,99.00,99.0000,true,1,164750
7290000007605,false,פילה הרינג לבן/אדום/,,,פילה הרינג לבן/אדום/כבוש,קילוגרמים,1.00,"ק""ג",true,,45.00,45.0000,true,1,164752
7290000007611,false,מקרל מלוח,,,מקרל מלוח,קילוגרמים,1.00,"ק""ג",true,,69.00,69.0000,true,1,164758
7290000011559,false,נקניק רוסקיה/זרניסטי,מעדני מניה תעשיות בש,,נקניק רוסקיה/זרניסטיה 420 גר,גרמים,420.00,100 גרם,false,,64.90,15.4524,true,1,229708
7290000016664,false,בקר אסייתי עם חצילים,,,בקר אסייתי עם חצילים,קילוגרמים,1.00,"ק""ג",true,,95.00,95.0000,true,1,225638
7290000016667,false,עוף סיני בלימון חמוץ,,,עוף סיני בלימון חמוץ מתוק,קילוגרמים,1.00,"ק""ג",true,,89.00,89.0000,true,1,226064
7290000016668,false,שרימפס קארי תאילנדי,,,שרימפס קארי תאילנדי,קילוגרמים,1.00,"ק""ג",true,,129.00,129.0000,true,1,226580
7290000016669,false,חריימה דג,,,חריימה דג,קילוגרמים,1.00,"ק""ג",true,,89.00,89.0000,true,1,226581
7290000017007,false,כבד עוף,,,כבד עוף,קילוגרמים,1.00,"ק""ג",true,,19.90,19.9000,true,1,109115
7290000017008,false,לבבות עוף,פנדי עוף,,לבבות עוף,קילוגרמים,1.00,"ק""ג",true,,34.90,34.9000,true,1,106900
7290000017009,false,קורקבני עוף,,,קורקבני עוף,קילוגרמים,1.00,"ק""ג",true,,11.90,11.9000,true,1,110360
7290000017100,false,גרון הודו,,,גרון הודו,קילוגרמים,1.00,"ק""ג",true,,32.90,32.9000,true,1,109122
7290000017101,false,חזה הודו מובחר,,,חזה הודו מובחר,קילוגרמים,1.00,"ק""ג",true,,32.90,32.9000,true,1,109725
7290000017102,false,שוקיים הודו,,,שוקיים הודו,קילוגרמים,1.00,"ק""ג",true,,29.90,29.9000,true,1,107627
7290000017103,false,כנפיים הודו,,,כנפיים הודו,קילוגרמים,1.00,"ק""ג",true,,14.90,14.9000,true,1,109123
7290000017104,false,כבד הודו,,,כבד הודו,קילוגרמים,1.00,"ק""ג",true,,21.90,21.9000,true,1,106904
7290000017105,false,לבבות הודו,,,לבבות הודו,קילוגרמים,1.00,"ק""ג",true,,21.90,21.9000,true,1,109124
7290000017106,false,קורקבני הודו,,,קורקבני הודו,קילוגרמים,1.00,"ק""ג",true,,14.90,14.9000,true,1,110978
7290000017107,false,הודו שלם,,,הודו שלם,קילוגרמים,1.00,"ק""ג",true,,29.90,29.9000,true,1,110979
7290000017109,false,שישליק הודו,,,שישליק הודו,קילוגרמים,1.00,"ק""ג",true,,39.90,39.9000,true,1,109726
7290000017114,false,נתחי חזה הודו,,,נתחי חזה הודו,קילוגרמים,1.00,"ק""ג",true,,29.90,29.9000,true,1,106905
7290000017117,false,ירך הודו,,,ירך הודו,קילוגרמים,1.00,"ק""ג",true,,59.90,59.9000,true,1,110980
7290000017244,false,סינטה עגל טרי מיושן,,,סינטה עגל מיושנת,קילוגרמים,1.00,"ק""ג",true,,99.90,99.9000,true,1,110369
7290000017260,false,אנטריקוט בקר מופשר מ,,,אנטריקוט בקר מופשר מיושן,קילוגרמים,1.00,"ק""ג",true,,109.90,109.9000,true,1,109131
7290000017264,false,כף עגל מצונן,,,אסאדו בקר בוואקום,קילוגרמים,1.00,"ק""ג",true,,67.90,67.9000,true,1,137310
7290000020104,false,סט ספל כפית וצלוחית,,,סט ספל כפית וצלוחית 15*17*8.5 סמ,Unknown,0.00,Unknown,false,1,14.90,0.0000,true,1,223256
7290000023809,false,יין קלאסיק קברנה סוב,,,"יין ""קלאסיק"" קברנה ס",מיליליטרים,750.00,"100 מ""ל",false,1,32.90,4.3867,true,1,107877
7290000023823,false,יין ברקן קלאסיק סובנ,,,"יין ""קלאסיק"" סוביניו",מיליליטרים,750.00,"100 מ""ל",false,1,32.90,4.3867,true,1,108319
7290000023847,false,יין קלאסיק שרדונה 75,,,"יין ""קלאסיק"" שרדונה",מיליליטרים,750.00,"100 מ""ל",false,1,32.90,4.3867,true,1,110041
7290000023977,false,יין קלאסיק מרלו 750,,,"יין ""קלאסיק"" מרלו 750 מ""ל",מיליליטרים,750.00,"100 מ""ל",false,1,32.90,4.3867,true,1,107878
7290000036113,false,פודינג תות ללא סוכר,גלעם,,פודינג תות ללא סוכר,גרמים,100.00,100 גרם,false,1,2.90,2.9000,true,1,110668
7290000036144,false,קורנפלור שקית 200 גר,גלעם,,קורנפלור שקית,גרמים,200.00,100 גרם,false,1,3.90,1.9500,true,1,110669
7290000040042,false,יוגורט תות יופלה 3%,,,יופלה תות 3%,גרמים,150.00,100 גרם,false,1,4.90,3.2667,true,1,108818
7290000040080,false,יוגורט אפרסק יופלה 3,,,יופלה אפרסק 3%,גרמים,150.00,100 גרם,false,1,4.90,3.2667,true,1,108324
7290000040141,true,"50 3%יופלה תפ""ע",,,"50 3%יופלה תפ""ע",מיליליטרים,150.00,"100 מ""ל",false,,4.72,3.1467,true,1,109412
7290000040318,false,גבינה קולאז ברי 125,,,גבינה קולאז ברי בחפי,גרמים,125.00,100 גרם,false,1,19.50,15.6000,true,1,107261
7290000040974,false,חלב טרי דל לקטוז 1 ל,,,חלב טרי דל לקטוז 1 ל,ליטרים,1.00,ליטר,false,1,7.00,7.0000,true,1,107885
7290000041452,false,גבינת קוטג 9% 250 גר,,,"גבינת קוטג"" 9%",גרמים,250.00,100 גרם,false,1,5.50,2.2000,true,1,110048
7290000041858,false,שמנת חמוצה 15% 200 מ,STRAUSS-ISRAEL,,שמנת חמוצה 15%,מיליליטרים,200.00,"100 מ""ל",false,1,2.40,1.2000,true,1,107886
7290000042022,false,משקה חלב בטעם וניל 1,,,חלב תנובה פלוס על הב,ליטרים,1.00,ליטר,false,1,8.00,8.0000,true,1,109415
7290000042404,false,חלב מועשר 3% בשקית 1,STRAUSS-ISRAEL,,חלב 3% 1 ליטר שקית,ליטרים,1.00,ליטר,false,1,5.90,5.9000,true,1,109416
7290000042435,false,חלב 1% קרטון 1 ל,,,חלב דל שומן בקרטון 1,ליטרים,1.00,ליטר,false,1,5.86,5.8600,true,1,110051
7290000042640,false,חלב עמיד 3% 250 מל,,,250 חלב עמיד,מיליליטרים,250.00,"100 מ""ל",false,1,2.90,1.1600,true,1,110052
7290000043012,false,שוקו עמיד 250 מל,,,25שוקו עמיד,מיליליטרים,250.00,"100 מ""ל",false,1,4.90,1.9600,true,1,109418
7290000043814,false,שמנת עמידה לקצפת 38%,,,שמנת עמידה לקצפת 38%,מיליליטרים,250.00,"100 מ""ל",false,1,6.47,2.5880,true,1,108822
7290000043890,false,רויון 1 ל,,,רויון 1 ליטר,ליטרים,1.00,ליטר,false,1,11.90,11.9000,true,1,109419
7290000043944,false,יוגורט 4% 1.5 ל,,,יוגורט 4.5% 1.5 ליטר,ליטרים,1.50,ליטר,false,1,16.90,11.2667,true,1,108329
7290000044248,false,רויון ביו 1.5% תנובה,,,"רויון 500 מ""ל קר",מיליליטרים,500.00,"100 מ""ל",false,1,6.90,1.3800,true,1,111289
7290000044712,false,יוגורט עם תות פרילי,,,"פרילי תות 500 מ""ל",מיליליטרים,500.00,"100 מ""ל",false,1,11.90,2.3800,true,1,109420
7290000044880,false,יוגורט בטעם תות 3% ב,,,"באדי תות 500 מ""ל",גרמים,500.00,100 גרם,false,1,8.90,1.7800,true,1,107888
7290000045573,false,גבינה משולשת נעמה 20,,,גבינה משולשת נעמה 20,גרמים,200.00,100 גרם,false,1,15.90,7.9500,true,1,107889
7290000045580,false,גבינה משולשת חורש 24,,,גבינה משולשת חורש,גרמים,240.00,100 גרם,false,1,18.90,7.8750,true,1,107890
7290000045917,false,גבינת קולאז עיזים 20,,,"קולאז"" גבינת עיזים (",גרמים,200.00,100 גרם,false,1,26.90,13.4500,true,1,109421
7290000047546,false,גבינה לבנה כנען 500,,,גבינה לבנה כנען 500 גר,גרמים,500.00,100 גרם,false,1,24.90,4.9800,true,1,107266
7290000048185,false,גבינה למריחה 5% 250,,,גבינה למריחה 5% 250,גרמים,250.00,100 גרם,false,1,4.90,1.9600,true,1,107267
7290000048192,false,גבינה למריחה 9% 250,,,גבינה למריחה 9% 250,גרמים,250.00,100 גרם,false,1,4.90,1.9600,true,1,107268
7290000048413,false,גבינה חמד 16% 250 גר,,,גבינה מלוחה חמד,גרמים,250.00,100 גרם,false,1,17.90,7.1600,true,1,108351
7290000048437,false,גבינה צפתית פיראוס 5,,,גבינה צפתית פיראוס 5% 200 גר,גרמים,200.00,100 גרם,false,1,14.90,7.4500,true,1,109426
7290000050447,false,יוגורט ביו בטעם תות,,,"יופלה ""YYY"" תות 3% 5",גרמים,500.00,100 גרם,false,1,13.90,2.7800,true,1,107892
7290000050454,false,יוגורט ביו 3% בטעם א,,,"יופלה ""YYY"" אפרסק 3%",מיליליטרים,500.00,"100 מ""ל",false,1,13.90,2.7800,true,1,108827
7290000051352,false,חלב של פעם מלא 3.5%,,,חלב של פעם מלא 3.5%,ליטרים,1.00,ליטר,false,1,7.70,7.7000,true,1,107270
7290000051376,false,יוגורט ביו דיאט 0% א,,,יופלה דיאט אננס ספור,גרמים,150.00,100 גרם,false,1,4.90,3.2667,true,1,108829
7290000051710,false,גבינת לבנה עם שמן זי,,,פיראוס לבנה עם שמן ז,גרמים,263.00,100 גרם,false,1,13.90,5.2852,true,1,107271
7290000052304,false,משקה חלב בטעם מוקה ת,,,"""שוק"" מוקה בקבוק 340",מיליליטרים,340.00,"100 מ""ל",false,1,6.50,1.9118,true,1,108833
7290000052311,false,גבינה עמק פרוס בקופס,,,עמק פרוס בקופסה 15%,גרמים,200.00,100 גרם,false,1,16.90,8.4500,true,1,108834
7290000052649,false,גבינת פיראוס לאבנה 5,,,גבינת פיראוס לאבנה 5% 500 גר,גרמים,500.00,100 גרם,false,1,19.90,3.9800,true,1,110058
7290000055206,true,גבינה לבנה למריחה 5%,,,גבינה לבנה בטעם בצל,גרמים,250.00,100 גרם,false,1,5.50,2.2000,true,1,110576
7290000055329,false,משקה יוגורט בטעם תות,,,"משקה יוגורט ""יופלה""",גרמים,250.00,100 גרם,false,1,5.50,2.2000,true,1,111310
7290000055336,false,משקה יוגורט עם בננה,,,"משקה יוגורט ""יופלה""",גרמים,250.00,100 גרם,false,1,5.50,2.2000,true,1,107279
7290000055343,false,משקה יוגורט מנגו פסי,,,"משקה יוגורט ""יופלה""",גרמים,250.00,100 גרם,false,1,5.50,2.2000,true,1,108365
7290000056272,true,גבינה לבנה עם זיתים,,,גבינה לבנה עם זיתים,גרמים,225.00,100 גרם,false,1,5.50,2.4444,true,1,110584
7290000056845,false,חלב טרי הומוגני 3% 1,,,חלב טרי הומוגני 3% 1.5 ליטר,מיליליטרים,1500.00,"100 מ""ל",false,1,9.34,0.6227,true,1,107909
7290000056883,false,יוגורט בטעמים שונים,,,"מאגדת ""יופלה"" טעמים",גרמים,1200.00,100 גרם,false,1,31.90,2.6583,true,1,110692
7290000056890,false,יוגורט דיאט שמיניה י,,,יופלה דיאט מארז 8 יח,גרמים,1200.00,100 גרם,false,1,31.90,2.6583,true,1,107285
7290000056906,true,יוגורט ביו 1.5% יופל,,,מאגדת שמינייה יופלה,גרמים,1200.00,100 גרם,false,1,17.20,1.4333,true,1,111209
7290000056951,false,שמנת לבישול 15% 500,,,שמנת לבישול 15% 500מ,מיליליטרים,500.00,"100 מ""ל",false,1,16.90,3.3800,true,1,111313
7290000056968,false,שמנת מתוקה להקצפה 38,,,שמנת מתוקה להקצפה 38,מיליליטרים,500.00,"100 מ""ל",false,1,12.94,2.5880,true,1,110693
7290000057088,false,גבינה עמק דק 200 גר,,,"גבינה עמק דק 200גר""",גרמים,200.00,100 גרם,false,1,16.90,8.4500,true,1,108845
7290000057118,true,גבינה עמק קלאסית 400,,,גבינה סמי עמק 400 גר,גרמים,400.00,100 גרם,false,1,21.90,5.4750,true,1,109971
7290000057132,false,יוגורט ביו 1.5% 200,,,"יוגורט ""תנובה"" 1.5%",גרמים,200.00,100 גרם,false,1,3.10,1.5500,true,1,109444
7290000057552,true,יוגורט עוגת גבינה ות,,,דייאט יופלה עוגת גבינה ותות 0% 150 גר,גרמים,150.00,100 גרם,false,1,4.90,3.2667,true,1,134939
7290000058047,true,שמנת 38% עמידה 500 מ,,,שמנת 38% עמידה 500 מל,מיליליטרים,500.00,"100 מ""ל",false,1,12.94,2.5880,true,1,135752
7290000060156,false,אטריות ביצים דקות 20,אסם,,אטריות ביצים דקות 200 גר,גרמים,200.00,100 גרם,false,1,6.90,3.4500,true,1,111315
7290000060200,false,פתיתים אפויים קוסקוס,אסם,,פתיתים אפויים קוסקוס,גרמים,500.00,100 גרם,false,1,7.90,1.5800,true,1,111316
7290000060217,false,"פסטה מקרוני 500 ג""ר",זארה,,"פסטה מקרוני 500 ג""ר",גרמים,500.00,100 גרם,false,1,5.90,1.1800,true,1,107288
7290000060248,false,אטריות אסם תלתלים 50,זארה,,אטריות אסם תלתלים 500 גר,גרמים,500.00,100 גרם,false,1,5.90,1.1800,true,1,107289
7290000060316,false,פרפקטו ספגטי 3 500 ג,זארה,,פרפקטו ספגטי (3) 500,גרמים,500.00,100 גרם,false,1,6.90,1.3800,true,1,110701
7290000060330,false,פרפקטו ספירלי 57 500,זארה,,פרפקטו ספירלי (57) 5,גרמים,500.00,100 גרם,false,1,6.90,1.3800,true,1,108371
7290000060408,false,פתיתים אפויים טבעות,אסם,,פתיתים אפויים טבעות,גרמים,500.00,100 גרם,false,1,7.90,1.5800,true,1,110702
7290000060576,false,פתיתים אפויים כוכבים,אסם,,פתיתים אפויים כוכבים,גרמים,500.00,100 גרם,false,1,7.90,1.5800,true,1,111317
7290000060781,false,פתיתים אסם מסולסלים,זארה,,פתיתים אסם מסולסלים,גרמים,500.00,100 גרם,false,1,5.90,1.1800,true,1,110704
7290000060842,false,פסטה אסם צדפים גדולי,זארה,,פסטה אסם צדפים גדולי,גרמים,500.00,100 גרם,false,1,5.90,1.1800,true,1,109451
7290000060880,false,"ספגטי אסם (3) 500 ג""",זארה,,"ספגטי אסם (3) 500 ג""",גרמים,500.00,100 גרם,false,1,5.90,1.1800,true,1,107291
7290000060903,false,פתיתים אפויים אורז 5,אסם,,פתיתים אפויים אורז 5,גרמים,500.00,100 גרם,false,1,7.90,1.5800,true,1,108374
7290000060965,false,אסם אטריות רחבות 400,אסם,,אסם אטריות רחבות 400,גרמים,400.00,100 גרם,false,1,6.90,1.7250,true,1,108850
7290000061061,false,קרקר בצל 250 גרם,אסם,,"קרקר בצל 250 ג""ר",גרמים,250.00,100 גרם,false,1,9.90,3.9600,true,1,107292
7290000061085,false,רוטב צילי מתוק 345 ג,אסם,,"רוטב צ""ילי מתוק 290",גרמים,345.00,100 גרם,false,1,10.90,3.1594,true,1,108376
7290000061214,false,פתיתי קוסקוס עם בצל,אסם,,פתיתי קוסקוס עם בצל,גרמים,500.00,100 גרם,false,1,7.90,1.5800,true,1,111319
7290000061450,false,פתיתים אפויים קוסקוס,אסם,,פתיתים אפויים קוסקוס,גרמים,500.00,100 גרם,false,1,7.90,1.5800,true,1,110705
7290000061764,false,קפה נמס רד מאג 200 ג,נסטלה ספרד קפה,,קפה נמס רד מאג 200 ג,גרמים,200.00,100 גרם,false,1,24.90,12.4500,true,1,108377
7290000062952,false,אסם מיני קרוטונים למ,עינת,,אסם מיני קרוטונים למ,גרמים,250.00,100 גרם,false,1,14.90,5.9600,true,1,109456
7290000063102,false,קמח תופח מאליו 350 ג,אסם,,קמח תופח מאליו 350 ג,גרמים,350.00,100 גרם,false,1,4.90,1.4000,true,1,110076
7290000063140,false,שקדי מרק רכיבים טבעי,אסם,,שקדי מרק רכיבים טבעי,גרמים,400.00,100 גרם,false,1,10.90,2.7250,true,1,109457
7290000063157,false,קמח תופח מאליו 1 קג,אסם,,"קמח תופח מאליו 1 ק""ג",גרמים,1000.00,100 גרם,false,1,9.90,0.9900,true,1,110709
7290000064758,false,קוסקוס אמיתי בשקית 3,קוסקוס,,קוסקוס אמיתי בשקית 3,גרמים,350.00,100 גרם,false,1,7.90,2.2571,true,1,107918
7290000064871,false,"מנה חמה פירה תפו""א ו",אסם,,"מנה חמה פירה תפו""א ו",גרמים,87.00,100 גרם,false,1,6.90,7.9310,true,1,110078
7290000065557,false,מנה חמה קוסקוס עם יר,אסם,,מנה חמה קוסקוס עם יר,גרמים,84.00,100 גרם,false,1,6.90,8.2143,true,1,108856
7290000065599,false,פילה מרלוזה,,,פילה מרלוזה,קילוגרמים,1.00,"ק""ג",true,,39.90,39.9000,true,1,224591
7290000066196,false,ביסלי בטעם גריל 200,אסם,,ביסלי בטעם גריל 200,גרמים,200.00,100 גרם,false,1,7.90,3.9500,true,1,107922
7290000066295,false,במבה מתוקה בטעם תות,אסם,,במבה מתוקה מחומרים ט,גרמים,30.00,100 גרם,false,1,2.90,9.6667,true,1,110715
7290000066332,false,חטיף אפרופו 50 גרם,אסם,,"אפרופו 50 ג""ר",גרמים,50.00,100 גרם,false,1,4.90,9.8000,true,1,107299
7290000066431,false,פופקו חטיף תירס בטעם,אסם,,פופקו חטיף תירס בטעם,גרמים,80.00,100 גרם,false,1,4.90,6.1250,true,1,110080
7290000067735,false,נייוקי תפוא פרפקטו א,איטלניוקי,,"ניוקי בצקיות מתפו""א",גרמים,500.00,100 גרם,false,1,11.90,2.3800,true,1,111326
7290000068138,false,פודינג אינסטנט וניל,אסם,,פודינג אינסטנט בטעם,גרמים,80.00,100 גרם,false,1,5.40,6.7500,true,1,107925
7290000068190,false,גלי בטעם תות פרווה א,אסם,,"ג""לי בזק בטעם תות שד",גרמים,90.00,100 גרם,false,1,5.90,6.5556,true,1,110085
7290000068343,false,פריכונים מאורז מלא 1,פרח תעשיות,,פריכונים מאורז מלא 1,גרמים,140.00,100 גרם,false,1,7.90,5.6429,true,1,107303
7290000068701,false,שקדי מרק רכיבים טבעי,אסם,,שקדי מרק רכיבים טבעי,גרמים,400.00,100 גרם,false,1,15.90,3.9750,true,1,108870
7290000069609,false,חטיפי קרקר עם זעתר 3,אסם,,חטיפי קרקר עם זעתר 3,גרמים,300.00,100 גרם,false,1,10.90,3.6333,true,1,109472
7290000070308,false,אבקת מרק עוף אמיתי,אסם,,אבקת מרק עוף אמיתי בשרי אסם 400 גר,גרמים,400.00,100 גרם,false,1,19.90,4.9750,true,1,110093
7290000070353,false,אבקת מרק בצל רכיבים,אסם,,אבקת מרק בצל רכיבים,גרמים,400.00,100 גרם,false,1,21.90,5.4750,true,1,107307
7290000071008,false,בייגלה שטוחים עם מלח,אסם,,בייגלה שטוחים עם מלח,גרמים,80.00,100 גרם,false,1,3.00,3.7500,true,1,108414
7290000072067,false,במבה במילוי קרם חלוו,אסם,,במבה במילוי קרם חלבה,גרמים,60.00,100 גרם,false,1,4.90,8.1667,true,1,109477
7290000072241,false,רוטב פיצה 320 גרם,אסם,,"רוטב פיצה 290 מ""ל",גרמים,320.00,100 גרם,false,1,10.90,3.4063,true,1,107934
7290000072623,false,קטשופ בקבוק לחיץ 750,אסם,,קטשופ בקבוק לחיץ 750,גרמים,750.00,100 גרם,false,1,10.90,1.4533,true,1,110727
7290000072753,false,קפה טסטר צויס 200 גר,נסטלה קוריאה - קפה,,"קפה טסטר צ""ויס 200 גר",גרמים,200.00,100 גרם,false,1,29.90,14.9500,true,1,108416
7290000072777,false,קפה נמס נטול קפאין ט,נסטלה קוריאה - קפה,,"""טסטר צ""ויס"" נטול קו",גרמים,200.00,100 גרם,false,1,39.90,19.9500,true,1,107937
7290000072968,false,סיני מיניס דגני בוקר,נסטלה פולין דגני בוק,,סיני מיניס דגני בוקר 500 גר,גרמים,500.00,100 גרם,false,1,21.90,4.3800,true,1,110099
7290000073125,false,מנה חמה פסטה עם עגבנ,אסם,,מנה חמה פסטה עם עגבנ,גרמים,62.00,100 גרם,false,1,6.90,11.1290,true,1,108879
7290000073750,false,מנה חמה נודלס אטריות,טאי רזידנט,,מנה חמה נודלס - אטרי,גרמים,71.00,100 גרם,false,1,6.90,9.7183,true,1,110729
7290000073774,false,מנה חמה נודלס פיקנטי,טאי רזידנט,,מנה חמה נודלס - אטרי,גרמים,71.00,100 גרם,false,1,6.90,9.7183,true,1,110100
7290000074184,false,פתי בר 500 גר,אסם,,"פתי בר 500 ג""ר",גרמים,500.00,100 גרם,false,1,11.90,2.3800,true,1,110101
7290000074245,false,קרם קרקר 250 גר,אסם,,"קרם קרקר 250 ג""ר",גרמים,250.00,100 גרם,false,1,9.90,3.9600,true,1,109483
7290000074481,false,לחמית עם אגוזים 160,אסם,,לחמית עם אגוזים 160,גרמים,160.00,100 גרם,false,1,9.90,6.1875,true,1,110731
7290000075396,true,מארז שלישייה סמרטיז,,,מארז שלישייה סמרטיז,פריט,0.00,פריט,false,,14.99,0.0000,true,1,108421
7290000076119,true,"שלישיית ""קיט-קאט"" צ""",,,"שלישיית ""קיט-קאט"" צ""",פריט,0.00,פריט,false,,14.99,0.0000,true,1,109488
7290000076126,false,בייגלה שמיניות קטנות,אסם,,בייגלה שמיניות קטנות80גר,גרמים,80.00,100 גרם,false,1,3.00,3.7500,true,1,110106
7290000076164,true,"שלישיית ""קיט-קאט"" צ""",,,"שלישיית ""קיט-קאט"" צ""",פריט,0.00,פריט,false,,14.99,0.0000,true,1,107943
7290000077253,false,לחמית כפרית 190 גר,אסם,,לחמית כפרית 190 גרם,גרמים,190.00,100 גרם,false,1,9.90,5.2105,true,1,108884
7290000077925,false,טוסטעים צנימים עגולי,ון-דר-מולן,,טוסטעים צנימים עגולי,גרמים,125.00,100 גרם,false,1,9.90,7.9200,true,1,111341
7290000078212,false,קרוטונים מתובלים 250,עינת,,קרוטונים מתובלים 250,גרמים,250.00,100 גרם,false,1,14.90,5.9600,true,1,111343
7290000079233,false,קרם קרקר דל נתרן 250,אסם,,קרם קרקר דל נתרן 250,גרמים,250.00,100 גרם,false,1,9.90,3.9600,true,1,110740
7290000080765,false,טוסטעים פת קלויה שומ,ון-דר-מולן,,טוסטעים פת קלויה שומ,גרמים,100.00,100 גרם,false,1,9.90,9.9000,true,1,107326
7290000094530,false,דג בקלה ארוז,,,דג בקלה ארוז,קילוגרמים,1.00,"ק""ג",true,,21.90,21.9000,true,1,209303
7290000094882,false,פלאונדר דג סול שלם,,,פלאונדר דג סול שלם,קילוגרמים,1.00,"ק""ג",true,,24.90,24.9000,true,1,228697
7290000101927,false,אוכמניות כחולות סנפר,,,אוכמניות כחולות סנפרוסט קפוא 300 גר,גרמים,300.00,100 גרם,false,1,14.90,4.9667,true,1,193693
7290000103730,false,לקט להקפצה עם פסטה פ,,,לקט להקפצה עם פסטה פ,גרמים,800.00,100 גרם,false,1,19.90,2.4875,true,1,111346
7290000103815,false,לקט להקפצה תאילנדי 8,,,לקט להקפצה תאילנדי,גרמים,800.00,100 גרם,false,1,19.90,2.4875,true,1,133150
7290000104201,false,אפונה עדינה 600 גר,,,"אפונה עדינה 600 ג""ר",גרמים,600.00,100 גרם,false,1,17.90,2.9833,true,1,107327
7290000104515,true,"תירס גרין ""פרי גליל""",,,"תירס גרין ""פרי גליל""",פריט,0.00,פריט,false,,6.99,0.0000,true,1,108891
7290000104676,false,אפונת גינה 800 גר,,,"אפונת גינה 800 ג""ר",גרמים,800.00,100 גרם,false,1,17.90,2.2375,true,1,108432
7290000104683,false,שעועית ירוקה שלמה 80,,,שעועית ירוקה שלמה 80,גרמים,800.00,100 גרם,false,1,17.90,2.2375,true,1,108892
7290000104690,false,גרעיני תירס 800 גר,,,"גרעיני תירס 800 ג""ר",גרמים,800.00,100 גרם,false,1,17.90,2.2375,true,1,111350
7290000104720,false,שעועית ירוקה חתוכה 8,,,שעועית ירוקה חתוכה 8,גרמים,800.00,100 גרם,false,1,15.90,1.9875,true,1,110121
7290000104744,false,כרובית קפואה 800 גר,,,כרובית קפואה,גרמים,800.00,100 גרם,false,1,21.90,2.7375,true,1,108893
7290000104751,false,כרוב ניצנים 800 גר,,,"כרוב ניצנים 800 גר""",גרמים,800.00,100 גרם,false,1,21.90,2.7375,true,1,108433
7290000104768,false,עלי תרד מוקפאים 800,סנפרוסט,,עלי תרד מוקפאים 800 גר,גרמים,800.00,100 גרם,false,1,21.90,2.7375,true,1,140174
7290000104805,false,גרגירי חומוס קפוא 80,,,גרגירי חומוס קפוא 80,גרמים,800.00,100 גרם,false,1,17.90,2.2375,true,1,110122
7290000104904,false,לקט ירקות 800 גר,,,"לקט ירקות 800 גר""",גרמים,800.00,100 גרם,false,1,19.90,2.4875,true,1,107952
7290000104911,false,לקט נורמנדי 800 גר,,,"לקט נורמנדי 800 ג""ר",גרמים,800.00,100 גרם,false,1,17.90,2.2375,true,1,108894
7290000106526,false,חגיגה ירוקה להקפצה 8,,,חגיגה ירוקה להקפצה 800 גר,גרמים,800.00,100 גרם,false,12,19.90,2.4875,true,1,207041
7290000107165,false,פולי סויה בתרמיל 400,,,פולי סויה בתרמיל 400,גרמים,400.00,100 גרם,false,1,13.90,3.4750,true,1,107954
7290000107189,false,תחתיות ארטישוק 400 ג,,,תחתיות ארטישוק 400 ג,גרמים,400.00,100 גרם,false,1,21.90,5.4750,true,1,110747
7290000107295,false,תפרחות ברוקולי 800 ג,,,תפרחות ברוקולי 800 ג,גרמים,800.00,100 גרם,false,1,21.90,2.7375,true,1,107330
7290000107615,false,מנה אסייטית צבעונית,,,מנה אסייטית צבעונית ועשירה 800 גר,גרמים,800.00,100 גרם,false,12,19.90,2.4875,true,1,207042
7290000107622,false,פסטה וירקות איטליה 8,,,פסטה וירקות איטליה,גרמים,800.00,100 גרם,false,12,19.90,2.4875,true,1,207043
7290000107677,false,שעועית צהובה עדינה ש,,,"שעועית צהובה עדינה שלמה ""סנפרוסט"" 600גר",גרמים,600.00,100 גרם,false,1,21.90,3.6500,true,1,134036
7290000110844,false,כיפלי גריל 70 גר בדץ,אתר שפע,,"כיפלי גריל 70 ג""ר בד",גרמים,70.00,100 גרם,false,1,4.90,7.0000,true,1,108898
7290000110851,false,כיפלי בצל 70 גר בדץ,אתר שפע,,"כיפלי בצל 70 ג""ר בד""",גרמים,70.00,100 גרם,false,1,4.90,7.0000,true,1,107957
7290000111186,false,מיונז תלמה 500 גר,אתר חיפה ממרחים,,"מיונז תלמה 500 ג""ר",גרמים,500.00,100 גרם,false,1,9.90,1.9800,true,1,107958
7290000111353,false,מיונז תלמה 1 קג,אתר חיפה ממרחים,,"מיונז ""תלמה"" 1 ק""ג",קילוגרמים,1.00,"ק""ג",false,1,16.90,16.9000,true,1,108899
7290000111360,false,חרדל תלמה 250 גר,אתר חיפה ממרחים,,חרדל תלמה 250 גר,גרמים,250.00,100 גרם,false,1,5.90,2.3600,true,1,110751
7290000111384,false,חרדל תלמה 550 גר,אתר חיפה ממרחים,,"חרדל ""תלמה"" 550 ג""ר",גרמים,550.00,100 גרם,false,1,8.90,1.6182,true,1,109497
7290000113180,false,כפלי ציפס בדצ 50 גר,אתר שפע,,"כפלי ציפס בד""צ 50 גר",גרמים,50.00,100 גרם,false,1,4.90,9.8000,true,1,108902
7290000116204,false,מרק דגש תלמה בטעם עו,אתר חיפה אבקות,,"מרק דגש ""תלמה"" בטעם",קילוגרמים,1.00,"ק""ג",false,1,14.90,14.9000,true,1,108439
7290000118277,false,קניידלך קנור 65 גר,אתר חיפה אבקות,,"קניידלך ""קנור"" 65 ג""",גרמים,130.00,100 גרם,false,1,9.90,7.6154,true,1,107968
7290000121093,false,גבינה מון בלאן שוויצ,שלושת האופים,,"גבינת ""מון בלאן שווי",גרמים,120.00,100 גרם,false,1,11.90,9.9167,true,1,107972
7290000121109,false,גבינה מון בלאן עם זי,שלושת האופים,,"גבינת ""מון בלאן זיתי",גרמים,120.00,100 גרם,false,1,11.90,9.9167,true,1,108445
7290000121147,false,גבינת מון בלאן פיקנט,שלושת האופים,,"גבינת ""מון בלאן פיקנ",גרמים,120.00,100 גרם,false,1,11.90,9.9167,true,1,109511
7290000121154,false,גבינת מון בלאן סלמון,שלושת האופים,,"גבינת ""מון בלאן סלומ",גרמים,120.00,100 גרם,false,1,11.90,9.9167,true,1,111368
7290000122830,false,רוטב קנור סצואן 370,אתר חיפה 778,,"רוטב קנור סצ""ואן בקב",גרמים,370.00,100 גרם,false,1,10.90,2.9459,true,1,108448
7290000125251,false,שמפו לכביסה עדינה לב,אתר ליוור,,"שמפו ""בדין"" לכביסה ע",ליטרים,2.00,ליטר,false,1,23.90,11.9500,true,1,110763
7290000129457,false,רוטב פטריות קנור 28,אתר חיפה אבקות,,רוטב פטריות קנור 28 גר,גרמים,28.00,100 גרם,false,1,3.90,13.9286,true,1,108918
7290000131782,false,פילה סלמון קפוא,,,פילה סלמון קפוא,קילוגרמים,1.00,"ק""ג",true,,89.90,89.9000,true,1,222215
7290000135311,false,פפסי מקס ליים 1.5 ל,,,פפסי מקס ליים 1.5 ליטר,ליטרים,1.50,ליטר,false,12,7.90,5.2667,true,1,212970
7290000135595,false,פפסי מקס דובדבן 1.5,,,פפסי מקס דובדבן 1.5 ליטר,ליטרים,1.50,ליטר,false,1,7.90,5.2667,true,1,220373
7290000136257,false,פאנק טוניק טמפו 1.5,,,פאנק טוניק טמפו 1.5 ל,ליטרים,1.50,ליטר,false,1,10.90,7.2667,true,1,224050
7290000136264,false,מי טוניק טמפו 1.5 ל,,,מי טוניק טמפו 1.5 ל,ליטרים,1.50,ליטר,false,1,10.90,7.2667,true,1,224049
7290000136516,false,גאמפ מנגו 1.5 ל,,,גאמפ מנגו 1.5 ל,מיליליטרים,1500.00,"100 מ""ל",false,1,7.90,0.5267,true,1,224051
7290000136523,false,גאמפ ענבים 1.5 ל,,,גאמפ ענבים 1.5 ל,מיליליטרים,1500.00,"100 מ""ל",false,1,7.90,0.5267,true,1,224054
7290000136561,false,גאמפ תות בננה 1.5 ל,,,גאמפ תות בננה 1.5 ל,מיליליטרים,1500.00,"100 מ""ל",false,1,7.90,0.5267,true,1,224055
7290000136646,false,בירה נשר מאלט 1.5 ל,,,בירה נשר מאלט 1.5 ל,ליטרים,1.50,ליטר,false,1,9.50,6.3333,true,1,224047
7290000136653,false,בירה נשר מאלט דיאט 1,,,בירה נשר מאלט דיאט 1.5 ל,ליטרים,1.50,ליטר,false,1,9.50,6.3333,true,1,224048
7290000136684,false,פפסי מקס 1.5 ל,,,פפסי מקס 1.5 ל,ליטרים,1.50,ליטר,false,1,7.90,5.2667,true,1,224792
7290000136707,false,מירינדה 1.5 ל,,,מירינדה 1.5 ל,ליטרים,1.50,ליטר,false,1,7.90,5.2667,true,1,224785
7290000136721,false,משקה גאמפ תפוז 1.5 ל,,,משקה גאמפ תפוז 1.5 ל,ליטרים,1.50,ליטר,false,1,7.90,5.2667,true,1,110147
7290000136790,false,מי סודה טמפו 1.5 ל ש,,,מי סודה טמפו 1.5 ל שישיה,ליטרים,9.00,ליטר,false,1,15.90,1.7667,true,1,224036
7290000136844,false,מים מזוככים אקווה נו,,,מים מזוככים אקווה נובה 2 ל שישיה,ליטרים,12.00,ליטר,false,1,11.90,0.9917,true,1,224032
7290000136851,false,סבן אפ 1.5 ל,,,סבן אפ 1.5 ל,ליטרים,1.50,ליטר,false,1,7.90,5.2667,true,1,224790
7290000136868,false,מים מינרליים סאן בנד,,,מים מינרליים סאן בנדטו 1.5 ל שישיה,ליטרים,9.00,ליטר,false,1,18.90,2.1000,true,1,224033
7290000136875,false,מים מינרליים מוגזים,,,מים מינרליים מוגזים סאן בנאדטו 1.5 ל שיש,ליטרים,9.00,ליטר,false,1,18.90,2.1000,true,1,224035
7290000136905,false,סודה טמפו אננס 1.5 ל,,,סודה טמפו אננס 1.5 ל,ליטרים,1.50,ליטר,false,1,3.90,2.6000,true,1,224786
7290000136936,false,סבן אפ דיאט 1.5 ל,,,סבן אפ דיאט 1.5 ל,ליטרים,1.50,ליטר,false,1,7.90,5.2667,true,1,224789
7290000137513,false,גלידונית וניל בציפוי,,,גלידונית וניל בציפוי,גרמים,700.00,100 גרם,false,1,44.90,6.4143,true,1,111374
7290000137643,false,גלידה טעמקור שמיניה,,,גלידה טעמקור 8 יח,גרמים,416.00,100 גרם,false,1,29.90,7.1875,true,1,110770
7290000144160,false,שמן זית בטעם מודגש 7,שמן תעשיות,,שמן זית בטעם מודגש 750 מל,מיליליטרים,750.00,"100 מ""ל",false,1,29.90,3.9867,true,1,108926
7290000144467,false,שמן חמניות בריאות 1,שמן תעשיות,,שמן חמניות בריאות 1 ל,ליטרים,1.00,ליטר,false,1,15.90,15.9000,true,1,111379
7290000144474,false,שמן קנולה בריאות מהט,שמן תעשיות,,שמן קנולה בריאות מהטבע 1 ל,ליטרים,1.00,ליטר,false,1,15.90,15.9000,true,1,109519
7290000149844,false,סבון סינטבון 230 גר,,,סבון סינטבון,גרמים,230.00,100 גרם,false,1,7.90,3.4348,true,1,108461
7290000158105,false,"שניצל דינוזאור ""עוף",עוף טוב,,"שניצל דינוזאור ""עוף טוב"" 700 גר",גרמים,700.00,100 גרם,false,1,29.90,4.2714,true,1,133481
7290000168173,false,ברנפלקס קרנצים 375 ג,אתר שפע,,"ברנפלקס קרנצ""ים 375 גר",גרמים,375.00,100 גרם,false,1,19.90,5.3067,true,1,136777
7290000170077,false,שוקולד מריר פרה 100,STRAUSS-ISRAEL,,"שוקולד ""פרה"" מריר",גרמים,100.00,100 גרם,false,1,5.50,5.5000,true,1,107999
7290000174723,false,שוקולית 500 גר,STRAUSS-ISRAEL,,"שוקולית 500 ג""ר",גרמים,500.00,100 גרם,false,1,11.90,2.3800,true,1,110798
7290000176079,false,קפה טורקי קלוי וטחון,STRAUSS-ISRAEL,,קפה טורקי עם הל,גרמים,100.00,100 גרם,false,1,8.90,8.9000,true,1,110179
7290000176413,false,קפה נמס אבקתי עלית 5,STRAUSS-ISRAEL,,עלית קפה נמס אבקתי 50גר,גרמים,50.00,100 גרם,false,1,9.90,19.8000,true,1,110800
7290000176420,false,קפה נמס אבקתי עלית 2,STRAUSS-ISRAEL,,קפה נמס עלית 200 גר,גרמים,200.00,100 גרם,false,1,19.90,9.9500,true,1,108473
7290000178707,false,חטיף תפוציפס טבעי 50,STRAUSS-ISRAEL,,"תפוצ""יפס מלוח 50 גר""",גרמים,50.00,100 גרם,false,1,3.90,7.8000,true,1,110182
7290000178714,true,100 תפוציפס מלוח,,,100 תפוציפס מלוח,גרמים,100.00,100 גרם,false,,7.39,7.3900,true,1,108476
7290000178721,false,חטיף תפוציפס טבעי 20,STRAUSS-ISRAEL,,"תפוצ""יפס 200 גר""",גרמים,200.00,100 גרם,false,1,10.90,5.4500,true,1,109544
7290000185224,false,סילאן בקבוק לחיץ 650,,,סילאן בקבוק לחיץ 650 גר,גרמים,650.00,100 גרם,false,1,14.90,2.2923,true,1,200524
7290000185330,false,סילאן טבעי 900 גר,,,סילאן טבעי 900 גר,גרמים,900.00,100 גרם,false,1,21.90,2.4333,true,1,200526
7290000186535,false,נייר טואלט לילי טריו,חוגלה קימברלי,,נייר טואלט לילי טריו לבן 32גל,יחידה,1.00,יחידה,false,1,42.90,42.9000,true,1,162430
7290000187860,false,נייר טואלט לח לילי פ,עלבד,,"נייר טואלט ""לילי"" לח",Unknown,0.00,Unknown,false,1,7.90,0.0000,true,1,109154
7290000187921,false,נייר טואלט לילי 32 ג,חוגלה קימברלי,,"נייר טואלט ""לילי"" לב",יחידה,1.00,יחידה,false,1,39.90,39.9000,true,1,109546
7290000187952,false,נייר טואלט לילי טריו,חוגלה קימברלי,,"נייר טואלט ""לילי"" טר",Unknown,0.00,Unknown,false,1,42.90,0.0000,true,1,109547
7290000188553,false,מגני תחתון נורמל קוט,KC China,,"מגיני תחתון ""קוטקס""",Unknown,0.00,Unknown,false,1,17.90,0.0000,true,1,109550
7290000188591,false,קוטקס יאנג מגני תחתו,KC China,,"מגיני תחתון ""קוטקס""",Unknown,0.00,Unknown,false,1,17.90,0.0000,true,1,110185
7290000189079,false,תבניות ניקול עגולות,בראבו,,תבניות ניקול עגולות 5יח,יחידה,6.00,יחידה,false,1,10.90,1.8167,true,1,164173
7290000189192,false,מטלית ניקול חכמה יומ,,,מטלית ניקול חכמה יומית 64 יח,Unknown,0.00,Unknown,false,1,17.90,0.0000,true,1,109551
7290000189260,false,תבניות ניקול מלבניות,בראבו,,תבניות ניקול מלבניות 5יח,יחידה,5.00,יחידה,false,1,10.90,2.1800,true,1,164171
7290000189482,false,תבניות אפייה קרטון,דוקארט,,תבניות אפייה קרטון,Unknown,0.00,Unknown,false,1,10.90,0.0000,true,1,108483
7290000189536,false,שקיות אשפה עם שרוך 5,אשפלסט,,"אשפטון 40יח""",Unknown,0.00,Unknown,false,1,19.90,0.0000,true,1,108007
7290000189550,false,שקיות אשפה עם שרוך 7,אשפלסט,,אשפתון ענק זוגות 78*,Unknown,0.00,Unknown,false,1,23.90,0.0000,true,1,108008
7290000189734,false,מטליות לחות לניקוי פ,עלבד,,"מטליות לחות לפרקט ""נ",Unknown,0.00,Unknown,false,1,12.90,0.0000,true,1,111404
7290000189871,false,שקיות אשפה עם שרוך 5,אשפלסט,,"אשפתון 60 שק"" מתכלות",Unknown,0.00,Unknown,false,1,21.90,0.0000,true,1,109554
7290000190198,false,מטליות ניקול לניקוי,עלבד,,"מטליות ""ניקול"" לניקוי שירוטים ואמבט",Unknown,0.00,Unknown,false,1,10.90,0.0000,true,1,158903
7290000192581,false,מגבות נייר גליל כפול,,,מגבות נייר גליל כפול 6 יח,Unknown,0.00,Unknown,false,1,21.90,0.0000,true,1,200220
7290000193205,false,תחבושות לילי נטורל,Ontex,,תחבושות לילי נטורל,Unknown,0.00,Unknown,false,1,15.90,0.0000,true,1,109559
7290000193540,false,מגני תחתון לילי נטור,,,מגני תחתון לילי נטורל לונג 52 יח,Unknown,0.00,Unknown,false,1,15.90,0.0000,true,1,108486
7290000193649,false,תחבושות לילי נורמל ע,,,תחבושות לילי נורמל עם כנפיים 24 יח,Unknown,0.00,Unknown,false,1,15.90,0.0000,true,1,107380
7290000193793,false,תחבושת לילי נטורל נו,,,תחבושת לילי נטורל נורמל 24 יח,Unknown,0.00,Unknown,false,1,15.90,0.0000,true,1,108957
7290000195216,false,נייר אפיה 50 יח,אופל,,נייר אפיה 50יח,Unknown,0.00,Unknown,false,1,10.90,0.0000,true,1,160509
7290000195537,false,מגבונים ללא בישום הא,עלבד,,מארז מגבוני האגיס נט,Unknown,0.00,Unknown,false,1,21.90,0.0000,true,1,110804
7290000195773,false,מגבונים לעור רגיש לל,עלבד,,האגיס נטורל מילוי רב,Unknown,0.00,Unknown,false,1,21.90,0.0000,true,1,107384
7290000196039,false,מפות שולחן ניקול 120,דיספובד,,מפיות ניקול זוג,Unknown,0.00,Unknown,false,1,11.90,0.0000,true,1,109562
7290000197326,false,רדיד אלומיניום 30*7.,אופל,,רדיד אלומיניום 30*7.,Unknown,0.00,Unknown,false,1,10.90,0.0000,true,1,114577
7290000197432,false,שקיות אוכל סנדוויצון,אשפלסט,,"סנדוויצ""ון זוג",Unknown,0.00,Unknown,false,1,14.90,0.0000,true,1,111654
7290000197470,false,שקית ניקול רב שימושי,אשפלסט,,שקית ניקול רב שימושיות 50 יח,Unknown,0.00,Unknown,false,1,14.90,0.0000,true,1,159469
7290000197548,false,חיתולים האגיס פרידום,חוגלה קימברלי,,"טיטולי ""האגיס"" פרידום דריי שלב 5 38 יח",יחידה,1.00,יחידה,false,1,42.90,42.9000,true,1,180429
7290000197678,false,חיתולים האגיס פרידום,חוגלה קימברלי,,"טיטולי ""האגיס"" פרידום דריי שלב 6 34 יח",יחידה,1.00,יחידה,false,1,42.90,42.9000,true,1,180430
7290000197753,false,ניילון נצמד ניקול זו,אשפלסט,,ניילון נצמד ניקול זוג 30 מטר,Unknown,0.00,Unknown,false,1,10.90,0.0000,true,1,111657
7290000197876,false,מגשית אלומיניום עם מ,פאלאס,,מגשית אלומיניום,Unknown,0.00,Unknown,false,1,9.90,0.0000,true,1,111791
7290000197883,false,תבניות אלומיניום גדו,פאלאס,,מגשית אלומיניום,Unknown,0.00,Unknown,false,1,9.90,0.0000,true,1,111576
7290000198121,false,דג הילוט פרוס פלטוס,,,דג הילוט פרוס פלטוס קפוא,קילוגרמים,1.00,"ק""ג",true,,69.90,69.9000,true,1,210225
7290000204086,false,כרית קרצוף ניקול,UFO,,כרית קרצוף ניקול 3 יח,Unknown,0.00,Unknown,false,1,10.90,0.0000,true,1,111660
7290000204215,false,כריות ניקוי יפניות נ,פלסטו פוליש,,כריות ניקוי יפניות ניקול 6 יח,Unknown,0.00,Unknown,false,1,10.90,0.0000,true,1,111577
7290000204253,false,מטליות ניקוי רב שימו,נ.אורים,,מטליות ניקוי רב שימושיות ניקול 9 יח,Unknown,0.00,Unknown,false,1,10.90,0.0000,true,1,112499
7290000204512,false,מטליות לחות לרצפה ני,,,מטליות לחות לרצפה ניקול בריח לימון,Unknown,0.00,Unknown,false,1,10.90,0.0000,true,1,190373
7290000204611,false,ספוגית הקסם ניקול,UFO,,ספוגית הקסם ניקול 6 יח,Unknown,0.00,Unknown,false,1,10.90,0.0000,true,1,111661
7290000207063,false,רסק פריכוז 260 גר,יכין,,פריכוז פלסטיק,גרמים,260.00,100 גרם,false,1,4.90,1.8846,true,1,111663
7290000207162,false,רסק עגבניות 100 גר 2,יכין,,פלסטיק רסק עגבניות 1,גרמים,100.00,100 גרם,false,1,2.50,2.5000,true,1,112514
7290000208008,false,רסק פלפל חריף חריסה,יכין,,חריסה,גרמים,550.00,100 גרם,false,1,8.90,1.6182,true,1,111598
7290000208022,false,עגבניות מרוסקות 800,יכין,,עגבניות מרוסקות 800ג,גרמים,800.00,100 גרם,false,1,8.90,1.1125,true,1,115075
7290000208077,false,אפונת גינה גדולה יכי,יכין,,אפונת גינה,גרמים,550.00,100 גרם,false,1,7.90,1.4364,true,1,111664
7290000208091,false,אפונה קטנה יכין 550,יכין,,אפונה עדין יכין,גרמים,550.00,100 גרם,false,1,8.90,1.6182,true,1,114582
7290000208114,false,אפונה גזר יכין 550 ג,יכין,,אפונה גזר,גרמים,550.00,100 גרם,false,1,7.90,1.4364,true,1,111599
7290000208145,false,תירס לייט יכין 550 ג,יכין,,תירס לייט,גרמים,550.00,100 גרם,false,1,8.90,1.6182,true,1,112516
7290000208213,false,שעועית אפויה יכין 58,יכין,,שעועית אפויה,גרמים,580.00,100 גרם,false,1,8.90,1.5345,true,1,111615
7290000208220,false,שעועית צילי יכין 580,יכין,,"שעועית צ""ילי",גרמים,580.00,100 גרם,false,1,8.90,1.5345,true,1,111665
7290000208312,false,גרעיני תירס מתוק יכי,,,גרעיני תירס מתוק 325 גר,גרמים,400.00,100 גרם,false,1,6.90,1.7250,true,1,111580
7290000208329,false,גרעיני תירס יכין 550,יכין,,גרעיני תירס 560 גר,גרמים,550.00,100 גרם,false,1,7.90,1.4364,true,1,111581
7290000208336,false,רסק עגבניות 240 גר 2,יכין,,רסק עגבניות 240 גר,גרמים,240.00,100 גרם,false,1,3.90,1.6250,true,1,111785
7290000208343,false,עגבניות מרוסקות שום,יכין,,עגבניות מרוסקות,גרמים,800.00,100 גרם,false,1,8.90,1.1125,true,1,114585
7290000208350,false,עגבניות מרוסקות בצל,יכין,,"רסק עגבניות 500 ג""ר",גרמים,800.00,100 גרם,false,1,8.90,1.1125,true,1,111617
7290000208428,false,חומוס יכין 550 גר,יכין,,חומוס שלם,גרמים,550.00,100 גרם,false,1,8.90,1.6182,true,1,115079
7290000208459,false,לקט ירקות יכין 550 ג,יכין,,"לקט תפו""א",גרמים,550.00,100 גרם,false,1,8.90,1.6182,true,1,136156
7290000208480,false,תירס חמאה יכין 550 ג,יכין,,תירס חמאה יכין,גרמים,550.00,100 גרם,false,1,8.90,1.6182,true,1,115080
7290000208534,false,גרעיני תירס קיד יכין,יכין,,A2 גרעיני תירס קיד,גרמים,550.00,100 גרם,false,1,8.90,1.6182,true,1,111667
7290000208855,false,רוטב פסטה קלאסי 240,יכין,,"רוטב פסטה 260 ג""ר",גרמים,240.00,100 גרם,false,1,5.90,2.4583,true,1,111786
7290000208893,false,תירס מתוק לייט יכין,,,תירס לייט יכין בוואקום 400 גר,גרמים,400.00,100 גרם,false,1,5.90,1.4750,true,1,111787
7290000208930,false,עגבניות מרוסקות שום,יכין,,עגבניות מרוסקות עם ש,גרמים,240.00,100 גרם,false,1,5.90,2.4583,true,1,111796
7290000208947,false,עגבניות מרוסקות 240,יכין,,עגבניות מרוסקות 260,גרמים,240.00,100 גרם,false,1,5.90,2.4583,true,1,114587
7290000209012,false,חומץ הדרים 1 ל,יכין,,חומץ הדרים 1 ליטר,ליטרים,1.00,ליטר,false,1,5.90,5.9000,true,1,112517
7290000209371,false,תירס יכין 200 גר שלי,יכין,,תירס יכין 140 גר שלישייה,גרמים,600.00,100 גרם,false,1,14.90,2.4833,true,1,181380
7290000209388,false,תירס יכין לייט 200 ג,יכין,,שלשות תירס יכין לייט 140 גר,גרמים,600.00,100 גרם,false,1,14.90,2.4833,true,1,181381
7290000209708,false,עגבניות מרוסקות בזיל,יכין,,עגבניות מרוסקות עם ב,גרמים,240.00,100 גרם,false,1,5.90,2.4583,true,1,114589
7290000209722,false,רסק עגבניות פריכוז 5,יכין,,A2 רסק עגבניות פריכו,גרמים,580.00,100 גרם,false,1,8.90,1.5345,true,1,111621
7290000209906,false,עגבניות מרוסקות בצל,יכין,,עגבניות מרוסקות עם ב,גרמים,240.00,100 גרם,false,1,5.90,2.4583,true,1,111817
7290000209913,false,עגבניות קוביות 240 ג,יכין,,עגבניות קוביות 260 ג,גרמים,240.00,100 גרם,false,1,5.90,2.4583,true,1,111622
7290000209944,false,רוטב מתובל לשקשוקה 2,יכין,,בסיס לעגבניות שקשוקה,גרמים,240.00,100 גרם,false,1,5.90,2.4583,true,1,111797
7290000209951,false,רוטב פיצה 240 גר,יכין,,רוטב פיצה 260 גר,מיליליטרים,240.00,"100 מ""ל",false,1,5.90,2.4583,true,1,111583
7290000209968,false,רוטב לזניה 240 גר,יכין,,"רוטב לזניה 260 ג""ר",גרמים,240.00,100 גרם,false,1,5.90,2.4583,true,1,112522
7290000210469,false,עגבניות שלמות 800 גר,יכין,,עגבניות שלמות 850 גר,גרמים,800.00,100 גרם,false,1,8.90,1.1125,true,1,111799
7290000211169,false,אורז תאילנדי 1 קג,,,"אורז תאילנדי 1 ק""ג",קילוגרמים,1.00,"ק""ג",false,1,6.90,6.9000,true,1,111819
7290000211312,false,אורז מלא 1 קג,,,"אורז מלא 1 ק""ג",קילוגרמים,1.00,"ק""ג",false,1,9.90,9.9000,true,1,115085
7290000211374,false,קמח מלא 1 קג,,,"קמח מלא 1 ק""ג",קילוגרמים,1.00,"ק""ג",false,1,6.90,6.9000,true,1,114591
7290000211381,false,סוכר חום 1 קג,,,סוכר חום 1קג,קילוגרמים,1.00,"ק""ג",false,1,12.90,12.9000,true,1,115086
7290000211442,false,אורז פרסי קלאסי 1 קג,,,"אורז פרסי קלאסי 1 ק""",קילוגרמים,1.00,"ק""ג",false,1,10.90,10.9000,true,1,111820
7290000211503,false,סוכר לבן 1 קג,,,"סוכר לבן 1 ק""ג",קילוגרמים,1.00,"ק""ג",false,1,4.50,4.5000,true,1,111801
7290000211626,false,אורז חיש 1 קג,,,"אורז חיש 1 ק""ג",קילוגרמים,1.00,"ק""ג",false,1,10.90,10.9000,true,1,115087
7290000211985,false,אורז עגול 1 קג,,,אורז עגול ריזוטו 1 ק,קילוגרמים,1.00,"ק""ג",false,1,9.90,9.9000,true,1,111625
7290000214115,false,מרק עוף ויטה בצנצנת,"פרי הגליל בע""""מ",,"מרק עוף צנצנת 400 ג""",גרמים,400.00,100 גרם,false,1,10.90,2.7250,true,1,113312
7290000221762,true,רוטב אלף האיים,,,רוטב אלף האיים,פריט,0.00,פריט,false,,9.90,0.0000,true,1,111628
7290000221779,true,רוטב סויה פיקנטי,,,רוטב סויה פיקנטי,פריט,0.00,פריט,false,,9.90,0.0000,true,1,115088
7290000221915,true,רוטב פסטה איטלקי,,,רוטב פסטה איטלקי,פריט,0.00,פריט,false,,10.99,0.0000,true,1,115089
7290000222813,true,קל שמן לטיגון ט.חמאה,,,קל שמן לטיגון ט.חמאה,פריט,0.00,פריט,false,,16.99,0.0000,true,1,113313
7290000222837,true,תרסיס - קל שמן לשמון,,,תרסיס - קל שמן לשמון,פריט,0.00,פריט,false,,16.99,0.0000,true,1,115090
7290000226314,false,פילה אמנון 7-9 עם עו,,,פילה אמנון 7-9 עם עור 80%,קילוגרמים,1.00,"ק""ג",true,,29.90,29.9000,true,1,229705
7290000234218,false,ברווז טרי ארוז,סופר עוף,,ברווז טרי ארוז,קילוגרמים,1.00,"ק""ג",true,,59.90,59.9000,true,1,134432
7290000238029,false,בצק עלים צרפתי 1 קג,,,"בצק עלים צרפתי 1 ק""ג",קילוגרמים,1.00,"ק""ג",false,1,15.90,15.9000,true,1,114595
7290000238036,false,מלאווח עגול מעדנות 7,,,"מלווח עגול 700 ג""ר",גרמים,700.00,100 גרם,false,1,16.90,2.4143,true,1,111603
7290000238173,false,בורקס גבינה 800 גר,,,בורקס גבינה 800גר,גרמים,800.00,100 גרם,false,1,19.90,2.4875,true,1,115092
7290000238180,false,בורקס תפוא 800 גר,,,"בורקס תפו""א 800 ג""ר",גרמים,800.00,100 גרם,false,1,19.90,2.4875,true,1,112531
7290000244631,false,קרם ידיים ענוגה גליצ,,,"קרם ידיים ענוגה גליצרין 80 מ""ל",מיליליטרים,80.00,"100 מ""ל",false,1,10.90,13.6250,true,1,138104
7290000245270,false,אבקת כביסה פרסיל 1.2,,,אבקת כביסה פרסיל 1.25 קג,קילוגרמים,1.25,"ק""ג",false,12,16.90,13.5200,true,1,114603
7290000245508,false,אבקת כביסה סוד שושן,,,אבקת כביסה סוד שושן 1.25 קג,קילוגרמים,1.25,"ק""ג",false,1,13.90,11.1200,true,1,162141
7290000245515,false,אבקת כביסה סוד לבנדר,,,אבקת כביסה סוד לבנדר 1.25 קג,קילוגרמים,1.25,"ק""ג",false,1,13.90,11.1200,true,1,111606
7290000249626,false,ברווז קפוא,,,ברווז קפוא,קילוגרמים,1.00,"ק""ג",true,,59.90,59.9000,true,1,224627
7290000253220,false,שוקולד אופנהיימר ציפ,אופנהיימר,,"אופנהיימר שוקוצ""יפס",גרמים,260.00,100 גרם,false,1,11.90,4.5769,true,1,114609
7290000253251,false,שוקולד אופנהיימר ציפ,אופנהיימר,,"אופנהיימר שוקוצ""יפס 300גר",גרמים,250.00,100 גרם,false,1,11.90,4.7600,true,1,111640
7290000260860,false,ספרינג אפרסק 1.5 ל,,,ספרינג אפרסק 1.5 ליט,ליטרים,1.50,ליטר,false,1,8.90,5.9333,true,1,115101
7290000262161,false,נייר טואלט מולט לב א,חוגלה קימברלי,,מולט לב אדום 40 גליל,יחידה,1.00,יחידה,false,1,34.90,34.9000,true,1,115102
7290000265672,false,מויבה קפוא,,,מויבה קפוא,קילוגרמים,1.00,"ק""ג",true,,39.90,39.9000,true,1,208809
7290000265702,false,מקרל גדול קפוא,,,מקרל גדול קפוא,קילוגרמים,1.00,"ק""ג",true,,39.90,39.9000,true,1,208807
7290000265719,false,הרינג קפוא,,,הרינג קפוא,קילוגרמים,1.00,"ק""ג",true,,29.90,29.9000,true,1,208808
7290000267104,false,שקדים טבעיים גרוסים,"דין שיווק וקליה בע""מ",,שקדים טבעיים גרוסים שקדיה 100 גר,גרמים,100.00,100 גרם,false,1,10.90,10.9000,true,1,203370
7290000281429,false,סטייק טונה אדומה,,,סטייק טונה אדומה,קילוגרמים,1.00,"ק""ג",true,,65.00,65.0000,true,1,204963
7290000286594,false,אבקה לניקוי ומירוק 6,,,חול ניקוי סנו X לימו,גרמים,600.00,100 גרם,false,1,9.90,1.6500,true,1,111854
7290000286761,false,סנו סושי ניילון נצמד,,,סנו סושי ניילון נצמד,Unknown,0.00,Unknown,false,1,10.90,0.0000,true,1,115109
7290000287430,false,סנובון אסלה בניחוח ל,,,סנובון אסלה שלישייה,גרמים,165.00,100 גרם,false,1,11.90,7.2121,true,1,111857
7290000287492,false,סנובון נוזלי לימון 7,,,סנובון נוזלי בניחוח לבנדר 750 מל,מיליליטרים,750.00,"100 מ""ל",false,1,9.90,1.3200,true,1,115113
7290000287956,false,פילה לברק 5-7 בוואקו,,,פילה לברק 5-7 בוואקום,קילוגרמים,1.00,"ק""ג",true,,44.90,44.9000,true,1,185532
7290000288024,false,אקונומיקה בריח לימון,,,"סנו ז""אוול לימון 4 ל",ליטרים,4.00,ליטר,false,1,16.90,4.2250,true,1,111838
7290000288031,false,אקונומיקה סנו 4 ל,,,סנו אקונומיקה 4 ליטר,ליטרים,4.00,ליטר,false,1,10.90,2.7250,true,1,111670
7290000288291,false,סנומט דוחה יתושים 30,,,סנומט - 30 טבליות,Unknown,0.00,Unknown,false,1,12.90,0.0000,true,1,115115
7290000288307,false,מכשיר סנומט לדחיית י,,,סנומט מכשיר + 30 טבל,Unknown,0.00,Unknown,false,1,26.90,0.0000,true,1,111712
7290000289069,false,קצף ניקוי אקונומיקה,,,"סנו ז""אוול מרסס לימו",ליטרים,1.00,ליטר,false,1,16.90,16.9000,true,1,111715
7290000289380,false,גל אקונומיקה בריח לי,,,"סנו ז""אוול מונטבלאן",מיליליטרים,750.00,"100 מ""ל",false,1,11.90,1.5867,true,1,113347
7290000289502,true,סופט ממחטות,,,סופט ממחטות,פריט,0.00,פריט,false,,6.99,0.0000,true,1,111843
7290000289748,false,מסיר שומנים פורטה פל,,,מסיר שומנים סנו פורט,מיליליטרים,750.00,"100 מ""ל",false,1,14.90,1.9867,true,1,111844
7290000292557,false,סנומט מילוי נוזל,,,סנומט מילוי נוזל,Unknown,0.00,Unknown,false,1,17.90,0.0000,true,1,111723
7290000292687,false,סנובון כחול שלישייה,,,סנובון כחול שלישייה,גרמים,165.00,100 גרם,false,1,14.90,9.0303,true,1,113350
7290000293073,false,מרכך כביסה מקסימה בי,,,מרכך כביסה סנו מקסימ,ליטרים,4.00,ליטר,false,1,21.90,5.4750,true,1,111864
7290000293530,false,מילוי למתקן סופג לחו,,,סנו סופג לחות - מילו,גרמים,340.00,100 גרם,false,1,11.90,3.5000,true,1,111681
7290000293943,false,אנטי קאלק מרסס סנו 1,,,סנו אנטי קאלק מרסס 1,ליטרים,1.00,ליטר,false,1,16.90,16.9000,true,1,115119
7290000294773,false,אקונומיקה בריח אילנג,,,"סנו ז""אוול מונבלאן 4",ליטרים,4.00,ליטר,false,1,16.90,4.2250,true,1,111726
7290000294780,false,אקונומיקה סמיכה מבוש,,,"סנו ז""אוול סמיכה 4 ל",ליטרים,4.00,ליטר,false,1,16.90,4.2250,true,1,111685
7290000295367,false,אבקת כביסה מקסימה זא,,,אבקת כביסה סנו מקסימ,קילוגרמים,2.50,"ק""ג",false,1,24.90,9.9600,true,1,113354
7290000295794,false,סנו סושי ספוגית מתכת,,,סנו סושי ספוגית אל ח,Unknown,0.00,Unknown,false,1,11.90,0.0000,true,1,111868
7290000300900,false,טבעול שניצל תירס 750,טבעול ישראל,,טבעול שניצל תירס 750,גרמים,750.00,100 גרם,false,1,24.90,3.3200,true,1,115123
7290000302119,true,מונטנה קול פקט,,,מונטנה קול פקט,פריט,0.00,פריט,false,,200.00,0.0000,true,1,111695
7290000302805,true,גולף סופר סלימס פקט,,,גולף סופר סלימס פקט,פריט,0.00,פריט,false,,235.00,0.0000,false,1,115127
7290000302874,true,גולף סופר סלימס מנטו,,,גולף סופר סלימס מנטו,פריט,0.00,פריט,false,,235.00,0.0000,true,1,111699
7290000303581,false,פול מצרי 560 גר,"פרי הגליל בע""""מ",,פול מצרי,גרמים,560.00,100 גרם,false,1,6.90,1.2321,true,1,111873
7290000303598,false,שעועית לבנה 570 גר,"פרי הגליל בע""""מ",,שעועית לבנה,גרמים,570.00,100 גרם,false,1,6.90,1.2105,true,1,111895
7290000303604,false,חומוס שלם גרגירים 55,"פרי הגליל בע""""מ",,חומוס שלם,גרמים,550.00,100 גרם,false,1,6.90,1.2545,true,1,111734
7290000305042,true,"סרדין סטאר ""יוני"" 12",,,"סרדין סטאר ""יוני"" 12",גרמים,120.00,100 גרם,false,,6.99,5.8250,true,1,135824
7290000307015,false,אפונה גינה גדולה 550,"פרי הגליל בע""""מ",,אפונה גינה גדולה 550גר,גרמים,550.00,100 גרם,false,1,6.90,1.2545,true,1,111874
7290000307046,false,אפונה וגזר גינה 550,"פרי הגליל בע""""מ",,אפונה וגזר גינה550גר,גרמים,550.00,100 גרם,false,1,6.90,1.2545,true,1,114639
7290000307220,false,תירס מתוק בואקוס 340,"פרי הגליל בע""""מ",,תירס מתוק בואקוס,גרמים,340.00,100 גרם,false,1,5.90,1.7353,true,1,115130
7290000307237,false,גרעיני תירס מתוק 550,"פרי הגליל בע""""מ",,"תירס מתוק 550 גר""",גרמים,550.00,100 גרם,false,1,6.90,1.2545,true,1,113371
7290000311463,false,עוגיות חיטה מלאה חמא,,,עוגיות חיטה מלאה חמאה ללא סוכר 200 גר,גרמים,200.00,100 גרם,false,1,10.90,5.4500,true,1,226327
7290000311869,false,וופל בטעם שוקולד ללא,,,וופל בטעם שוקולד ללא סוכר 180 גר,גרמים,180.00,100 גרם,false,1,8.90,4.9444,true,1,226322
7290000311876,false,וופל בטעם וניל ללא ס,,,וופל בטעם וניל ללא סוכר 180 גר,גרמים,180.00,100 גרם,false,1,8.90,4.9444,true,1,226323
7290000313184,false,עוגיות גן חיות טעם ו,אסם,,עוגיות גן חיות טעם ו,גרמים,250.00,100 גרם,false,1,7.90,3.1600,true,1,111897
7290000313283,false,נודלס אטריות ביצים ש,זארה,,נודלס אטריות ביצים ש,גרמים,300.00,100 גרם,false,1,9.90,3.3000,true,1,111875
7290000313290,false,נודלס איטריות מסולסל,טאי רזידנט,,נודלס איטריות מסולסל,גרמים,200.00,100 גרם,false,1,9.90,4.9500,true,1,113374
7290000318219,true,פסטרמה רומנית 360ג,,,פסטרמה רומנית 360ג,פריט,0.00,פריט,false,,31.99,0.0000,true,1,140768
7290000318332,true,פסטרמה ברביקיו 360 ג,,,פסטרמה ברביקיו 360 ג,פריט,0.00,פריט,false,,29.99,0.0000,true,1,140886
7290000318769,true,כתף בקר מעושן 180 גר,,,כתף בקר מעושן 180 גר,פריט,0.00,פריט,false,,25.99,0.0000,true,1,111924
7290000319124,false,נקניק סרוולט 250 גר,מעדני יחיעם 1993,,נקניק סרוולט 250 גר,גרמים,250.00,100 גרם,false,1,34.90,13.9600,true,1,115135
7290000327723,false,מי טוניק טמפו 1.5 ל,,,מי טוניק טמפו 1.5ל,ליטרים,1.50,ליטר,false,1,10.90,7.2667,true,1,159965
7290000334325,false,ציפס למיקרו תפוגן 12,תפוגן,,"תפוגן מארז שלישיה צ""",קילוגרמים,0.38,"ק""ג",false,1,13.90,36.5789,true,1,111898
7290000334684,false,תפוגן טבעות בצל 700,תפוגן,,תפוגן טבעות בצל 700,גרמים,700.00,100 גרם,false,1,16.90,2.4143,true,1,113384
7290000339191,false,אבקת הלבנה רן ללא כל,זוהר דליה,,"""בדין"" רן הלבנה מיכל",גרמים,350.00,100 גרם,false,1,17.90,5.1143,true,1,111899
7290000339566,false,מרכך כביסה בדין ורוד,אתר ליוור,,מרכך כביסה בדין ורוד,ליטרים,4.00,ליטר,false,1,19.90,4.9750,true,1,112610
7290000342832,false,מרכך כביסה בדין צהוב,אתר ליוור,,מרכך כביסה בדין צהוב,ליטרים,4.00,ליטר,false,1,19.90,4.9750,true,1,115143
7290000345116,false,תה ירוק בתפזורת 125,,,תה ירוק בתפזורת 125,גרמים,125.00,100 גרם,false,1,13.90,11.1200,true,1,111710
7290000345282,false,נתחי פילה סלומון נור,,,נתחי פילה סלומון נורבגי,קילוגרמים,1.00,"ק""ג",true,,99.90,99.9000,true,1,197619
7290000345291,false,תה ויסוצקי בלק לייבל,,,תה ויסוצקי בלק לייבל 25שקיות,גרמים,38.00,100 גרם,false,1,15.90,41.8421,true,1,112611
7290000345307,false,ויסוצקי ארל גריי 50,,,ויסוצקי ארל גריי 50 שק,גרמים,75.00,100 גרם,false,1,27.90,37.2000,true,1,111901
7290000346199,false,תה גן הקסום פירות יע,,,"""הגן הקסום"" פירות יע",גרמים,68.00,100 גרם,false,1,17.90,26.3235,true,1,112548
7290000346205,false,גן קסום קמומיל 25 שק,,,חליטת הגן הקסום קמומיל 25 שק,גרמים,38.00,100 גרם,false,1,17.90,47.1053,true,1,114654
7290000346960,false,תה ויסוצקי פירות נענ,,,תה ויסוצקי פירות נענ,גרמים,85.00,100 גרם,false,1,29.90,35.1765,true,1,111740
7290000347738,false,תה ירוק נענע 25 שק,,,"תה ירוק נענע 25 שק""",גרמים,38.00,100 גרם,false,1,24.90,65.5263,true,1,114656
7290000347752,false,תה ירוק לימונית/לואי,,,תה ירוק לימונית/לואי 25 שקיות,גרמים,38.00,100 גרם,false,1,24.90,65.5263,true,1,111933
7290000355382,false,עגבניות מרוסקות עם ב,"מילוז(1989)בע""""מ",,עגבניות מרוסקות עם ב,גרמים,800.00,100 גרם,false,1,7.90,0.9875,true,1,112631
7290000355412,false,עגבניות מרוסקות עם ש,"מילוז(1989)בע""""מ",,עגבניות מרוסקות בטעם,גרמים,800.00,100 גרם,false,1,7.90,0.9875,true,1,111908
7290000355481,false,רסק עגבניות טומטו,"מילוז(1989)בע""""מ",,רסק עגבניות טומטו 570 גר,גרמים,570.00,100 גרם,false,1,5.90,1.0351,true,1,111934
7290000355498,false,רסק עגבניות 28% 580,"מילוז(1989)בע""""מ",,רסק עגבניות 28% 580 גר,גרמים,580.00,100 גרם,false,1,5.90,1.0172,true,1,111935
7290000355757,false,עגבניות מרוסקות טל 8,"מילוז(1989)בע""""מ",,עגבניות מרוסקות טל 8,גרמים,800.00,100 גרם,false,1,7.90,0.9875,true,1,112550
7290000403715,false,אווז שלם קפוא,,,אווז שלם קפוא,קילוגרמים,1.00,"ק""ג",true,,69.90,69.9000,true,1,223479
7290000403722,false,שומן אווז בוואקום קפ,,,שומן אווז בוואקום קפוא,קילוגרמים,1.00,"ק""ג",true,,79.90,79.9000,true,1,183482
7290000408316,false,יוגורט דנונה ביו 3%,STRAUSS-ISRAEL,,יוגורט דנונה ביו 3%,גרמים,200.00,100 גרם,false,1,3.60,1.8000,true,1,111748
7290000411457,false,מנצגו כמהין ספרדי,,,מנצגו כמהין ספרדי,קילוגרמים,1.00,"ק""ג",true,,219.00,219.0000,true,1,219756
7290000411488,false,צדר כתום אנגלי,,,צדר כתום אנגלי,קילוגרמים,1.00,"ק""ג",true,,119.00,119.0000,true,1,219758
7290000411495,false,מנצגו ספרדי,סלטי הכפר,,מנצגו ספרדי,קילוגרמים,1.00,"ק""ג",true,,129.00,129.0000,true,1,188191
7290000412481,false,מנקה אסלות 00 סנו 1,,,"""00"" מנקה אסלות 1 לי",ליטרים,1.00,ליטר,false,1,7.90,7.9000,true,1,111749
7290000419374,false,קפה לנדוור לבוקר טחו,קפה לנדוור,,קפה לנדוור טחון טורק,גרמים,300.00,100 גרם,false,1,19.90,6.6333,true,1,112640
7290000420158,true,שקיון אוכל,,,שקיון אוכל,פריט,0.00,פריט,false,,2.99,0.0000,true,1,111752
7290000420325,false,פופקורן פופסטאר בטעם,Preston farms,,"פופקורן ""פופסטאר"" טב",גרמים,500.00,100 גרם,false,1,12.90,2.5800,true,1,112582
7290000420332,false,פופקורן פופסטאר בטעם,Preston farms,,"פופקורן פופסטאר בטעם חמאה 500 גר""",גרמים,500.00,100 גרם,false,1,12.90,2.5800,true,1,111753
7290000433714,false,סבן אפ 1.5 ל,,,סבן אפ 1.5 ליטר,ליטרים,1.50,ליטר,false,1,7.90,5.2667,true,1,112646
7290000434339,true,עוגיות חמאה 600 גרם,,,עוגיות חמאה 600 גרם,פריט,0.00,פריט,false,,11.99,0.0000,true,1,111958
7290000436425,true,"עוגיות ""ברמן"" 750 ג""",,,"עוגיות ""ברמן"" 750 ג""",פריט,0.00,פריט,false,,17.99,0.0000,true,1,111941
7290000436517,true,"עוגיות ""טופז"" 750 ג""",,,"עוגיות ""טופז"" 750 ג""",פריט,0.00,פריט,false,,17.99,0.0000,true,1,113415
7290000437127,false,רגל עגל חלב פרוס במג,,,רגל עגל חלב פרוס במגש,קילוגרמים,1.00,"ק""ג",true,,31.90,31.9000,true,1,134172
7290000451555,false,שריר הזרוע מס 8 מוכש,,,שריר הזרוע מס 8 פרגוואי,קילוגרמים,1.00,"ק""ג",true,,34.90,34.9000,true,1,182975
7290000453781,false,שמרים יבשים 125 גר,STRAUSS-ISRAEL,,שמרים יבשים 125 גר,גרמים,125.00,100 גרם,false,12,5.90,4.7200,true,1,202412
7290000461625,false,שמונה שמונה 400 גר,אתר בייגל,,"שמונה שמונה 400 ג""ר",גרמים,400.00,100 גרם,false,1,9.90,2.4750,true,1,111944
7290000461656,false,בייגלה מקלות אחד אחד,אתר בייגל,,"אחד אחד 400 ג""ר",גרמים,400.00,100 גרם,false,1,9.90,2.4750,true,1,114669
7290000462103,false,סחוג זהבי אדום 150 ג,"זהבי הכרם בועז בע""מ-",,סחוג זהבי אדום 150 ג,גרמים,150.00,100 גרם,false,1,8.50,5.6667,true,1,114672
7290000462141,false,סחוג אדום חריף מאוד,"זהבי הכרם בועז בע""מ-",,סחוג אדום חריף מאוד 150 גר,גרמים,150.00,100 גרם,false,1,8.50,5.6667,true,1,115164
7290000467320,false,חומוס צבר אבו מרוואן,צבר,,חומוס צבר אבו מרוואן 400גר,גרמים,400.00,100 גרם,false,1,13.90,3.4750,true,1,161141
7290000467511,false,ביסלי אסם בטעם ברביק,אסם,,ביסלי אסם בטעם ברביקיו 55גר,גרמים,55.00,100 גרם,false,1,3.90,7.0909,true,1,161088
7290000467887,false,ביסלי אסם בטעם פיצה,אסם,,ביסלי אסם בטעם פיצה 55גר,גרמים,55.00,100 גרם,false,1,3.90,7.0909,true,1,161090
7290000468747,false,ביסלי אסם בטעם גריל,אסם,,ביסלי אסם בטעם גריל 55גר,גרמים,55.00,100 גרם,false,1,3.90,7.0909,true,1,161087
7290000468877,false,ביסלי אסם בטעם בצל 5,אסם,,ביסלי אסם בטעם בצל 55גר,גרמים,55.00,100 גרם,false,1,3.90,7.0909,true,1,161089
7290000474076,false,חלב בקרטון 3% בדצ 1,,,חלב בקרטון 3% 1 ליטר,ליטרים,1.00,ליטר,false,1,6.23,6.2300,true,1,112388
7290000474373,false,שמנת חמוצה לבישול וא,,,"שמנת חמוצה ""טרה"" 200",מיליליטרים,200.00,"100 מ""ל",false,1,2.40,1.2000,true,1,112676
7290000474502,false,גבינה לבנה 5% 250 גר,,,"גבינה לבנה 5% 250 ג""",גרמים,250.00,100 גרם,false,1,4.90,1.9600,true,1,111952
7290000474540,false,גבינה טוב טעם 3% 250,,,גבינה טוב טעם 3% 250 גר,גרמים,250.00,100 גרם,false,1,11.90,4.7600,true,1,113440
7290000480107,false,קוואקר שיבולת שועל פ,FRITO-LAY TRADING CO,,"קוואקר שיבולת שועל פחית 500 ג""ר",גרמים,500.00,100 גרם,false,1,11.90,2.3800,true,1,115175
7290000480442,false,קוואקר שיבולת שועל ש,FRITO-LAY TRADING CO,,"קוואקר שיבולת שועל שקית 500 ג""ר",גרמים,500.00,100 גרם,false,1,11.90,2.3800,true,1,115176
7290000483641,false,מרציפן המרשלג חלה 75,המרשלג,,מרציפן המרשלג חלה 75 גר,גרמים,75.00,100 גרם,false,1,9.90,13.2000,true,1,195933
7290000484747,false,ארק עלית,,,ארק עלית,מיליליטרים,750.00,"100 מ""ל",false,1,59.90,7.9867,true,1,186229
7290000485306,false,עופיון טרי במגש,פריגוצאקו / פרגוואי,,עופיון טרי במגש,קילוגרמים,1.00,"ק""ג",true,,59.90,59.9000,true,1,157761
7290000485344,false,זוג עופיונים טרי,,,זוג עופיונים טרי,קילוגרמים,1.00,"ק""ג",true,,59.90,59.9000,true,1,226094
7290000493176,false,אבקה להכנת רוטב לצלי,אסם,,"רוטב צלי באבקה 22 ג""",גרמים,22.00,100 גרם,false,1,3.90,17.7273,true,1,115177
7290000493183,false,רוטב פטריות באבקה 30,אסם,,רוטב פטריות באבקה 30,גרמים,30.00,100 גרם,false,1,3.90,13.0000,true,1,112618
7290000497044,false,לחם ברמן אקטיב 750 ג,מאפיית ברמן,,לחם ברמן אקטיב 750גר,גרמים,750.00,100 גרם,false,1,16.90,2.2533,true,1,162024
7290000497112,false,לחם אחיד פרוס 750 גר,מאפיית ברמן,,לחם אחיד פרוס 750 גר,גרמים,750.00,100 גרם,false,1,6.70,0.8933,true,1,113442
7290000497198,false,פיתות קלאסיות אסלי ב,מאפיית ברמן,,"פיתות ""ברמן אסלי"" 10",Unknown,0.00,Unknown,false,1,12.90,0.0000,true,1,111998
7290000497228,false,לחמניות 450 גר שישיה,מאפיית ברמן,,6 לחמניות בשקית 450,גרמים,450.00,100 גרם,false,1,10.90,2.4222,true,1,112619
7290000497273,false,לחמניות ברמן אקטיב 4,,,לחמניות ברמן אקטיב 450 גר 6 יח,גרמים,450.00,100 גרם,false,1,14.90,3.3111,true,1,186579
7290000497303,false,לחמניות מקמח מלא 450,מאפיית ברמן,,6 לחמניות מקמח מלא 4,גרמים,450.00,100 גרם,false,1,11.90,2.6444,true,1,112694
7290000498003,false,לחם ברמן מקמח מלא 75,,,לחם ברמן מקמח מלא 750 גר,גרמים,750.00,100 גרם,false,1,16.90,2.2533,true,1,198631
7290000498034,false,לחם מקמח כוסמין מלא,,,לחם מקמח כוסמין מלא ברמן 750 גר,גרמים,750.00,100 גרם,false,1,16.90,2.2533,true,1,208237
7290000504025,false,סוכרזית פטריה 300 יח,"סוכרזית בע""מ",,סוכרזית פטריה 300,גרמים,246.00,100 גרם,false,1,8.90,3.6179,true,1,114687
7290000504049,false,סוכרזית קנקן 1200 יח,"סוכרזית בע""מ",,סוכרזית קנקן 1200,גרמים,98.00,100 גרם,false,1,19.90,20.3061,true,1,115186
7290000504278,false,סוכרזית פטנט 700 יח,"סוכרזית בע""מ",,סוכרזית פטנט 700,גרמים,57.00,100 גרם,false,1,15.90,27.8947,true,1,112696
7290000514567,true,גרעיני תירס A2,,,גרעיני תירס A2,גרמים,550.00,100 גרם,false,,4.90,0.8909,true,1,112005
7290000521008,false,יין סגל אדום יבש 750,,,"יין ""סגל"" אדום יבש 0",מיליליטרים,750.00,"100 מ""ל",false,1,22.90,3.0533,true,1,112623
7290000521015,false,יין סגל לבן יבש 750,,,"יין ""סגל"" לבן יבש 0.",מיליליטרים,750.00,"100 מ""ל",false,1,22.90,3.0533,true,1,112700
7290000521404,false,יין מרום גליל קברנה,,,"יין ""מרום גליל"" קברנ",מיליליטרים,750.00,"100 מ""ל",false,1,39.90,5.3200,true,1,112624
7290000522272,false,שמנת לקפה 10% 500 מל,,,"שמנת לקפה 10% 500 מ""ל",מיליליטרים,500.00,"100 מ""ל",false,1,9.90,1.9800,true,1,163672
7290000523224,false,מלח הארץ ים יבש 500,,,מלח הארץ ים יבש 500,גרמים,500.00,100 גרם,false,1,7.90,1.5800,true,1,112431
7290000523514,false,מלח הארץ מופחת נתרן,,,מלח הארץ מופחת נתרן,גרמים,250.00,100 גרם,false,1,9.90,3.9600,true,1,111976
7290000523804,false,צנצנת מלח עדין 1 קג,,,"צנצנת מלח עדין 1 ק""ג",קילוגרמים,1.00,"ק""ג",false,1,6.90,6.9000,true,1,115197
7290000523811,false,צנצנת מלח גס 1 קג,,,"צנצנת מלח גס 1 ק""ג",קילוגרמים,1.00,"ק""ג",false,1,6.90,6.9000,true,1,112432
7290000525969,false,מיץ פרימור תפוזים 1,"גניר (1992) בע""מ",,"מיץ ""פרימור"" תפוזים",מיליליטרים,1000.00,"100 מ""ל",false,1,16.90,1.6900,true,1,113473
7290000530291,false,נקניק מבשר הודו אדום,נקניק נהריה כשר זוגל,,נקניק מבשר הודו אדום,גרמים,750.00,100 גרם,false,1,19.90,2.6533,true,1,111978
7290000530413,false,המבורגר זהב 400 גר,נקניק נהריה כשר זוגל,,המבורגר זהב,גרמים,400.00,100 גרם,false,1,19.90,4.9750,true,1,112704
7290000530703,false,תה מעושן 400 גר + פס,נקניק נהריה כשר זוגל,,"תה מעושן 400 ג""ר+חרמ",גרמים,800.00,100 גרם,false,1,26.90,3.3625,true,1,112433
7290000531601,false,סטייק בורגר 400 גר,נקניק נהריה כשר זוגל,,סטייק בורגר 400 גר,גרמים,400.00,100 גרם,false,1,19.90,4.9750,true,1,115198
7290000531977,false,בורקס גבינה 800 גר,נקניק נהריה כשר זוגל,,"בורקס גבינה 800 ג""ר",גרמים,800.00,100 גרם,false,1,17.90,2.2375,true,1,114691
7290000532034,false,פורל בעישון חם בוואק,הרמס דגים,,פורל בעישון חם בוואקום,קילוגרמים,1.00,"ק""ג",true,,159.00,159.0000,true,1,207831
7290000533353,false,בצק עלים צרפתי 1 קג,נקניק נהריה כשר זוגל,,בצק עלים צרפתי,קילוגרמים,1.00,"ק""ג",false,1,17.90,17.9000,true,1,113478
7290000537566,false,נקניקיות עוף 400 גר,נקניק נהריה כשר זוגל,,"נקניקיות עוף 400 גר""",גרמים,400.00,100 גרם,false,1,13.90,3.4750,true,1,114692
7290000547961,true,קורנפלור,,,קורנפלור,פריט,0.00,פריט,false,,3.99,0.0000,true,1,112732
7290000554532,false,צפתית מעודנת מלח ים,,,צפתית מעודנת מלח ים 200גר,גרמים,200.00,100 גרם,false,1,14.90,7.4500,true,1,113495
7290000554686,false,לאבנה בשמן זית וזעתר,,,לאבנה בשמן זית וזעתר 5% 250 גר,גרמים,250.00,100 גרם,false,1,13.90,5.5600,true,1,112653
7290000554822,false,ריקוטה 5% 250 גר,,,ריקוטה 5% 250 גרם,גרמים,250.00,100 גרם,false,1,12.90,5.1600,true,1,112654
7290000554839,false,גבינה מסקרפונה 40% 2,,,גבינה מסקרפונה 40% 250 גרם,גרמים,250.00,100 גרם,false,1,20.90,8.3600,true,1,115203
7290000555502,false,בקבוק 1.20 ₪,,,בקבוק 1.20 ₪,Unknown,0.00,Unknown,false,1,1.20,0.0000,true,1,113685
7290000555503,false,פיקדון בירה קוזל,,,פיקדון בירה קוזל,Unknown,0.00,Unknown,false,1,1.20,0.0000,true,1,112492
7290000572536,false,חלווה וניל אחוה 400,,,חלוה וניל 400 גרם,גרמים,400.00,100 גרם,false,1,13.90,3.4750,true,1,112737
7290000572543,false,חלווה בטעם שוקו וניל,,,חלוה שיש 400 גרם,גרמים,400.00,100 גרם,false,1,13.90,3.4750,true,1,113499
7290000572618,false,מכסה הצלע מס 77 מוכש,,,מכסה הצלע מס 77 מוכשר ארגנטינה,קילוגרמים,1.00,"ק""ג",true,,34.90,34.9000,true,1,228644
7290000572628,false,חטיף חלווה ללא סוכר,,,חטיף חלווה לייט,גרמים,275.00,100 גרם,false,1,16.90,6.1455,true,1,115207
7290000572673,false,חטיף חלוה וניל קקאו,,,חלווה שי חטיף,גרמים,300.00,100 גרם,false,1,16.90,5.6333,true,1,111992
7290000579775,false,לשון בקר מוכשר ברזיל,,,לשון בקר מוכשר ברזיל קפוא,קילוגרמים,1.00,"ק""ג",true,,32.90,32.9000,true,1,212813
7290000591650,false,מצה מצופה שוקולד חלב,,,מצה מצופה שוקולד חלב 156 גר,גרמים,156.00,100 גרם,false,1,11.90,7.6282,true,1,225930
7290000591797,false,מצה מצופה שוקולד מרי,,,מצה מצופה שוקולד מריר 156 גר,גרמים,156.00,100 גרם,false,1,11.90,7.6282,true,1,143452
7290000598307,true,"מצות 2.5 ק""ג",,,"מצות 2.5 ק""ג","מ""ר",2.50,"מ""ר",false,,26.99,10.7960,true,1,112454
7290000604343,false,תמר דקל נור 400 גר,פרי וירק טמרה ושותפי,,תמר דקל נור 400 גרם,גרמים,400.00,100 גרם,false,1,9.90,2.4750,true,1,114700
7290000628309,false,לשון בקר קפוא,,,לשון בקר קפוא,קילוגרמים,1.00,"ק""ג",true,,32.90,32.9000,true,1,226212
7290000644783,false,מנות סלמון ממותג,,,מנות סלמון ממותג,קילוגרמים,1.00,"ק""ג",true,,99.90,99.9000,true,1,164406
7290000646299,false,פילה נסיכת הנילוס,,,פילה נסיכת הנילוס,קילוגרמים,1.00,"ק""ג",true,,59.90,59.9000,true,1,211395
7290000652177,false,נתחי פילה נסיכת הניל,,,נתחי פילה נסיכת הנילוס,קילוגרמים,1.00,"ק""ג",true,,59.90,59.9000,true,1,211396
7290000652542,false,פילה אמנון 5-7,,,פילה אמנון 5-7,קילוגרמים,1.00,"ק""ג",true,,29.90,29.9000,true,1,211391
7290000670524,true,"טבעות קלמרי 500 גר""",,,"טבעות קלמרי 500 גר""",פריט,0.00,פריט,false,,19.99,0.0000,true,1,112761
7290000679188,false,דג קט פיש,,,דג קט פיש,קילוגרמים,1.00,"ק""ג",true,,34.90,34.9000,true,1,198270
7290000679884,true,"אולטרסול ""ד""ר פישר""",,,"אולטרסול ""ד""ר פישר""",פריט,0.00,פריט,false,,38.99,0.0000,true,1,115215
7290000688077,false,מים מינרליים מי עדן,"מי עדן בע""מ",,מי עדן 0.5 ליטר,מיליליטרים,500.00,"100 מ""ל",false,1,3.90,0.7800,true,1,112052
7290000688080,false,פילה דג זהבנון,א.ר.ד.י.ו,,פילה דג זהבנון,קילוגרמים,1.00,"ק""ג",true,,17.90,17.9000,true,1,200552
7290000688381,false,מים מינרליים מי עדן,"מי עדן בע""מ",,שישיית סנופי 0.5 ליט,ליטרים,3.00,ליטר,false,1,13.90,4.6333,true,1,113511
7290000688503,false,מים מינרליים מי עדן,"מי עדן בע""מ",,מי עדן ספורט 0.75 לי,ליטרים,4.50,ליטר,false,1,16.90,3.7556,true,1,113512
7290000692203,false,נוזל לניקוי כללי אגק,Colgate - Greece,,"נוזל לניקוי כללי ""אג",ליטרים,2.00,ליטר,false,1,21.90,10.9500,true,1,113513
7290000692227,false,נוזל כלים פלמוליב קל,Colgate - Greece,,"נוזל כלים ""פלמוליב""",ליטרים,1.00,ליטר,false,1,13.90,13.9000,true,1,114705
7290000692456,false,נוזל לניקוי חלונות א,Colgate - Greece,,זוג נוזל לניקוי חלונ,מיליליטרים,1500.00,"100 מ""ל",false,1,24.90,1.6600,true,1,112053
7290000776141,false,שיפודי פרגית,,,שיפודי פרגית,קילוגרמים,1.00,"ק""ג",true,,59.90,59.9000,true,1,219325
7290000776769,false,פרוסות כבד עגל קפוא,,,פרוסות כבד עגל קפוא,קילוגרמים,1.00,"ק""ג",true,,29.90,29.9000,true,1,222582
7290000802848,true,ארנול משחת שיניי,,,ארנול משחת שיניי,פריט,0.00,פריט,false,,13.90,0.0000,true,1,112766
7290000805597,false,בונזו סניור 7+ 3 קג,,,"בונזו ""סניור 7+"" 3 קג",קילוגרמים,3.00,"ק""ג",false,1,49.90,16.6333,true,1,140976
7290000805795,false,חול לחתולים יורו קיט,,,"חול לחתולים 10 ק""ג",קילוגרמים,10.00,"ק""ג",false,1,34.90,3.4900,true,1,112507
7290000805894,false,מזון לחתולים לה קט ע,,,"מזון לחתולים ""לה קט"" עוף 1.5 ק""ג",קילוגרמים,1.50,"ק""ג",false,1,39.90,26.6000,true,1,141507
7290000805900,false,לה קט עוף 2.85 קג,,,"לה קט עוף 2.85 ק""ג",קילוגרמים,2.85,"ק""ג",false,1,57.90,20.3158,true,1,112056
7290000825235,false,תפוא קטנטנים לאפייה,,,תפוא קטנטנים לאפייה לבנים,קילוגרמים,1.00,"ק""ג",true,,6.90,6.9000,true,1,229022
7290000835107,false,פילה מדומה מס 6 מוכש,,,פילה מדומה מס 6 מוכשר ארגנטינה,קילוגרמים,1.00,"ק""ג",true,,41.90,41.9000,true,1,228646
7290000835954,false,פילה אמנון 5-7 בוואק,,,פילה אמנון 5-7 בוואקום,קילוגרמים,1.00,"ק""ג",true,,29.90,29.9000,true,1,212387
7290000835961,false,פילה אמנון 7-9 בוואק,,,פילה אמנון 7-9 בוואקום,קילוגרמים,1.00,"ק""ג",true,,29.90,29.9000,true,1,212388
7290000836496,false,גבינה ברי אגוזים,מחלבת הגבינייה,,גבינה ברי אגוזים,קילוגרמים,1.00,"ק""ג",true,,145.00,145.0000,true,1,185194
7290000859512,false,חזה אווז קפוא ארוז,,,חזה אווז קפוא ארוז,קילוגרמים,1.00,"ק""ג",true,,169.90,169.9000,true,1,188392
7290000870041,false,דג צחון מיובש,,,דג צחון מיובש,קילוגרמים,1.00,"ק""ג",true,,105.00,105.0000,true,1,204583
7290000870300,false,דג סודאק מיובש,,,דג סודאק מיובש,קילוגרמים,1.00,"ק""ג",true,,105.00,105.0000,true,1,211591
7290000909804,false,פילה מרלוזה ללא עור,,,פילה מרלוזה ללא עור ארוז,קילוגרמים,1.00,"ק""ג",true,,36.90,36.9000,true,1,186827
7290000921265,true,מרכך הוואי מרענן 700,,,מרכך הוואי מרענן 700,,0.00,,false,,9.90,0.0000,true,1,161541
7290000922118,true,סבון הוואי לחות דבש,,,סבון הוואי לחות דבש,,0.00,,false,,11.90,0.0000,true,1,161508
7290000922125,true,סבון הוואי אלויורה 1,,,סבון הוואי אלויורה 1,,0.00,,false,,11.90,0.0000,true,1,161507
7290000922132,true,סבון הוואי קוקוס 33%,,,סבון הוואי קוקוס 33%,,0.00,,false,,11.90,0.0000,true,1,161506
7290000925027,true,"נוזל כלים ""סוד"" ורוד",,,"נוזל כלים ""סוד"" ורוד",,0.00,,false,,7.90,0.0000,true,1,161580
7290000925034,true,"נוזל כלים ""סוד"" כחול",,,"נוזל כלים ""סוד"" כחול",,0.00,,false,,7.90,0.0000,true,1,161579
7290000926000,true,מרכך כביסה סופט סוד,,,מרכך כביסה סופט סוד,,0.00,,false,,15.90,0.0000,true,1,161574
7290000926109,true,מרכך כביסה סופט סוד,,,מרכך כביסה סופט סוד,,0.00,,false,,15.90,0.0000,true,1,161575
7290000926154,true,"אבקת כביסה ""סוד קולו",,,"אבקת כביסה ""סוד קולו",,0.00,,false,,19.90,0.0000,true,1,161562
7290000926222,true,גיל כביסה סוד 3ל,,,גיל כביסה סוד 3ל,,0.00,,false,,26.90,0.0000,true,1,161563
7290000926239,true,גיל כביסה סוד קולור,,,גיל כביסה סוד קולור,,0.00,,false,,26.90,0.0000,true,1,161564
7290000926246,true,גיל כביסה סוד בייבי,,,גיל כביסה סוד בייבי,,0.00,,false,,26.90,0.0000,true,1,161565
7290000927044,false,בשר מס 5 צלי כתף,,,"בשר מס"" 5 צלי כתף",קילוגרמים,1.00,"ק""ג",true,,36.90,36.9000,true,1,108575
7290000927069,true,מלח סומט 2קג,,,מלח סומט 2קג,,0.00,,false,,11.90,0.0000,true,1,161581
7290000927464,false,גולש עגל,,,גולש עגל במגשים,קילוגרמים,1.00,"ק""ג",true,,34.90,34.9000,true,1,108998
7290000927471,false,צלי עגל,,,צלי עגל,קילוגרמים,1.00,"ק""ג",true,,41.90,41.9000,true,1,110848
7290000927939,true,"נוזל כלים ""סוד"" לבנד",,,"נוזל כלים ""סוד"" לבנד",,0.00,,false,,7.90,0.0000,true,1,161578
7290000928523,true,גיל כביסה סוד לבנדר,,,גיל כביסה סוד לבנדר,,0.00,,false,,26.90,0.0000,true,1,161566
7290000928714,true,"ג""ל כביסה פרסיל שחור",,,"ג""ל כביסה פרסיל שחור",,0.00,,false,,36.90,0.0000,true,1,161571
7290000928752,true,נוזל להברקה 750מל,,,נוזל להברקה 750מל,,0.00,,false,,19.90,0.0000,true,1,161584
7290000929681,true,תחליב רחצה הוואי ארי,,,תחליב רחצה הוואי ארי,,0.00,,false,,9.90,0.0000,true,1,161511
7290000929889,true,"ג""ל כביסה פרסיל לבנד",,,"ג""ל כביסה פרסיל לבנד",,0.00,,false,,36.90,0.0000,true,1,161570
7290000961613,false,חסה זוגות,מרינה פטריות הגליל,,חסה זוגות,Unknown,0.00,Unknown,false,1,7.90,0.0000,true,1,115230
7290000999984,false,הצטרפות מועדון מהקופ,,,הצטרפות מועדון מהקופה,Unknown,0.00,Unknown,false,1,0.01,0.0000,true,1,196345
7290001009116,true,לחם שיפון אורלובסקי,,,לחם שיפון אורלובסקי,גרמים,500.00,100 גרם,false,,10.90,2.1800,true,1,112790
7290001038819,true,"פמלי ג""ל 1 ק""ג",,,"פמלי ג""ל 1 ק""ג",פריט,0.00,פריט,false,,15.90,0.0000,true,1,112078
7290001050064,false,אבקת סוכר 1 קג,ר.ס.,,"אבקת סוכר 1 ק""ג",קילוגרמים,1.00,"ק""ג",false,1,12.90,12.9000,true,1,113094
7290001117972,true,"נקטר ""ג""אפה"" תפוחים",,,"נקטר ""ג""אפה"" תפוחים",פריט,0.00,פריט,false,,4.99,0.0000,true,1,112039
7290001121009,true,חזה עוף בגריל 360 גר,,,חזה עוף בגריל 360 גר,פריט,0.00,פריט,false,,29.99,0.0000,true,1,143464
7290001123775,false,שווארמה פרגיות 500 ג,טיבון ויל,,שווארמה פרגיות 500 ג,גרמים,500.00,100 גרם,false,1,25.90,5.1800,true,1,114718
7290001123782,false,שווארמה הודו 500 גר,טיבון ויל,,שווארמה הודו 500 גרם,גרמים,500.00,100 גרם,false,1,25.90,5.1800,true,1,112795
7290001172070,false,מטליות רצפה,עופרטקס,,מטליות רצפה,Unknown,0.00,Unknown,false,1,9.90,0.0000,true,1,113102
7290001172100,false,צמר פלדה 80 גר,בנדע,,צמפל 0,גרמים,80.00,100 גרם,false,1,4.00,5.0000,true,1,112049
7290001199084,false,גזר בסיגנון קוריאני,סלטי עמים ברדה,,גזר בסיגנון קוריאני,גרמים,450.00,100 גרם,false,1,15.90,3.5333,true,1,112087
7290001199244,false,כרוב במלח 1 קג,סלטי עמים ברדה,,"כרוב במלח 1 ק""ג",קילוגרמים,1.00,"ק""ג",false,1,18.90,18.9000,true,1,112807
7290001199343,false,חזרת 180 גר,סלטי עמים ברדה,,"חזרת 180 ג""ר",גרמים,180.00,100 גרם,false,1,10.90,6.0556,true,1,113536
7290001199350,false,חרדל 180 גר,סלטי עמים ברדה,,"חרדל 180 ג""ר",גרמים,180.00,100 גרם,false,1,10.90,6.0556,true,1,115242
7290001199404,false,כרוב במלח עם חמוציות,סלטי עמים ברדה,,כרוב במלח עם חמוציות,קילוגרמים,1.00,"ק""ג",false,1,18.90,18.9000,true,1,113537
7290001199459,false,כרוב במלח עם תפוחי ע,סלטי עמים ברדה,,כרוב במלח עם תפוחי ע,קילוגרמים,1.00,"ק""ג",false,1,18.90,18.9000,true,1,113538
7290001199596,false,סלט בולגרי ברדה 1 קג,,,גזר ולימון חריף 250,קילוגרמים,1.00,"ק""ג",false,1,17.90,17.9000,true,1,142736
7290001216040,false,טחינה אל ארז 500 גר,,,טחינה אל ארז 500 גר,גרמים,500.00,100 גרם,false,24,15.90,3.1800,true,1,211084
7290001216057,false,טחינה אל ארז 1 קג,,,טחינה אל ארז 1 קג,קילוגרמים,1.00,"ק""ג",false,12,29.90,29.9000,true,1,211085
7290001230331,false,כאמל בוקס פילטר,,,כאמל בוקס פילטר,Unknown,0.00,Unknown,false,1,31.00,0.0000,false,1,111490
7290001230739,false,כאמל כחול,,,כאמל כחול,Unknown,0.00,Unknown,false,1,31.00,0.0000,false,1,111538
7290001231932,false,וינסטון כחול בוקס,,,וינסטון כחול בוקס,Unknown,0.00,Unknown,false,1,33.00,0.0000,false,1,111567
7290001242476,true,ארוסול נירו סטאר,,,ארוסול נירו סטאר,פריט,0.00,פריט,false,,14.99,0.0000,true,1,112063
7290001242728,true,אפקטיב חדש 1000 24 י,,,אפקטיב חדש 1000 24 י,פריט,0.00,פריט,false,,14.99,0.0000,true,1,114726
7290001242988,true,מנקה חלונות 1 ליטר,,,מנקה חלונות 1 ליטר,פריט,0.00,פריט,false,,10.99,0.0000,true,1,113539
7290001246153,false,מבשם אויר נטול גז ור,,,מבשם נטול גז לבנדר 350 מל טאצ,מיליליטרים,350.00,"100 מ""ל",false,1,9.90,2.8286,true,1,215359
7290001246634,false,נוזל אסלות על בסיס ח,,,נוזל אסלות על בסיס חומצה 1 ל,ליטרים,1.00,ליטר,false,1,6.90,6.9000,true,1,210999
7290001246801,false,נוזל רצפות טאץ פרקט,,,נוזל רצפות טאץ פרקט 2 ל,ליטרים,2.00,ליטר,false,1,18.90,9.4500,true,1,211005
7290001247068,false,ספרינג תות 1 ל,"יפאורה תבורי בע""מ",,ספרינג תות 1 ליטר,ליטרים,1.00,ליטר,false,1,6.90,6.9000,true,1,114727
7290001247082,false,ספרינג עגבניות 1 ל,"יפאורה תבורי בע""מ",,ספרינג עגבניות 1 ליט,מיליליטרים,1000.00,"100 מ""ל",false,1,6.90,0.6900,true,1,112822
7290001247099,false,ספרינג מנגו 1 ל,"יפאורה תבורי בע""מ",,ספרינג מנגו 1 ליטר,ליטרים,1.00,ליטר,false,1,6.90,6.9000,true,1,115246
7290001247105,false,ספרינג אפרסק 1 ל,"יפאורה תבורי בע""מ",,ספרינג אפרסק 1 ליטר,מיליליטרים,1000.00,"100 מ""ל",false,1,6.90,0.6900,true,1,112101
7290001247112,false,ספרינג לימון 1 ל,"יפאורה תבורי בע""מ",,ספרינג לימון 1 ליטר,מיליליטרים,1000.00,"100 מ""ל",false,1,6.90,0.6900,true,1,113540
7290001247129,false,ספרינג תפוזים 1 ל,"יפאורה תבורי בע""מ",,ספרינג תפוזים 1 ליטר,מיליליטרים,1000.00,"100 מ""ל",false,1,6.90,0.6900,true,1,112064
7290001247143,false,ספרינג תפוח 1 ל,"יפאורה תבורי בע""מ",,ספרינג תפוח 1 ליטר,מיליליטרים,1000.00,"100 מ""ל",false,1,6.90,0.6900,true,1,112102
7290001265642,false,מעדני לה קט פטה 400,,,מעדני לה קט פטה 3*40,גרמים,1200.00,100 גרם,false,1,23.90,1.9917,true,1,115247
7290001302194,false,ביסלי אסם בטעם פלפל,אסם,,ביסלי אסם בטעם פלפל 55גר,גרמים,55.00,100 גרם,false,1,3.90,7.0909,true,1,161091
7290001302279,false,במבה אסם קלאסי 60 גר,אסם,,במבה אסם קלאסי 60גר,גרמים,60.00,100 גרם,false,1,3.90,6.5000,true,1,161095
7290001305058,false,סבון נוזלי פלמוליב ח,CP - Turkey+60,,"סבון נוזלי ""פלמוליב""",מיליליטרים,500.00,"100 מ""ל",false,1,13.80,2.7600,true,1,112066
7290001305188,false,נוזל כלים בניחוח לימ,Colgate - Greece,,"נוזל כלים ""פלמוליב""",מיליליטרים,750.00,"100 מ""ל",false,1,10.90,1.4533,true,1,114728
7290001326350,true,קרמי וניל,,,קרמי וניל,פריט,0.00,פריט,false,,17.99,0.0000,true,1,112067
7290001327763,true,0קרמיסימו אגו,,,0קרמיסימו אגו,פריט,0.00,פריט,false,,17.99,0.0000,true,1,112105
7290001327791,false,קרמיסימו עוגיות 1.33,,,קרמיסימו עוגיות 1.33,ליטרים,1.33,ליטר,false,1,18.90,14.2105,true,1,113129
7290001327814,true,קרמיסימו תות,,,קרמיסימו תות,פריט,0.00,פריט,false,,17.99,0.0000,true,1,114005
7290001327821,true,קרמי 9 טרמסו,,,קרמי 9 טרמסו,פריט,0.00,פריט,false,,17.99,0.0000,true,1,114731
7290001330050,false,עוגת וואלס שכבות 600,ברון מפעל לייצור עוג,,עוגת וואלס שכבות 600 גר,גרמים,600.00,100 גרם,false,1,64.90,10.8167,true,1,112068
7290001330234,false,עוגת קייבסקי עגולה 6,ברון מפעל לייצור עוג,,עוגת קייבסקי עגולה 600 גר,גרמים,600.00,100 גרם,false,1,92.90,15.4833,true,1,114007
7290001330746,false,עוגת ליצן מלבן 450 ג,ברון מפעל לייצור עוג,,עוגת ליצן מלבן 450 ג,גרמים,450.00,100 גרם,false,1,49.90,11.0889,true,1,112824
7290001330753,false,עוגת שחרחורת מלבן 45,ברון מפעל לייצור עוג,,עוגת שחרחורת מלבן 450 גר,גרמים,450.00,100 גרם,false,1,49.90,11.0889,true,1,113594
7290001330906,false,עוגה למבדה עגולה קטנ,ברון מפעל לייצור עוג,,למבדה עגולה קטנה 600 גר,גרמים,600.00,100 גרם,false,1,82.90,13.8167,true,1,112826
7290001330951,false,עוגת סיביר עגולה 800,ברון מפעל לייצור עוג,,עוגת סיביר עגולה 800 גר,גרמים,800.00,100 גרם,false,1,92.90,11.6125,true,1,112828
7290001338315,false,סקין גרד תחליב הגנה,,,סקין גרד תחליב הגנה לילדים 250 גר,גרמים,250.00,100 גרם,false,1,49.90,19.9600,true,1,221025
7290001361009,false,טורט קייבסקי 700 גר,נטלי פלוס,,טורט קייבסקי,גרמים,700.00,100 גרם,false,1,78.90,11.2714,true,1,113595
7290001361016,false,עוגות גינגית פס 600,נטלי פלוס,,עוגות גינגית פס 600 גר,גרמים,600.00,100 גרם,false,1,41.90,6.9833,true,1,113134
7290001361054,false,אקלרים 600 גר,נטלי פלוס,,אקלרים 600 גר,גרמים,600.00,100 גרם,false,1,42.90,7.1500,true,1,115253
7290001361061,false,אקלרים בציפוי שוקולד,נטלי פלוס,,אקלרים בציפוי שוקולד,גרמים,600.00,100 גרם,false,1,42.90,7.1500,true,1,111471
7290001361085,false,עוגת נפוליאון פס 600,נטלי פלוס,,עוגת נפוליאון פס,גרמים,600.00,100 גרם,false,1,41.90,6.9833,true,1,114735
7290001361177,false,עוגת דובדבנים פס 650,נטלי פלוס,,עוגת דובדבנים פס,גרמים,650.00,100 גרם,false,1,45.90,7.0615,true,1,112108
7290001361184,true,פינוקי גורמה שמיניית,,,פינוקי גורמה שמיניית,פריט,0.00,פריט,false,,36.90,0.0000,true,1,158141
7290001361207,false,עוגת פס אוכמניות 650,נטלי פלוס,,עוגת אוכמניות פס,גרמים,650.00,100 גרם,false,1,45.90,7.0615,true,1,114737
7290001361245,true,פינוקי גורמה שמיניית,,,פינוקי גורמה שמיניית,פריט,0.00,פריט,false,,36.90,0.0000,true,1,141592
7290001361269,false,פס קייבסקי 350 גר,,,טורט קייב,גרמים,350.00,100 גרם,false,1,41.90,11.9714,true,1,140670
7290001361276,false,כדורי שוקולד 400 גר,נטלי פלוס,,כדורי שוקולד 400גר,גרמים,700.00,100 גרם,false,1,34.90,4.9857,true,1,140668
7290001361313,true,סופלה שוקולד עשיר 30,,,סופלה שוקולד עשיר 30,פריט,0.00,פריט,false,,36.90,0.0000,true,1,158140
7290001361450,false,עוגת ריבת חלב מותק 6,נטלי פלוס,,עוגת ריבת חלב מותק 650 גר,גרמים,650.00,100 גרם,false,1,69.90,10.7538,true,1,113598
7290001361580,false,עוגת פס היער השחור נ,,,עוגת פס היער השחור נטלי 550 גר,גרמים,550.00,100 גרם,false,1,43.90,7.9818,true,1,141861
7290001361733,false,עוגת פס אלפחורס נטלי,,,עוגת פס אלפחורס נטלי 550 גר,גרמים,550.00,100 גרם,false,1,43.90,7.9818,true,1,215888
7290001361931,false,פחזניות במילוי גבינה,נטלי פלוס,,פחזניות במילוי גבינה,גרמים,350.00,100 גרם,false,1,36.90,10.5429,true,1,112830
7290001361979,false,עוגת פס גבינה ללא סו,נטלי פלוס,,עוגת פס גבינה ללא סוכר 450 גר,גרמים,500.00,100 גרם,false,1,39.90,7.9800,true,1,112831
7290001407813,false,חלווה בארכה שאמית עם,,,חלבה בארכה שאמית עם פיסטוק 350 גר,גרמים,350.00,100 גרם,false,1,15.90,4.5429,true,1,112834
7290001407820,false,חלווה בארכה שאמית ונ,רושדי,,חלבה בארכה שאמית וניל 350 גר,גרמים,350.00,100 גרם,false,1,15.90,4.5429,true,1,180873
7290001419311,true,עלי וופל לטורט,,,עלי וופל לטורט,פריט,0.00,פריט,false,,10.99,0.0000,true,1,112071
7290001419779,false,וופל בטעם שוקולד עלמ,,,"ופל שוקולד ""עלמה"" קל",גרמים,200.00,100 גרם,false,1,4.90,2.4500,true,1,112073
7290001419793,false,גביעי גלידה 12 יח,,,"גביעי גלידה ""12 יח""",גרמים,132.00,100 גרם,false,1,10.90,8.2576,true,1,111461
7290001468104,false,גפרורים,י.ד. יבוא,,גפרורים,Unknown,0.00,Unknown,false,1,4.90,0.0000,true,1,158271
7290001468272,false,פלסטרים מעורב,QUEST,,פלסטרים מעורב,Unknown,0.00,Unknown,false,1,7.50,0.0000,true,1,112848
7290001468319,false,מיץ לימון טבעי 200 מ,ITAL LEMON,,מיץ לימון טבעי 200 מל,מיליליטרים,200.00,"100 מ""ל",false,1,6.90,3.4500,true,1,113167
7290001468562,false,מטהר אוויר בריז,KOZMO,,מטהר אוויר בריז,Unknown,0.00,Unknown,false,1,4.90,0.0000,true,1,114015
7290001468623,false,נוזל כלים אלפא 1 ל,שיאון,,נוזל כלים אלפא 1 ליט,ליטרים,1.00,ליטר,false,1,8.90,8.9000,true,1,113168
7290001468760,false,פחם דחוס 3 קג,CARBONBRIQMA,,"פחם דחוס 3 ק""ג",קילוגרמים,3.00,"ק""ג",false,1,19.90,6.6333,true,1,114016
7290001468852,false,סודה לשתיה 50 מל,ר.ס.,,סודה לשתיה,גרמים,50.00,100 גרם,false,1,1.90,3.8000,true,1,115260
7290001485019,false,גבינת שמנת טבעי 5% 2,,,גבינת שמנת טבעי 5% 200 גר,גרמים,200.00,100 גרם,false,1,11.90,5.9500,true,1,112854
7290001491096,false,תה ירוק לימונית לואי,,,תה ירוק לימונית/לואי,גרמים,75.00,100 גרם,false,1,39.90,53.2000,true,1,112128
7290001491812,false,תה ירוק פירות יער ופ,,,תה ירוק פירות יער ופ,גרמים,38.00,100 גרם,false,1,24.90,65.5263,true,1,112088
7290001581612,false,מינוט סטייק 400 גר,,,מינוט סטייק 400 גר,גרמים,400.00,100 גרם,false,1,39.90,9.9750,true,1,219308
7290001581780,false,נקניקיות מרגז פיקנטי,,,נקניקיות מרגז פיקנטיות 400 גר,גרמים,400.00,100 גרם,false,1,29.90,7.4750,true,1,219303
7290001581957,false,שיפודי טלה 400 גר,,,שיפודי טלה 400 גר,גרמים,400.00,100 גרם,false,1,64.90,16.2250,true,1,219307
7290001594155,false,קוקה קולה 500 מל,קוקה קולה,,"קוקה קולה 500 מ""ל",מיליליטרים,500.00,"100 מ""ל",false,1,6.90,1.3800,true,1,113658
7290001594230,false,סודה קינלי 250 מל,קוקה קולה,,סודה קינלי 250 מל,מיליליטרים,250.00,"100 מ""ל",false,1,3.90,1.5600,true,1,114019
7290001594544,false,בירה שחורה מאלטי 330,קרלסברג ישראל,,"מאלטי 330 מ""ל בקבוק",מיליליטרים,330.00,"100 מ""ל",false,1,4.90,1.4848,true,1,113189
7290001594568,false,בירה קרלסברג פחית 50,קרלסברג ישראל,,"קרלסברג 500 מ""ל פחית",מיליליטרים,500.00,"100 מ""ל",false,1,9.90,1.9800,true,1,113191
7290001594575,false,בירה טובורג רד 500 מ,קרלסברג ישראל,,"טובורג 500 מ""ל פחית",מיליליטרים,500.00,"100 מ""ל",false,1,8.90,1.7800,true,1,114747
7290001594803,false,בירה טובורג גרין 330,קרלסברג ישראל,,שישיית טובורג גרין 3,ליטרים,1.98,ליטר,false,1,41.90,21.1616,true,1,115264
7290001594858,false,בירה טובורג רד 330 מ,קרלסברג ישראל,,"שישיית טובורג 330 מ""",ליטרים,1.98,ליטר,false,1,39.90,20.1515,true,1,112861
7290001594865,false,בירה קרלסברג 330 מל,קרלסברג ישראל,,בירה קרלסברג שישייה,ליטרים,1.98,ליטר,false,1,40.90,20.6566,true,1,113659
7290001623053,true,"קוויאר אדום 140 ג""ר",,,"קוויאר אדום 140 ג""ר",Unknown,0.00,Unknown,false,,29.99,0.0000,true,1,115266
7290001651322,false,אוכמניות כחולות 250,,,אוכמניות כחולות 250 גר,גרמים,250.00,100 גרם,false,1,14.90,5.9600,true,1,225022
7290001670736,false,כפפות שקוף,,,כפפות שקוף,Unknown,0.00,Unknown,false,1,5.90,0.0000,true,1,112096
7290001696613,false,חמניה קלוף 300 גר,,,חמניה קלוף 300 גר,גרמים,300.00,100 גרם,false,1,11.90,3.9667,true,1,184308
7290001702222,true,פמוט נר מעוצב שנטי,,,פמוט נר מעוצב שנטי,פריט,0.00,פריט,false,,8.99,0.0000,true,1,112146
7290001705179,true,בליאשי,,,בליאשי,פריט,0.00,פריט,false,,22.99,0.0000,true,1,114025
7290001705445,true,מנטי,,,מנטי,פריט,0.00,פריט,false,,22.99,0.0000,true,1,112885
7290001705704,true,"קרפלך עם תפו""""א 600ג",,,"קרפלך עם תפו""""א 600ג",פריט,0.00,פריט,false,,20.99,0.0000,true,1,113672
7290001705728,true,קרפלך עם גבינה 600גר,,,קרפלך עם גבינה 600גר,פריט,0.00,פריט,false,,22.99,0.0000,true,1,112115
7290001705773,true,כיסונים עם גבינה מלו,,,כיסונים עם גבינה מלו,פריט,0.00,פריט,false,,22.99,0.0000,true,1,133152
7290001705919,true,דמדמניות שחורות 300,,,דמדמניות שחורות 300,פריט,0.00,פריט,false,,12.99,0.0000,true,1,112118
7290001705926,true,דמדמניות אדומות 300,,,דמדמניות אדומות 300,פריט,0.00,פריט,false,,12.99,0.0000,true,1,114026
7290001705933,true,"דובדבן 300 גר""",,,"דובדבן 300 גר""",פריט,0.00,פריט,false,,12.99,0.0000,true,1,113673
7290001705940,true,"פטל אדום 300 גר""",,,"פטל אדום 300 גר""",פריט,0.00,פריט,false,,14.99,0.0000,true,1,115280
7290001705957,true,"חמוציות 300 גר""",,,"חמוציות 300 גר""",פריט,0.00,פריט,false,,14.99,0.0000,true,1,112148
7290001705964,true,מיקס פירות יער 300 ג,,,מיקס פירות יער 300 ג,פריט,0.00,פריט,false,,12.99,0.0000,true,1,115281
7290001705971,true,"פטל שחור 300 גר""",,,"פטל שחור 300 גר""",פריט,0.00,פריט,false,,12.99,0.0000,true,1,114027
7290001713891,false,חמישיית מטליות מיקרו,,,חמישיית מטליות מיקרופייבר,Unknown,0.00,Unknown,false,1,7.90,0.0000,true,1,224512
7290001723883,true,נורת ליבון,,,נורת ליבון,פריט,0.00,פריט,false,,2.99,0.0000,true,1,112889
7290001738771,false,טושיונקה בקר אדום 40,,,מעדן בקר ראש 400 גר,גרמים,400.00,100 גרם,false,1,19.90,4.9750,true,1,190293
7290001791349,false,אקונומיקה ריחנית 4 ל,,,סנו פיסגה אקונומיקה,ליטרים,4.00,ליטר,false,1,9.90,2.4750,true,1,113224
7290001813454,false,עוגיות חיוכים שוקו 9,אפיפית נצרת תעשיות ב,,"חיוכים שוקו 900 ג""ר",גרמים,900.00,100 גרם,false,1,19.90,2.2111,true,1,112133
7290001817728,false,חטיף ציטוס כאפה 55 ג,STRAUSS-ISRAEL,,"צ""יטוס כאפה 55 גר""",גרמים,55.00,100 גרם,false,1,3.40,6.1818,true,1,112135
7290001855096,true,"שמן מעורב 630 ג""ר",,,"שמן מעורב 630 ג""ר",פריט,0.00,פריט,false,,12.99,0.0000,true,1,114035
7290001865453,false,אל סבון פמילי לבנדר,אינטרקוסמא,,"אל סבון ""פמילי"" עם מ",ליטרים,1.00,ליטר,false,1,11.90,11.9000,true,1,114038
7290001873489,false,קרפציו 120 גר בלאק א,,,קרפציו 120 גר בלאק אנגוס,גרמים,120.00,100 גרם,false,1,15.90,13.2500,true,1,212940
7290001881224,false,קוביות אננס מאמא מרי,,,קוביות אננס מאמא מרי קפוא 300 גר,גרמים,300.00,100 גרם,false,1,15.90,5.3000,true,1,113680
7290001881293,false,תות שדה קפוא 300 גר,,,חמאת קוויאר שחור,גרמים,300.00,100 גרם,false,1,11.90,3.9667,true,1,113246
7290001881309,true,"שפרוטים במלח 800 גר""",,,"שפרוטים במלח 800 גר""",פריט,0.00,פריט,false,,16.99,0.0000,true,1,112915
7290001881873,false,כרוב כבוש עם חמוציות,,,כרוב כבוש עם חמוציות,קילוגרמים,1.00,"ק""ג",false,1,19.90,19.9000,true,1,113247
7290001985328,true,גלידה מגנום,,,גלידה מגנום,פריט,0.00,פריט,false,,23.90,0.0000,true,1,114763
7290001985397,true,אסקימו מעורב,,,אסקימו מעורב,פריט,0.00,פריט,false,,12.99,0.0000,true,1,113688
7290001985458,true,קרים 9 וניל,,,קרים 9 וניל,פריט,0.00,פריט,false,,17.99,0.0000,true,1,113250
7290001985465,true,קר 9 יוגורט,,,קר 9 יוגורט,פריט,0.00,פריט,false,,17.99,0.0000,true,1,114764
7290001985472,true,"גלידה ""קרמיסימו"" מוס",,,"גלידה ""קרמיסימו"" מוס",פריט,0.00,פריט,false,,21.99,0.0000,true,1,115291
7290001985557,true,גלידה מצופים מעו,,,גלידה מצופים מעו,פריט,0.00,פריט,false,,26.99,0.0000,true,1,113251
7290001985601,true,גלידה לי,,,גלידה לי,פריט,0.00,פריט,false,,17.99,0.0000,true,1,113252
7290001985670,true,לייט קרמיסימו,,,לייט קרמיסימו,פריט,0.00,פריט,false,,18.90,0.0000,true,1,112150
7290001985694,true,10 שטראוס אייס,,,10 שטראוס אייס,פריט,0.00,פריט,false,,23.99,0.0000,true,1,113253
7290001985793,true,פרוטי מסטיגם,,,פרוטי מסטיגם,פריט,0.00,פריט,false,,21.90,0.0000,true,1,113689
7290001985816,true,קרמיסימו לייט ונ,,,קרמיסימו לייט ונ,פריט,0.00,פריט,false,,18.90,0.0000,true,1,113254
7290001985847,true,קרמיסימו פרווה בטעם,,,קרמיסימו פרווה בטעם,פריט,0.00,פריט,false,,18.99,0.0000,true,1,113690
7290001985854,true,קר 2 לי דובדבן,,,קר 2 לי דובדבן,פריט,0.00,פריט,false,,23.95,0.0000,true,1,113691
7290001985861,true,גלידה פאקן,,,גלידה פאקן,פריט,0.00,פריט,false,,25.99,0.0000,true,1,114765
7290001985960,true,פנטזיה תפוז,,,פנטזיה תפוז,פריט,0.00,פריט,false,,16.99,0.0000,true,1,114043
7290001990148,false,סוכר גולדן קלאסי 1 ק,,,סוכר גולדן קלסי,גרמים,1000.00,100 גרם,false,1,11.90,1.1900,true,1,114044
7290001990377,false,שעועית בובס 500 גר,,,"שעועית בובס 500 ג""ר",גרמים,500.00,100 גרם,false,1,10.90,2.1800,true,1,114045
7290001992081,false,קרפלך עגל 800 גר,מעדני מניה תעשיות בש,,קרפלך עגל 800 גר,גרמים,800.00,100 גרם,false,1,28.90,3.6125,true,1,133396
7290001992128,true,כרוב ממולא 770גר,,,כרוב ממולא 770גר,פריט,0.00,פריט,false,,27.90,0.0000,true,1,133397
7290001992210,false,קרפלך רוסי 800 גר,מעדני מניה תעשיות בש,,קרפלך רוסי 800 גר,גרמים,800.00,100 גרם,false,1,28.90,3.6125,true,1,133405
7290001992500,false,קרפלך לילדים 800 גר,מעדני מניה תעשיות בש,,קרפלך לילדים 800 גר,גרמים,800.00,100 גרם,false,1,28.90,3.6125,true,1,133403
7290002000143,false,קרם ידיים בשפופרת פנ,אינטרקוסמא,,"קרם ידיים ""פנג""ל"" קל",Unknown,0.00,Unknown,false,1,7.90,0.0000,true,1,112206
7290002007029,false,קוקוס 100 גר,,,קוקוס 100 גר,גרמים,100.00,100 גרם,false,1,3.90,3.9000,true,1,112208
7290002007036,false,כוסמת 500 גר,,,"כוסמת 500 גר""",גרמים,500.00,100 גרם,false,1,7.90,1.5800,true,1,114768
7290002007302,false,סוכריות לקישוט צבע א,,,מזרה צבע אחיד,גרמים,100.00,100 גרם,false,1,5.90,5.9000,true,1,112158
7290002007371,false,פירורי לחם 500 גר,,,"פירורי לחם 500 ג""ר",גרמים,500.00,100 גרם,false,1,6.90,1.3800,true,1,113255
7290002007500,false,קסמים חבית 500 יח,,,"קסמים חבית 500 יח""",Unknown,0.00,Unknown,false,1,4.90,0.0000,true,1,114053
7290002007821,false,צבע מאכל אדום 55 מל,,,צבע מאכל אדום,מיליליטרים,55.00,"100 מ""ל",false,1,4.00,7.2727,true,1,115303
7290002008149,false,מדליק פחם מוצק,,,מדליק פחם מוצק,Unknown,0.00,Unknown,false,1,6.90,0.0000,true,1,113699
7290002008224,false,סוכריות לקישוט צבעונ,,,מזרה עגול,גרמים,100.00,100 גרם,false,1,5.90,5.9000,true,1,112218
7290002008231,false,אצטון 100 גר,,,אצטון 100 גר,גרמים,100.00,100 גרם,false,1,4.90,4.9000,true,1,135461
7290002008439,false,דפים סנדביץ,,,דפים סנדביץ,Unknown,0.00,Unknown,false,1,6.90,0.0000,true,1,112168
7290002008620,false,צבע מאכל ירוק 55 מל,,,"צבע מאכל ירוק 55 מ""ל",מיליליטרים,55.00,"100 מ""ל",false,1,4.00,7.2727,true,1,114057
7290002008743,false,סוכר וניל 10 יח,,,"סוכר וניל 10 יח""",גרמים,100.00,100 גרם,false,1,2.50,2.5000,true,1,114058
7290002008750,false,אבקת אפיה 10 יח,,,"אבקת אפיה 10 יח""",גרמים,100.00,100 גרם,false,1,2.50,2.5000,true,1,115305
7290002026884,false,מאגדת גלידה צאנקי מי,,,מאגדת גלידה צאנקי מיקס בטעמים שונים 294,גרמים,294.00,100 גרם,false,1,27.90,9.4898,true,1,194164
7290002026983,false,גלידת פיינט מוופוריה,,,גלידת שוקול עם בצק עוגיות שוקולד ציפס,מיליליטרים,500.00,"100 מ""ל",false,1,19.90,3.9800,true,1,205266
7290002037569,false,חבילת באניס 450 גר,מאפיית ודש,,"חבילת באניס 450 גר""",גרמים,450.00,100 גרם,false,1,14.90,3.3111,true,1,113279
7290002040019,false,קוסקוס רגיל 350 גר,,,קוסקוס רגיל 350גר,גרמים,350.00,100 גרם,false,1,5.90,1.6857,true,1,114068
7290002040064,false,קוסקוס דק 350 גר,,,35קוסקוס דק,גרמים,350.00,100 גרם,false,1,5.90,1.6857,true,1,114777
7290002040071,false,קוסקוס עבה 350 גר,,,350קוסקוס עבה ג,גרמים,350.00,100 גרם,false,1,5.90,1.6857,true,1,114778
7290002050087,false,שקד טבעי 170 גר,זארובי,,שקד טבעי 170 גר,גרמים,170.00,100 גרם,false,1,19.90,11.7059,true,1,183270
7290002050551,false,אגוז פקאן טבעי 180 ג,,,אגוז פקאן טבעי 180 גר,גרמים,180.00,100 גרם,false,1,23.90,13.2778,true,1,222039
7290002050575,false,קשיו טבעי 220 גר,,,קשיו טבעי 220 גר,גרמים,220.00,100 גרם,false,1,23.90,10.8636,true,1,196679
7290002050612,false,פקאן סיני 220 גר,,,פקאן סיני 220 גר,גרמים,220.00,100 גרם,false,1,23.90,10.8636,true,1,222041
7290002050865,false,אגוזי מלך 150 גר,,,אגוזי מלך 150 גר,גרמים,150.00,100 גרם,false,1,12.90,8.6000,true,1,196681
7290002050896,false,צנובר 200 גר,,,צנובר 200 גר,גרמים,200.00,100 גרם,false,1,54.90,27.4500,true,1,196683
7290002057017,false,זית נובו ענק יבנה 56,,,זית נובו ענק,גרמים,560.00,100 גרם,false,1,9.90,1.7679,true,1,114070
7290002057123,false,זיתים חרוזית יבנה 56,,,חרוזית יבנה,גרמים,560.00,100 גרם,false,1,9.90,1.7679,true,1,112245
7290002057185,false,טבעות זיתים ירוקים י,,,טבעות זיתים ירוקים,גרמים,560.00,100 גרם,false,1,9.90,1.7679,true,1,114072
7290002057369,false,מלפפון יבנה במלח 10-,קבוצת יבנה,,מלפפון יבנה במלח 10-12 560 גר,גרמים,560.00,100 גרם,false,1,7.90,1.4107,true,1,114074
7290002057376,false,מלפפונים במלח 13-17,קבוצת יבנה,,מלפפונים במלח 13-17,גרמים,560.00,100 גרם,false,1,9.90,1.7679,true,1,113297
7290002057383,false,מלפפון במלח 18-25 יב,,,מלפפון במלח 18-25,גרמים,600.00,100 גרם,false,1,11.90,1.9833,true,1,114075
7290002057437,false,שיפקונית 560 גר,,,שיפקונית 560 גר,גרמים,560.00,100 גרם,false,12,9.90,1.7679,true,1,215965
7290002057451,false,מלפפון בחומץ 7-9 יבנ,קבוצת יבנה,,מלפפון בחומץ 7-9,גרמים,560.00,100 גרם,false,1,6.50,1.1607,true,1,113298
7290002057468,false,מלפפון יבנה בחומץ 10,קבוצת יבנה,,מלפפון יבנה בחומץ 10-12 560 גר,גרמים,560.00,100 גרם,false,1,7.90,1.4107,true,1,113727
7290002057475,false,מלפפון בחומץ 13-17 י,קבוצת יבנה,,מלפפון בחומץ 13-17,גרמים,560.00,100 גרם,false,1,9.90,1.7679,true,1,112247
7290002057482,false,מלפפון בחומץ 18-25 י,,,מלפפון בחומץ 18-25,גרמים,560.00,100 גרם,false,1,11.90,2.1250,true,1,113728
7290002057604,false,פלפל חריף שיפקה יבנה,קבוצת יבנה,,פלפל חריף שיפקה,גרמים,560.00,100 גרם,false,1,5.90,1.0536,true,1,112203
7290002057628,false,זית טבעות מושחר יבנה,,,טבעות מושחר,גרמים,560.00,100 גרם,false,1,9.90,1.7679,true,1,112204
7290002057703,false,חצילים יבנה 560 גר,קבוצת יבנה,,חצילים יבנה 560 גרם,גרמים,560.00,100 גרם,false,1,6.90,1.2321,true,1,112982
7290002079033,false,לחם דגנים לייט 500 ג,,,לחם דגנים לייט,גרמים,500.00,100 גרם,false,1,13.90,2.7800,true,1,113732
7290002079217,false,לחם מחמצת שיפון ואגו,,,לחם מחמצת שיפון ואגו,גרמים,650.00,100 גרם,false,1,13.90,2.1385,true,1,112258
7290002079316,false,חלה פרוסה 500 גר,,,חלה פרוסה,גרמים,500.00,100 גרם,false,1,9.90,1.9800,true,1,113733
7290002079361,false,לחמניה המבורגר פרוס,,,לחמניה המבורגר פרוס 480 גר,גרמים,480.00,100 גרם,false,1,16.90,3.5208,true,1,114079
7290002079477,false,שחור פרוס 750 גר,,,"שחור פרוס 750 גר""",גרמים,750.00,100 גרם,false,1,6.70,0.8933,true,1,112227
7290002079927,false,לחם דגנים מלא 750 גר,,,לחם דגנים מלא 750 גר,גרמים,750.00,100 גרם,false,1,13.90,1.8533,true,1,113306
7290002079996,false,לחם אחיד קל פרוס 750,,,לחם אחיד קל פרוס,גרמים,750.00,100 גרם,false,1,13.90,1.8533,true,1,114787
7290002096047,false,דובשניות חפץ 800 גר,,,"דובשניות חפץ 800 ג""ר",גרמים,800.00,100 גרם,false,1,18.90,2.3625,true,1,114788
7290002107385,false,גבינת עיזים מותכת מה,,,מה-עז - גליל גבינת ע,גרמים,180.00,100 גרם,false,,24.90,13.8333,true,1,114790
7290002107965,false,גבינה טבורוג 5% 500,,,גבינה טבורוג 5% 500,גרמים,500.00,100 גרם,false,1,24.90,4.9800,true,1,112993
7290002130567,false,דבש טהור יד מרדכי 35,STRAUSS-ISRAEL,,"דבש טהור 350 ג""ר",גרמים,350.00,100 גרם,false,1,17.90,5.1143,true,1,112996
7290002130581,false,דבש טהור יד מרדכי 1,STRAUSS-ISRAEL,,"דבש טהור 1 ק""ג",קילוגרמים,1.00,"ק""ג",false,1,42.90,42.9000,true,1,114323
7290002133056,true,בולגרית ארוז 5%,,,בולגרית ארוז 5%,קילוגרמים,1.00,"ק""ג",true,,49.99,49.9900,true,1,110194
7290002133629,true,משקה יוגורט פרג 200,,,משקה יוגורט פרג 200,פריט,0.00,פריט,false,,5.29,0.0000,true,1,114797
7290002133636,true,משקה יוגורט אפרסק 20,,,משקה יוגורט אפרסק 20,פריט,0.00,פריט,false,,5.29,0.0000,true,1,115325
7290002133766,true,בולגרית למריחה עם שו,,,בולגרית למריחה עם שו,פריט,0.00,פריט,false,,14.99,0.0000,true,1,114324
7290002133773,true,משקה יוגורט תותים 20,,,משקה יוגורט תותים 20,פריט,0.00,פריט,false,,5.29,0.0000,true,1,114798
7290002133780,true,בולגרית למריחה טבעי,,,בולגרית למריחה טבעי,פריט,0.00,פריט,false,,14.99,0.0000,true,1,115326
7290002133933,true,משקה יוגורט פירות יע,,,משקה יוגורט פירות יע,פריט,0.00,פריט,false,,5.29,0.0000,true,1,112230
7290002133964,true,משקה יוגורט אננס 200,,,משקה יוגורט אננס 200,פריט,0.00,פריט,false,,5.29,0.0000,true,1,113007
7290002147459,true,"קפיר 500 מ""ל",,,"קפיר 500 מ""ל",מיליליטרים,500.00,"100 מ""ל",false,,7.99,1.5980,true,1,112261
7290002147466,true,"שמנת גביע 500 מ""ל",,,"שמנת גביע 500 מ""ל",מיליליטרים,500.00,"100 מ""ל",false,,8.99,1.7980,true,1,112231
7290002157960,false,טונה ויליגר במי מלח,ויליגר,,טונה ויליגר במי מלח 140 גר רביעייה,גרמים,560.00,100 גרם,false,1,20.90,3.7321,true,1,208617
7290002190516,false,ריבת חלב פלסטיק 500,גלעם,,ריבת חלב פלסטיק 500,גרמים,500.00,100 גרם,false,1,12.90,2.5800,true,1,112262
7290002195078,false,קבב כבש 400 גר,,,"קבב כבש 400 גר""",גרמים,400.00,100 גרם,false,1,12.90,3.2250,true,1,113009
7290002195085,false,קבב מזרחי 400 גר,,,"קבב מזרחי 400 גר""",גרמים,400.00,100 גרם,false,1,12.90,3.2250,true,1,112232
7290002195092,false,קבב רומני 400 גר,,,"קבב רומני 400 גר""",גרמים,400.00,100 גרם,false,1,12.90,3.2250,true,1,114328
7290002239215,false,אפונה וגזר 800 גר,"פרי הגליל בע""""מ",,"אפונה וגזר 800 ג""ר",גרמים,800.00,100 גרם,false,1,10.90,1.3625,true,1,112251
7290002239277,false,גזר גמדי 800 גר,"פרי הגליל בע""""מ",,"גזר גמדי 800 גר""",גרמים,800.00,100 גרם,false,1,8.90,1.1125,true,1,113011
7290002239338,false,שעועית ירוקה 800 גר,"פרי הגליל בע""""מ",,שעועית ירוקה 800גר,גרמים,800.00,100 גרם,false,1,10.90,1.3625,true,1,114084
7290002239369,false,שעועית שלמה 800 גר,"פרי הגליל בע""""מ",,"שעועית שלמה 800 גר""",גרמים,800.00,100 גרם,false,1,10.90,1.3625,true,1,114801
7290002239420,false,תירס גרעינים 800 גר,"פרי הגליל בע""""מ",,"תירס גרעינים 800 ג""ר",גרמים,800.00,100 גרם,false,1,10.90,1.3625,true,1,113739
7290002251590,true,"פרורי לחם 200+50 ג""ר",,,"פרורי לחם 200+50 ג""ר",פריט,0.00,פריט,false,,4.49,0.0000,true,1,112252
7290002253006,false,דורות שום כתוש טרי 2,דורות,,דורות שום כתוש טרי 2,גרמים,200.00,100 גרם,false,1,15.90,7.9500,true,1,113740
7290002253105,false,דורות קוביות שום טרי,דורות,,דורות קוביות שום טרי,גרמים,80.00,100 גרם,false,1,12.90,16.1250,true,1,114085
7290002253167,false,דורות פטרוזליה טרייה,דורות,,דורות פטרוזליה טרייה,גרמים,70.00,100 גרם,false,1,9.90,14.1429,true,1,113012
7290002259619,true,אבקת כביסה קולון 6 ק,,,אבקת כביסה קולון 6 ק,גרמים,6000.00,100 גרם,false,,59.99,0.9998,true,1,112254
7290002259640,false,רדיד אלומיניום דיימ,,,רדיד אלומיניום דיימונד 30 סמ,Unknown,0.00,Unknown,false,1,10.90,0.0000,true,1,167691
7290002260059,false,במבה אסם יום הולדת 6,אסם,,במבה אסם יום הולדת 60גר,גרמים,60.00,100 גרם,false,1,3.90,6.5000,true,1,161096
7290002276067,true,לחם סנדוויץ פרוס,,,לחם סנדוויץ פרוס,פריט,0.00,פריט,false,,7.99,0.0000,true,1,114803
7290002291046,false,המבורגר מסעדות 480 ג,,,המבורגר מסעדות 480 גר,גרמים,480.00,100 גרם,false,1,26.90,5.6042,true,1,185540
7290002304210,false,קונפיטורה משמש לייט,ענבי ציון,,"קונפיטורה ""ענבי ציון",גרמים,600.00,100 גרם,false,1,24.90,4.1500,true,1,113742
7290002304227,false,קונפיטורה דובדבן חמו,ענבי ציון,,"קונפיטורה ""ענבי ציון",גרמים,600.00,100 גרם,false,1,24.90,4.1500,true,1,113024
7290002304234,false,קונפיטורה אוכמניות ל,ענבי ציון,,"קונפיטורה ""ענבי ציון",גרמים,600.00,100 גרם,false,1,24.90,4.1500,true,1,114088
7290002304241,false,קונפיטורה פירות יער,ענבי ציון,,"קונפיטורה ""ענבי ציון",גרמים,600.00,100 גרם,false,1,24.90,4.1500,true,1,113025
7290002304418,false,קונפיטורת אוכמניות 1,ענבי ציון,,קונפיטורת אוכמניות 1,קילוגרמים,1.20,"ק""ג",false,1,29.90,24.9167,true,1,114089
7290002304425,false,קונפיטורת דובדבן 1.2,ענבי ציון,,קונפיטורת דובדבן 1.2,קילוגרמים,1.20,"ק""ג",false,1,29.90,24.9167,true,1,113026
7290002304432,false,קונפיטורת תות 1.2 קג,ענבי ציון,,"קונפיטורת תות 1.2 ק""",קילוגרמים,1.20,"ק""ג",false,1,29.90,24.9167,true,1,114335
7290002304470,false,קונפיטורת משמש 1.2 ק,ענבי ציון,,קונפיטורת משמש 1.2 ק,קילוגרמים,1.20,"ק""ג",false,1,29.90,24.9167,true,1,114804
7290002304487,false,מעדן אוכמניות עם סוכ,ענבי ציון,,מעדן אוכמניות עם סוכ,קילוגרמים,1.20,"ק""ג",false,1,29.90,24.9167,true,1,114091
7290002304609,false,קונפיטורת תותים ענבי,ענבי ציון,,"קונפיטורה ""ענבי ציון",גרמים,600.00,100 גרם,false,1,19.90,3.3167,true,1,114805
7290002304616,false,קונפיטורת משמשים ענב,ענבי ציון,,"קונפיטורה ""ענבי ציון",גרמים,600.00,100 גרם,false,1,19.90,3.3167,true,1,113028
7290002304630,false,קונפיטורת דובדבן ענב,ענבי ציון,,"קונפיטורה ""ענבי ציון",גרמים,600.00,100 גרם,false,1,19.90,3.3167,true,1,113029
7290002304654,false,קונפיטורת שזיפים ענב,ענבי ציון,,"קונפיטורה ""ענבי ציון",גרמים,600.00,100 גרם,false,1,19.90,3.3167,true,1,113743
7290002304692,false,קונפיטורת חמוציות וד,ענבי ציון,,"קונפיטורת ""ענבי ציון",גרמים,600.00,100 גרם,false,1,19.90,3.3167,true,1,115333
7290002323198,false,ספרינג תפוחים 1.5 ל,,,ספרינג תפוחים 1.5 לי,מיליליטרים,1500.00,"100 מ""ל",false,1,8.90,0.5933,true,1,113747
7290002329671,true,עוגת דבש 350 גר,,,עוגת דבש 350 גר,פריט,0.00,פריט,false,,5.99,0.0000,true,1,133985
7290002331018,false,מים מינירלים נביעות,נביעות,,מים מינירלים נביעות 500 מל,מיליליטרים,500.00,"100 מ""ל",false,1,3.90,0.7800,true,1,113033
7290002331094,false,מים מינרליים נביעות,נביעות,,מים מינרליים נביעות,מיליליטרים,755.00,"100 מ""ל",false,1,3.90,0.5166,true,1,113750
7290002331421,false,נביעות טו גו 755 מל,נביעות,,שישית נביעות,ליטרים,4.53,ליטר,false,1,17.90,3.9514,true,1,113751
7290002331476,false,מים נביעות בייבי 320,נביעות,,מים נביעות בייבי 320מל,מיליליטרים,320.00,"100 מ""ל",false,1,2.90,0.9062,true,1,158863
7290002331483,false,מים נביעות בייבי 320,נביעות,,מים נביעות בייבי 320מל שישייה,מיליליטרים,1920.00,"100 מ""ל",false,1,14.90,0.7760,true,1,158864
7290002331490,false,מים מינרליים נביעות,נביעות,,מים מינרליים נביעות 1ל,ליטרים,1.00,ליטר,false,1,2.90,2.9000,true,1,160493
7290002345015,false,סינטה דק דק אל גאוצו,ויליגר,,סינטה דק דק אל גאוצו 250 גר,גרמים,250.00,100 גרם,false,1,24.90,9.9600,true,1,198623
7290002345022,false,אנטריקוט דק דק אל גא,ויליגר,,אנטריקוט דק דק אל גאוצו 250 גר,גרמים,250.00,100 גרם,false,1,24.90,9.9600,true,1,198624
7290002349105,false,פיתיון גל להדברת נמל,,,סופר ספוג,Unknown,0.00,Unknown,false,12,39.90,0.0000,true,1,113756
7290002353836,false,סרדין רוברט בשמן זית,קונסוורס,,"סרדין ""רוברט"" בשמן ז",גרמים,120.00,100 גרם,false,1,8.90,7.4167,true,1,112269
7290002360230,false,חרדל דיזון גרגרים 21,BORNIER -MUSTARD,,"חרדל ""דיז""ון"" גרגירי",גרמים,210.00,100 גרם,false,1,10.90,5.1905,true,1,112305
7290002360285,false,חליטת צמחים פומפדור,TEEKANNE- POMPADOU,,תה פומפדור צמחים קמו,גרמים,30.00,100 גרם,false,1,15.90,53.0000,true,1,114345
7290002374268,false,שמן חמניות מילומור 1,שמן תעשיות,,שמן חמניות מילומור 1 ל,ליטרים,1.00,ליטר,false,1,11.90,11.9000,true,1,113057
7290002374640,false,שמן קנולה עץ הזית פל,שמן תעשיות,,שמן קנולה עץ הזית פלוס אומגה 3 1 ל,ליטרים,1.00,ליטר,false,1,15.90,15.9000,true,1,162974
7290002405351,true,"מצות שוקולד 100 ג""ר",,,"מצות שוקולד 100 ג""ר",גרמים,100.00,100 גרם,false,,10.99,10.9900,true,1,112274
7290002405474,true,"קניידלך 130 גר""",,,"קניידלך 130 גר""",גרמים,130.00,100 גרם,false,,10.90,8.3846,true,1,113060
7290002405481,true,"מצות קמח מלא 400 גר""",,,"מצות קמח מלא 400 גר""",Unknown,0.00,Unknown,false,,19.99,0.0000,true,1,112312
7290002405801,true,"מצות 2.5 ק""ג",,,"מצות 2.5 ק""ג",קילוגרמים,2.50,"ק""ג",false,,27.99,11.1960,true,1,114103
7290002405887,true,"מצות ביצים 300 ג""ר",,,"מצות ביצים 300 ג""ר",גרמים,300.00,100 גרם,false,,19.99,6.6633,true,1,114348
7290002405894,true,"מצות סובין 400 ג""ר",,,"מצות סובין 400 ג""ר",גרמים,400.00,100 גרם,false,,19.90,4.9750,true,1,114349
7290002405900,true,"קמח מצה 500 ג""ר",,,"קמח מצה 500 ג""ר",גרמים,500.00,100 גרם,false,,6.90,1.3800,true,1,113760
7290002407379,true,שמן זית גהשאן כתית 7,,,שמן זית גהשאן כתית 7,מיליליטרים,750.00,"100 מ""ל",false,,42.99,5.7320,true,1,112313
7290002408178,true,גבינת קרם יאנטר 235,,,גבינת קרם יאנטר 235 גר,גרמים,235.00,100 גרם,false,1,16.90,7.1915,true,1,199582
7290002408352,true,בסגנון טבורוג בלטייס,,,בסגנון טבורוג בלטייסקי מולוצניק 275 גר,גרמים,275.00,100 גרם,false,,11.90,4.3273,true,1,205721
7290002408819,false,חמאה טלי 200 גר,,,חמאה טלי 200 גר,גרמים,200.00,100 גרם,false,1,11.90,5.9500,true,1,213870
7290002408826,false,חמאה מולן אדום 200 ג,,,חמאה מולן אדום 200 גר,גרמים,200.00,100 גרם,false,1,11.90,5.9500,true,1,213868
7290002408895,true,חמאה טלי שחור 200 גר,,,חמאה טלי שחור 200 גר,גרמים,200.00,100 גרם,false,,11.90,5.9500,true,1,216251
7290002415008,true,"חומוס בלאדי 500 ג""ר",,,"חומוס בלאדי 500 ג""ר",פריט,0.00,פריט,false,,13.90,0.0000,true,1,113062
7290002415176,true,חומוס עם טחינה 500 ג,,,חומוס עם טחינה 500 ג,פריט,0.00,פריט,false,,13.90,0.0000,true,1,114105
7290002415732,true,"חומוס ירושלמי 500 ג""",,,"חומוס ירושלמי 500 ג""",פריט,0.00,פריט,false,,13.90,0.0000,true,1,114355
7290002431343,true,זז-קל ספריי 12,,,זז-קל ספריי 12,פריט,0.00,פריט,false,,9.99,0.0000,true,1,113065
7290002432258,true,קבב מזרחי 450 גר,,,קבב מזרחי 450 גר,פריט,0.00,פריט,false,,9.90,0.0000,true,1,135287
7290002434587,true,יין דוקטור שחור 1.5,,,יין דוקטור שחור 1.5,מיליליטרים,1500.00,"100 מ""ל",false,,31.99,2.1327,true,1,113479
7290002448839,false,פרמיו סלמון ופורל לח,,,פרמיו סלמון ופורל לחתול 400 גר,גרמים,400.00,100 גרם,false,1,5.80,1.4500,true,1,227037
7290002507284,false,שניצל נסיכה במבינו 7,דלידג,,שניצל נסיכה במבינו 700 גר,גרמים,700.00,100 גרם,false,1,24.90,3.5571,true,1,195693
7290002511403,false,קפיר 2 ל,מחלבת המושבה,,"קפיר 2ל""",מיליליטרים,2000.00,"100 מ""ל",false,1,24.90,1.2450,true,1,113772
7290002511410,false,ראזינקה 2 ל,מחלבת המושבה,,"ראז""ינקה 2ל""",מיליליטרים,2000.00,"100 מ""ל",false,1,24.90,1.2450,true,1,114839
7290002542506,false,בירה קורונה 355 מל,,,"בירה קורונה 355 מ""ל",מיליליטרים,355.00,"100 מ""ל",false,1,9.90,2.7887,true,1,113775
7290002542780,false,בירה סטלה ארטואה 330,,,שישיית בירה סטלה ארטואה 330 מל,מיליליטרים,1980.00,"100 מ""ל",false,1,32.90,1.6616,true,1,220142
7290002543237,false,קורנפלקס קלוגס 750 ג,,,"קורנפלקס ""קלוגס"" 750 גר",גרמים,750.00,100 גרם,false,1,14.90,1.9867,true,1,113776
7290002563419,true,פונטש בננה,,,פונטש בננה,פריט,0.00,פריט,false,,14.99,0.0000,true,1,113777
7290002563426,true,גלידה שוקו וניל,,,גלידה שוקו וניל,פריט,0.00,פריט,false,,14.99,0.0000,true,1,114120
7290002579533,false,קיסמים לאזניים,חביב,,קיסמים לאזניים,Unknown,0.00,Unknown,false,1,1.90,0.0000,true,1,114371
7290002617297,false,פילה דג בסה מעובד קל,,,"פילה דג בסה מעובד קלאסי קפוא 1 ק""ג",קילוגרמים,1.00,"ק""ג",false,1,29.90,29.9000,true,1,201677
7290002617723,false,שרימפס מקולף 26-30 1,,,שרימפס מקולף 26/30 1קג,קילוגרמים,1.00,"ק""ג",false,1,99.90,99.9000,true,1,160702
7290002661153,false,לחם דני קל,מאפיית ברמן,,לחם דני קל,Unknown,0.00,Unknown,false,1,17.90,0.0000,true,1,114379
7290002661443,false,פירורי זהוב עדין ברמ,,,פירורי זהוב עדין ברמן 200 גר,גרמים,200.00,100 גרם,false,1,4.90,2.4500,true,1,208231
7290002661474,false,פירורי זהוב עם שומשו,,,פירורי זהוב עם שומשום ברמן 200 גר,גרמים,200.00,100 גרם,false,1,3.90,1.9500,true,1,208232
7290002692393,false,שמן קנולה מועשר עץ ה,שמן תעשיות,,שמן קנולה מועשר עץ הזית 1 ל,ליטרים,1.00,ליטר,false,1,15.90,15.9000,true,1,114848
7290002692478,false,שמן זית מעודן עץ הזי,שמן תעשיות,,שמן זית מעודן עץ הזית 750 מל,מיליליטרים,750.00,"100 מ""ל",false,1,29.90,3.9867,true,1,115375
7290002692782,false,תרסיס שמן זית כתית ל,שמן תעשיות,,תרסיס שמן זית כתית ללא תוספת גז 150 מל,מיליליטרים,150.00,"100 מ""ל",false,1,19.90,13.2667,true,1,112322
7290002730262,false,נוזל כלים קלאסי פלמו,Colgate - Greece,,"נוזל כלים ""פלמוליב""",מיליליטרים,750.00,"100 מ""ל",false,1,10.90,1.4533,true,1,113110
7290002730521,false,צמרונים קופסא מרובעת,SEPTONA,,צמרונים קופסא מרובעת,Unknown,0.00,Unknown,false,1,6.90,0.0000,true,1,114131
7290002730903,false,סבון מוצק פלמוליב רב,CP - Turkey+60,,סבון מוצק פלמוליב רביעייה,גרמים,400.00,100 גרם,false,1,15.90,3.9750,true,1,112324
7290002730941,false,צמר גפן פרוס 100 גר,SEPTONA,,צמר גפן פרוס,גרמים,100.00,100 גרם,false,1,6.90,6.9000,true,1,115377
7290002735014,false,מלאווח ינון 800 גר,,,מלווח ינון,גרמים,800.00,100 גרם,false,1,13.90,1.7375,true,1,112325
7290002749059,true,מיני פולטבסקיה 290 ג,,,מיני פולטבסקיה 290 גר,גרמים,290.00,100 גרם,false,,44.90,15.4828,true,1,220826
7290002752332,false,מנטוס פירות 40 גלילי,,,מנטוס פירות 40 גלילי,גרמים,38.00,100 גרם,false,1,3.50,9.2105,true,1,115383
7290002752349,false,מנטוס מנטה 40 גלילים,,,מנטוס מנטה 40 גלילים,גרמים,38.00,100 גרם,false,1,3.50,9.2105,true,1,114389
7290002753995,false,קישוטי עוגה 150 גר,,,"קישוטי עוגה 150 ג""ר",גרמים,200.00,100 גרם,false,1,17.90,8.9500,true,1,114857
7290002757757,false,מלאווח תימני 700 גר,אופרה,,מלאווח תימני 700 גרם,גרמים,700.00,100 גרם,false,1,12.90,1.8429,true,1,112394
7290002769668,true,עוגת מאפנס עגולה,,,עוגת מאפנס עגולה,פריט,0.00,פריט,false,,16.99,0.0000,true,1,113117
7290002769675,false,עוגת פרג ללא סוכר 45,אחווה,,עוגת פרג ללא סוכר 450 גר,גרמים,450.00,100 גרם,false,1,16.90,3.7556,true,1,222605
7290002771104,false,קפה עם היל 500 גר,,,500קפה עם היל ג,גרמים,500.00,100 גרם,false,1,32.90,6.5800,true,1,112395
7290002771111,false,קפה עם היל 250 גר,,,250קפה עם היל,גרמים,250.00,100 גרם,false,1,16.90,6.7600,true,1,112396
7290002771128,false,קפה ללא היל 250 גר,,,קפה ללא היל,גרמים,250.00,100 גרם,false,1,16.90,6.7600,true,1,113795
7290002793311,false,בלון גז מילוי 60 ל,סודה סטרים,,בלון גז מילוי 60 ל,Unknown,0.00,Unknown,false,1,56.90,0.0000,true,1,112401
7290002802099,true,"רוטב חרדל ודבש ""ג""ני",,,"רוטב חרדל ודבש ""ג""ני",פריט,0.00,פריט,false,,16.99,0.0000,true,1,114403
7290002814962,false,מגבונים לניקוי כללי,,,מגבונים לניקוי כללי בדלי 500 יח,Unknown,0.00,Unknown,false,1,22.90,0.0000,true,1,224492
7290002824183,false,גבינת סקי 5% 500 גר,STRAUSS-ISRAEL,,"גבינת סקי 500 גר""",גרמים,500.00,100 גרם,false,1,9.50,1.9000,true,1,114874
7290002824640,false,גבינה לבנה סקי 5% 25,STRAUSS-ISRAEL,,גבינה לבנה סקי 5% 25,גרמים,250.00,100 גרם,false,1,4.90,1.9600,true,1,113148
7290002837855,true,יוגורט תות שדה 500 מ,,,יוגורט תות שדה 500 מ,מיליליטרים,500.00,"100 מ""ל",false,,9.99,1.9980,true,1,133524
7290002837862,true,יוגורט אוכמניות 500,,,יוגורט אוכמניות 500,מיליליטרים,500.00,"100 מ""ל",false,,9.99,1.9980,true,1,133525
7290002837879,true,"יוגורט אננס 500 מ""ל",,,"יוגורט אננס 500 מ""ל",מיליליטרים,500.00,"100 מ""ל",false,,9.99,1.9980,true,1,133527
7290002839071,false,פלפל שחור 150 גר,,,פלפל שחור 150גר,גרמים,150.00,100 גרם,false,1,9.90,6.6000,true,1,111547
7290002839187,false,תבלין מעורב,,,תבלין מעורב,גרמים,0.00,100 גרם,false,1,4.90,0.0000,true,1,114409
7290002839248,false,תבלין שקית מעורב 100,,,תבלין שקית מעורב,גרמים,100.00,100 גרם,false,1,4.50,4.5000,true,1,113155
7290002845003,true,מלפפון 7-9 במלח,,,מלפפון 7-9 במלח,גרמים,560.00,100 גרם,false,,4.90,0.8750,true,1,114147
7290002845027,true,מלפפון 7-9 בחומץ,,,מלפפון 7-9 בחומץ,גרמים,560.00,100 גרם,false,,4.90,0.8750,true,1,114410
7290002845089,true,מלפפון 13-17 במלח,,,מלפפון 13-17 במלח,גרמים,560.00,100 גרם,false,,6.49,1.1589,true,1,113809
7290002845096,true,מלפפון 13-17 בחומץ,,,מלפפון 13-17 בחומץ,גרמים,560.00,100 גרם,false,,4.99,0.8911,true,1,115401
7290002845140,true,"נתחי טונה ""גולד"" במי",,,"נתחי טונה ""גולד"" במי",גרמים,160.00,100 גרם,false,,4.99,3.1188,true,1,113156
7290002845225,true,זיתים ירוקים 17-15,,,זיתים ירוקים 17-15,גרמים,560.00,100 גרם,false,,5.90,1.0536,true,1,113811
7290002845270,true,זית שבור A2,,,זית שבור A2,גרמים,560.00,100 גרם,false,,5.99,1.0696,true,1,113157
7290002845775,true,רסק עגבניות 28%,,,רסק עגבניות 28%,גרמים,400.00,100 גרם,false,,4.50,1.1250,true,1,112352
7290002871248,false,בירה טובורג רד 500 מ,קרלסברג ישראל,,"בירה טובורג 500מ""""ל",מיליליטרים,500.00,"100 מ""ל",false,1,8.90,1.7800,true,1,115405
7290002871361,false,בירה קרלסברג 500 מל,קרלסברג ישראל,,"בירה קרלסברג 500 מ""ל",מיליליטרים,500.00,"100 מ""ל",false,1,8.90,1.7800,true,1,113813
7290002881025,false,מעדן דובדבן חמוץ 100,אופאל,,מעדן דובדבן חמוץ 100,גרמים,284.00,100 גרם,false,1,13.90,4.8944,true,1,114884
7290002881056,false,מעדן משמש 100% 284 ג,אופאל,,מעדן משמש 100%,גרמים,284.00,100 גרם,false,1,13.90,4.8944,true,1,113815
7290002881094,false,מעדן מיקס פירות 284,אופאל,,מעדן מיקס פירות 284,גרמים,284.00,100 גרם,false,1,13.90,4.8944,true,1,114415
7290002881209,false,רסק תפוח עץ דיאט 720,Geurts conservenfabr,,רסק תפוח עץ דיאט 720,גרמים,720.00,100 גרם,false,1,10.90,1.5139,true,1,112708
7290002881230,false,אננס חתוך תומר 850 ג,סאן רייז,,אננס חתוך,גרמים,850.00,100 גרם,false,1,10.90,1.2824,true,1,114416
7290002881254,false,קוקטייל טרופי 820 גר,סאן רייז,,קוקטייל טרופי 820 גר,גרמים,820.00,100 גרם,false,1,9.90,1.2073,true,1,115408
7290002881261,false,ליצי שלם תומר 565 גר,גיבונג אינדסקיאלס,,ליצי שלם תומר,גרמים,565.00,100 גרם,false,1,9.90,1.7522,true,1,112709
7290002881346,false,חצאי אגסים בסירופ קל,,,לפתן אגסים חצאים,גרמים,820.00,100 גרם,false,1,7.90,0.9634,true,1,113176
7290002881506,false,חמאת בוטנים 510 גר,Niza s a,,"חמאת בוטנים 510 ג""ר",גרמים,510.00,100 גרם,false,1,13.90,2.7255,true,1,112439
7290002881612,false,לפתן דובדבנים חמוצים,Fructo sliven jsc,,לפתן דובדבנים חמוצים 680 גר,גרמים,680.00,100 גרם,false,1,10.90,1.6029,true,1,158628
7290002881766,false,פטריות שמפיניון חתוכ,Prochamp B.V,,פטריות שלישיה שרינק,גרמים,870.00,100 גרם,false,1,10.90,1.2529,true,1,137694
7290002881865,false,פטריות חתוכות 400 גר,Prochamp B.V,,פטריות חתוכות 400 גר,גרמים,400.00,100 גרם,false,1,4.90,1.2250,true,1,133888
7290002881957,false,סרדין מרוקאי חריף 12,Union des pecheries,,סרדין מרוקאי חריף,גרמים,125.00,100 גרם,false,1,5.90,4.7200,true,1,112442
7290002921349,false,לוקטייט סופר גלו 3 ז,,,לוקטייט סופר גלו 3 זוגי,Unknown,0.00,Unknown,false,1,16.90,0.0000,true,1,219529
7290002927358,false,סטייק בקר 800 גר,,,"סטייק בקר 800 גר""",גרמים,800.00,100 גרם,false,,36.90,4.6125,true,1,115421
7290002929642,false,טונה ויליגר בשמן 140,ויליגר,,טונה ויליגר בשמן 140גר רביעייה,גרמים,560.00,100 גרם,false,1,20.90,3.7321,true,1,161219
7290002958130,true,"סיגריות ""היי ווי"" רד",,,"סיגריות ""היי ווי"" רד",פריט,0.00,פריט,false,,195.00,0.0000,true,1,112460
7290002958147,true,"סיגריות ""היי ווי"" בל",,,"סיגריות ""היי ווי"" בל",פריט,0.00,פריט,false,,195.00,0.0000,true,1,113828
7290002958154,true,"סיגריות ""היי ווי"" סי",,,"סיגריות ""היי ווי"" סי",פריט,0.00,פריט,false,,195.00,0.0000,true,1,113829
7290002958178,true,"סיגריות ""ניו יורק סי",,,"סיגריות ""ניו יורק סי",פריט,0.00,פריט,false,,190.00,0.0000,true,1,134277
7290002958185,true,"סיגריות ""ניו יורק סי",,,"סיגריות ""ניו יורק סי",פריט,0.00,פריט,false,,190.00,0.0000,true,1,134279
7290002966005,false,דמוי קוויאר אדום 125,,,קוויאר אדום (דמוי) 125 גר,גרמים,125.00,100 גרם,false,1,13.90,11.1200,true,1,114904
7290002966098,false,ממרח סולו טעם פירות,,,"ממרח ""סולו"" בטעם פיר",גרמים,200.00,100 גרם,false,1,14.90,7.4500,true,1,113830
7290002966784,false,מעדן סלט איקרה ורודה,,,מעדן סלט איקרה ורודה בטבעוני 200 גר,גרמים,200.00,100 גרם,false,1,13.90,6.9500,true,1,211975
7290002966791,false,מעדן סלט איקרה לבנה,,,מעדן סלט איקרה לבנה טבעוני 200 גר,גרמים,200.00,100 גרם,false,1,13.90,6.9500,true,1,211976
7290002971009,false,קמח מובחר שטיבל 1 קג,,,קמח מובחר שטיבל,קילוגרמים,1.00,"ק""ג",false,1,4.90,4.9000,true,1,136431
7290002971030,false,קמח שיפון שטיבל מס 7,שטיבל,,"קמח שיפון מס"" 7",קילוגרמים,1.00,"ק""ג",false,1,6.90,6.9000,true,1,112743
7290002971092,false,קמח חיטה מלא 1 קג,שטיבל,,קמח חיטה מלא,קילוגרמים,1.00,"ק""ג",false,1,7.90,7.9000,true,1,114906
7290002971214,false,קמח לחם מועשר שטיבל,שטיבל,,"קמח לחם מס"" 2",קילוגרמים,1.00,"ק""ג",false,1,7.90,7.9000,true,1,113209
7290002977032,false,סוכר לבן 1 קג,,,"סוכר לבן 1 ק""ג",קילוגרמים,1.00,"ק""ג",false,1,3.90,3.9000,true,1,194957
7290002977100,false,קמח לבן בהיר 1 קג,,,"קמח לבן בהיר 1 ק""ג",קילוגרמים,1.00,"ק""ג",false,1,3.90,3.9000,true,1,114430
7290002986201,false,עוגיות יין מצופות 30,"אחים גטניו בע""מ",,עוגיות יין מצופות 300 גר כשלפ,גרמים,300.00,100 גרם,false,1,8.90,2.9667,true,1,115425
7290002986829,false,כעכי יינות 350 גר,,,כעכי יינות 350 גר,גרמים,350.00,100 גרם,false,1,8.90,2.5429,true,1,184409
7290002986850,false,עוגיות יין גלגל קטן,,,עוגיות יין גלגל קטן 350 גר,גרמים,350.00,100 גרם,false,1,8.90,2.5429,true,1,184407
7290003001187,true,"פילה סול 1 ק""""ג",,,"פילה סול 1 ק""""ג",פריט,0.00,פריט,false,,31.99,0.0000,true,1,112467
7290003011308,true,"מקרל ""פורטוס""",,,"מקרל ""פורטוס""",פריט,0.00,פריט,false,,7.49,0.0000,true,1,114436
7290003011315,true,"מקרל ""פורטוס""",,,"מקרל ""פורטוס""",פריט,0.00,פריט,false,,7.90,0.0000,true,1,112470
7290003011322,true,"סרדין ""פורטוס""",,,"סרדין ""פורטוס""",פריט,0.00,פריט,false,,7.90,0.0000,true,1,115434
7290003011377,true,"מלבין קפה 400 ג""ר",,,"מלבין קפה 400 ג""ר",פריט,0.00,פריט,false,,14.99,0.0000,true,1,112751
7290003011438,true,"אננס חתוך 1 ק""ג",,,"אננס חתוך 1 ק""ג",פריט,0.00,פריט,false,,24.99,0.0000,true,1,113211
7290003011445,true,"אננס שלם 1 ק""ג",,,"אננס שלם 1 ק""ג",פריט,0.00,פריט,false,,24.99,0.0000,true,1,113835
7290003011476,true,אפרסקים,,,אפרסקים,פריט,0.00,פריט,false,,8.90,0.0000,true,1,134251
7290003011513,true,דובדבן ללא חרצן 680,,,דובדבן ללא חרצן 680,פריט,0.00,פריט,false,,12.99,0.0000,true,1,112752
7290003011537,true,"תירס גמדי 400 גר""",,,"תירס גמדי 400 גר""",פריט,0.00,פריט,false,,4.99,0.0000,true,1,112472
7290003011575,true,"פרוסות מנגו 230 גר""",,,"פרוסות מנגו 230 גר""",פריט,0.00,פריט,false,,6.90,0.0000,true,1,113837
7290003011834,true,חלב מרוכז 379 גר,,,חלב מרוכז 379 גר,פריט,0.00,פריט,false,,8.90,0.0000,true,1,114178
7290003011971,true,אטריות בטעם תה ירוק,,,אטריות בטעם תה ירוק,פריט,0.00,פריט,false,,6.99,0.0000,true,1,112753
7290003015627,false,נוזל רצפות ריצפז פרש,,,ריצפז פרש אפרסק 2 לי,ליטרים,2.00,ליטר,false,1,17.90,8.9500,true,1,114915
7290003018604,true,"נקניקיות חי ""פיקולינ",,,"נקניקיות חי ""פיקולינ",פריט,0.00,פריט,false,,19.99,0.0000,true,1,133072
7290003018611,true,"נקניקיות חי ""פיקולינ",,,"נקניקיות חי ""פיקולינ",פריט,0.00,פריט,false,,19.99,0.0000,true,1,133075
7290003018628,true,"נקניקיות חי ""פיקולינ",,,"נקניקיות חי ""פיקולינ",פריט,0.00,פריט,false,,19.99,0.0000,true,1,133073
7290003018635,true,"נקניקיות חי ""פיקולינ",,,"נקניקיות חי ""פיקולינ",פריט,0.00,פריט,false,,19.99,0.0000,true,1,133074
7290003018987,true,"סרוולט סטוליצ""ני פרו",,,"סרוולט סטוליצ""ני פרו",פריט,0.00,פריט,false,,19.99,0.0000,true,1,141548
7290003029181,false,שוקו יוטבתה 1 ל,STRAUSS-ISRAEL,,שוקו יוטבתה 1 ליטר,ליטרים,1.00,ליטר,false,1,11.90,11.9000,true,1,112480
7290003029372,false,משקה חלב בטעם בננה 1,STRAUSS-ISRAEL,,משקה חלב בננה בקבוקי,ליטרים,1.00,ליטר,false,1,11.90,11.9000,true,1,112756
7290003029389,false,משקה חלב בננה 250 מל,STRAUSS-ISRAEL,,"משקה חלב בננה 250 מ""",מיליליטרים,250.00,"100 מ""ל",false,1,5.30,2.1200,true,1,114919
7290003029433,false,משקה שוקו בקבוק 250,STRAUSS-ISRAEL,,משקה שוקו בקבוק 250,מיליליטרים,250.00,"100 מ""ל",false,1,5.30,2.1200,true,1,115443
7290003029532,false,מוקה יטבתה בקבוק 1 ל,STRAUSS-ISRAEL,,מוקה יטבתה בקבוק 1 ל,ליטרים,1.00,ליטר,false,1,11.90,11.9000,true,1,113220
7290003029815,false,חלב מועשר כד 2 ל,STRAUSS-ISRAEL,,חלב מועשר כד 2 ליטר,ליטרים,2.00,ליטר,false,1,14.90,7.4500,true,1,112483
7290003029907,false,משקה חלב בטעם קפה 2%,STRAUSS-ISRAEL,,"קפה יטבתה בקבוק 1 ל""",ליטרים,1.00,ליטר,false,1,11.90,11.9000,true,1,113843
7290003054657,false,חרדל דיזון אקסטרא פו,,,חרדל דיזון אקסטרא פורטה 370 גרם,גרמים,370.00,100 גרם,false,1,10.90,2.9459,true,1,115444
7290003060344,false,קמח לפיצה מנופה 1 קג,,,קמח לפיצה מנופה 1 קג,קילוגרמים,1.00,"ק""ג",false,1,9.90,9.9000,true,1,220494
7290003069705,false,פיצה אישית עם גבינה,שלושת האופים,,פיצה אישית עם גבינה 80 גר,גרמים,80.00,100 גרם,false,1,2.90,3.6250,true,1,192450
7290003074686,true,ממחטות אף טישו 3 שכב,,,ממחטות אף טישו 3 שכב,פריט,0.00,פריט,false,,7.49,0.0000,true,1,114929
7290003094127,false,קוויאר פחיות צארסקיה,א.ר.ד.י.ו,,קוויאר פחיות צארסקיה 190 גר,גרמים,190.00,100 גרם,false,1,69.90,36.7895,true,1,159924
7290003094363,false,שרימפס מבושל 41-50 7,,,שרימפס מבושל 41-50 750 גר,גרמים,750.00,100 גרם,false,,49.90,6.6533,true,1,203923
7290003094592,false,קוויאר אדום 250 גר,,,קוויאר אדום 250 גר,גרמים,250.00,100 גרם,false,1,134.90,53.9600,true,1,216756
7290003094783,false,רצועות סלמון מעושן 4,,,רצועות סלמון מעושן 400 גר,גרמים,400.00,100 גרם,false,1,39.90,9.9750,true,1,228693
7290003102808,true,קיסמי שיניים,,,קיסמי שיניים,פריט,0.00,פריט,false,,3.29,0.0000,true,1,113232
7290003118113,false,פיתה בייבי 10 יח,,,פיתה בייבי 10 יח,Unknown,0.00,Unknown,false,1,15.90,0.0000,true,1,203157
7290003126958,false,טופו גולמי 300 גר,,,טופו גולמי 300 גר,גרמים,300.00,100 גרם,false,1,12.90,4.3000,true,1,142576
7290003127818,false,אשפתון 60 יח,אשפלסט,,"אשפתון 60 יח""",Unknown,0.00,Unknown,false,1,19.90,0.0000,true,1,114186
7290003130108,true,פיניש מנקה ומחדש זוג,,,פיניש מנקה ומחדש זוג,יחידה,2.00,יחידה,false,,28.99,14.4950,true,1,114451
7290003133123,false,לחם שיפון אוקראיני 7,,,לחם שיפון אוקראיני 750 גר,גרמים,750.00,100 גרם,false,1,12.90,1.7200,true,1,114187
7290003133505,false,לחם שיפונטו 750 גר,,,לחם שיפונטו,גרמים,750.00,100 גרם,false,1,12.90,1.7200,true,1,112789
7290003143146,false,ממרח תמרים קליית גת,,,"ממרח תמרים ""קליית גת",גרמים,450.00,100 גרם,false,1,5.90,1.3111,true,1,114191
7290003189076,false,פיצרלה מגורדת 500 גר,,,"פיצרלה אישית 500 ג""ר",גרמים,500.00,100 גרם,false,1,24.90,4.9800,true,1,114455
7290003208586,false,וורמוט מרטיני ביאנקו,,,"מרטיני לבן 750 מ""ל",מיליליטרים,750.00,"100 מ""ל",false,1,44.90,5.9867,true,1,113864
7290003208593,false,וורמוט מרטיני אקסרה,,,"מרטיני לבן יבש 750 מ""ל",מיליליטרים,750.00,"100 מ""ל",false,1,44.90,5.9867,true,1,113865
7290003208647,false,יין מבעבע מרטיני ברו,,,יין מבעבע מרטיני בר,מיליליטרים,750.00,"100 מ""ל",false,1,64.90,8.6533,true,1,113330
7290003224029,false,כיסוני דובדבן 400 גר,,,כיסונים עם דובדבן 40,גרמים,400.00,100 גרם,false,1,24.90,6.2250,true,1,114199
7290003224036,false,אוכמניות כחולות 300,,,אוכמניות כחולות 300,גרמים,300.00,100 גרם,false,1,18.90,6.3000,true,1,114466
7290003224128,false,כיסוני תפוא 800 גר,,,"כיסונים תפו""א 800 ג""",גרמים,800.00,100 גרם,false,1,19.90,2.4875,true,1,113335
7290003224135,false,כיסונים עם בשר 800 ג,,,כיסונים עם בשר 800 ג,גרמים,800.00,100 גרם,false,1,23.90,2.9875,true,1,113259
7290003224159,false,בלינצס בשר 400 גר,,,"בלינצ""ס בשר 7 יח""",גרמים,400.00,100 גרם,false,1,22.90,5.7250,true,1,112818
7290003224210,true,"ענבי שועל 300 גר""",,,"ענבי שועל 300 גר""",פריט,0.00,פריט,false,,14.99,0.0000,true,1,113868
7290003224265,false,קרפלך במילוי בשר בקר,,,"כיסונים ""אורלסקיה"" 1",גרמים,800.00,100 גרם,false,,31.90,3.9875,true,1,140028
7290003224272,false,כיסוני בשר מוסקובסקי,,,"כיסוני בשר מוסקובסקי 1 ק""ג",קילוגרמים,1.00,"ק""ג",false,1,32.90,32.9000,true,1,113260
7290003224333,false,דובדבן חמוץ 300 גר,,,"דובדבן חמוץ 300 ג""ר",גרמים,300.00,100 גרם,false,1,12.90,4.3000,true,1,113261
7290003224340,false,חמוציות 300 גר,,,חמוציות 300 גרם,גרמים,300.00,100 גרם,false,1,19.90,6.6333,true,1,113869
7290003224357,false,קוואס 2 ל,,,קוואס 2 ליטר,ליטרים,2.00,ליטר,false,1,15.90,7.9500,true,1,115469
7290003224388,false,חמוציות 300 גר,,,חמוציות 300 גר,גרמים,300.00,100 גרם,false,1,11.90,3.9667,true,1,113337
7290003224456,false,כיסוני בשר סיבירסקיה,,,"כיסונים בשר ""סיבירסק",קילוגרמים,1.00,"ק""ג",false,1,29.90,29.9000,true,1,113262
7290003224463,false,כיסוני בשר אוקראינסק,,,"כיסונים בשר ""אוקראינ",קילוגרמים,1.00,"ק""ג",false,1,29.90,29.9000,true,1,113263
7290003224470,false,כיסוני בשר קייבסקיה,,,"כיסונים בשר ""קייבסקי",קילוגרמים,1.00,"ק""ג",false,1,29.90,29.9000,true,1,115470
7290003224555,false,פטל אדום 300 גר,,,"פטל אדום 300 ג""ר",גרמים,300.00,100 גרם,false,1,24.90,8.3000,true,1,114205
7290003224654,false,מיקס פירות יער 300 ג,,,מיקס פירות יער 300 גר,גרמים,300.00,100 גרם,false,1,15.90,5.3000,true,1,114472
7290003224692,true,"עוגת ""גן עדן"" שוקולד",,,"עוגת ""גן עדן"" שוקולד",פריט,0.00,פריט,false,,29.99,0.0000,true,1,115471
7290003224746,false,דמדמניות שחורות 300,,,דמדמניות שחורות 300 גר,גרמים,300.00,100 גרם,false,1,14.90,4.9667,true,1,113266
7290003224784,false,בלינצס דובדבנים 7 יח,,,"בלינצ""ס דובדבנים 7 י",גרמים,400.00,100 גרם,false,1,22.90,5.7250,true,1,115472
7290003224821,false,כיסוני בשר ביתיים 1,,,כיסוני בשר ביתיים 1 קג,קילוגרמים,1.00,"ק""ג",false,1,29.90,29.9000,true,1,163223
7290003224845,false,קרפלוני תפוא ופטריות,,,"ריבת אפרסק 380 ג""ר",גרמים,800.00,100 גרם,false,1,19.90,2.4875,true,1,142051
7290003224944,false,אוכמניות צהובות 300,,,אוכמניות צהובות 300גר,גרמים,300.00,100 גרם,false,1,19.90,6.6333,true,1,112819
7290003224951,true,"עוגת ""מולטקה""",,,"עוגת ""מולטקה""",פריט,0.00,פריט,false,,29.99,0.0000,true,1,114957
7290003286188,false,שקיות אוכל זוג קל בב,אשפלסט,,"שקיות אוכל ""זוג קל ב",Unknown,0.00,Unknown,false,1,12.90,0.0000,true,1,114960
7290003287260,false,צוריסוס 600 גר,,,צוריסוס 600 גר,גרמים,600.00,100 גרם,false,1,26.90,4.4833,true,1,185542
7290003287284,false,קבב ביתי 600 גר,,,קבב ביתי 600 גר,גרמים,600.00,100 גרם,false,1,26.90,4.4833,true,1,185543
7290003310555,false,מאגדת טילון קון קרם,,,מאגדת טילון קון קרם עוגיות 400 גר,גרמים,400.00,100 גרם,false,1,27.90,6.9750,true,1,194166
7290003321155,false,מעדן פקאן סיני 183 ג,STRAUSS-ISRAEL,,מעדן פקאן סיני 183 גר,גרמים,183.00,100 גרם,false,1,4.50,2.4590,true,1,113281
7290003380008,true,"""ג""אמפ"" מיץ תפוזים 1",,,"""ג""אמפ"" מיץ תפוזים 1",פריט,0.00,פריט,false,,4.99,0.0000,true,1,113362
7290003380046,true,"""ג""אמפ"" מיץ אננס 1 ל",,,"""ג""אמפ"" מיץ אננס 1 ל",פריט,0.00,פריט,false,,4.99,0.0000,true,1,115482
7290003380091,true,"""ג""אפה"" משקה לימונענ",,,"""ג""אפה"" משקה לימונענ",פריט,0.00,פריט,false,,4.99,0.0000,true,1,113283
7290003380114,true,"""ג""אפה"" נקטר מנגו 1",,,"""ג""אפה"" נקטר מנגו 1",פריט,0.00,פריט,false,,4.99,0.0000,true,1,112839
7290003380176,true,"""ג""אפה"" נקטר תות בננ",,,"""ג""אפה"" נקטר תות בננ",פריט,0.00,פריט,false,,4.99,0.0000,true,1,112840
7290003380244,true,"נקטר ""ג""אפה"" תפוחים",,,"נקטר ""ג""אפה"" תפוחים",פריט,0.00,פריט,false,,4.99,0.0000,true,1,113284
7290003380831,true,"""ג""אפה"" מיץ עגבניות",,,"""ג""אפה"" מיץ עגבניות",פריט,0.00,פריט,false,,4.99,0.0000,true,1,113363
7290003385522,true,"לקט הולנדי 900 גר""",,,"לקט הולנדי 900 גר""",פריט,0.00,פריט,false,,11.90,0.0000,true,1,115483
7290003387410,false,פדים להסרת איפור בלו,SEPTONA,,מסיר איפור,Unknown,0.00,Unknown,false,1,19.90,0.0000,true,1,114212
7290003402809,false,שוקולד ריזס לבן 39 ג,,,שוקולד ריזס לבן 39 גר,גרמים,39.00,100 גרם,false,1,3.90,10.0000,true,1,220667
7290003411726,false,קסמים מלחיה 300 יח,,,"קסמים מלחיה 300 יח""",Unknown,0.00,Unknown,false,1,4.00,0.0000,true,1,114482
7290003423909,false,חטיף שוקולד הרשיס קו,,,"חטיף שוקולד ""הרשיס"" קוקיז אנד קרים 43 גר",גרמים,43.00,100 גרם,false,1,4.90,11.3953,true,1,158931
7290003427154,false,שמן זית זיתא כתית מע,,,"שמן זית זיתא כתית 750 מ""ל",מיליליטרים,750.00,"100 מ""ל",false,1,32.90,4.3867,true,1,114222
7290003444009,false,שוקולד חלב ריזס 42 ג,,,"שוקולד חלב ""ריזס"" 42 גר",גרמים,42.00,100 גרם,false,1,3.90,9.2857,true,1,158933
7290003450602,false,ממרח חרדל צהוב 255 ג,,,ממרח חרדל צהוב 255 גר,גרמים,255.00,100 גרם,false,1,9.90,3.8824,true,1,114486
7290003457991,false,קורנטו קלאסיק 378 גר,,,קורנטו קלאסיק,גרמים,378.00,100 גרם,false,1,34.90,9.2328,true,1,114971
7290003527380,false,דובדבן ויליגר ללא חר,גולדסטארקפט,,"דובדבן ""ויליגר"" ללא חרצן 680 גר",גרמים,680.00,100 גרם,false,1,9.90,1.4559,true,1,134583
7290003550753,false,נתחי טונה בשמן צמחי,פוסידון,,רביעיית טונה פוסייד,גרמים,432.00,100 גרם,false,1,23.90,5.5324,true,1,113544
7290003578313,false,דובדבן ללא חרצנים 68,יורוביקה,,דובדבן ללא חרצנים 680 גר,גרמים,680.00,100 גרם,false,1,10.90,1.6029,true,1,112873
7290003578672,false,שמן חמניות 1 ל,גידה,,שמן חמניות 1 ליטר,ליטרים,1.00,ליטר,false,1,11.90,11.9000,true,1,114981
7290003598311,false,מינוט סטייק 300 גר,,,מינוט סטייק 300 גר,גרמים,300.00,100 גרם,false,1,34.90,11.6333,true,1,195265
7290003643004,false,אורז בסמטי 1 קג,,,"אורז בסמטי 1 ק""ג",קילוגרמים,1.00,"ק""ג",false,1,12.90,12.9000,true,1,114984
7290003643318,true,אורז פרסי קלאסי צנצנ,,,אורז פרסי קלאסי צנצנ,קילוגרמים,1.00,"ק""ג",false,,14.90,14.9000,true,1,115500
7290003643325,false,קוסקוס בינוני 350 גר,,,"קוסקוס בינוני 350 ג""ר",גרמים,350.00,100 גרם,false,1,4.90,1.4000,true,1,114497
7290003643332,true,אורז בסמטי בצנצנת 1,,,אורז בסמטי בצנצנת 1,קילוגרמים,1.00,"ק""ג",false,,27.90,27.9000,true,1,113906
7290003643387,false,סוכר לבן צנצנת 1 קג,,,סוכר לבן צנצנת,קילוגרמים,1.00,"ק""ג",false,1,7.90,7.9000,true,1,114498
7290003643684,false,אפונה 500 גר,,,"אפונה 500 ג""ר",גרמים,500.00,100 גרם,false,1,6.90,1.3800,true,1,115501
7290003643707,false,גריסים 500 גר,,,גריסים 500גר,גרמים,500.00,100 גרם,false,1,5.90,1.1800,true,1,115502
7290003643752,false,עדשים ירוקות 500 גר,,,"עדשים ירוקים 500 ג""ר",גרמים,500.00,100 גרם,false,1,7.90,1.5800,true,1,114233
7290003643776,false,פופקורן סוגת 500 גר,,,פופקורן 500גר,גרמים,500.00,100 גרם,false,1,5.90,1.1800,true,1,114988
7290003643783,false,קוקוס טחון 100 גר,,,קוקוס טחון 100גר,גרמים,100.00,100 גרם,false,1,3.90,3.9000,true,1,113548
7290003643806,false,שעועית לבנה 500 גר,,,שעועית לבנה 500גר,גרמים,500.00,100 גרם,false,1,10.90,2.1800,true,1,113404
7290003706013,false,שורש פטרוזיליה,ביכורי שדה דרום 2002,,שורש פטרוזיליה,Unknown,0.00,Unknown,false,1,4.90,0.0000,true,1,112890
7290003706020,false,ראש סלרי,ביכורי שדה דרום 2002,,ראש סלרי,Unknown,0.00,Unknown,false,1,5.90,0.0000,true,1,112891
7290003715077,true,גרעיני דלעת 400 גר,,,גרעיני דלעת 400 גר,פריט,0.00,פריט,false,,10.90,0.0000,true,1,113565
7290003715107,false,בוטנים קלופים 400 גר,,,"בוטנים קלופים 400 ג""",גרמים,400.00,100 גרם,false,1,11.90,2.9750,true,1,112893
7290003715534,false,משמש 250 גר,,,משמש 250 גר,גרמים,250.00,100 גרם,false,1,22.90,9.1600,true,1,113419
7290003715558,false,תאנים 250 גר,,,תאנים 250גר,גרמים,250.00,100 גרם,false,1,16.90,6.7600,true,1,112895
7290003715596,false,אגוז מלך 300 גר,,,"אגוז מלך 300 ג""ר",גרמים,300.00,100 גרם,false,1,28.90,9.6333,true,1,114502
7290003715701,false,גרעיני דלעת קלוף 100,,,גרעיני דלעת קלוף,גרמים,100.00,100 גרם,false,1,6.90,6.9000,true,1,114244
7290003715749,false,אגוז מלך גרוס 100 גר,,,"אגוז מלך גרוס 100 ג""",גרמים,100.00,100 גרם,false,1,12.90,12.9000,true,1,113420
7290003715831,false,אגוז מלך טחון 100 גר,,,"אגוז מלך טחון 100ג""ר",גרמים,100.00,100 גרם,false,1,12.90,12.9000,true,1,114245
7290003715930,false,שומשום 100 גר,,,"שומשום 100 ג""ר",גרמים,100.00,100 גרם,false,1,3.90,3.9000,true,1,114246
7290003726615,false,טופו משק ויילר 300 ג,,,טופו משק ויילר 300 גר,גרמים,300.00,100 גרם,false,1,12.90,4.3000,true,1,206329
7290003779499,false,גינגר ארוז,מרינה פטריות הגליל,,גינגר ארוז,Unknown,0.00,Unknown,false,1,9.90,0.0000,true,1,113918
7290003781065,false,מלפפון קורנישון בסגנ,קורהאן,,מלפפון בסגנון ישראלי,גרמים,690.00,100 גרם,false,1,10.90,1.5797,true,1,114251
7290003804320,false,תיבולית שום קנור 72,אתר חיפה אבקות,,תיבולית שום קנור 72,גרמים,72.00,100 גרם,false,1,7.90,10.9722,true,1,113425
7290003805501,false,פתית שוודי 300 גר,אתר שפע,,"פתית שוודי 300 ג""ר",גרמים,300.00,100 גרם,false,1,15.90,5.3000,true,1,113430
7290003805587,false,פתית חיטה מלאה 250 ג,אתר שפע,,פתית חיטה מלאה 250גר,גרמים,250.00,100 גרם,false,1,15.90,6.3600,true,1,115002
7290003807482,false,רוטב טריאקי 370 גר,אתר חיפה 778,,"רוטב טריאקי 300 מ""ל",גרמים,370.00,100 גרם,false,1,10.90,2.9459,true,1,114261
7290003882922,false,עלי גפן ממולאים באור,פליריה,,עלי גפן ממולאים באורז 400 גר,גרמים,400.00,100 גרם,false,1,9.90,2.4750,true,1,115527
7290003938049,false,הברקה למדיח הפי 1 ל,אורו,,הברקה למדיח הפי 1 ל,ליטרים,1.00,ליטר,false,1,14.90,14.9000,true,1,190871
7290003980376,true,"סוכר חום 1ק""""ג",,,"סוכר חום 1ק""""ג",קילוגרמים,1.00,"ק""ג",false,,11.99,11.9900,true,1,112926
7290003980543,false,תה שקוף ציפור 250 גר,סי.בי .אס קולומבו,,תה שקוף ציפור 250 גר,גרמים,250.00,100 גרם,false,1,19.90,7.9600,true,1,113453
7290003989539,false,רביולי גבינה 400 גר,STRAUSS-ISRAEL,,"רביולי גבינה 400 ג""ר",גרמים,400.00,100 גרם,false,1,19.90,4.9750,true,1,114270
7290004011338,false,קצפת ריץ חלבי 250 מל,ריץ',,"קצפת ""ריץ"" 250 מ""ל",מיליליטרים,250.00,"100 מ""ל",false,12,11.90,4.7600,true,1,115013
7290004022309,false,סוכריות מ&מס חמאת בו,מרס,,סוכריות מ&מס חמאת בוטנים 80 גר,גרמים,80.00,100 גרם,false,1,7.90,9.8750,true,1,195002
7290004030216,false,נקטר חמוציות 1 ל,,,מיץ חמוציות 1 ל,ליטרים,1.00,ליטר,false,1,15.90,15.9000,true,1,134410
7290004030834,false,מיץ רימונים 100% 1 ל,,,מיץ רימונים 100% 1 ל,ליטרים,1.00,ליטר,false,1,25.90,25.9000,true,1,113457
7290004030964,false,מיץ תפוחים צלול 2 ל,,,"מיץ תפוחים צלול 2 ל""",ליטרים,2.00,ליטר,false,1,24.90,12.4500,true,1,113591
7290004033712,false,לחם עננים ברמן מקמח,,,לחם עננים ברמן מקמח מלא 750 גר,גרמים,750.00,100 גרם,false,1,14.90,1.9867,true,1,223464
7290004033750,false,לחמניות עננים 360 גר,,,לחמניות עננים 360 גר,גרמים,360.00,100 גרם,false,1,14.90,4.1389,true,1,229628
7290004043108,false,סוכריות מ&מס שוקו 89,מרס,,סוכריות מ&מס שוקו 89 גר,גרמים,89.00,100 גרם,false,1,7.90,8.8764,true,1,195000
7290004050955,false,פטה כבד עוף 170 גר,ישרקו שיווק מותגי מז,,"פטה כבד עוף 170 גר""",גרמים,170.00,100 גרם,false,1,16.90,9.9412,true,1,113460
7290004051419,false,ממרח כבד מיני 220 גר,ישרקו שיווק מותגי מז,,"ממרח כבד מיני 220 ג""",גרמים,220.00,100 גרם,false,1,19.90,9.0455,true,1,113462
7290004052690,false,נקניקיות פרגית 600 ג,ישרקו שיווק מותגי מז,,נקניקיות פרגית 600 ג,גרמים,600.00,100 גרם,false,1,22.90,3.8167,true,1,115072
7290004054649,false,מיני מוסקובסקיה 300,ישרקו שיווק מותגי מז,,מיני מוסקובסקיה 300 גר,גרמים,300.00,100 גרם,false,1,39.90,13.3000,true,1,114280
7290004063016,false,מלח דק 1 קג,סלית,,"מלח דק 1 ק""ג",קילוגרמים,1.00,"ק""ג",false,1,1.90,1.9000,true,1,114542
7290004063115,false,מלח עבה 1 קג,סלית,,"מלח עבה 1 ק""ג",קילוגרמים,1.00,"ק""ג",false,1,1.90,1.9000,true,1,113950
7290004063153,false,מלח ים אטלנטי טבעי 1,,,"מלח ים אטלנטי טבעי 1 ק""ג",קילוגרמים,1.00,"ק""ג",false,1,14.90,14.9000,true,1,212984
7290004064082,false,מלח הארץ טבעי 250 גר,מלח הארץ,,מלח הארץ טבעי 250 גר,גרמים,250.00,100 גרם,false,1,12.90,5.1600,true,1,185475
7290004064099,false,מלח הארץ מהרי ההימלא,מלח הארץ,,מלח הארץ מהרי ההימלאיה 250 גר,גרמים,300.00,100 גרם,false,1,15.90,5.3000,true,1,185473
7290004064105,false,מלח הארץ עשבי תיבול,מלח הארץ,,מלח הארץ עשבי תיבול 250 גר,גרמים,250.00,100 גרם,false,1,15.90,6.3600,true,1,185472
7290004064297,false,מלח הארץ מעושר ביודב,,,"מלח הארץ מעושר ביודבצנצנת 1 ק""ג",קילוגרמים,1.00,"ק""ג",false,1,8.90,8.9000,true,1,206137
7290004064389,false,מלח הימלאיה דק מלחיי,,,מלח הימלאיה דק מלחייה 250 גר,גרמים,250.00,100 גרם,false,18,9.90,3.9600,true,1,219491
7290004068028,false,ציזיקי 500 מל,,,ציזיקי 500מל,מיליליטרים,500.00,"100 מ""ל",false,1,9.90,1.9800,true,1,162805
7290004068035,false,איירן 500 מל,,,איירן 500מל,מיליליטרים,500.00,"100 מ""ל",false,1,7.90,1.5800,true,1,162806
7290004078270,false,נוזל כלים פלמוליב לי,Colgate - Greece,,"נוזל כלים ""פלמוליב""",ליטרים,1.00,ליטר,false,1,13.90,13.9000,true,1,113619
7290004078690,false,נוזל לניקוי אסלות אג,Colgate - Belgium,,"אג""קס ג"" ל לשרותים 7",מיליליטרים,750.00,"100 מ""ל",false,1,14.90,1.9867,true,1,113952
7290004119225,false,יוגורט אננס 3% יופלה,,,50 3%יופלה אננס,גרמים,150.00,100 גרם,false,1,4.90,3.2667,true,1,112970
7290004119928,false,מעדן בטעם וניל קרלו,,,"קרלו וניל 125 ג""ר",מיליליטרים,125.00,"100 מ""ל",false,1,2.90,2.3200,true,1,112971
7290004119973,false,מעדן בטעם שוקו קרלו,,,"קרלו שוקו 125 מ""ל",גרמים,125.00,100 גרם,false,1,2.90,2.3200,true,1,114547
7290004120108,false,יוגורט דובדבן דיאט י,,,יופלה דיאט דובדבן,גרמים,150.00,100 גרם,false,1,4.90,3.2667,true,1,113623
7290004120566,false,גבינה בולגרית פיראוס,,,גבינה בולגרית פיראוס,גרמים,250.00,100 גרם,false,1,23.90,9.5600,true,1,112973
7290004120573,false,גבינה בולגרית פיראוס,,,גבינה בולגרית פיראוס,גרמים,250.00,100 גרם,false,1,23.90,9.5600,true,1,113957
7290004120634,false,גבינה בולגרית פיראוס,,,גבינה בולגרית פיראוס,גרמים,250.00,100 גרם,false,1,23.90,9.5600,true,1,112974
7290004120832,false,חלב 3% בקבוק 2 ל,,,חלב שתיה כד 2 ליטר,ליטרים,2.00,ליטר,false,1,12.46,6.2300,true,1,115030
7290004121488,false,יוגורט אפרסק דיאט יו,,,יופלה דיאט אפרסק,גרמים,150.00,100 גרם,false,1,4.90,3.2667,true,1,113959
7290004121754,false,יוגורט בטעם עוגת גבי,,,יופלה עוגת גבינה ותו,גרמים,150.00,100 גרם,false,1,4.90,3.2667,true,1,115552
7290004121853,false,גבינת בולגרית 5% קוב,,,גבינה בולגרית פיראוס,גרמים,200.00,100 גרם,false,1,21.90,10.9500,true,1,115553
7290004122119,false,פתיתי פרמזן 100 גר,,,100 פתיתי פרמזן,גרמים,100.00,100 גרם,false,1,12.90,12.9000,true,1,113961
7290004122195,false,גבינה גוש חלב פרוס 2,,,גבינת גוש חלב פרוס 2,גרמים,200.00,100 גרם,false,1,14.90,7.4500,true,1,113625
7290004122270,false,גבינה עמק פרוס בקופס,,,עמק פרוס בקופסא 200,גרמים,200.00,100 גרם,false,1,16.90,8.4500,true,1,115556
7290004122348,false,גבינה עמק לייט 9% 20,,,גבינה עמק לייט 9%,גרמים,200.00,100 גרם,false,1,17.90,8.9500,true,1,114548
7290004122676,false,גבינת חמד 5% 250 גר,,,חמד לייט 5% גביע 250,גרמים,250.00,100 גרם,false,1,17.90,7.1600,true,1,113964
7290004122683,false,אצבעות גבינה צהובה ע,,,אצבעות עמק,גרמים,172.00,100 גרם,false,1,16.90,9.8256,true,1,113626
7290004124205,false,יוגורט תות דיאט יופל,,,יופלה דיאט תות,גרמים,150.00,100 גרם,false,1,4.90,3.2667,true,1,112976
7290004125370,false,שמנת חמוצה 9% 200 גר,,,שמנת חמוצה 9% 200 גר,מיליליטרים,200.00,"100 מ""ל",false,1,3.90,1.9500,true,1,113502
7290004125400,false,אשל לבן 4.5% 200 מל,,,אשל שלי,מיליליטרים,200.00,"100 מ""ל",false,1,1.69,0.8450,true,1,113630
7290004125417,false,גיל לבן 3% 200 מל,,,גיל שלי,מיליליטרים,200.00,"100 מ""ל",false,1,1.51,0.7550,true,1,114552
7290004125455,false,שמנת חמוצה 15% 200 מ,,,שמנת חמוצה,מיליליטרים,200.00,"100 מ""ל",false,1,2.40,1.2000,true,1,113965
7290004125462,false,שמנת חמוצה 500 גר,,,שמנת חמוצה 500 גר,מיליליטרים,500.00,"100 מ""ל",false,1,6.00,1.2000,true,1,114289
7290004125509,false,שמנת חמוצה 15% תנובה,,,"שמנת חמוצה 15% תנובה 100 מ""ל",מיליליטרים,100.00,"100 מ""ל",false,1,1.70,1.7000,true,1,113631
7290004125578,false,משקה סויה מועשר בסיד,,,משקה סויה בוקר,ליטרים,1.00,ליטר,false,1,9.90,9.9000,true,1,112977
7290004125585,false,משקה סויה בטעם וניל,,,משקה סויה וניל,ליטרים,1.00,ליטר,false,1,10.90,10.9000,true,1,113503
7290004125721,false,שמנת לבישול 15% השף,,,שמנת לבישול 15% השף,מיליליטרים,250.00,"100 מ""ל",false,1,8.50,3.4000,true,1,114553
7290004125738,false,שמנת מתוקה להקצפה 32,,,שמנת עמידה להקצפה 32,מיליליטרים,250.00,"100 מ""ל",false,1,6.90,2.7600,true,1,113632
7290004125776,false,גבינה עמק פרוס 28% 4,,,עמק פרוס 28% 400גר,גרמים,400.00,100 גרם,false,1,29.90,7.4750,true,1,113633
7290004126759,false,יוגורט פירות יער דיא,,,יופלה דיאט פירות יער,גרמים,150.00,100 גרם,false,1,4.90,3.2667,true,1,115033
7290004127077,false,גבינת קוטג 3% 250 גר,,,קוטג 3% 250גר,גרמים,250.00,100 גרם,false,1,5.50,2.2000,true,1,115561
7290004127329,false,גבינת קוטג 5% 250 גר,,,"קוטג"" ""תנובה"" 5%",גרמים,250.00,100 גרם,false,1,5.50,2.2000,true,1,113000
7290004127336,false,גבינת קוטג תנובה 9%,,,"קוטג"" ""תנובה"" 9%",גרמים,250.00,100 גרם,false,1,5.50,2.2000,true,1,113001
7290004127800,false,גבינה למריחה 5% 500,,,גבינה למריחה 5% 500ג,גרמים,500.00,100 גרם,false,1,9.90,1.9800,true,1,115562
7290004127817,false,גבינה למריחה 9% 500,,,גבינה למריחה 9% 500,גרמים,500.00,100 גרם,false,1,9.90,1.9800,true,1,114554
7290004127862,false,גבינה למריחה 5% 750,,,גבינה למריחה 5% 750,גרמים,750.00,100 גרם,false,1,14.90,1.9867,true,1,115034
7290004128340,false,קרם גבינת שמנת טבעי,,,קרם גבינת שמנת טבעי 200 גר,גרמים,200.00,100 גרם,false,1,11.90,5.9500,true,1,115564
7290004129101,false,גבינת שמנת נפוליאון,,,גבינה נפוליאון,גרמים,225.00,100 גרם,false,1,13.90,6.1778,true,1,113635
7290004129156,false,גבינת שמנת נפוליאון,,,גבינה נפוליאון,גרמים,225.00,100 גרם,false,1,13.90,6.1778,true,1,113636
7290004129767,false,יוגורט ביו טבעי 3% ש,,,יופלה לבן מאגדת שמינ,גרמים,1200.00,100 גרם,false,1,17.90,1.4917,true,1,115037
7290004130794,false,משקה סויה במתיקות מו,,,משקה סויה במתיקות מופחתת 1 ל,ליטרים,1.00,ליטר,false,1,10.90,10.9000,true,1,115567
7290004130916,false,יוגורט פירות יער 3%,,,יופלה פירות יער בשמנ,גרמים,150.00,100 גרם,false,1,4.90,3.2667,true,1,113003
7290004131074,false,חלב 3% קרטון 1 ל,,,חלב 3%קרטון,ליטרים,1.00,ליטר,false,1,6.23,6.2300,true,1,114295
7290004131845,false,גבינת לאבנה 9% פיראו,,,"לבנה ""פיראוס"" 9% 750",גרמים,750.00,100 גרם,false,1,23.90,3.1867,true,1,114298
7290004132552,false,משקה סויה טבעי לייט,,,משקה סויה טבעי לייט 1 ל,ליטרים,1.00,ליטר,false,1,10.90,10.9000,true,1,113968
7290004132712,false,אצבעות גבינת מוצרלה,,,אצבעות עמק,גרמים,172.00,100 גרם,false,1,16.90,9.8256,true,1,113517
7290004133511,false,יוגורט מעודן 1.5% יו,,,יופלה לבן מעודן מאגד,גרמים,1200.00,100 גרם,false,1,21.90,1.8250,true,1,113521
7290004135614,false,גבינה בולגרית מעודנת,,,בולגרית פיראוס מעודנ,גרמים,250.00,100 גרם,false,1,23.90,9.5600,true,1,113643
7290004136857,false,מעדן גלי בטעם פטל 12,,,"ג""לי פטל",גרמים,125.00,100 גרם,false,1,2.50,2.0000,true,1,114562
7290004136864,false,מעדן גלי בטעם אננס 1,,,"ג""לי אננס עם חתיכות",גרמים,125.00,100 גרם,false,1,2.90,2.3200,true,1,113645
7290004136871,false,מעדן גלי בטעם אפרסק,,,"ג""לי אפרסק עם חתיכות",גרמים,125.00,100 גרם,false,1,2.90,2.3200,true,1,113554
7290004137021,false,שמנת לבישול 10% השף,,,שמנת לבישול מופחתת ש,מיליליטרים,250.00,"100 מ""ל",false,1,8.50,3.4000,true,1,114563
7290004137809,false,גבינת לאבנה פיראוס 5,,,"לאבנה 5% 250 ג""ר",גרמים,250.00,100 גרם,false,1,12.90,5.1600,true,1,115044
7290004199241,false,נרות חימום חסידים בק,חסידים,,נרות חימום חסידים בק,Unknown,0.00,Unknown,false,1,13.90,0.0000,true,1,114309
7290004199265,true,מברשת שיניים,,,מברשת שיניים,פריט,0.00,פריט,false,,5.99,0.0000,true,1,113980
7290004199494,true,מברשת שיער בננה,,,מברשת שיער בננה,פריט,0.00,פריט,false,,10.90,0.0000,true,1,113044
7290004199579,false,פלסטר מעורב 100 יח,,,פלסטר מעורב 100 יח,Unknown,0.00,Unknown,false,1,12.90,0.0000,true,1,166682
7290004199807,false,כפפות לטקס סייף טאצ,סייף טאצ,TH,"כפפות לאטקס 100יח""",Unknown,0.00,Unknown,false,10,24.90,0.0000,true,1,115048
7290004199814,true,מב שיניים דנסון,,,מב שיניים דנסון,פריט,0.00,פריט,false,,5.90,0.0000,true,1,114565
7290004200077,false,שקית הפתעה,,,שקית הפתעה,Unknown,0.00,Unknown,false,1,6.90,0.0000,true,1,115573
7290004221409,false,רוטב חזרת 453 גר,וובר ספרינגפילד,,רוטב חזרת 453 גר,גרמים,453.00,100 גרם,false,1,24.90,5.4967,true,1,114315
7290004228804,false,עלי סיגר 450 גר,,,עלי סיגר 450 גר,גרמים,450.00,100 גרם,false,1,12.90,2.8667,true,1,226754
7290004230081,false,קציצות עוף 800 גר,,,קציצות עוף 800 גר,גרמים,800.00,100 גרם,false,1,24.90,3.1125,true,1,211759
7290004230104,false,קציצות בקר 800 גר,,,קציצות בקר 800 גר,גרמים,800.00,100 גרם,false,1,24.90,3.1125,true,1,211760
7290004390440,true,וודקה רוסיה 0.75,,,וודקה רוסיה 0.75,פריט,0.00,פריט,false,,26.99,0.0000,true,1,115674
7290004391423,true,מרלו טיאררה 0.75 ליט,,,מרלו טיאררה 0.75 ליט,פריט,0.00,פריט,false,,28.99,0.0000,true,1,115675
7290004391430,true,קברנה טיאררה 0.75 לי,,,קברנה טיאררה 0.75 לי,פריט,0.00,פריט,false,,28.99,0.0000,true,1,115676
7290004419042,false,עוגת וולס עגולה 650,ברון מפעל לייצור עוג,,עוגת וולס עגולה 700גר,גרמים,650.00,100 גרם,false,1,82.90,12.7538,true,1,144387
7290004419134,false,עוגת אוכמניות 400 גר,ברון מפעל לייצור עוג,,"עוגת אוכמניות 500 ג""",גרמים,400.00,100 גרם,false,1,38.90,9.7250,true,1,115683
7290004419141,false,עוגת דובדבן בשוקולד,ברון מפעל לייצור עוג,,עוגת דובדבן בשוקולד500 גר,גרמים,400.00,100 גרם,false,1,38.90,9.7250,true,1,115684
7290004419172,true,"עוגת אגוזים 500 ג""ר",,,"עוגת אגוזים 500 ג""ר",פריט,0.00,פריט,false,,29.99,0.0000,true,1,115687
7290004419400,true,עוגה עדינה 3 טעמים 4,,,עוגה עדינה 3 טעמים 4,פריט,0.00,פריט,false,,29.99,0.0000,true,1,115695
7290004494049,false,יין דלתון פומה בלאן,דלתון,,"יין דלתון פומה בלאן 750 מ""ל",מיליליטרים,750.00,"100 מ""ל",false,1,59.90,7.9867,true,1,186521
7290004494063,false,יין דלתון פטיט סירה,דלתון,,"יין דלתון פטיט סירה 750 מ""ל D",מיליליטרים,750.00,"100 מ""ל",false,1,59.90,7.9867,true,1,180647
7290004494131,false,יין דלתון קברנה סובי,דלתון,,"יין ""דלתון"" קברנה סו",מיליליטרים,750.00,"100 מ""ל",false,1,59.90,7.9867,true,1,115712
7290004494148,false,יין דלתון מרלו גליל,דלתון,,יין מרלו-דלתון,מיליליטרים,750.00,"100 מ""ל",false,1,59.90,7.9867,true,1,115713
7290004494599,false,יין עלמה קרימזון 750,דלתון,,"יין עלמה בורדו 750 מ""ל",מיליליטרים,750.00,"100 מ""ל",false,1,79.90,10.6533,true,1,180649
7290004502690,false,וודקה פינלנדיה 1 ל,,,פינלנדיה 1 ליטר,ליטרים,1.00,ליטר,false,1,89.90,89.9000,true,1,115722
7290004502997,false,וודקה פינלנדיה 500 מ,,,וודקה פינלנדיה 500 מ,מיליליטרים,500.00,"100 מ""ל",false,1,49.90,9.9800,true,1,115728
7290004534981,true,קרם ידיים לטיפוח,,,קרם ידיים לטיפוח,פריט,0.00,פריט,false,,9.99,0.0000,true,1,115733
7290004536886,true,מארז סיליט קומקום+חל,,,מארז סיליט קומקום+חל,יחידה,2.00,יחידה,false,,25.99,12.9950,true,1,115736
7290004575519,true,"עוגת גלידה ""ריאו רגע",,,"עוגת גלידה ""ריאו רגע",פריט,0.00,פריט,false,,18.99,0.0000,true,1,115764
7290004584351,false,גבינת סימפוניה טבעי,STRAUSS-ISRAEL,,גבינת סימפוניה טבעי,גרמים,200.00,100 גרם,false,1,10.90,5.4500,true,1,115770
7290004584528,false,יוגורט דנונה ביו 1.7,STRAUSS-ISRAEL,,יוגורט דנונה ביו 1.5,גרמים,200.00,100 גרם,false,1,3.60,1.8000,true,1,115771
7290004586270,true,שלישייה קברנה P.C +מ,,,שלישייה קברנה P.C +מ,Unknown,0.00,Unknown,false,,129.99,0.0000,true,1,115776
7290004603175,false,מלח הים אדום 500 גר,,,מלח הים אדום 500גר,גרמים,500.00,100 גרם,false,1,7.90,1.5800,true,1,159718
7290004658670,true,ברנדי 777 40% כהל 75,,,ברנדי 777 40% כהל 75,מיליליטרים,750.00,"100 מ""ל",false,,89.99,11.9987,true,1,115783
7290004658946,false,יין פרייבט קולקשן שר,,,יין שרדונה לבן יבש 7,מיליליטרים,750.00,"100 מ""ל",false,1,39.90,5.3200,true,1,115785
7290004685010,false,לחם קל שיפון 100% 50,מאפיית לחם הארץ,,לחם קל שיפון 100% 500גר,גרמים,500.00,100 גרם,false,1,15.90,3.1800,true,1,136466
7290004685089,false,לחם חמניות 500 גר,מאפיית לחם הארץ,,לחם חמניות 500 גר,גרמים,500.00,100 גרם,false,1,15.90,3.1800,true,1,134622
7290004685157,false,לחם שיפון 100% 750 ג,מאפיית לחם הארץ,,לחם שיפון 100% 750 ג,גרמים,750.00,100 גרם,false,1,15.90,2.1200,true,1,115794
7290004685225,false,לחם מקמח שיפון מלא 7,מאפיית לחם הארץ,,לחם מקמח שיפון מלא 750,גרמים,750.00,100 גרם,false,1,15.90,2.1200,true,1,115798
7290004685430,false,לחם ברמן כוסמין 100%,,,לחם ברמן כוסמין 100% 750גר,גרמים,750.00,100 גרם,false,1,15.90,2.1200,true,1,192418
7290004685447,false,לחמניות כוסמין ברמן,,,לחמניות כוסמין ברמן שישייה,גרמים,450.00,100 גרם,false,1,15.90,3.5333,true,1,208236
7290004685454,false,לחם שיבולת שועל 500,,,לחם שיבולת שועל 500 גר,גרמים,500.00,100 גרם,false,1,16.90,3.3800,true,1,220424
7290004685478,false,פיתות כוסמין 10 יח,,,פיתות כוסמין 10 יח,Unknown,0.00,Unknown,false,1,16.90,0.0000,true,1,225845
7290004731083,false,אל סבון גינסנג כיף 1,,,"אל סבון כיף ג""נסינג",ליטרים,1.00,ליטר,false,1,11.90,11.9000,true,1,115803
7290004731472,false,אל סבון צבעוני כיף ש,,,אלסבון כיף שלישייה צ,מיליליטרים,1500.00,"100 מ""ל",false,1,18.90,1.2600,true,1,115813
7290004731557,false,סנו מקסימה למייבש מא,,,סנו מקסימה בלאק למיי,מיליליטרים,750.00,"100 מ""ל",false,1,18.90,2.5200,true,1,115816
7290004731670,false,מבשם אוויר דואופרש א,,,מבשם אוויר דואופרש אפרסק ומנדרינה 300 מל,מיליליטרים,300.00,"100 מ""ל",false,1,11.90,3.9667,true,1,115820
7290004762827,false,קרוטונים למרק 250 גר,חטיפים מן הטבע,,קרוטונים למרק 250 גר,גרמים,250.00,100 גרם,false,1,9.90,3.9600,true,1,115833
7290004792220,true,פמלי שמפו ל קוד,,,פמלי שמפו ל קוד,פריט,0.00,פריט,false,,14.99,0.0000,true,1,115845
7290004792534,true,מר ביסקוויט ליי,,,מר ביסקוויט ליי,פריט,0.00,פריט,false,,12.90,0.0000,true,1,115846
7290004817626,true,כוהל ויקטורי,,,כוהל ויקטורי,פריט,0.00,פריט,false,,59.99,0.0000,true,1,115858
7290005020162,false,ויסקי בלנטיינס 700 מ,,,"ויסקי בלנטיינס 700 מ""ל",מיליליטרים,700.00,"100 מ""ל",false,1,89.90,12.8429,true,1,115911
7290005068058,false,גרעיני תירס קל 550 ג,"פרי הגליל בע""""מ",,גרעיני תירס קל 550 גר,גרמים,550.00,100 גרם,false,1,6.90,1.2545,true,1,115945
7290005068492,false,לקט ירקות מעורבים 70,"פרי הגליל בע""""מ",,לקט ירקות מעורבים 70,גרמים,700.00,100 גרם,false,1,9.90,1.4143,true,1,115947
7290005068553,false,לקט בורגנדי 700 גר,"פרי הגליל בע""""מ",,"לקט בורגנדי 700 גר""",גרמים,700.00,100 גרם,false,1,9.90,1.4143,true,1,115948
7290005068911,true,מלפפונים במלח 7-9,,,מלפפונים במלח 7-9,פריט,0.00,פריט,false,,4.99,0.0000,true,1,115951
7290005068935,true,מלפפונים במלח 13-17,,,מלפפונים במלח 13-17,פריט,0.00,פריט,false,,7.49,0.0000,true,1,115952
7290005068942,true,מלפפונים במלח 18-25,,,מלפפונים במלח 18-25,פריט,0.00,פריט,false,,7.99,0.0000,true,1,115953
7290005084355,false,משחת שיניים סנסודיין,,,משחת שיניים סנסודיין דואל קר 75 מל,מיליליטרים,75.00,"100 מ""ל",false,1,20.90,27.8667,true,1,144614
7290005095634,true,"פחם אפריקאי 2 ק""ג",,,"פחם אפריקאי 2 ק""ג",פריט,0.00,פריט,false,,14.99,0.0000,true,1,115956
7290005111761,false,מזון לכלבים בשר בונז,,,"בונזו בשר 3 ק""ג",קילוגרמים,3.00,"ק""ג",false,1,49.90,16.6333,true,1,115962
7290005113222,false,מיקס זיתים יבנה 560,,,מיקס זיתים יבנה 560 גר,גרמים,560.00,100 גרם,false,1,9.90,1.7679,true,1,197990
7290005168253,true,"יין מתוק ""גן עדן"" 75",,,"יין מתוק ""גן עדן"" 75",פריט,0.00,פריט,false,,25.90,0.0000,true,1,134456
7290005175428,false,קמח תירס אינסטנט 500,ריבארה,,קמח תירס אינסטנט 500,גרמים,500.00,100 גרם,false,1,6.90,1.3800,true,1,115977
7290005183591,true,"בסיס להכנה קצפת ""קפו",,,"בסיס להכנה קצפת ""קפו",פריט,0.00,פריט,false,,9.99,0.0000,true,1,115979
7290005200786,false,חטיף תפוציפס שמנת וב,STRAUSS-ISRAEL,,"תפוצ""יפס שמנת ובצל 50גר",גרמים,50.00,100 גרם,false,1,3.90,7.8000,true,1,116000
7290005201011,true,"מארז תפוצ""יפס טבעי 5",,,"מארז תפוצ""יפס טבעי 5",גרמים,200.00,100 גרם,false,,11.90,5.9500,true,1,116003
7290005201882,false,קפה טורקי קלוי וטחון,STRAUSS-ISRAEL,,עלית טורקי שקית 200,גרמים,200.00,100 גרם,false,1,14.90,7.4500,true,1,116006
7290005271410,false,ביצים 12 יח L,,,"ביצים 12 יח"" L",Unknown,0.00,Unknown,false,1,12.05,0.0000,true,1,116015
7290005271427,false,ביצים 12 יח M,,,"ביצים 12 יח"" M",Unknown,0.00,Unknown,false,1,11.15,0.0000,true,1,116016
7290005271632,false,ביצים L לבן אומגה 3,,,ביצים L לבן אומגה 3,Unknown,0.00,Unknown,false,1,41.90,0.0000,true,1,116023
7290005271656,false,ביצים אומגה 3 לבן 20,,,ביצים אומגה 3 לבן 20 יח XL,Unknown,0.00,Unknown,false,1,34.90,0.0000,true,1,134260
7290005271847,false,ביצי גליקסמן 10 יח X,,,ביצי XL גליקסמן 10 יח,Unknown,0.00,Unknown,false,1,10.92,0.0000,true,1,198831
7290005287206,false,נתחי טונה בשמן סטארק,,,רביעיית טונה סטארקיס,גרמים,640.00,100 גרם,false,1,24.90,3.8906,true,1,116051
7290005287251,false,נתחי טונה במים סטארק,,,רביעיית טונה סטארקיס,גרמים,640.00,100 גרם,false,1,24.90,3.8906,true,1,116052
7290005296246,false,פותח סתימות בכיור דר,סאמיט,,"פותח סתימות בכיור דריין און 946 מ""ל",מיליליטרים,946.00,"100 מ""ל",false,1,29.90,3.1607,true,1,190844
7290005296857,false,ספריי רהיטים פוליבוי,,,"ספריי רהיטים פוליבוי 300 מ""ל",מיליליטרים,300.00,"100 מ""ל",false,1,14.90,4.9667,true,1,193986
7290005317194,false,ביסקוויט תה 110 גר,,,ביסקוויט תה 110 גר,גרמים,110.00,100 גרם,false,1,2.90,2.6364,true,1,116070
7290005423499,false,סנו נירוסטה אירוסול,,,סנו נירוסטה אירוסול,מיליליטרים,500.00,"100 מ""ל",false,1,19.90,3.9800,true,1,116115
7290005423918,false,מרכך כביסה סנו מקסימ,,,מרכך כביסה סנו מקסימ,ליטרים,4.00,ליטר,false,1,21.90,5.4750,true,1,116125
7290005424762,false,ריצפז פלוס דוחה תיקנ,,,ריצפז פלוס דוחה תקינ,ליטרים,2.00,ליטר,false,1,27.90,13.9500,true,1,116137
7290005425646,false,סנו קליר 1 ל,,,סנו קליר 1 ליטר,ליטרים,1.00,ליטר,false,1,9.90,9.9000,true,1,116162
7290005427107,false,מגבות הפלא סנו סושי,,,סנו סושי מגבות הפלא,Unknown,0.00,Unknown,false,1,11.90,0.0000,true,1,116199
7290005430602,false,ספריי להסרת כתמים סנ,,,"סנו אוקסיג""ן מסיר כת",מיליליטרים,750.00,"100 מ""ל",false,1,17.90,2.3867,true,1,116263
7290005430671,false,נוזל לניקוי קרמיקה פ,,,סנו פוליווקס קרמיקה,ליטרים,2.00,ליטר,false,1,19.90,9.9500,true,1,116268
7290005431883,false,קינוח מלבי חלבי עדן,,,קינוח מלבי חלבי 165 גר,גרמים,165.00,100 גרם,false,1,6.90,4.1818,true,1,210366
7290005431890,false,קינוח בוואריה עדן 95,,,קינוח בוואריה 95 גר,גרמים,95.00,100 גרם,false,1,6.90,7.2632,true,1,210364
7290005431913,false,עוגת גבינה פירורים ע,,,עוגת גבינה פירורים 92 גר,גרמים,92.00,100 גרם,false,1,6.90,7.5000,true,1,210369
7290005431920,false,עוגת גבינה פירורים ל,,,עוגת גבינה פירורים לייט 78 גר,גרמים,78.00,100 גרם,false,1,6.90,8.8462,true,1,210368
7290005431937,false,קינוח טירמיסו עדן 82,,,קינוח טירמיסו 82 גר,גרמים,82.00,100 גרם,false,1,6.90,8.4146,true,1,210365
7290005431968,false,קינוח מלבי שמנת עדן,,,מלבי שמנת 150 גר,גרמים,150.00,100 גרם,false,12,6.90,4.6000,true,1,212991
7290005509445,false,מיני עוגיות קוקיס בט,Carmit,,מיני עוגיות קוקיס בטעם חמאה 600 גר,גרמים,600.00,100 גרם,false,1,15.90,2.6500,true,1,116296
7290005549625,true,מרשמלו 100 גרם,,,מרשמלו 100 גרם,פריט,0.00,פריט,false,,3.99,0.0000,true,1,116301
7290005559907,false,פיצה משפחתית גבינה 5,,,פיצה משפחתית גבינה 500 גר,גרמים,500.00,100 גרם,false,1,19.90,3.9800,true,1,116308
7290005559914,false,פיצה משפחתית זיתים 5,,,פיצה משפחתית זיתים 550 גר,גרמים,550.00,100 גרם,false,1,19.90,3.6182,true,1,116309
7290005559990,false,בצק פילאס תורכי 600,,,בצק פילאס תורכי 600,גרמים,600.00,100 גרם,false,1,19.90,3.3167,true,1,116311
7290005564253,false,ספרינג אגס סברס תפוח,,,ספרינג אגס סברס תפוח,מיליליטרים,1500.00,"100 מ""ל",false,1,8.90,0.5933,true,1,116314
7290005564680,false,תפוזינה לימונדה 1.5,"יפאורה תבורי בע""מ",,תפוזינה לימונים 1.5,ליטרים,1.50,ליטר,false,1,8.90,5.9333,true,1,116315
7290005591761,false,דבש טהור לחיץ יד מרד,STRAUSS-ISRAEL,,"דבש טהור לחיץ 400 ג""",גרמים,400.00,100 גרם,false,1,20.90,5.2250,true,1,116318
7290005604133,false,פריגת מנגו 1.5 ל,פריגת,,פריגת מנגו 1.5 ליטר,ליטרים,1.50,ליטר,false,1,8.90,5.9333,true,1,116320
7290005605901,false,פאנטה אקזוטיק 1.5 ל,קוקה קולה,,פאנטה אקזוטיק 1.5 לי,ליטרים,1.50,ליטר,false,1,8.90,5.9333,true,1,116327
7290005651069,false,לה קט מיקס 2.85 קג,,,"לה קט מיקס 2.85 ק""ג",קילוגרמים,2.85,"ק""ג",false,1,57.90,20.3158,true,1,116341
7290005651366,false,מזון כלבים כבד בונזו,,,"בונזו בטעם כבד 3 ק""ג",קילוגרמים,3.00,"ק""ג",false,1,49.90,16.6333,true,1,116342
7290005651427,false,מזון כלבים כבד ברווז,,,בונזו מולטיפק 3*400,קילוגרמים,1.20,"ק""ג",false,1,21.90,18.2500,true,1,116343
7290005680052,false,טמפון או. בי. סופר פ,Johnson Toilet-IT,,טמפון או. בי. סופר פ,Unknown,0.00,Unknown,false,1,24.90,0.0000,true,1,116345
7290005713095,true,מלפפון 7-9 בחומץ,,,מלפפון 7-9 בחומץ,גרמים,560.00,100 גרם,false,,4.90,0.8750,true,1,116349
7290005786006,false,קרפלך האיש עם השפם 1,שבע-תעשיות בצקים קפו,,קרפלך ידני 600 גר,קילוגרמים,1.00,"ק""ג",false,20,38.90,38.9000,true,1,144970
7290005786068,false,בלינצס גבינה מתוקה ו,שבע-תעשיות בצקים קפו,,בלינצס גבינה מתוקה וצימוקים 600 גר,גרמים,600.00,100 גרם,false,1,32.90,5.4833,true,1,180302
7290005786075,false,קרפלך סאן סאניץ בשר,שבע-תעשיות בצקים קפו,,קרפלך סאן סאניץ בשר עוף 1 קג,קילוגרמים,1.00,"ק""ג",false,1,39.90,39.9000,true,1,180297
7290005786082,false,קרפלך בשר אליטה 1 קג,,,קרפלך בשר אליטה 1 קג,קילוגרמים,1.00,"ק""ג",false,1,43.90,43.9000,true,1,199892
7290005786099,false,קרפלך שבע עגל 1 קג,שבע-תעשיות בצקים קפו,,קרפלך שבע עגל 600 גר,קילוגרמים,1.00,"ק""ג",false,1,39.90,39.9000,true,1,182013
7290005786129,false,בלינצס בשר 600 גר,שבע-תעשיות בצקים קפו,,בלינצס בשר 600 גר,גרמים,600.00,100 גרם,false,1,32.90,5.4833,true,1,180300
7290005786136,false,בלינצס תפוא ופטריות,שבע-תעשיות בצקים קפו,,"בלינצס תפו""א ופטריות 600 גר",גרמים,600.00,100 גרם,false,1,32.90,5.4833,true,1,180301
7290005786730,false,קרפלך 3 חזרזירים 1 ק,,,"קרפלך 3 חזרזירים 1 ק""ג",קילוגרמים,1.00,"ק""ג",false,1,41.90,41.9000,true,1,205072
7290005786907,false,בלינצס עם גבינה לילי,,,בלינצס עם גבינה ליליה 600 גר,גרמים,600.00,100 גרם,false,1,32.90,5.4833,true,1,191808
7290005786983,false,קרפלך רווק 1 קג,שבע-תעשיות בצקים קפו,,"קרפלך רווק 1 ק""ג",קילוגרמים,1.00,"ק""ג",false,1,41.90,41.9000,true,1,194489
7290005789359,false,מגבונים לאיפור,על בד,,מגבונים לאיפור,Unknown,0.00,Unknown,false,1,12.90,0.0000,true,1,116359
7290005833205,true,"סרדין ""פורטוס"" בשמן",,,"סרדין ""פורטוס"" בשמן",פריט,0.00,פריט,false,,9.99,0.0000,true,1,116380
7290005833250,true,"טונה בשמן 170 ג""ר",,,"טונה בשמן 170 ג""ר",פריט,0.00,פריט,false,,4.99,0.0000,true,1,116383
7290005833298,true,תירס גרעינים 340 גרם,,,תירס גרעינים 340 גרם,פריט,0.00,פריט,false,,4.90,0.0000,true,1,116384
7290005833311,true,"שמן זית כתית 750 ג""ר",,,"שמן זית כתית 750 ג""ר",פריט,0.00,פריט,false,,51.90,0.0000,true,1,116385
7290005833519,true,אורז יסמין טייגר 1 ק,,,אורז יסמין טייגר 1 ק,פריט,0.00,פריט,false,,13.90,0.0000,true,1,116387
7290005833762,true,קרם קוקוס,,,קרם קוקוס,פריט,0.00,פריט,false,,7.99,0.0000,true,1,116390
7290005833946,true,לפתן משמש 850 גרם,,,לפתן משמש 850 גרם,פריט,0.00,פריט,false,,9.99,0.0000,true,1,116395
7290005833953,true,"קורנפלקס 750 גר""",,,"קורנפלקס 750 גר""",פריט,0.00,פריט,false,,16.99,0.0000,true,1,116396
7290005833977,true,"קורנפלקס 1 ק""ג",,,"קורנפלקס 1 ק""ג",פריט,0.00,פריט,false,,18.99,0.0000,true,1,116397
7290005838002,false,מעדן גבינה דניאלה,STRAUSS-ISRAEL,,מעדן גבינה דניאלה,גרמים,88.00,100 גרם,false,1,4.10,4.6591,true,1,116399
7290005838613,false,מעדן גבינה סקי וניל,STRAUSS-ISRAEL,,"סקי וניל 125 ג""ר",גרמים,125.00,100 גרם,false,1,3.70,2.9600,true,1,116401
7290005839108,false,גבינת סימפוניה 5% עם,STRAUSS-ISRAEL,,גבינת סימפוניה 5% עם,גרמים,200.00,100 גרם,false,1,10.90,5.4500,true,1,116404
7290005839313,false,מעדן מילקי טופ מגולג,STRAUSS-ISRAEL,,מעדן מילקי טופ מגולגלת 141 גר,גרמים,141.00,100 גרם,false,1,4.70,3.3333,true,1,116405
7290005854897,true,פנטזיה ריבת חלב,,,פנטזיה ריבת חלב,פריט,0.00,פריט,false,,16.99,0.0000,true,1,116407
7290005896415,false,בירה איגל ירוק פחית,,,"בירה איגל ירוק פחית 500 מ""ל",מיליליטרים,500.00,"100 מ""ל",false,1,6.90,1.3800,true,1,145011
7290005896439,false,בירה מכבי בק חוזר 50,,,"בירה ""מכבי"" בק"" חוזר",מיליליטרים,500.00,"100 מ""ל",false,1,7.90,1.5800,true,1,116413
7290005896453,false,בירה מכבי 7.9% בק חו,,,"בירה ""מכבי"" 7.9% בק"" חוזר 500 מ""ל",מיליליטרים,500.00,"100 מ""ל",false,1,7.90,1.5800,true,1,188848
7290005896460,false,בירה איגל איגל פחית,,,"בירה איגל איגל פחית 500 מ""ל",מיליליטרים,500.00,"100 מ""ל",false,1,7.90,1.5800,true,1,196197
7290005896620,false,מים סאן בנדטו מוגז 1,,,מים סאן בנדטו מוגז 1,ליטרים,1.50,ליטר,false,1,3.90,2.6000,true,1,116414
7290005992018,false,יוגורט עיזים 3% 500,,,יוגורט עיזים 3% 500,גרמים,500.00,100 גרם,false,1,11.90,2.3800,true,1,116446
7290005996825,false,נקניקיות בקר 280 גר,מעדני יחיעם 1993,,נקניקיות בקר 280 גר,גרמים,280.00,100 גרם,false,1,24.90,8.8929,true,1,220152
7290006192981,true,קוויאר שחור מלוסול 1,,,קוויאר שחור מלוסול 1,פריט,0.00,פריט,false,,180.99,0.0000,true,1,116452
7290006192983,true,"איקרה ""צרסקיה"" רביעי",,,"איקרה ""צרסקיה"" רביעי",פריט,0.00,פריט,false,,229.90,0.0000,true,1,134344
7290006229069,false,גאמפ ענבים 1.5 ל,,,"ג""אמפ ענבים 1.5 ליטר",מיליליטרים,1500.00,"100 מ""ל",false,1,7.90,0.5267,true,1,116454
7290006229427,false,מים מינרליים סאן בנא,,,שישיית סן בנדטו 500,ליטרים,3.00,ליטר,false,1,13.90,4.6333,true,1,116455
7290006229588,false,בירה איגל זהב פחית 5,,,"בירה איגל זהב פחית 500 מ""ל",מיליליטרים,500.00,"100 מ""ל",false,1,6.90,1.3800,true,1,145055
7290006251107,false,תה ציאי מסאלה 25 שק,,,"תה ציאי מסאלה 25 שק""",גרמים,50.00,100 גרם,false,1,16.90,33.8000,true,1,116470
7290006251275,false,תה ירוק סיני 25 שק,,,"תה ירוק סיני 25 שק""",גרמים,38.00,100 גרם,false,1,24.90,65.5263,true,1,116472
7290006251282,false,תה גן הקסום חמוציות,,,"""הגן הקסום"" נפלאות ה",גרמים,75.00,100 גרם,false,1,17.90,23.8667,true,1,116473
7290006251374,false,תה ירוק לימונית גינג,,,"תה ירוק לימונית וג""י",גרמים,38.00,100 גרם,false,1,24.90,65.5263,true,1,116475
7290006251589,false,תה ירוק נענע 50 שק,,,"תה ירוק נענע 50 שק""",גרמים,75.00,100 גרם,false,1,39.90,53.2000,true,1,116476
7290006256089,false,יין גאטו נגרו קברנה,,,גאטו נגרו קברנה,מיליליטרים,750.00,"100 מ""ל",false,1,39.90,5.3200,true,1,116478
7290006265500,false,פטריות ארוזות,מרינה פטריות הגליל,,פטריות ארוזות,Unknown,0.00,Unknown,false,1,8.50,0.0000,true,1,116485
7290006267184,true,"אדמה מרלו גיר 750 מ""",,,"אדמה מרלו גיר 750 מ""",פריט,0.00,פריט,false,,61.99,0.0000,true,1,145119
7290006271181,false,גחנון אפוי 750 גר,,,"ג""חנון אפוי 750 ג""ר",גרמים,750.00,100 גרם,false,1,22.90,3.0533,true,1,116507
7290006271648,false,מיני בורקס תפוחי אדמ,,,"מיני בורקס תפו""א מוז",גרמים,800.00,100 גרם,false,1,22.90,2.8625,true,1,116509
7290006271655,false,מיני בורקס גבינה 800,,,מיני בורקס גבינה מוז,גרמים,800.00,100 גרם,false,1,22.90,2.8625,true,1,116510
7290006272072,false,חטיפי פיצה מוזל 650,,,חטיפי פיצה מוזל 650,גרמים,650.00,100 גרם,false,1,29.90,4.6000,true,1,116513
7290006272430,false,בצק עלים חמאה 600 גר,,,בצק עלים חמאה 600 גר,גרמים,600.00,100 גרם,false,1,27.90,4.6500,true,1,116514
7290006299215,false,יין מוזס קברנה סובינ,,,יין מוזס קברנה סוביניון חצי יבש 750 מל,מיליליטרים,750.00,"100 מ""ל",false,1,36.90,4.9200,true,1,145167
7290006299239,false,יין גייקוב ריזלינג ח,,,יין גייקוב ריזלינג חצי יבש 750 מל,מיליליטרים,750.00,"100 מ""ל",false,1,36.90,4.9200,true,1,145168
7290006299499,false,יין יושוא פטיט סירה,,,יין יושוא פטיט סירה יבש 750 מל,מיליליטרים,750.00,"100 מ""ל",false,1,36.90,4.9200,true,1,228662
7290006306302,false,רביולי פרמזן וריקוטה,,,רביולי פרמזן וריקוטה 400 גרי,גרמים,400.00,100 גרם,false,1,22.90,5.7250,true,1,139196
7290006322104,false,לחם ריחיים קל פרוס 5,,,לחם ריחיים קל פרוס,גרמים,500.00,100 גרם,false,1,9.90,1.9800,true,1,116527
7290006322111,false,לחמניות ריחיים שישיי,,,לחמניות ריחיים שישייה 450 גר,גרמים,450.00,100 גרם,false,1,11.90,2.6444,true,1,116528
7290006322128,false,לחמניות קלות שישייה,,,לחמניות קלות שישייה 450 גר,גרמים,450.00,100 גרם,false,1,12.90,2.8667,true,1,116529
7290006322470,false,לחם 9 דגנים קל 500 ג,,,לחם 9 דגנים קל 500 ג,גרמים,500.00,100 גרם,false,1,13.90,2.7800,true,1,116532
7290006322487,false,לחם קוביות קמח מלא 7,,,לחם קוביות קמח מלא 7,גרמים,750.00,100 גרם,false,1,14.90,1.9867,true,1,116533
7290006322838,false,לחם 100% קמח מלא 750,,,לחם 100% קמח מלא 750 גר,גרמים,750.00,100 גרם,false,1,12.90,1.7200,true,1,135344
7290006322968,false,לחם דווידוביץ זיץ בר,מאפיית דווידוביץ ובנ,,"לחם דווידוביץ זיץ ברויט 1.2 ק""ג",קילוגרמים,1.20,"ק""ג",false,1,16.90,14.0833,true,1,184420
7290006327284,false,סודה לשתיה אוני 1 קג,"ארוז ע""'.י.כהן בע""ם",,"סודה לשתיה ""אוני"" 1",גרמים,1000.00,100 גרם,false,1,14.90,1.4900,true,1,116544
7290006337030,false,כרוב/פלפל ממולא 800,מפעלי אירנה לבצק ממו,,כרוב/פלפל ממולא 800 גר,גרמים,800.00,100 גרם,false,1,36.90,4.6125,true,1,184207
7290006337078,false,כיסוני בשר עבודת יד,מפעלי אירנה לבצק ממו,,כיסוני בשר עבודת יד מגש 800 גר,גרמים,800.00,100 גרם,false,1,31.90,3.9875,true,1,184190
7290006337382,false,קרפלך במילוי בשר הוד,,,"כיסונים מטוגנים במילוי תפו""א ופטריות קפו",קילוגרמים,1.00,"ק""ג",false,1,34.90,34.9000,true,1,192342
7290006337467,false,כיסוני בשר דומשניה 1,מפעלי אירנה לבצק ממו,,"כיסוני בשר דומשניה 1.3 ק""ג",קילוגרמים,1.30,"ק""ג",false,1,38.90,29.9231,true,1,184184
7290006337474,false,כיסוני בשר עגל 1.3 ק,מפעלי אירנה לבצק ממו,,"כיסוני בשר עגל/מיני 1.3 ק""ג",קילוגרמים,1.30,"ק""ג",false,1,38.90,29.9231,true,1,184187
7290006337504,false,כיסוני בשר משפחתי 1.,מפעלי אירנה לבצק ממו,,"כיסוני בשר משפחתי 1.3 ק""ג",קילוגרמים,1.30,"ק""ג",false,1,38.90,29.9231,true,1,184188
7290006342072,false,גרעין דלעת קלוי ששון,,,גרעין דלעת קלוי ששון הקולה 200 גר,גרמים,200.00,100 גרם,false,1,10.90,5.4500,true,1,203284
7290006342560,false,בוטנים אמריקאים מצופ,,,בוטנים אמריקאים מצופים ששון הקולה 200 גר,גרמים,200.00,100 גרם,false,1,6.90,3.4500,true,1,203273
7290006364142,false,מי סודה קינלי 1.5 ל,קוקה קולה,,מארז סודה רביעה 1.5,ליטרים,6.00,ליטר,false,1,14.90,2.4833,true,1,116553
7290006374738,false,קונפיטורת תות שדה יד,"בית אל מזון בע""מ",,"קונפיטורת תות 340 ג""",גרמים,340.00,100 גרם,false,1,12.90,3.7941,true,1,116564
7290006376022,false,קורנפלור 200 גר,,,קורנפלור 200 גר,גרמים,200.00,100 גרם,false,1,3.90,1.9500,true,1,209504
7290006376039,false,שיבולת שועל פרמיום ה,,,שיבולת שועל פרמיום הילדה 500 גר,גרמים,500.00,100 גרם,false,1,8.90,1.7800,true,1,116567
7290006376329,false,ציפוי מתובל לשניצל ק,,,ציפוי מתובל לשניצל קלאסי 350 גר,גרמים,350.00,100 גרם,false,12,14.90,4.2571,true,1,204536
7290006376626,false,אבקת סוכר 100 גר,,,אבקת סוכר 100 גר,גרמים,100.00,100 גרם,false,1,3.90,3.9000,true,1,204533
7290006376640,true,מלח לימון 80 גרם,,,מלח לימון 80 גרם,פריט,0.00,פריט,false,,3.90,0.0000,true,1,116574
7290006376695,false,עשיריית אבקת אפיה 10,,,עשיריית אבקת אפיה,גרמים,100.00,100 גרם,false,1,3.90,3.9000,true,1,116576
7290006376718,false,אבקת גלטין 12 גר זוג,,,אבקת גלטין 12 גר זוג,גרמים,24.00,100 גרם,false,1,10.90,45.4167,true,1,116577
7290006439031,false,שמן קנולה 1 ל,,,שמן קנולה 1 ל,ליטרים,1.00,ליטר,false,1,14.90,14.9000,true,1,219498
7290006439475,false,עדשים ירוקות שוקחה 1,,,"עדשים ירוקות שוקחה 1 ק""ג",קילוגרמים,1.00,"ק""ג",false,1,13.90,13.9000,true,1,196402
7290006439536,false,חומוס שוקחה 1 קג,,,"חומוס שוקחה 1 ק""ג",קילוגרמים,1.00,"ק""ג",false,1,13.90,13.9000,true,1,196397
7290006439543,false,בורגול שוקחה עבה 1 ק,,,"בורגול שוקחה עבה 1 ק""ג",קילוגרמים,1.00,"ק""ג",false,1,8.90,8.9000,true,1,196399
7290006439550,false,בורגול שוקחה דק 1 קג,,,"בורגול שוקחה דק 1 ק""ג",קילוגרמים,1.00,"ק""ג",false,1,8.90,8.9000,true,1,196398
7290006439710,false,שעועית אדומה שוקחה 1,,,"שעועית אדומה שוקחה 1 ק""ג",קילוגרמים,1.00,"ק""ג",false,1,13.90,13.9000,true,1,196411
7290006459787,true,גלילית אגוזים 100 גר,,,גלילית אגוזים 100 גר,פריט,0.00,פריט,false,,4.99,0.0000,true,1,116601
7290006492432,false,מוצרלה בייבי 18% 150,,,מוצרלה בייבי 18% 150,גרמים,150.00,100 גרם,false,1,14.90,9.9333,true,1,116604
7290006492852,false,גבינת עיזים למריחה 5,,,גבינת עיזים למריחה 5% 250גר,גרמים,250.00,100 גרם,false,1,15.90,6.3600,true,1,145274
7290006494733,true,ביסקוויט ללא סוכ,,,ביסקוויט ללא סוכ,פריט,0.00,פריט,false,,12.90,0.0000,true,1,116614
7290006494856,true,"קונפיטורת ""מרמולייט""",,,"קונפיטורת ""מרמולייט""",פריט,0.00,פריט,false,,21.90,0.0000,true,1,116618
7290006494894,true,גרנולה צימוקים,,,גרנולה צימוקים,פריט,0.00,פריט,false,,22.99,0.0000,true,1,116619
7290006494917,false,וופל טוסו בטעם שוקול,גילרו,,"וופל ""מרמולייט"" שוקו",גרמים,200.00,100 גרם,false,1,9.90,4.9500,true,1,116620
7290006494924,true,"וופל ""מרמולייט"" לימו",,,"וופל ""מרמולייט"" לימו",פריט,0.00,פריט,false,,11.90,0.0000,true,1,116621
7290006546012,false,שעועית חומה מקסיקני,"פרי הגליל בע""""מ",,שעועית חומה מקסיקני 580 גר,גרמים,580.00,100 גרם,false,1,6.90,1.1897,true,1,116633
7290006546319,false,סטייק ציפס 1.5 קג,"פרי הגליל בע""""מ",,"סטייק צ""יפס 1.5 ק""ג",גרמים,700.00,100 גרם,false,1,17.90,2.5571,true,1,116635
7290006546371,false,במיה 600 גר,"פרי הגליל בע""""מ",,"במיה 600 גר""",גרמים,600.00,100 גרם,false,1,13.90,2.3167,true,1,116637
7290006546388,false,תחתיות ארטישוק 400 ג,"פרי הגליל בע""""מ",,תחתיות ארטישוק 400 ג,גרמים,400.00,100 גרם,false,1,13.90,3.4750,true,1,116638
7290006546517,false,סטייק ציפס 800 גר,"פרי הגליל בע""""מ",,סטייק ציפס 800 גר,גרמים,800.00,100 גרם,false,1,9.90,1.2375,true,1,116641
7290006546524,false,ציפס מובחר 800 גר,"פרי הגליל בע""""מ",,"צ""יפס מובחר 800גר",גרמים,800.00,100 גרם,false,1,9.90,1.2375,true,1,116642
7290006546555,true,עוגת מוס שוקולד עגול,,,עוגת מוס שוקולד עגול,פריט,0.00,פריט,false,,59.99,0.0000,true,1,116643
7290006546982,false,לקט סיני 800 גר,"פרי הגליל בע""""מ",,"לקט סיני 800 גר""",גרמים,800.00,100 גרם,false,1,14.90,1.8625,true,1,116659
7290006546999,false,לקט למרק 800 גר,"פרי הגליל בע""""מ",,לקט למרק 800 גרם,גרמים,800.00,100 גרם,false,1,14.90,1.8625,true,1,116660
7290006562906,false,סטיק הודו וכבש פרמיו,,,סטיק הודו וכבש פרמיו 15 גר,גרמים,15.00,100 גרם,false,1,6.90,46.0000,true,1,228564
7290006562913,false,סטיק עוף וברווז פרמי,,,סטיק עוף וברווז פרמיו 15 גר,גרמים,15.00,100 גרם,false,1,6.90,46.0000,true,1,228565
7290006567048,false,פתיתי קוסקוס ישראלי,קוסקוס,,פתיתי קוסקוס ישראלי,גרמים,350.00,100 גרם,false,1,7.90,2.2571,true,1,116667
7290006582539,false,חמוציות מיובשות ששון,,,חמוציות מיובשות ששון הקולה 250 גר,גרמים,250.00,100 גרם,false,1,10.90,4.3600,true,1,203299
7290006583000,true,בטן סלומון מעושן,,,בטן סלומון מעושן,קילוגרמים,1.00,"ק""ג",true,,38.90,38.9000,true,1,110195
7290006618078,false,מרסס לניקוי מטבח אסט,אסטוניש,,"מרסס לניקוי מטבח אסטוניש צהוב 750 מ""ל",מיליליטרים,750.00,"100 מ""ל",false,1,14.90,1.9867,true,1,190906
7290006618146,false,מדליק פחמים הפי בקבו,דאץ פליים,,"מדליק פחמים הפי בקבוק 500 מ""ל",מיליליטרים,500.00,"100 מ""ל",false,1,15.90,3.1800,true,1,190894
7290006663382,true,דנונה,,,דנונה,פריט,0.00,פריט,false,,4.98,0.0000,true,1,116764
7290006664051,false,מארז אקטימל 14 יח,STRAUSS-ISRAEL,,"מארז אקטימל 14חי""",גרמים,1512.00,100 גרם,false,1,29.90,1.9775,true,1,116767
7290006664402,false,גבינת סקי 5% 750 גר,STRAUSS-ISRAEL,,"גבינת סקי 5% 750 ג""ר",גרמים,750.00,100 גרם,false,1,14.25,1.9000,true,1,116773
7290006664631,false,אקטימל משקה יוגורט פ,STRAUSS-ISRAEL,,אקטימל משקה יוגורט פרוביוטי בטעם תות 8 י,גרמים,864.00,100 גרם,false,1,20.90,2.4190,true,1,116775
7290006664655,false,משקה יוגורט טבעי אקט,STRAUSS-ISRAEL,,אקטימל טבעי שמינייה,גרמים,864.00,100 גרם,false,1,20.90,2.4190,true,1,116777
7290006664693,false,דנונה אפרסק 1.5% 150,STRAUSS-ISRAEL,,דנונה אפרסק 1.5%,מיליליטרים,150.00,"100 מ""ל",false,1,3.90,2.6000,true,1,116778
7290006664990,false,יוגורט לבן פרוביוטי,STRAUSS-ISRAEL,,מארז דנונה ביו 1.5%,קילוגרמים,1.20,"ק""ג",false,1,16.90,14.0833,true,1,116782
7290006681003,false,קרמיסימו סורבה תות ל,,,קרמיסימו סורבה תות ל,ליטרים,1.33,ליטר,false,1,18.90,14.2105,true,1,116824
7290006681096,true,מגנוס טרפלס,,,מגנוס טרפלס,פריט,0.00,פריט,false,,23.99,0.0000,true,1,116828
7290006681201,true,גלידת דודידו,,,גלידת דודידו,פריט,0.00,פריט,false,,15.99,0.0000,true,1,116830
7290006681232,true,גלידת שרק,,,גלידת שרק,פריט,0.00,פריט,false,,17.99,0.0000,true,1,116832
7290006681317,true,גלידת אבטיח,,,גלידת אבטיח,פריט,0.00,פריט,false,,12.99,0.0000,true,1,116834
7290006681324,true,גלידת פצפצים,,,גלידת פצפצים,פריט,0.00,פריט,false,,18.99,0.0000,true,1,116835
7290006681362,true,שלגוני מיני לייט,,,שלגוני מיני לייט,פריט,0.00,פריט,false,,15.99,0.0000,true,1,116836
7290006681386,true,מאגדת צמר גפן,,,מאגדת צמר גפן,פריט,0.00,פריט,false,,12.99,0.0000,true,1,116837
7290006681461,true,מאגדת לייט שוקו,,,מאגדת לייט שוקו,פריט,0.00,פריט,false,,25.99,0.0000,true,1,116838
7290006681553,false,קרמבו וניל 8 יח,,,"קרמבו וניל 8יח""",גרמים,200.00,100 גרם,false,1,14.90,7.4500,true,1,116840
7290006681683,true,קרמבו טעמבו תפוז 40,,,קרמבו טעמבו תפוז 40,פריט,0.00,פריט,false,,20.99,0.0000,true,1,116843
7290006681799,true,"גלידה ברטץ""",,,"גלידה ברטץ""",פריט,0.00,פריט,false,,3.99,0.0000,true,1,116844
7290006681881,true,גלידה מטרה,,,גלידה מטרה,פריט,0.00,פריט,false,,13.99,0.0000,true,1,116847
7290006687746,true,קרמי סורבט,,,קרמי סורבט,פריט,0.00,פריט,false,,17.99,0.0000,true,1,116851
7290006704153,false,ביבי מיקס,,,ביבי מיקס,Unknown,0.00,Unknown,false,1,7.90,0.0000,true,1,168769
7290006705099,true,"פילה באסה 500 גר""",,,"פילה באסה 500 גר""",פריט,0.00,פריט,false,,14.99,0.0000,true,1,116867
7290006705112,false,פילה דג נהרות קט פיש,,,פילה דג נהרות קט פיש,קילוגרמים,1.00,"ק""ג",true,,29.90,29.9000,true,1,182036
7290006705174,true,"שרימפס מקולף 0.5 ק""ג",,,"שרימפס מקולף 0.5 ק""ג",פריט,0.00,פריט,false,,42.99,0.0000,true,1,116870
7290006705297,true,חטיפי אנשובי,,,חטיפי אנשובי,פריט,0.00,פריט,false,,10.99,0.0000,true,1,116874
7290006705464,true,סורימי דמוי שרימפס 5,,,סורימי דמוי שרימפס 5,פריט,0.00,פריט,false,,16.99,0.0000,true,1,116880
7290006705488,true,"סטייק בסה 700 ג""ר",,,"סטייק בסה 700 ג""ר",פריט,0.00,פריט,false,,24.99,0.0000,true,1,116881
7290006705556,true,"ראשי קלמארי 500 גר""",,,"ראשי קלמארי 500 גר""",פריט,0.00,פריט,false,,23.99,0.0000,true,1,116883
7290006705617,true,"שרימפס ג""מבו 500 גר""",,,"שרימפס ג""מבו 500 גר""",פריט,0.00,פריט,false,,47.99,0.0000,true,1,116886
7290006705730,true,"וובלוצ""קה",,,"וובלוצ""קה",פריט,0.00,פריט,false,,10.90,0.0000,true,1,116891
7290006705747,true,שרימפס יבש 20 גר,,,שרימפס יבש 20 גר,פריט,0.00,פריט,false,,14.99,0.0000,true,1,116892
7290006705778,true,"פילה בסה לבן 1 ק""ג",,,"פילה בסה לבן 1 ק""ג",פריט,0.00,פריט,false,,18.99,0.0000,true,1,116893
7290006705884,true,"פילה מינטאי 700 גר""",,,"פילה מינטאי 700 גר""",פריט,0.00,פריט,false,,13.99,0.0000,true,1,116896
7290006705938,true,שרימפס סקמפי 1 קג,,,שרימפס סקמפי 1 קג,פריט,0.00,פריט,false,,114.90,0.0000,true,1,158042
7290006705945,true,דג פס צהוב 1 קג,,,דג פס צהוב 1 קג,פריט,0.00,פריט,false,,25.90,0.0000,true,1,145589
7290006705969,true,"פילה באסה שחור 1 ק""ג",,,"פילה באסה שחור 1 ק""ג",פריט,0.00,פריט,false,,28.90,0.0000,true,1,116898
7290006705976,true,שרימפס מצופה תפוח אד,,,שרימפס מצופה תפוח אד,פריט,0.00,פריט,false,,19.90,0.0000,true,1,116899
7290006738424,false,מיני סלמי פיקנטי 250,נקניק נהריה כשר זוגל,,מיני סלמי פיקנטי 120 גרי,גרמים,250.00,100 גרם,false,1,15.90,6.3600,true,1,139130
7290006738615,false,קבב זהב 400 גר,נקניק נהריה כשר זוגל,,"קבב זהב 400 גר""",גרמים,400.00,100 גרם,false,1,19.90,4.9750,true,1,116929
7290006739414,false,סלמי קוניאק 300 גר,נקניק נהריה כשר זוגל,,"סלמי קוניאק 300 גר""",גרמים,300.00,100 גרם,false,1,25.90,8.6333,true,1,116935
7290006739421,false,סלמי איטלקי 300 גר,נקניק נהריה כשר זוגל,,"סלמי איטלקי 300 גר""",גרמים,300.00,100 גרם,false,1,25.90,8.6333,true,1,116936
7290006739445,false,שניצל תירס קלאסי 750,נקניק נהריה כשר זוגל,,שניצל תירס קלאסי 750,גרמים,750.00,100 גרם,false,1,25.90,3.4533,true,1,116937
7290006741387,false,מלאווח תימני 700 גר,נקניק נהריה כשר זוגל,,מלאווח תימני,גרמים,700.00,100 גרם,false,1,17.90,2.5571,true,1,116958
7290006742162,false,המבורגר מזרחי 400 גר,נקניק נהריה כשר זוגל,,המבורגר מזרחי 400 גר,גרמים,400.00,100 גרם,false,1,19.90,4.9750,true,1,116966
7290006742292,false,פסטרממיה בדבש 330 גר,נקניק נהריה כשר זוגל,,פסטרממיה בדבש 330 גר,גרמים,330.00,100 גרם,false,1,25.90,7.8485,true,1,116970
7290006742315,false,חזה הודו ברביקיו 330,נקניק נהריה כשר זוגל,,חזה הודו ברביקיו 330,גרמים,330.00,100 גרם,false,1,25.90,7.8485,true,1,116972
7290006764072,false,בירה גולדסטאר 500 מל,,,"בירה גולדסטאר 500מ""""",מיליליטרים,500.00,"100 מ""ל",false,1,7.90,1.5800,true,1,116984
7290006764096,false,בירה איגל בק חוזר 50,,,"בירה איגל בק חוזר 500 מ""ל",מיליליטרים,500.00,"100 מ""ל",false,1,5.90,1.1800,true,1,188202
7290006764157,false,בירה גולדסטאר לא מסו,,,"בירה גולדסטאר לא מסונן חוזר 500 מ""ל",מיליליטרים,500.00,"100 מ""ל",false,1,7.90,1.5800,true,1,207327
7290006775016,false,עוגת אחווה תפוז 450,,,עוגת אחווה תפוז 450,גרמים,450.00,100 גרם,false,1,11.90,2.6444,true,1,117000
7290006775023,false,עוגת אחווה אנגלית 45,,,עוגת אחווה אנגלית 45,גרמים,450.00,100 גרם,false,1,11.90,2.6444,true,1,117001
7290006775030,false,עוגת שוקו ציפס אחוה,,,"עוגת אחווה שוקולד צ""",גרמים,450.00,100 גרם,false,1,11.90,2.6444,true,1,117002
7290006775047,false,עוגת אחווה שוקולד 45,,,עוגת אחווה שוקולד 45,גרמים,450.00,100 גרם,false,1,11.90,2.6444,true,1,117003
7290006775085,false,עוגת שמרים בטעם שוקו,,,"עוגת שמרים ""אחווה"" ע",גרמים,400.00,100 גרם,false,1,13.90,3.4750,true,1,117006
7290006775344,false,עוגת שמרים קרם קינמו,,,"עוגת שמרים ""אחווה"" ק",גרמים,400.00,100 גרם,false,1,13.90,3.4750,true,1,117009
7290006784407,false,מבשם כביסה בניחוח מל,,,מבשם כביסה בניחוח מלון בוטיק 500 מל,מיליליטרים,500.00,"100 מ""ל",false,1,11.90,2.3800,true,1,224497
7290006784483,false,מבשם אוויר בניחוח חו,,,מבשם אוויר בניחוח חופשה בסנט מוריץ 400 מ,מיליליטרים,400.00,"100 מ""ל",false,1,9.90,2.4750,true,1,224518
7290006804907,false,פיתה קלאסית 5 יח,,,פיתה חמישייה,Unknown,0.00,Unknown,false,50,7.90,0.0000,true,1,117067
7290006805355,false,פילסברי כדורי שוקולד,,,פילסברי כדורי שוקולד,גרמים,500.00,100 גרם,false,1,16.90,3.3800,true,1,117068
7290006822192,false,נקטר חמוציות דיאט או,פריגת,,פריגת דיאט אושן ספרי,ליטרים,1.00,ליטר,false,1,13.90,13.9000,true,1,117082
7290006822840,false,בירה שחורה מאלטי 1.5,קרלסברג ישראל,,"מאלטי 1.5 ל""",ליטרים,1.50,ליטר,false,1,9.90,6.6000,true,1,117087
7290006855183,false,חטיף ברבריא תמר אגוז,BARBARY,,חטיף ברבריא תמר אגוז מלך רביעייה,גרמים,120.00,100 גרם,false,1,13.80,11.5000,true,1,161736
7290006855251,false,חטיף ברבריא קשיו חמו,BARBARY,,חטיף ברבריא קשיו חמוציות סילאן רביעייה,גרמים,108.00,100 גרם,false,1,16.90,15.6481,true,1,161735
7290006855428,false,חטיף ברבריא בייטס תמ,BARBARY,,חטיף ברבריא בייטס תמר לוז קשיו 55 גר,גרמים,55.00,100 גרם,false,1,6.80,12.3636,true,1,221842
7290006866837,true,"""ג""אמפ"" נקטר תפוח-דו",,,"""ג""אמפ"" נקטר תפוח-דו",פריט,0.00,פריט,false,,4.99,0.0000,true,1,117096
7290006869920,true,גבינה מסקרפונה 40% 5,,,גבינה מסקרפונה 40% 5,קילוגרמים,1.00,"ק""ג",true,,45.00,45.0000,true,1,160019
7290006871367,true,עוגת מוס שוקולד וניל,,,עוגת מוס שוקולד וניל,פריט,0.00,פריט,false,,59.99,0.0000,true,1,117107
7290006871794,true,רוטב עגבניות עשבי תי,,,רוטב עגבניות עשבי תי,פריט,0.00,פריט,false,,10.99,0.0000,true,1,117108
7290006871800,true,רוטב פסטה פיקנטי עגב,,,רוטב פסטה פיקנטי עגב,פריט,0.00,פריט,false,,10.99,0.0000,true,1,117109
7290006960023,false,כרוב כבוש 400 גר,,,כרוב כבוש,גרמים,400.00,100 גרם,false,1,19.90,4.9750,true,1,117113
7290006960047,false,מלפפון במלח 680 גר,,,מלפפון במלח 680 גר,גרמים,680.00,100 גרם,false,1,10.90,1.6029,true,1,209700
7290006960054,false,מלפפון חמוץ מתוק 680,,,מלפפון חמוץ מתוק 680 גר,גרמים,680.00,100 גרם,false,1,10.90,1.6029,true,1,209701
7290006960146,false,חזרת מאמא מרי 150 גר,,,פרשמק 200גר,גרמים,150.00,100 גרם,false,1,7.90,5.2667,true,1,168433
7290006960146,false,חזרת מאמא מרי 150 גר,,,פרשמק 200גר,גרמים,150.00,100 גרם,false,1,7.90,5.2667,true,1,218163
7290006960153,false,חרדל מאמא מרי 150 גר,,,איקרה מינטאי,גרמים,150.00,100 גרם,false,1,7.90,5.2667,true,1,117118
7290006960160,false,שום כתוש מאמא מרי 15,,,ממרח קוויאר,גרמים,150.00,100 גרם,false,1,7.90,5.2667,true,1,115646
7290006960177,true,סלט איקרה ורודה,,,סלט איקרה ורודה,פריט,0.00,פריט,false,,8.99,0.0000,true,1,117119
7290006960344,false,פטריות גרוזדי 400 גר,,,פטריות גרוזדי 400 גר,גרמים,400.00,100 גרם,false,1,25.90,6.4750,true,1,211281
7290006960429,false,כרוב בולגרי 1 קג,,,כרוב בולגרי 1 קייג,קילוגרמים,1.00,"ק""ג",false,1,19.90,19.9000,true,1,117120
7290006960443,false,מיקס עגבניות שרי וקו,,,מיקס עגבניות שרי וקורנישון 680 גר,גרמים,680.00,100 גרם,false,1,10.90,1.6029,true,1,168826
7290006960641,false,סלט אצות ים טבעי 400,,,"סלט אצות ים 350 גר""",גרמים,400.00,100 גרם,false,1,22.90,5.7250,true,1,115652
7290006963055,true,בונבוניירות אלידה סו,,,בונבוניירות אלידה סו,פריט,0.00,פריט,false,,40.99,0.0000,true,1,117121
7290006963314,false,עוגת שטולן קלאסית 75,,,עוגת שטולן קלאסית 750 גר,גרמים,750.00,100 גרם,false,1,34.90,4.6533,true,1,229752
7290006963321,false,עוגת שטולן עם מרציפן,,,עוגת שטולן עם מרציפן 750 גר,גרמים,750.00,100 גרם,false,1,37.90,5.0533,true,1,229753
7290006963413,false,עוגת שטולן עם חמאה 5,,,עוגת שטולן עם חמאה 500 גר,גרמים,500.00,100 גרם,false,1,31.90,6.3800,true,1,229754
7290006963420,false,עוגת שטולן קלאסית 50,,,עוגת שטולן קלאסית 500 גר,גרמים,500.00,100 גרם,false,1,26.90,5.3800,true,1,229755
7290006963437,false,עוגת שטולן עם מרציפן,,,עוגת שטולן עם מרציפן 500 גר,גרמים,500.00,100 גרם,false,1,28.90,5.7800,true,1,229756
7290006983176,false,לחמית שיפון 230 גר,אסם,,"לחמית שיפון 230 ג""ר",גרמים,230.00,100 גרם,false,1,8.90,3.8696,true,1,117128
7290006983787,false,עוגת הבית שוקולד ציפ,אסם,,"עוגת הבית שוקו צ""יפס",גרמים,400.00,100 גרם,false,1,12.90,3.2250,true,1,117134
7290006992864,false,מזון לחתולים לה קט ח,,,"מזון לחתולים לה קט חתלתולים 2.85 ק""ג",קילוגרמים,2.85,"ק""ג",false,1,57.90,20.3158,true,1,186366
7290008005180,false,טושיונקה בקר/אסאדו 4,,,טושנקה בקר 400 גר,גרמים,400.00,100 גרם,false,1,19.90,4.9750,true,1,190294
7290008116541,false,מי פה ליסטרין קול מי,,,"מי פה ליסטרין קול מינט 500 מ""ל",מיליליטרים,500.00,"100 מ""ל",false,1,19.90,3.9800,true,1,201095
7290008116558,false,מי פה ליסטרין פרשבור,,,"מי פה ליסטרין פרשבורסט 250 מ""ל",מיליליטרים,250.00,"100 מ""ל",false,1,10.90,4.3600,true,1,205231
7290008116565,false,מי פה ליסטרין פרש בו,,,"מי פה ליסטרין פרש בורסט 500 מ""ל",מיליליטרים,500.00,"100 מ""ל",false,1,19.90,3.9800,true,1,201096
7290008154222,false,שניצלונים עוף טוב 70,עוף טוב,,שניצלונים עוף טוב 70,גרמים,700.00,100 גרם,false,1,14.90,2.1286,true,1,117176
7290008175173,false,חמאה מפינלנד 200 גר,ואליו,FI,"חמאה ""לורפק"" ללא מלח",גרמים,200.00,100 גרם,false,20,11.90,5.9500,true,1,117187
7290008175814,false,פטריות חתוכות 400 גר,אוקוצמפ,,"פטריות חתוך 400 ג""ר",גרמים,400.00,100 גרם,false,1,4.90,1.2250,true,1,117193
7290008190633,false,לקקן כרמית בטעם תות,Carmit,,לקקן כרמית בטעם תות 110 יח 990 גר,גרמים,990.00,100 גרם,false,1,39.90,4.0303,true,1,148238
7290008208666,true,פיניש נוזל הברקה גדו,,,פיניש נוזל הברקה גדו,מיליליטרים,750.00,"100 מ""ל",false,,29.99,3.9987,true,1,117206
7290008263801,true,יוגורט עיזים 1לי,,,יוגורט עיזים 1לי,פריט,0.00,פריט,false,,29.11,0.0000,true,1,145995
7290008330381,false,בדין דפי מרכך ורוד,קלינטסט,,בדין דפי מרכך ורוד,Unknown,0.00,Unknown,false,1,17.80,0.0000,true,1,117244
7290008341981,false,טושונקה בקר 400 גר,גוד פוד,,"טושונקה בקר 400 ג""ר",גרמים,400.00,100 גרם,false,1,22.90,5.7250,true,1,117252
7290008343626,false,כדורי פלאפל 1 קג,שלושת האופים,,"כדורי פלאפל 1 ק""""ג",קילוגרמים,1.00,"ק""ג",false,1,19.90,19.9000,true,1,117261
7290008344272,false,המבורגר אמיתי 100% 4,טיבון ויל,,המבורגר אמיתי 100% 4,גרמים,400.00,100 גרם,false,1,18.90,4.7250,true,1,117265
7290008345576,false,איקרה ביתית לבנה 300,דלידג,,איקרה ביתית לבנה 300,גרמים,300.00,100 גרם,false,6,19.90,6.6333,true,1,117270
7290008405867,true,הרפיק מקורי 750 זוג,,,הרפיק מקורי 750 זוג,ליטרים,1.50,ליטר,false,,24.90,16.6000,true,1,117282
7290008409124,false,שניצל גונגל מאמא עוף,,,"שניצל ג""ונגל מאמא עו",גרמים,700.00,100 גרם,false,1,31.90,4.5571,true,1,117285
7290008409223,false,שניצל דק מתובל מאמא,,,"שניצל דק מתובל ""מאמא",גרמים,700.00,100 גרם,false,1,39.90,5.7000,true,1,117288
7290008409407,false,שניצל דק בציפוי ציפס,,,שניצל דק בציפוי ציפס,גרמים,700.00,100 גרם,false,1,39.90,5.7000,true,1,117290
7290008409551,false,שניצל אמיתי מעודן 70,,,שניצל אמיתי מעודן,גרמים,700.00,100 גרם,false,1,39.90,5.7000,true,1,117293
7290008409605,false,כוכבי עוף בציפוי פיר,,,כוכבי עוף בציפוי פירורי לחם 700 גר,גרמים,700.00,100 גרם,false,1,31.90,4.5571,true,1,117297
7290008409773,false,קציצות עוף 700 גר,,,קציצות עוף,גרמים,700.00,100 גרם,false,1,31.90,4.5571,true,1,117302
7290008409841,false,רצועוף בציפוי שומשום,,,רצועוף בציפוי שומשום 650 גר,גרמים,650.00,100 גרם,false,1,39.90,6.1385,true,1,117304
7290008414074,true,פטריות שמפניון חתוכו,,,פטריות שמפניון חתוכו,פריט,0.00,פריט,false,,3.99,0.0000,true,1,117308
7290008461221,false,סרדין רוברט בשמן חמנ,קונסוורס,,"סרדין ""רוברט"" בשמן ח",גרמים,115.00,100 גרם,false,1,7.90,6.8696,true,1,117329
7290008461238,false,סרדין רוברט בשמן חמנ,קונסוורס,,"סרדין ""רוברט"" בשמן ח",גרמים,115.00,100 גרם,false,1,7.90,6.8696,true,1,117330
7290008462204,false,חרדל דיזון מקורי 380,מיילי,,"חרדל ""דיז""ון"" מקורי",גרמים,380.00,100 גרם,false,1,16.90,4.4474,true,1,117332
7290008464024,false,בירה גולדסטאר לא מסו,,,בירה גולדסטאר לא מסונן פח 500מל,מיליליטרים,500.00,"100 מ""ל",false,1,9.50,1.9000,true,1,159140
7290008464130,false,בירה גולדסטאר לא מסו,,,"בירה ""גולדסטאר"" לא מסונן 330 מל שישייה",ליטרים,1.98,ליטר,false,1,39.90,20.1515,true,1,137016
7290008464338,false,בירה מכבי בקבוק 330,,,בירה מכבי בקבוק 330,מיליליטרים,330.00,"100 מ""ל",false,1,5.90,1.7879,true,1,117337
7290008464345,false,בירה גולדסטאר 330 מל,,,"בירה גולדסטאר 330 מ""",מיליליטרים,330.00,"100 מ""ל",false,1,6.90,2.0909,true,1,117338
7290008464468,false,בירה גולדסטאר פחית 5,,,בירה גולדסטאר פחית 5,מיליליטרים,500.00,"100 מ""ל",false,1,8.50,1.7000,true,1,117341
7290008464604,false,בירה היינקן פחית 500,,,בירה היינקן פחית 500,מיליליטרים,500.00,"100 מ""ל",false,1,9.90,1.9800,true,1,117345
7290008464673,false,בירה גולדסטאר סלואו,,,בירה ויקסה וויטה,מיליליטרים,500.00,"100 מ""ל",false,1,9.50,1.9000,true,1,138342
7290008464697,false,בירה מכבי חזקה 7.9%,,,בירה מכבי חזקה 7.9% 330מל שישייה,ליטרים,1.98,ליטר,false,1,35.90,18.1313,true,1,162596
7290008464734,false,בירה גולדסטאר סלוב ב,,,"בירה גולדסטאר סלוב בריו 330 מ""ל שישייה",ליטרים,1.98,ליטר,false,1,42.90,21.6667,true,1,138343
7290008464741,false,בירה גולדסטאר 330 מל,,,שישיית בירה גולדסטאר,ליטרים,1.98,ליטר,false,1,35.90,18.1313,true,1,117348
7290008464796,false,בירה היינקן 330 מל ש,,,שישיית בירה היינקן ב,ליטרים,1.98,ליטר,false,1,39.90,20.1515,true,1,117350
7290008493307,true,"""מאיר בייגל"" שמיניות",,,"""מאיר בייגל"" שמיניות",פריט,0.00,פריט,false,,9.99,0.0000,true,1,117373
7290008493338,true,"""מאיר בייגל"" טבעות ע",,,"""מאיר בייגל"" טבעות ע",פריט,0.00,פריט,false,,9.99,0.0000,true,1,117375
7290008493345,true,"""מאיר בייגל"" מקלות ע",,,"""מאיר בייגל"" מקלות ע",פריט,0.00,פריט,false,,9.99,0.0000,true,1,117376
7290008493369,true,"""מאיר בייגל"" טבעות ש",,,"""מאיר בייגל"" טבעות ש",פריט,0.00,פריט,false,,9.99,0.0000,true,1,117378
7290008493383,true,מאיר בייגל שמיניות 8,,,מאיר בייגל שמיניות 8,פריט,0.00,פריט,false,,2.99,0.0000,true,1,117380
7290008493482,true,מאיר בייגלה עם שומשו,,,מאיר בייגלה עם שומשו,פריט,0.00,פריט,false,,9.99,0.0000,true,1,117386
7290008493512,true,מאיר בייגלה שטוחלה ע,,,מאיר בייגלה שטוחלה ע,פריט,0.00,פריט,false,,2.99,0.0000,true,1,117389
7290008493710,false,פירורי גריסני זהב 20,,,פירורי גריסני זהב 200גר,גרמים,200.00,100 גרם,false,1,5.90,2.9500,true,1,165090
7290008634342,true,מגבוני בד קטיפתי,,,מגבוני בד קטיפתי,פריט,0.00,פריט,false,,18.90,0.0000,true,1,117406
7290008634502,false,ניילון נצמד,הוסטס,,ניילון נצמד,Unknown,0.00,Unknown,false,1,13.90,0.0000,true,1,117407
7290008634557,false,ספוג רחצה רך עם מסג,הוסטס,,"ספוג רחצה רך עם מסג""",Unknown,0.00,Unknown,false,1,5.90,0.0000,true,1,117411
7290008634694,true,פטריות שלמות,,,פטריות שלמות,פריט,0.00,פריט,false,,6.49,0.0000,true,1,117415
7290008634847,true,סכיני גילוח,,,סכיני גילוח,פריט,0.00,פריט,false,,4.99,0.0000,true,1,117418
7290008638548,true,מלפפונים בחומץ 7-9,,,מלפפונים בחומץ 7-9,פריט,0.00,פריט,false,,4.99,0.0000,true,1,117423
7290008638562,true,מלפפון בחומץ 13-17,,,מלפפון בחומץ 13-17,פריט,0.00,פריט,false,,7.49,0.0000,true,1,117424
7290008638579,true,מלפפון בחומץ 18-25,,,מלפפון בחומץ 18-25,פריט,0.00,פריט,false,,7.99,0.0000,true,1,117425
7290008644112,false,מטבוחה יום יום 125 ג,STRAUSS-ISRAEL,,מטבוחה יום יום,גרמים,125.00,100 גרם,false,1,4.90,3.9200,true,1,117426
7290008645935,false,חומוס אחלה ניגוב 750,STRAUSS-ISRAEL,,חומוס אחלה ניגוב 750 גר,גרמים,750.00,100 גרם,false,1,9.90,1.3200,true,1,117433
7290008670005,false,יין רקנאטי גליל עליו,,,יין רקנאטי גליל עליון שרדונה 2017,מיליליטרים,750.00,"100 מ""ל",false,12,55.90,7.4533,true,1,204096
7290008670135,false,יין רקנאטי גליל עליו,,,יין רקנאטי גליל עליון סוביניון בלאן,מיליליטרים,750.00,"100 מ""ל",false,12,55.90,7.4533,true,1,212324
7290008670852,false,יין רקנאטי יונתן אדו,,,"יין רקנאטי יונתן אדום 750 מ""ל",מיליליטרים,750.00,"100 מ""ל",false,1,39.90,5.3200,true,1,200673
7290008670869,false,יין רקנאטי יונתן לבן,,,"יין רקנאטי יונתן לבן 750 מ""ל",מיליליטרים,750.00,"100 מ""ל",false,1,39.90,5.3200,true,1,200672
7290008670920,false,יין רקנאטי גליל עליו,,,"יין רקנאטי גליל עליון מרלו 750 מ""ל",מיליליטרים,750.00,"100 מ""ל",false,1,55.90,7.4533,true,1,197601
7290008670937,false,יין רקנאטי גליל עליו,,,יין רקנאטי גליל עליון שיראז 2017,מיליליטרים,750.00,"100 מ""ל",false,12,55.90,7.4533,true,1,204095
7290008679435,false,כפפות לבית ולמטבח גד,,,כפפות לבית ולמטבח,Unknown,0.00,Unknown,false,1,4.90,0.0000,true,1,117442
7290008679466,false,כפפות רגישות במיוחד,,,כפפות רגישות במיוחד,Unknown,0.00,Unknown,false,1,4.90,0.0000,true,1,117445
7290008690713,false,נקטר אושן ספריי חמוצ,פריגת,,פריגת אושן ספריי חמו,ליטרים,1.00,ליטר,false,1,13.90,13.9000,true,1,117458
7290008693134,false,דניאלה תות 88 גר,STRAUSS-ISRAEL,,דניאלה תות,גרמים,88.00,100 גרם,false,1,4.10,4.6591,true,1,117459
7290008745239,false,חטיף תפוציפס קראנצ ט,STRAUSS-ISRAEL,,"תפוצ""יפס אקסי טבעי 50גר",גרמים,50.00,100 גרם,false,1,3.90,7.8000,true,1,117468
7290008747554,true,0 תפוציפס אקסטרה,,,0 תפוציפס אקסטרה,גרמים,110.00,100 גרם,false,,7.50,6.8182,true,1,117476
7290008750400,false,שוקולד לבן עם עוגיות,STRAUSS-ISRAEL,,שוקולד פרה לבן עם עוגיות 100 גר,גרמים,100.00,100 גרם,false,1,5.50,5.5000,true,1,117483
7290008752244,false,חטיף תפוציפס גריל קר,STRAUSS-ISRAEL,,"תפוצ""יפס אקסטרה גריל",גרמים,50.00,100 גרם,false,1,3.90,7.8000,true,1,117487
7290008753111,false,חטיף תפוציפס מקסיקני,STRAUSS-ISRAEL,,"תפוצ""יפס מקסיקני 50",גרמים,50.00,100 גרם,false,1,3.90,7.8000,true,1,117489
7290008753128,true,תפוציפס אקסטרא בטעם,,,תפוציפס אקסטרא בטעם,גרמים,100.00,100 גרם,false,,7.50,7.5000,true,1,117490
7290008753364,false,חטיף דוריטוס גליל 55,STRAUSS-ISRAEL,,"דוריטוס גליל 55 גר""",גרמים,55.00,100 גרם,false,1,3.20,5.8182,true,1,117491
7290008753371,false,דוריטוס נאצו 55 גר,STRAUSS-ISRAEL,,דוריטוס נאצו 55 גר,גרמים,55.00,100 גרם,false,48,3.20,5.8182,true,1,117492
7290008757980,false,ספרינג רימונים 1 ל,"יפאורה תבורי בע""מ",,ספרינג רימונים 1 ליט,מיליליטרים,1000.00,"100 מ""ל",false,1,6.90,0.6900,true,1,117513
7290008775816,false,ערגליות שוקו 300 גר,אסם,IL,ערגליות שוקו 300 גר,גרמים,300.00,100 גרם,false,12,9.90,3.3000,true,1,117517
7290008775823,false,ערגליות תות שדה 300,אסם,IL,ערגליות תות שדה 300,גרמים,300.00,100 גרם,false,12,9.90,3.3000,true,1,117518
7290008776400,false,צוריסוס עגל 500 גר,,,צוריסוס עגל 500 גר,גרמים,500.00,100 גרם,false,1,29.90,5.9800,true,1,220731
7290008792097,true,"נייר טואלט ""לבלי"" דו",,,"נייר טואלט ""לבלי"" דו",פריט,0.00,פריט,false,,36.99,0.0000,true,1,117524
7290008801089,false,יין קברנה סוביניון 3,,,יין קברנה סוביניון 375 מל,מיליליטרים,375.00,"100 מ""ל",false,1,19.90,5.3067,true,1,221708
7290008801157,false,יין סלקטד מרלו 750 מ,,,יין מרלו אדום יבש 75,מיליליטרים,750.00,"100 מ""ל",false,1,29.90,3.9867,true,1,117531
7290008804615,true,מארז 4 כוסות יין,,,מארז 4 כוסות יין,Unknown,0.00,Unknown,false,,39.99,0.0000,true,1,117563
7290008804660,true,מארז זוג מרלו סלקטד,,,מארז זוג מרלו סלקטד,ליטרים,1.50,ליטר,false,,53.99,35.9933,true,1,117564
7290008804677,true,מארז זוג קברנה סלקטד,,,מארז זוג קברנה סלקטד,ליטרים,1.50,ליטר,false,,53.99,35.9933,true,1,117565
7290008804813,true,מארז זוג קברנה סובינ,,,מארז זוג קברנה סובינ,ליטרים,1.50,ליטר,false,,53.99,35.9933,true,1,117571
7290008806145,true,קרמי,,,קרמי,פריט,0.00,פריט,false,,31.90,0.0000,true,1,117581
7290008806152,true,קרמי מבצע,,,קרמי מבצע,פריט,0.00,פריט,false,,31.90,0.0000,true,1,117582
7290008806169,true,קרמ י מבצע,,,קרמ י מבצע,פריט,0.00,פריט,false,,31.90,0.0000,true,1,117583
7290008806213,true,קרמי יוגורט תות,,,קרמי יוגורט תות,פריט,0.00,פריט,false,,17.99,0.0000,true,1,117585
7290008806343,true,מיני פמילי,,,מיני פמילי,פריט,0.00,פריט,false,,27.50,0.0000,true,1,117589
7290008806367,true,קרי בנופי,,,קרי בנופי,פריט,0.00,פריט,false,,17.99,0.0000,true,1,117590
7290008806381,true,מאגדת אבטיח,,,מאגדת אבטיח,פריט,0.00,פריט,false,,18.90,0.0000,true,1,117591
7290008806527,true,מיני סולרו טרופי,,,מיני סולרו טרופי,פריט,0.00,פריט,false,,18.99,0.0000,true,1,117592
7290008806589,true,קורנטו אקזוטי,,,קורנטו אקזוטי,פריט,0.00,פריט,false,,19.90,0.0000,true,1,117593
7290008806626,true,פסק זמן גלידה,,,פסק זמן גלידה,פריט,0.00,פריט,false,,21.99,0.0000,true,1,117594
7290008806633,true,פצפצים,,,פצפצים,פריט,0.00,פריט,false,,10.99,0.0000,true,1,117595
7290008806640,true,גלידת לייט,,,גלידת לייט,פריט,0.00,פריט,false,,18.50,0.0000,true,1,117596
7290008806664,true,מגנום גלידה,,,מגנום גלידה,פריט,0.00,פריט,false,,23.99,0.0000,true,1,117597
7290008806688,true,קרמי מבצע פסח,,,קרמי מבצע פסח,פריט,0.00,פריט,false,,32.30,0.0000,true,1,117598
7290008806695,true,קרמי מבצע פסח,,,קרמי מבצע פסח,פריט,0.00,פריט,false,,32.30,0.0000,true,1,117599
7290008806701,true,קרמי מבצע פסח,,,קרמי מבצע פסח,פריט,0.00,פריט,false,,32.30,0.0000,true,1,117600
7290008806770,true,גלידת מאגד,,,גלידת מאגד,פריט,0.00,פריט,false,,30.59,0.0000,true,1,117602
7290008806923,true,קרמיסימו מליבי,,,קרמיסימו מליבי,פריט,0.00,פריט,false,,17.99,0.0000,true,1,117605
7290008806961,false,קרמיסימו שוקולד ציפ,,,קרמיסימו פרה (שוקולד,ליטרים,1.33,ליטר,false,1,18.90,14.2105,true,1,117606
7290008806978,true,קרמי עוגת גבינה,,,קרמי עוגת גבינה,פריט,0.00,פריט,false,,17.99,0.0000,true,1,117607
7290008807180,true,קרמי קפוצינו,,,קרמי קפוצינו,פריט,0.00,פריט,false,,17.99,0.0000,true,1,117615
7290008807678,true,"יין ""טבע"" טמפרניו",,,"יין ""טבע"" טמפרניו",פריט,0.00,פריט,false,,37.99,0.0000,true,1,117625
7290008837095,true,"ברנדי ""גרנד ארזים"" 4",,,"ברנדי ""גרנד ארזים"" 4",פריט,0.00,פריט,false,,28.99,0.0000,true,1,117652
7290008837125,true,"יין ""ארבל"" אדום יבש",,,"יין ""ארבל"" אדום יבש",פריט,0.00,פריט,false,,21.99,0.0000,true,1,117655
7290008837354,true,"יין ""כריזמה"" מרלו 75",,,"יין ""כריזמה"" מרלו 75",פריט,0.00,פריט,false,,36.99,0.0000,true,1,117657
7290008841504,true,"אניס שלם 120 גר""",,,"אניס שלם 120 גר""",פריט,0.00,פריט,false,,8.90,0.0000,true,1,117698
7290008841511,false,גרעינים שחורים 170 ג,זארובי,,גרעינים שחורים 170 ג,גרמים,170.00,100 גרם,false,1,4.90,2.8824,true,1,117699
7290008841795,false,קוקטייל טבע 200 גר,,,קוקטייל טבע 200גר,גרמים,200.00,100 גרם,false,1,19.90,9.9500,true,1,119151
7290008841863,true,"חרדל צהוב 150 ג""ר",,,"חרדל צהוב 150 ג""ר",פריט,0.00,פריט,false,,8.90,0.0000,true,1,117710
7290008841900,false,שזיף מגולען 200 גר,,,שזיף מגולען 200 גרם,גרמים,200.00,100 גרם,false,1,14.90,7.4500,true,1,117711
7290008841931,true,בוטן בקליפה 500 גר,,,בוטן בקליפה 500 גר,פריט,0.00,פריט,false,,10.90,0.0000,true,1,117714
7290008863001,false,עוגת גינגי בציפוי פי,קונדיטוריה וולפסון,,עוגת גינגי בציפוי פירורים 450 גר 450 גר,גרמים,450.00,100 גרם,false,1,39.90,8.8667,true,1,117717
7290008863025,false,פרוסות 500 גר,קונדיטוריה וולפסון,,"פרוסות 500 גר""",גרמים,500.00,100 גרם,false,1,26.90,5.3800,true,1,117718
7290008863049,false,עוגת אריסטוקרט 800 ג,קונדיטוריה וולפסון,,עוגת אריסטוקרט 800 גר,גרמים,800.00,100 גרם,false,1,79.90,9.9875,true,1,117719
7290008863063,false,עוגת ריבת חלב 600 גר,קונדיטוריה וולפסון,,עוגת ריבת חלב 600 גר,גרמים,600.00,100 גרם,false,1,46.90,7.8167,true,1,117720
7290008863070,false,אקלרים 350 גר,קונדיטוריה וולפסון,,אקלרים 350 גר,גרמים,350.00,100 גרם,false,1,31.90,9.1143,true,1,119152
7290008863087,false,נשיקות 130 גר,קונדיטוריה וולפסון,,נשיקות 130 גר,גרמים,130.00,100 גרם,false,1,19.90,15.3077,true,1,117721
7290008863100,false,עוגת פראג 600 גר,קונדיטוריה וולפסון,,עוגת פראג 600 גר,גרמים,600.00,100 גרם,false,1,59.90,9.9833,true,1,117722
7290008863117,false,עוגת אריסטוקרט 380 ג,קונדיטוריה וולפסון,,עוגת וולפסון 500 גר,גרמים,380.00,100 גרם,false,1,39.90,10.5000,true,1,117723
7290008863179,false,עוגת אריסטוקרט 600 ג,קונדיטוריה וולפסון,,עוגת וולפסון 600 גר,גרמים,600.00,100 גרם,false,1,64.90,10.8167,true,1,117725
7290008909853,false,קוקה קולה זירו 500 מ,קוקה קולה,,"קוקה קולה ""זירו"" 0.5",מיליליטרים,500.00,"100 מ""ל",false,1,6.90,1.3800,true,1,117760
7290008909884,false,קולה זירו זכוכית 350,,,קולה זירו זכוכית 350,מיליליטרים,350.00,"100 מ""ל",false,1,5.90,1.6857,true,1,191419
7290008921015,false,יין תישבי קברנה סירה,,,יין קברנה סירה,מיליליטרים,750.00,"100 מ""ל",false,1,39.90,5.3200,true,1,117763
7290008921060,false,יין מוסקט ויוניה תשב,,,"יין מוסקט ויוניה תשבי 750 מ""ל",מיליליטרים,750.00,"100 מ""ל",false,12,39.90,5.3200,true,1,205208
7290008921169,false,יין תשבי קברנה סובינ,,,יין אדום יבש קברנה ס,מיליליטרים,750.00,"100 מ""ל",false,1,44.90,5.9867,true,1,117766
7290008921251,false,יין קברנה פרנק 750 מ,,,יין קברנה פרנק 750מל,מיליליטרים,750.00,"100 מ""ל",false,1,44.90,5.9867,true,1,161275
7290008940214,false,גבינת צדר אנגלי כתום,,,גבינת צדר אנגלי כתום 200 גר,גרמים,200.00,100 גרם,false,1,17.90,8.9500,true,1,226755
7290008961110,false,בשר בקר במיץ טבעי 40,פרוטרי,,בשר בקר במיץ טבעי 40,גרמים,400.00,100 גרם,false,1,21.90,5.4750,true,1,117780
7290008961127,false,טושונקה רוסי 400 גר,גוד פוד ג'.א'.ג'י. ב,,טושונקה רוסי 400גר,גרמים,400.00,100 גרם,false,1,21.90,5.4750,true,1,119153
7290008961134,false,קונפיטורה תות שדה 1.,,UA,לשון בקר פיטריות,קילוגרמים,1.25,"ק""ג",false,1,32.90,26.3200,true,1,169592
7290008961158,false,קונפיטורה דובדבן 1.2,,,טושונקה עם אפונה,קילוגרמים,1.25,"ק""ג",false,1,32.90,26.3200,true,1,169594
7290008961271,false,בשר בקר עם כוסמת 400,פרוטרי,,בשר בקר עם כוסמת,גרמים,400.00,100 גרם,false,1,19.90,4.9750,true,1,117781
7290008961561,false,קוואקר 500 גר,פרוטרי,,"קוואקר 500 ג""ר",גרמים,500.00,100 גרם,false,1,7.90,1.5800,true,1,117786
7290008961585,false,כוסמת פוסולסקי דבור,סנקי,,כוסמת פוסולסקי דבור 800 גר,גרמים,800.00,100 גרם,false,1,12.90,1.6125,true,1,181334
7290008975780,false,מזון לכלבים מגזע קטן,,,"בונזו בשר 3 ק""ג",קילוגרמים,3.00,"ק""ג",false,1,49.90,16.6333,true,1,117811
7290009569063,true,תרכיז חמוציות ללא סו,,,תרכיז חמוציות ללא סו,פריט,0.00,פריט,false,,19.99,0.0000,true,1,117817
7290009569315,true,תרכיז רימונים ללא סו,,,תרכיז רימונים ללא סו,פריט,0.00,פריט,false,,19.99,0.0000,true,1,117818
7290009569544,true,תרכיז פטל ללא סוכר 0,,,תרכיז פטל ללא סוכר 0,פריט,0.00,פריט,false,,19.99,0.0000,true,1,117819
7290009569674,true,תרכיז דובדבן ללא סוכ,,,תרכיז דובדבן ללא סוכ,פריט,0.00,פריט,false,,19.99,0.0000,true,1,117820
7290009569865,true,יין שיכר רימונים 0.5,,,יין שיכר רימונים 0.5,פריט,0.00,פריט,false,,39.99,0.0000,true,1,117821
7290009569919,true,תרכיז פירות יער ללא,,,תרכיז פירות יער ללא,פריט,0.00,פריט,false,,19.99,0.0000,true,1,117822
7290009569933,true,יין קינוח רימונים 0.,,,יין קינוח רימונים 0.,פריט,0.00,פריט,false,,39.99,0.0000,true,1,117823
7290010002009,true,"זנגביל הודי 100 ג""ר",,,"זנגביל הודי 100 ג""ר",פריט,0.00,פריט,false,,11.90,0.0000,true,1,146801
7290010002771,true,"קצח 50 ג""ר",,,"קצח 50 ג""ר",פריט,0.00,פריט,false,,8.99,0.0000,true,1,146807
7290010002924,true,"בהר""ט חדש",,,"בהר""ט חדש",פריט,0.00,פריט,false,,8.99,0.0000,true,1,146811
7290010002931,true,אגוז מוסקט טחון 50 ג,,,אגוז מוסקט טחון 50 ג,פריט,0.00,פריט,false,,10.99,0.0000,true,1,146812
7290010003846,true,פלפל לבן שקית 50 גרם,,,פלפל לבן שקית 50 גרם,פריט,0.00,פריט,false,,4.99,0.0000,true,1,146827
7290010010257,true,"טונה פתיתים 160 ג""ר",,,"טונה פתיתים 160 ג""ר",פריט,0.00,פריט,false,,5.49,0.0000,true,1,117893
7290010010271,true,"אורז יסמין 5 ק""""ג",,,"אורז יסמין 5 ק""""ג",פריט,0.00,פריט,false,,32.90,0.0000,true,1,117894
7290010010400,true,אספרגוס שלם 370 גרם,,,אספרגוס שלם 370 גרם,פריט,0.00,פריט,false,,8.90,0.0000,true,1,117897
7290010010547,true,חומץ בן יין לבן 500מ,,,חומץ בן יין לבן 500מ,פריט,0.00,פריט,false,,15.90,0.0000,true,1,117900
7290010010615,true,טונה בשמן זית,,,טונה בשמן זית,פריט,0.00,פריט,false,,8.99,0.0000,true,1,117902
7290010010844,true,רוטב צילי חריף 435 ג,,,רוטב צילי חריף 435 ג,פריט,0.00,פריט,false,,8.99,0.0000,true,1,117903
7290010014149,true,אקלר שוקו ריבת חלב 7,,,אקלר שוקו ריבת חלב 7,פריט,0.00,פריט,false,,33.99,0.0000,true,1,117916
7290010014156,true,אקלר שוקו קרם וניל 7,,,אקלר שוקו קרם וניל 7,פריט,0.00,פריט,false,,33.99,0.0000,true,1,117917
7290010014187,true,אקלר קרם וניל 700גר,,,אקלר קרם וניל 700גר,פריט,0.00,פריט,false,,33.99,0.0000,true,1,117920
7290010014194,true,אקלר ריבת חלב 700גר,,,אקלר ריבת חלב 700גר,פריט,0.00,פריט,false,,33.99,0.0000,true,1,117921
7290010018239,false,טושונקה עם כוסמת 400,,,טושונקה עם כוסמת 400 גר,גרמים,400.00,100 גרם,false,1,18.90,4.7250,true,1,200729
7290010018307,true,מעדן בשר קציץ,,,מעדן בשר קציץ,גרמים,200.00,100 גרם,false,,3.90,1.9500,true,1,117937
7290010018543,false,טושונקה בטעם כפרי 40,,,טושונקה בטעם כפרי 400 גר,גרמים,400.00,100 גרם,false,1,19.90,4.9750,true,1,146855
7290010023141,false,תה גן הקסום לימונענע,,,"""הגן הקסום"" לימון נע",גרמים,55.00,100 גרם,false,1,17.90,32.5455,true,1,117942
7290010049950,true,חטיף שומשום מרמוליט*,,,חטיף שומשום מרמוליט*,פריט,0.00,פריט,false,,14.90,0.0000,true,1,117967
7290010051557,false,בצל ירוק,,,בצל ירוק,Unknown,0.00,Unknown,false,1,4.90,0.0000,true,1,192060
7290010065271,false,מחית תפוח עץ 130 גר,,,"""פרינוק"" מחית תפוח ע",גרמים,130.00,100 גרם,false,1,4.90,3.7692,true,1,117972
7290010065295,false,מחית תפוח עץ ובננה 1,,,"""פרינוק"" מחית תפוח ע",גרמים,130.00,100 גרם,false,1,4.90,3.7692,true,1,117974
7290010065721,false,מחית לפתן פירות 130,,,"""פרינוק"" מחית לפתן פ",גרמים,130.00,100 גרם,false,1,4.90,3.7692,true,1,117984
7290010066032,true,"טונה ""פורטוס"" בשמן 1",,,"טונה ""פורטוס"" בשמן 1",פריט,0.00,פריט,false,,4.99,0.0000,true,1,117991
7290010066704,true,"טונה פתיתים 160 ג""ר",,,"טונה פתיתים 160 ג""ר",פריט,0.00,פריט,false,,5.49,0.0000,true,1,117993
7290010071807,true,"מנקה חלונות ""וינדולי",,,"מנקה חלונות ""וינדולי",יחידה,2.00,יחידה,false,,24.99,12.4950,true,1,117995
7290010119950,false,חטיף דוריטוס חמוץ חר,STRAUSS-ISRAEL,,דוריטוס חמוץ חריף 55,גרמים,55.00,100 גרם,false,1,3.20,5.8182,true,1,118012
7290010161669,false,דאו ספריי אדם פרימיי,,,דאו ספריי אדם פרימייר לגבר 200 מל,מיליליטרים,200.00,"100 מ""ל",false,12,13.80,6.9000,true,1,223754
7290010163069,false,צנובר שקדיה 100 גר,מרינה פטריות הגליל,,צנובר שקדיה 100 גר,גרמים,100.00,100 גרם,false,1,23.90,23.9000,true,1,205050
7290010190591,true,"תה ורד הבר 25 שק""",,,"תה ורד הבר 25 שק""",פריט,0.00,פריט,false,,6.99,0.0000,true,1,118072
7290010190782,true,"תה קמומיל 25 שק""",,,"תה קמומיל 25 שק""",פריט,0.00,פריט,false,,6.99,0.0000,true,1,118079
7290010190898,true,תה ירוק בתוספת לימון,,,תה ירוק בתוספת לימון,פריט,0.00,פריט,false,,6.49,0.0000,true,1,118082
7290010190904,true,תה ירוק בתוספת פטל 2,,,תה ירוק בתוספת פטל 2,פריט,0.00,פריט,false,,6.49,0.0000,true,1,118083
7290010190911,true,תה ירוק בתוספת ורד ה,,,תה ירוק בתוספת ורד ה,פריט,0.00,פריט,false,,6.49,0.0000,true,1,118084
7290010190928,true,תה ירוק בתוספת חמוצי,,,תה ירוק בתוספת חמוצי,פריט,0.00,פריט,false,,6.49,0.0000,true,1,118085
7290010190935,true,תה ירוק בתוספת יסמין,,,תה ירוק בתוספת יסמין,פריט,0.00,פריט,false,,6.49,0.0000,true,1,118086
7290010190942,true,תה ירוק בתוספת נענע,,,תה ירוק בתוספת נענע,פריט,0.00,פריט,false,,6.49,0.0000,true,1,118087
7290010190959,true,תה ירוק בתוספת קינמו,,,תה ירוק בתוספת קינמו,פריט,0.00,פריט,false,,6.49,0.0000,true,1,118088
7290010190966,true,"תה ירוק טבעי 20 שק""",,,"תה ירוק טבעי 20 שק""",פריט,0.00,פריט,false,,6.49,0.0000,true,1,118089
7290010195152,true,שוקולד חלב עם שקדים,,,שוקולד חלב עם שקדים,פריט,0.00,פריט,false,,10.99,0.0000,true,1,118090
7290010195169,true,חטיף בוטנים מרמוליט*,,,חטיף בוטנים מרמוליט*,פריט,0.00,פריט,false,,14.90,0.0000,true,1,118091
7290010195398,true,"ג""ל אלוורה ""פמילי"" ל",,,"ג""ל אלוורה ""פמילי"" ל",פריט,0.00,פריט,false,,16.90,0.0000,true,1,118096
7290010195725,true,"ארוסול ""רייד"" קוטל מ",,,"ארוסול ""רייד"" קוטל מ",פריט,0.00,פריט,false,,22.90,0.0000,true,1,118097
7290010199907,false,אל סבון ארומטי תה יר,,,אל סבון ארומטי תה ירוק 500 מל,מיליליטרים,500.00,"100 מ""ל",false,1,8.90,1.7800,true,1,147089
7290010237548,false,פפסי מקס 500 מל,,,פפסי מקס 0.5 ליטר,מיליליטרים,500.00,"100 מ""ל",false,1,3.90,0.7800,true,1,118108
7290010237890,false,בירה היינקן בקבוק חו,,,בירה היינקן בקבוק חו,מיליליטרים,500.00,"100 מ""ל",false,1,8.90,1.7800,true,1,118121
7290010259977,false,שמן קנולה 1 ל,ברקולמן,,שמן קנולה 1ל,ליטרים,1.00,ליטר,false,1,10.90,10.9000,true,1,118143
7290010259991,false,צנימים 250 גר,דן קייק,,צנימים 250גר,גרמים,250.00,100 גרם,false,1,8.90,3.5600,true,1,118144
7290010278916,false,שקית מודפס 10 יח,גמר,,שקית מודפס 10 יח,Unknown,0.00,Unknown,false,1,9.90,0.0000,true,1,189599
7290010287260,true,"יין ישן נושן 750 מ""""",,,"יין ישן נושן 750 מ""""",פריט,0.00,פריט,false,,14.99,0.0000,true,1,118164
7290010300075,false,שמרים נמסים בקופסה 3,ר.ס.,,שמרים נמסים בקופסה 33 גר,גרמים,33.00,100 גרם,false,1,6.90,20.9091,true,1,133912
7290010300532,false,חומץ 5% 1 ל,הילל תעשיות,,חומץ 5%,מיליליטרים,1000.00,"100 מ""ל",false,1,4.90,0.4900,true,1,118189
7290010300563,false,שקיות צליה 10 יח,oylum,,"שקיות צליה 10 יח""",Unknown,0.00,Unknown,false,1,5.90,0.0000,true,1,118192
7290010300587,false,שומשום 200 גר,ר.ס.,,"שומשום 200 ג""ר",גרמים,200.00,100 גרם,false,1,8.90,4.4500,true,1,118194
7290010300594,false,גלטין בקופסה,ר.ס.,,"ג""לטין בקופסה",גרמים,24.00,100 גרם,false,1,11.90,49.5833,true,1,118195
7290010300662,false,מיכל שקדי מרק 400 גר,"חטיפים מן הטבע בע""""מ",,מיכל שקדי מרק 400 גר,גרמים,400.00,100 גרם,false,1,12.90,3.2250,true,1,181030
7290010300747,false,קסמים דנטליים 200 יח,THAI FONG,,קסמים דנטליים 200 יח,Unknown,0.00,Unknown,false,1,9.90,0.0000,true,1,118199
7290010328246,false,טחינה שומשום מלא 500,,,טחינה שומשום מלא 500 גר,גרמים,500.00,100 גרם,false,1,14.90,2.9800,true,1,118217
7290010328253,false,טחינה גולמית אחוה 50,,,"טחינה שומשום ""אחווה""",גרמים,500.00,100 גרם,false,1,14.90,2.9800,true,1,118218
7290010328345,true,"חלווה 50 גר""",,,"חלווה 50 גר""",פריט,0.00,פריט,false,,2.90,0.0000,true,1,118219
7290010328680,false,עוגת אחווה שוקוציפס,,,עוגת אחווה שוקוציפס לבן מריר 450,גרמים,450.00,100 גרם,false,1,11.90,2.6444,true,1,164334
7290010357048,true,"אבקת קלגון 1.5 ק""ג",,,"אבקת קלגון 1.5 ק""ג",קילוגרמים,1.50,"ק""ג",false,,38.99,25.9933,true,1,118229
7290010357178,true,אבקה להסרת כתמים וני,,,אבקה להסרת כתמים וני,גרמים,600.00,100 גרם,false,,39.90,6.6500,true,1,118230
7290010367009,false,שמנת חמוצה 15% 500 ג,,,"שמנת גביע 0.5 ק""ג",גרמים,500.00,100 גרם,false,1,12.90,2.5800,true,1,118231
7290010417162,false,יין גמלא ריזלינג 750,יקב רמת הגולן,,"יין ""גמלא"" ריזלינג ל",מיליליטרים,750.00,"100 מ""ל",false,1,54.90,7.3200,true,1,118242
7290010429684,false,דבש טהור יד מרדכי זו,STRAUSS-ISRAEL,,שרינק 2 דבש 350 ג,גרמים,700.00,100 גרם,false,1,29.90,4.2714,true,1,118252
7290010472307,false,גמדים לשתיה תות בננה,STRAUSS-ISRAEL,,גמדים לשתיה תות בננה,מיליליטרים,800.00,"100 מ""ל",false,1,19.90,2.4875,true,1,118260
7290010513703,false,מקלות צופסטיק חד פעמ,Guilin fengzhu tradi,,"מקלות צ""ופסטיק חד פעמיות 20 יח",Unknown,0.00,Unknown,false,1,6.90,0.0000,true,1,118297
7290010513727,false,פנקו פרורי לחם יפניי,Qingdao Sun-growing,,פנקו-פרורי לחם וומטר,גרמים,200.00,100 גרם,false,1,8.90,4.4500,true,1,137667
7290010562565,false,משמש אוזבקי 400 גר,,,משמש אוזבקי 400 גר,גרמים,400.00,100 גרם,false,1,39.90,9.9750,true,1,227513
7290010569311,true,אוטו גלידה,,,אוטו גלידה,פריט,0.00,פריט,false,,18.99,0.0000,true,1,126857
7290010569359,true,"מאגדת בראץ""",,,"מאגדת בראץ""",פריט,0.00,פריט,false,,10.99,0.0000,true,1,126858
7290010589012,false,עוגות וופל במילוי קר,,,עוגות וופל במילוי קרם 315 גר,גרמים,315.00,100 גרם,false,1,29.90,9.4921,true,1,118319
7290010589036,false,עוגות וופל במילוי קר,,,עוגות וופל במילוי קרם 315 גר,גרמים,315.00,100 גרם,false,1,29.90,9.4921,true,1,118321
7290010589050,true,עוגת וופל קפואה במיל,,,עוגת וופל קפואה במיל,פריט,0.00,פריט,false,,27.99,0.0000,true,1,118323
7290010589067,true,עוגת וופל קפואה במיל,,,עוגת וופל קפואה במיל,פריט,0.00,פריט,false,,27.99,0.0000,true,1,118324
7290010589203,true,"עוגת ""חלומות יער"" 70",,,"עוגת ""חלומות יער"" 70",פריט,0.00,פריט,false,,64.99,0.0000,true,1,133348
7290010627004,false,טחינה ירושלים 500 גר,בראשית ירושלים,,טחינה ירושלים 500 גר,גרמים,500.00,100 גרם,false,1,13.90,2.7800,true,1,185802
7290010627844,false,טחינה ירושלים מלא 50,בראשית ירושלים,,טחינה ירושלים מלא 500 גר,גרמים,500.00,100 גרם,false,1,13.90,2.7800,true,1,185801
7290010632787,false,צימרוני אוזניים 300,כוטון סופט,,צימרוני אוזניים 300,Unknown,0.00,Unknown,false,1,4.90,0.0000,true,1,118341
7290010632893,true,"כף צבעוני ""הוסטס"" 10",,,"כף צבעוני ""הוסטס"" 10",פריט,0.00,פריט,false,,7.49,0.0000,true,1,118347
7290010632909,true,"כפית צבעונית ""הוסטס""",,,"כפית צבעונית ""הוסטס""",פריט,0.00,פריט,false,,7.49,0.0000,true,1,118348
7290010679010,false,קוקטייל פירות ים 500,,,קוקטייל פירות ים 500,גרמים,500.00,100 גרם,false,1,28.90,5.7800,true,1,118356
7290010679027,false,טבעות קלמרי 500 גר,,,"טבעות קלמרי 500 גר""",גרמים,500.00,100 גרם,false,1,39.90,7.9800,true,1,118357
7290010679140,false,שרימפס טמפורה 250 גר,,,שרימפס טמפורה 250 גר,גרמים,250.00,100 גרם,false,1,26.90,10.7600,true,1,118360
7290010679256,false,פילה דג ברבוניה 500,אקוואטיק,,פילה דג ברבוניה 500 גר,גרמים,500.00,100 גרם,false,1,34.90,6.9800,true,1,147528
7290010679416,false,שרימפס מקולף 41-50 5,,,שרימפס מקולף 41-50 5,גרמים,500.00,100 גרם,false,1,44.90,8.9800,true,1,118362
7290010679485,false,שרימפס מקולף 31-40 1,,,שרימפס מקולף 31-40 1 קג,קילוגרמים,1.00,"ק""ג",false,1,94.90,94.9000,true,1,183957
7290010679553,false,שרימפס מבושל מקולף 4,,,שרימפס מקולף ומבושל,גרמים,500.00,100 גרם,false,1,42.90,8.5800,true,1,118364
7290010679621,false,שרימפס מבושל מקולף 4,,,שרימפס מבושל מקולף 4,גרמים,1000.00,100 גרם,false,1,84.90,8.4900,true,1,118366
7290010679737,false,שרימפס וויט 26-30 מק,,,שרימפס וויט 26/30 מק,גרמים,1000.00,100 גרם,false,,99.90,9.9900,true,1,118367
7290010679768,false,קלמרי 1 קג,,,קלמרי 1 קג,קילוגרמים,1.00,"ק""ג",false,1,94.90,94.9000,true,1,133590
7290010679829,false,שרימפס 16-20 מקולף 1,,,שרימפס 16-20 מקולף בתפזורת 1 קג,קילוגרמים,1.00,"ק""ג",false,1,119.90,119.9000,true,1,139560
7290010679836,false,סטייק דג בסה 1 קג,אינדיאן אושן,,"סטייק דג בסה 1 ק""ג",קילוגרמים,1.00,"ק""ג",false,1,29.90,29.9000,true,1,118369
7290010679935,false,פילה דג בסה 1 קג,,,פילה דג בסה 1 קג,קילוגרמים,1.00,"ק""ג",false,1,29.90,29.9000,true,1,139557
7290010701131,false,גפילטע פיש 400 גר,,,גפילטע פיש 400 גר,גרמים,400.00,100 גרם,false,1,25.90,6.4750,true,1,159414
7290010701230,true,"ממרח כבד בקר 200 ג""ר",,,"ממרח כבד בקר 200 ג""ר",פריט,0.00,פריט,false,,11.99,0.0000,true,1,147540
7290010701247,true,ממרח כבד בקר עם גבינ,,,ממרח כבד בקר עם גבינ,פריט,0.00,פריט,false,,11.99,0.0000,true,1,147541
7290010701254,true,ממרח כבד בקר עם פטרי,,,ממרח כבד בקר עם פטרי,פריט,0.00,פריט,false,,11.99,0.0000,true,1,147542
7290010701261,true,"ממרח כבד עוף 200 ג""ר",,,"ממרח כבד עוף 200 ג""ר",פריט,0.00,פריט,false,,12.99,0.0000,true,1,147543
7290010701292,true,טושונקה בשר לבן 350,,,טושונקה בשר לבן 350,פריט,0.00,פריט,false,,20.99,0.0000,true,1,147545
7290010701308,true,"טושונקה בקר 350 גר""",,,"טושונקה בקר 350 גר""",פריט,0.00,פריט,false,,17.99,0.0000,true,1,147546
7290010701353,false,רגל קרושה 400 גר,,,"רגל קרושה 400 גר""",גרמים,400.00,100 גרם,false,1,26.90,6.7250,true,1,118375
7290010701360,false,עוף קרוש 400 גר,,,עוף קרוש 400 גרי,גרמים,400.00,100 גרם,false,1,26.90,6.7250,true,1,118376
7290010701384,false,רגל קרושה מעורבת 400,,,רגל קרושה מעורבת 400,גרמים,400.00,100 גרם,false,1,26.90,6.7250,true,1,118378
7290010701391,false,ממרח כבד בקר 220 גר,,,ממרח כבד בקר 220 גר,גרמים,220.00,100 גרם,false,1,16.90,7.6818,true,1,118379
7290010701407,false,ממרח כבד עוף 220 גר,,,ממרח כבד עוף 220 גר,גרמים,220.00,100 גרם,false,1,16.90,7.6818,true,1,118380
7290010701551,false,נקניקיות עוף 1 קג,,,נקניקיות עוף 1 קג,קילוגרמים,1.00,"ק""ג",false,1,25.90,25.9000,true,1,225391
7290010701599,false,טושונקה בשר לבן 340,VELES,,טושונקה בשר לבן 340 גר,גרמים,340.00,100 גרם,false,1,21.90,6.4412,true,1,158561
7290010701612,false,קורקבן עוף בגל 500 ג,מעדני מניה תעשיות בש,,קורקבן עוף בגל 500 גר,גרמים,500.00,100 גרם,false,1,19.90,3.9800,true,1,200098
7290010701636,false,פטה כבד עוף נקניק 20,,,פטה כבד עוף נקניק 210 גר,גרמים,200.00,100 גרם,false,1,12.90,6.4500,true,1,200101
7290010701704,false,נקניק דוקטורסקיה 450,,,נקניק דוקטורסקיה 450 גר,גרמים,450.00,100 גרם,false,1,22.90,5.0889,true,1,225392
7290010701711,false,ממרח כבד ביתי 200 גר,,,ממרח כבד ביתי 210 גר,גרמים,200.00,100 גרם,false,1,12.90,6.4500,true,1,200100
7290010701902,false,ממרח כבד בקר נקניק 2,,,ממרח כבד בקר נקניק 210 גר,גרמים,200.00,100 גרם,false,1,12.90,6.4500,true,1,200102
7290010701919,false,פטה כבד צרפתי ביין ל,,,פטה כבד צרפתי ביין לבן 180 גר,גרמים,180.00,100 גרם,false,1,22.90,12.7222,true,1,200099
7290010756001,true,עוגת אפרסק עגולה,,,עוגת אפרסק עגולה,פריט,0.00,פריט,false,,57.99,0.0000,true,1,118398
7290010756018,true,"עוגת סנז""נה פס",,,"עוגת סנז""נה פס",פריט,0.00,פריט,false,,39.99,0.0000,true,1,118399
7290010756025,true,עוגת נפוליאון פס,,,עוגת נפוליאון פס,פריט,0.00,פריט,false,,39.99,0.0000,true,1,118400
7290010756032,true,עוגת סמטניק פס,,,עוגת סמטניק פס,פריט,0.00,פריט,false,,39.99,0.0000,true,1,118401
7290010756063,true,פחזניות,,,פחזניות,פריט,0.00,פריט,false,,31.99,0.0000,true,1,118404
7290010756094,true,עוגת פראג עגולה,,,עוגת פראג עגולה,פריט,0.00,פריט,false,,57.99,0.0000,true,1,118407
7290010756117,true,עוגת קייב עגולה,,,עוגת קייב עגולה,פריט,0.00,פריט,false,,57.99,0.0000,true,1,118409
7290010756131,true,עוגת גבינה פס,,,עוגת גבינה פס,פריט,0.00,פריט,false,,39.99,0.0000,true,1,118410
7290010756209,true,"עוגת ריז""יק פס",,,"עוגת ריז""יק פס",פריט,0.00,פריט,false,,39.99,0.0000,true,1,118411
7290010756223,true,"עוגה עגולה ""סונאטה""",,,"עוגה עגולה ""סונאטה""",פריט,0.00,פריט,false,,39.99,0.0000,true,1,118413
7290010756230,true,כדורי שוקולד עם אגוז,,,כדורי שוקולד עם אגוז,פריט,0.00,פריט,false,,29.99,0.0000,true,1,118414
7290010756247,true,"עוגת ""סונאטה"" פס",,,"עוגת ""סונאטה"" פס",פריט,0.00,פריט,false,,57.99,0.0000,true,1,118415
7290010756278,true,"עוגת ""קייב"" עגולה גד",,,"עוגת ""קייב"" עגולה גד",פריט,0.00,פריט,false,,69.99,0.0000,true,1,118416
7290010756292,true,"עוגת ""סונטה"" עגולה ג",,,"עוגת ""סונטה"" עגולה ג",פריט,0.00,פריט,false,,69.99,0.0000,true,1,118417
7290010756483,true,עוגת ריבת חלב עגולה,,,עוגת ריבת חלב עגולה,פריט,0.00,פריט,false,,59.99,0.0000,true,1,118418
7290010756490,true,עוגת שוקולד עגולה,,,עוגת שוקולד עגולה,פריט,0.00,פריט,false,,59.99,0.0000,true,1,118419
7290010756995,true,שאריות עוגה,,,שאריות עוגה,פריט,0.00,פריט,false,,24.99,0.0000,true,1,118420
7290010766949,false,ממרח ארטישוק אוליביה,,,ממרח ארטישוק אוליביה 180 גר,גרמים,180.00,100 גרם,false,1,12.90,7.1667,true,1,216456
7290010770564,true,"קולון ג""ל 2 ליטר",,,"קולון ג""ל 2 ליטר",מיליליטרים,2000.00,"100 מ""ל",false,,31.99,1.5995,true,1,118423
7290010791538,false,לה קט דליקטס עוף גור,,,לה קט דליקטס עוף גורמה 85 גר,גרמים,85.00,100 גרם,false,1,5.90,6.9412,true,1,181245
7290010791545,false,לה קט דליקטס פטה כבד,,,לה קט דליקטס פטה כבד עוף 85 גר,גרמים,85.00,100 גרם,false,1,5.90,6.9412,true,1,181247
7290010791576,false,לה קט דליקטס דגי אוק,,,לה קט דליקטס דגי אוקינוס 85 גר,גרמים,85.00,100 גרם,false,1,5.90,6.9412,true,1,181248
7290010791644,false,מקלוני עוף פריכים בו,,,מקלוני עוף פריכים בונזו גוי 90 גר,גרמים,90.00,100 גרם,false,1,15.90,17.6667,true,1,193967
7290010814244,false,שוקולד מריר 60% אגו,Carmit,,שלישיית שוקולד מריר 85 גר,גרמים,255.00,100 גרם,false,1,10.90,4.2745,true,1,118427
7290010814701,false,שוקולד חלב ללא סוכר,Carmit,,שוקולד חלב ללא סוכר 85 גר,גרמים,85.00,100 גרם,false,1,6.90,8.1176,true,1,118433
7290010822201,true,שישיית אקווה נובה 1.,,,שישיית אקווה נובה 1.,פריט,0.00,פריט,false,,9.99,0.0000,true,1,138418
7290010838066,true,"קונפיטורת ""מרמולייט""",,,"קונפיטורת ""מרמולייט""",פריט,0.00,פריט,false,,21.99,0.0000,true,1,118446
7290010838431,false,טואלט דאק כחול 750 מ,SC Jonson,,טואלט דאק 750 זוג כח,ליטרים,1.50,ליטר,false,1,15.90,10.6000,true,1,118448
7290010838509,true,"ג""יל ""פמילי"" תכלת 1",,,"ג""יל ""פמילי"" תכלת 1",פריט,0.00,פריט,false,,15.90,0.0000,true,1,118449
7290010838516,true,"ג""ל לעיצוב שיער פמיל",,,"ג""ל לעיצוב שיער פמיל",פריט,0.00,פריט,false,,15.90,0.0000,true,1,118450
7290010838660,true,"טואלט דאק 750 מ""לח ז",,,"טואלט דאק 750 מ""לח ז",פריט,0.00,פריט,false,,24.99,0.0000,true,1,118453
7290010883356,false,L כפפות אלוורה רב שי,,,סנו סושי זוג כפפות א,Unknown,0.00,Unknown,false,1,9.90,0.0000,true,1,118483
7290010883370,false,M כפפות אלוורה רב שי,,,סנו סושי זוג כפפות א,Unknown,0.00,Unknown,false,1,9.90,0.0000,true,1,118485
7290010945146,false,קוטג 3% מועשר 250 גר,,,"קוטג"" 3% מועשר 250גר",גרמים,250.00,100 גרם,false,1,5.90,2.3600,true,1,118511
7290010945306,false,חלב 3% בקרטון 2 ל,,,חלב 3% בקרטון 2 ליטר,ליטרים,2.00,ליטר,false,1,12.46,6.2300,true,1,118512
7290010945450,false,גבינה לבנה 3% 250 גר,,,גבינה לבנה 3% 250 גר,גרמים,250.00,100 גרם,false,1,4.90,1.9600,true,1,118515
7290010955619,false,יין רימון לייטלי 750,יקב רימון,,יין רימון לייטלי 750מל,מיליליטרים,750.00,"100 מ""ל",false,1,49.90,6.6533,true,1,164054
7290011017866,false,קוקה קולה פח 330 מל,קוקה קולה,,"קוקה קולה פח 330 מ""ל",מיליליטרים,330.00,"100 מ""ל",false,1,4.90,1.4848,true,1,133640
7290011017873,false,קוקה קולה זירו פחי 3,קוקה קולה,,קוקה קולה זירו פחי 330 מל,מיליליטרים,330.00,"100 מ""ל",false,1,4.90,1.4848,true,1,133642
7290011018368,false,בירה ויינשטפן 330 מל,ויינשטפן,,"בירה ויינשטפן 330 מ""ל שישייה",מיליליטרים,1980.00,"100 מ""ל",false,1,59.90,3.0253,true,1,181753
7290011018443,false,סליק פאנטה אורנג 330,קוקה קולה,,סליק פאנטה אורג 330מל,מיליליטרים,330.00,"100 מ""ל",false,1,4.90,1.4848,true,1,164242
7290011018474,false,משקה כהלי סידר תפוחי,,,"משקה כהלי ""סידר תפוחים"" 330 מל",מיליליטרים,330.00,"100 מ""ל",false,1,8.90,2.6970,true,1,165486
7290011074432,true,"מכשיר אלקטריק ""אירוו",,,"מכשיר אלקטריק ""אירוו",Unknown,0.00,Unknown,false,,44.99,0.0000,true,1,118609
7290011081225,true,מגנום עוגיות,,,מגנום עוגיות,פריט,0.00,פריט,false,,7.99,0.0000,true,1,118613
7290011081232,true,מגנום מריר אקוודור,,,מגנום מריר אקוודור,פריט,0.00,פריט,false,,8.99,0.0000,true,1,118614
7290011081423,true,קרח סוכריות,,,קרח סוכריות,פריט,0.00,פריט,false,,2.49,0.0000,true,1,118618
7290011081430,true,שלגון ICQ,,,שלגון ICQ,פריט,0.00,פריט,false,,3.99,0.0000,true,1,118619
7290011081447,true,מקל קסמים,,,מקל קסמים,פריט,0.00,פריט,false,,4.99,0.0000,true,1,118620
7290011090388,false,טימין 40 גר,,,טימין,גרמים,40.00,100 גרם,false,1,4.90,12.2500,true,1,192069
7290011115401,false,אל סבון מוצק ארומה נ,,,"רביעיית סבון מוצק ""נ",Unknown,0.00,Unknown,false,1,11.90,0.0000,true,1,118668
7290011126209,false,תה גן הקסום תפוח קינ,,,"""הגן הקסום"" תפוח וקי",גרמים,68.00,100 גרם,false,1,17.90,26.3235,true,1,118670
7290011131371,false,תערובת דגנים מיזלי ק,גרין,,תערובת דגנים מיזלי ק,קילוגרמים,1.00,"ק""ג",false,1,24.90,24.9000,true,1,118692
7290011131395,false,תערובת דגנים מיזלי ק,גרין,,"תערובת דגנים מיזלי קראנץ 30% פירות 1 ק""ג",קילוגרמים,1.00,"ק""ג",false,10,24.90,24.9000,true,1,118694
7290011131609,false,מיזלי פירות 1 קג,גרין,,"מיזלי פירות 1 ק""ג",קילוגרמים,1.00,"ק""ג",false,1,24.90,24.9000,true,1,195931
7290011131616,false,מיזלי אלמונד 1 קג,גרין,,"מיזלי אלמונד 1 ק""ג",קילוגרמים,1.00,"ק""ג",false,1,24.90,24.9000,true,1,195930
7290011132620,false,בירה מכבי שנדי אבטיח,,,"בירה ""מכבי"" שנדי בטע",ליטרים,1980.00,ליטר,false,4,33.90,0.0171,true,1,118717
7290011142018,false,לחם שיפון נבסקי 600,מאפיית דואט,,"לחם שיפון ""נבסקי""",גרמים,600.00,100 גרם,false,1,13.90,2.3167,true,1,118735
7290011142025,false,לחם שיפון כפרי 600 ג,מאפיית דואט,,"לחם שיפון ""אוקראינסק",גרמים,600.00,100 גרם,false,1,13.90,2.3167,true,1,118736
7290011142049,false,לחם ביתי עם סובין לל,מאפיית דואט,,"לחם ""לבריאות""",גרמים,630.00,100 גרם,false,1,14.90,2.3651,true,1,118738
7290011142070,false,לחם שיפון מחמצת 600,מאפיית דואט,,לחם בטעמים,גרמים,600.00,100 גרם,false,1,14.90,2.4833,true,1,118741
7290011142094,false,לחם שיפון פטרובסקי 6,מאפיית דואט,,"לחם שיפון ""פטרובסקי",גרמים,630.00,100 גרם,false,1,15.90,2.5238,true,1,135597
7290011142193,false,לחמניות מתוקות 400 ג,מאפיית דואט,,לחמניות מתוקות,גרמים,400.00,100 גרם,false,1,13.90,3.4750,true,1,118750
7290011142315,false,פרנה 550 גר,מאפיית דואט,,פרנה,גרמים,550.00,100 גרם,false,1,15.90,2.8909,true,1,134579
7290011142322,false,פיתה 10 יח 1000 גר,מאפיית דואט,,פיתה 10 יח,גרמים,1000.00,100 גרם,false,1,14.90,1.4900,true,1,136965
7290011142445,false,לחם כוסמין 620 גר,,,לחם כוסמין 600 גר,גרמים,620.00,100 גרם,false,1,16.90,2.7258,true,1,198371
7290011142568,false,פיתה 10 יח,,,פיתה 10 יח,Unknown,0.00,Unknown,false,1,16.90,0.0000,true,1,181516
7290011142650,false,לחם שיפון 100% 900 ג,,,לחם שיפון 100% 900 גר,גרמים,900.00,100 גרם,false,1,17.90,1.9889,true,1,193686
7290011142827,false,פיתה כוסמין 500 גר,,,פיתה כוסמין 500 גר,גרמים,500.00,100 גרם,false,1,16.90,3.3800,true,1,203154
7290011142834,false,פיתה חיטה 500 גר,,,פיתה חיטה 500 גר,גרמים,500.00,100 גרם,false,1,15.90,3.1800,true,1,203155
7290011148959,false,פלפל טינקרבל,מרינה פטריות הגליל,,פלפל טינקרבל,Unknown,0.00,Unknown,false,1,6.90,0.0000,true,1,162507
7290011153885,false,נייר אכיל ממותג,גילרו,,נייר אכיל ממותג,Unknown,0.00,Unknown,false,1,16.90,0.0000,true,1,118771
7290011174026,true,עוגת מוס שוקולד פס 5,,,עוגת מוס שוקולד פס 5,פריט,0.00,פריט,false,,39.90,0.0000,true,1,118776
7290011174033,true,עוגת מוס שוקולד וניל,,,עוגת מוס שוקולד וניל,פריט,0.00,פריט,false,,39.90,0.0000,true,1,118777
7290011174323,false,ציפס אמריקאי פרי הגל,"פרי הגליל בע""""מ",,"צ""יפס אמריקאי 1.5 ק""",קילוגרמים,1.50,"ק""ג",false,1,17.90,11.9333,true,1,118782
7290011174897,false,אפונה עדינה 600 גר,"פרי הגליל בע""""מ",,"אפונה עדינה 600גר""",גרמים,600.00,100 גרם,false,1,13.90,2.3167,true,1,118794
7290011174958,true,"רוטב לשקשוקה 525 גר""",,,"רוטב לשקשוקה 525 גר""",פריט,0.00,פריט,false,,10.99,0.0000,true,1,118795
7290011194215,false,דניאלה בננה 88 גר,STRAUSS-ISRAEL,,דניאלה בננה,גרמים,88.00,100 גרם,false,1,4.10,4.6591,true,1,118797
7290011194246,false,קוטג 5% עם סידן 250,STRAUSS-ISRAEL,,"קוטג"" 5% עם סידן 250",גרמים,250.00,100 גרם,false,1,5.80,2.3200,true,1,118798
7290011223038,false,עלים לעוגת קרמשניט 3,Bonomi,,עלים לעוגת קרמשניט ו,גרמים,300.00,100 גרם,false,1,15.90,5.3000,true,1,118812
7290011223243,false,גל אסלה טואלט דאק 55,DEOFLOR,,"ג""""ל לאסלה ""טואלט דא",מיליליטרים,55.00,"100 מ""ל",false,1,9.90,18.0000,true,1,118817
7290011223700,true,"עגוגיות ""מרמולייט"" ח",,,"עגוגיות ""מרמולייט"" ח",פריט,0.00,פריט,false,,19.99,0.0000,true,1,118818
7290011237301,false,כוסמת ידריצה מדגן 80,קיטניות העמקים,,כוסמת ידריצה מדגן 800 גר,גרמים,800.00,100 גרם,false,1,10.90,1.3625,true,1,118830
7290011240042,true,"כוהל נקי 96% 750 מ""ל",,,"כוהל נקי 96% 750 מ""ל",פריט,0.00,פריט,false,,99.90,0.0000,true,1,118831
7290011240196,true,יין קברנה מרלו 0.75,,,יין קברנה מרלו 0.75,פריט,0.00,פריט,false,,34.90,0.0000,true,1,118832
7290011240233,true,"יין יבש ""ארז"" שרדונה",,,"יין יבש ""ארז"" שרדונה",פריט,0.00,פריט,false,,44.99,0.0000,true,1,118833
7290011240271,true,"יין יבש ""תדהר"" קברנה",,,"יין יבש ""תדהר"" קברנה",פריט,0.00,פריט,false,,40.99,0.0000,true,1,118834
7290011240288,true,"יין יבש ""תדהר"" מרלו",,,"יין יבש ""תדהר"" מרלו",פריט,0.00,פריט,false,,40.99,0.0000,true,1,118835
7290011240868,false,יין מוסקטו אדם 750 מ,יקבי ציון,,יין מוסקט אדם 0.75 ל,מיליליטרים,750.00,"100 מ""ל",false,12,29.90,3.9867,true,1,157787
7290011240905,false,יין מוסקטו לבן 750 מ,יקבי ציון,,יין מוסקט לבן 0.75 ל,מיליליטרים,750.00,"100 מ""ל",false,12,29.90,3.9867,true,1,157786
7290011253103,true,"יין ""נחל הפירים""",,,"יין ""נחל הפירים""",פריט,0.00,פריט,false,,31.99,0.0000,true,1,118861
7290011355036,true,דבש טבעי אווקליפט/מא,,,דבש טבעי אווקליפט/מא,Unknown,0.00,Unknown,false,,20.99,0.0000,true,1,118902
7290011378769,false,חטיפי חלווה בארכה ונ,,,חטיפי חלבה בארכה וניל שביעייה,גרמים,126.00,100 גרם,false,1,11.90,9.4444,true,1,134600
7290011379018,false,פטריות מארז צמד חמד,מרינה פטריות הגליל,,פטריות מארז צמד חמד,Unknown,0.00,Unknown,false,1,15.50,0.0000,true,1,118909
7290011379025,false,פלפל צילי,,,פלפל צילי,Unknown,0.00,Unknown,false,1,6.90,0.0000,true,1,216333
7290011392376,true,אבקת כביסה קולון 6 ק,,,אבקת כביסה קולון 6 ק,גרמים,8000.00,100 גרם,false,,53.99,0.6749,true,1,118917
7290011392499,true,פיניש סטופ לריח,,,פיניש סטופ לריח,Unknown,0.00,Unknown,false,,16.99,0.0000,true,1,118918
7290011438142,false,אייס קפה בבקבוק 350,STRAUSS-ISRAEL,,אייס קפה בבקבוק 350,מיליליטרים,350.00,"100 מ""ל",false,1,6.40,1.8286,true,1,118930
7290011447014,false,מטרנה דייסת דגנים סל,מטרנה,,מטרנה דייסת סלט פירו,גרמים,200.00,100 גרם,false,1,13.90,6.9500,true,1,118939
7290011447267,false,מטרנה חלבי שלב 1 700,מטרנה,,מטרנה חלבי שלב 1 700,גרמים,700.00,100 גרם,false,1,49.90,7.1286,true,1,118946
7290011447908,false,סופר קט עוף וכבד 3 ק,,,סופר קט עוף וכבד 3 ק,קילוגרמים,3.00,"ק""ג",false,1,49.90,16.6333,true,1,118960
7290011489762,false,בייגלה הדר טבעות שומ,,,בייגלה הדר טבעות שומשום 300 גר,גרמים,300.00,100 גרם,false,1,5.90,1.9667,true,1,228430
7290011499129,false,קוביות בולגרית 5% 20,,,קוביות בולגרית 5% 200גר,גרמים,200.00,100 גרם,false,1,19.90,9.9500,true,1,118995
7290011499327,false,גבינה בולגרית מעודנת,,,בולגרית מעודנת 5% 250גר,גרמים,250.00,100 גרם,false,1,21.90,8.7600,true,1,148136
7290011499365,false,גבינה חלומי 24% 200,,,גבינה חלומי 24% 200גר,גרמים,200.00,100 גרם,false,1,19.90,9.9500,true,1,118999
7290011499419,false,קרם שמנת טבעי ניו יו,,,קרם שמנת טבעי ניו יורק 5% 200 גרם,גרמים,200.00,100 גרם,false,1,12.90,6.4500,true,1,119000
7290011499624,false,גבינת שמנת טבעית 30%,,,שמנת טבעית 30% 200גר,גרמים,200.00,100 גרם,false,1,12.90,6.4500,true,1,162800
7290011499853,false,גבינת שמנת זיתים 30%,,,שמנת זיתים 30% 200גר,גרמים,200.00,100 גרם,false,1,12.90,6.4500,true,1,162802
7290011505493,false,כף מהודרת עבה במיוחד,הוסטס,,"כפות חד פעמי 50 יח""",Unknown,0.00,Unknown,false,1,8.90,0.0000,true,1,119013
7290011505509,false,מזלגות חד פעמי 50 יח,הוסטס,,מזלגות חד פעמי 50 יח,Unknown,0.00,Unknown,false,1,8.90,0.0000,true,1,119014
7290011505516,false,סכינים חד פעמי 50 יח,הוסטס,,סכינים חד פעמי 50 יח,Unknown,0.00,Unknown,false,1,8.90,0.0000,true,1,119015
7290011518561,false,משקה יוגורט תות אקטי,STRAUSS-ISRAEL,,"אקטימל 14 יח"" תות",גרמים,1512.00,100 גרם,false,1,29.90,1.9775,true,1,119029
7290011522919,true,"מרכך ""סטייל"" נגד קשק",,,"מרכך ""סטייל"" נגד קשק",פריט,0.00,פריט,false,,18.99,0.0000,true,1,119033
7290011524470,true,"קטשופ ""טל וטרי"" ללא",,,"קטשופ ""טל וטרי"" ללא",פריט,0.00,פריט,false,,11.90,0.0000,true,1,119048
7290011524548,false,גרגירי חומוס 800 גר,"פרי הגליל בע""""מ",,גרגירי חומוס 800 גרם,גרמים,800.00,100 גרם,false,1,9.90,1.2375,true,1,119049
7290011524609,true,"קטשופ ""טל וטרי"" חריף",,,"קטשופ ""טל וטרי"" חריף",פריט,0.00,פריט,false,,9.90,0.0000,true,1,119052
7290011524968,false,פולי סויה 1 קג,"פרי הגליל בע""""מ",,פולי סויה 1 קג,קילוגרמים,1.00,"ק""ג",false,1,14.90,14.9000,true,1,157298
7290011570088,false,ריבת חלב לייט ללא גל,Satko ltd,,ריבת חלב לייט ללא גלוטן 400 גר,גרמים,400.00,100 גרם,false,1,18.90,4.7250,true,1,193850
7290011585228,false,כיסונים במילוי בשר 1,,,כיסונים במילוי בשר 1500 גר,גרמים,1500.00,100 גרם,false,1,40.90,2.7267,true,1,119096
7290011585235,false,מיני צבורק במילוי בש,,,מיני צבורק במילוי בשר 600 גר,גרמים,600.00,100 גרם,false,1,31.90,5.3167,true,1,119097
7290011585242,false,צבורקי במילוי בשר וי,,,צבורקי במילוי בשר וירק 600 גר,גרמים,600.00,100 גרם,false,1,31.90,5.3167,true,1,119098
7290011585785,false,צבורקי קלאסי 600 גר,,,צבורקי קלאסי 600 גר,גרמים,600.00,100 גרם,false,,31.90,5.3167,true,1,211262
7290011585815,false,מאפה מטוגן במילוי בש,,,מאפה מטוגן במילוי בשר 600 גר,גרמים,600.00,100 גרם,false,1,31.90,5.3167,true,1,212326
7290011585839,false,מאפה מטוגן במילוי תפ,,,"מאפה מטוגן במילוי תפו""א 600 גר",גרמים,600.00,100 גרם,false,1,31.90,5.3167,true,1,212328
7290011585853,false,בלינצס במילוי בשר 60,,,בלינצס במילוי בשר 600 גר,גרמים,600.00,100 גרם,false,1,31.90,5.3167,true,1,214527
7290011585891,false,בלינצס במילוי דובדבן,,,בלינצס במילוי דובדבן 600 גר,גרמים,600.00,100 גרם,false,1,31.90,5.3167,true,1,214525
7290011585921,false,בצק שמרים קלאסי 1 קג,,,בצק שמרים קלאסי 1 קג,קילוגרמים,1.00,"ק""ג",false,1,15.90,15.9000,true,1,212353
7290011587079,false,חרדל דיזון גרגירים 3,Covinor sas,,חרדל דיזון גרגירים 370גר,גרמים,370.00,100 גרם,false,1,11.90,3.2162,true,1,159353
7290011587468,false,מוזלי קראנצי בתוספת,,,"מוזלי קראנצ""י עם אגו",גרמים,600.00,100 גרם,false,1,19.90,3.3167,true,1,119135
7290011587581,false,פילה אנשובי צנצנת תו,Inversiones prisco s,,פילה אנשובי צנצנת תומר 100 גר,גרמים,100.00,100 גרם,false,1,12.90,12.9000,true,1,138576
7290011587598,false,פילה אנשובי פח 45 גר,Inversiones prisco s,,פילה אנשובי פח 45 גר,גרמים,45.00,100 גרם,false,1,8.90,19.7778,true,1,120151
7290011587710,false,צלפים במי מלח תומר 3,,,"צלפים בחומץ 350 ג""ר",גרמים,350.00,100 גרם,false,1,13.90,3.9714,true,1,138581
7290011587857,false,עגבניות מיובשות מתוב,Sunto gida sun ve ti,,עגבניות מיובשות מתובלות 250 גר,גרמים,250.00,100 גרם,false,1,11.90,4.7600,true,1,137692
7290011593087,false,שמן זית סבא חביב בלד,שמן זית סבא חביב,,שמן זית סבא חביב בלדי 750 מל,מיליליטרים,750.00,"100 מ""ל",false,12,29.90,3.9867,true,1,120169
7290011598211,false,ספריי אנטי קאלק רב ש,,,סנו אנטי קאלק רב שימ,מיליליטרים,700.00,"100 מ""ל",false,1,16.90,2.4143,true,1,120174
7290011607180,false,אבקת כביסה קולון 101,,,"אבקת כביסה ""קולון 10",קילוגרמים,1.25,"ק""ג",false,1,12.90,10.3200,true,1,120179
7290011618025,false,נגיסי אורז לתינוקות,,,נגיסי אורז לתינוקות בטעם טבעי 50 גר,גרמים,50.00,100 גרם,false,1,11.90,23.8000,true,1,193882
7290011618124,false,נגיסי אורז לתינוקות,,,נגיסי אורז לתינוקות בטעם ירקות 50 גר,גרמים,50.00,100 גרם,false,1,11.90,23.8000,true,1,170886
7290011644505,false,כבד דג שיבוט 115 גר,יאקן איאצאפי,,כבד דג שיבוט 120 גר,גרמים,115.00,100 גרם,false,24,8.90,7.7391,true,1,200486
7290011695071,false,קשיות מתקפלות 100 יח,אין לי שם,,קשיות מתקפלות 100 יח,Unknown,0.00,Unknown,false,1,4.90,0.0000,true,1,120258
7290011695316,false,נפנף מגל,אס.די יבוא וישווק,,נפנף מגל,Unknown,0.00,Unknown,false,1,5.90,0.0000,true,1,120264
7290011695392,false,תמצית וניל 50 מל,עבדו,,"תמצית וניל 50 מ""ל",מיליליטרים,50.00,"100 מ""ל",false,1,3.90,7.8000,true,1,120270
7290011695477,false,דבש לחיץ 350 גר,מכוורת עמק חפר,,"דבש לחיץ 350 גר""",גרמים,350.00,100 גרם,false,1,23.90,6.8286,true,1,120276
7290011695620,false,סירופ מייפל 700 גר,מיטב תעשיות,,סירופ מייפל,גרמים,700.00,100 גרם,false,1,12.90,1.8429,true,1,120286
7290011695637,false,סירופ שוקולד 700 גר,מיטב תעשיות,,סירופ שוקולד,גרמים,700.00,100 גרם,false,1,12.90,1.8429,true,1,120287
7290011695644,false,מנקה חלונות 1 ל,קום תיאום בינלאומי,,"מנקה חלונות 1 ל""",ליטרים,1.00,ליטר,false,1,9.90,9.9000,true,1,120288
7290011695651,false,צנימים עגולים 300 גר,NEWLAT,,צנימים עגולים 300 גר,גרמים,300.00,100 גרם,false,1,12.90,4.3000,true,1,120289
7290011695927,false,אלומיניום קצר 30*60.,אופל,,אלומיניום קצר 30*60.,Unknown,0.00,Unknown,false,1,29.90,0.0000,true,1,120299
7290011695934,false,נייר אפיה 50 יח,אופל,,"נייר אפיה 50 יח""",Unknown,0.00,Unknown,false,1,10.90,0.0000,true,1,120300
7290011695958,false,חומץ תפוחים 750 מל,הילל תעשיות,,חומץ תפוחים 750 מל,מיליליטרים,750.00,"100 מ""ל",false,1,13.90,1.8533,true,1,120302
7290011695972,false,טוסטים טעימים 100 גר,NEWLAT,,טוסטים טעימים,גרמים,100.00,100 גרם,false,1,7.90,7.9000,true,1,120303
7290011765095,false,גל גילוח קרמה מן 200,,,"ג""ל גילוח ""קרמה מן""",מיליליטרים,200.00,"100 מ""ל",false,1,12.90,6.4500,true,1,120309
7290011870225,false,סוללה אצבע פוגיקום A,,CN,רביעייה סוללה אצבע פוגיקום AAA,Unknown,0.00,Unknown,false,10,7.90,0.0000,true,1,210085
7290011870256,false,סוללה אצבע פוגיקום A,,CN,רביעייה סוללה אצבע פוגיקום AA,Unknown,0.00,Unknown,false,10,7.90,0.0000,true,1,210084
7290011870737,false,סוללה פוגיקום בינוני,ג'ואן,,זוג סוללה מרובע פוגיקום בינוני C,Unknown,0.00,Unknown,false,1,17.90,0.0000,true,1,214923
7290011870744,false,סוללה מרובע פוגיקום,ג'ואן,,סוללה מרובע פוגיקום 9 וולט,Unknown,0.00,Unknown,false,1,12.90,0.0000,true,1,214922
7290011877859,false,אינסטלטור פותח סתימו,,,סנו אינסטלטור פותח ס,גרמים,200.00,100 גרם,false,1,13.90,6.9500,true,1,120405
7290011877866,false,אבקת כביסה מאסק סנו,,,"אבקת כביסה ""מקסימה""",קילוגרמים,6.00,"ק""ג",false,1,49.90,8.3167,true,1,120406
7290011889012,true,קרמיסימו נישנושי פרי,,,קרמיסימו נישנושי פרי,פריט,0.00,פריט,false,,43.99,0.0000,true,1,120411
7290011889142,true,מאגדת לייט מיני אייס,,,מאגדת לייט מיני אייס,פריט,0.00,פריט,false,,25.99,0.0000,true,1,120414
7290011889234,true,"גלידה ""קרמיסימו"" וני",,,"גלידה ""קרמיסימו"" וני",פריט,0.00,פריט,false,,22.99,0.0000,true,1,120415
7290011889357,true,"גלידה ""קרמיסימו"" אהב",,,"גלידה ""קרמיסימו"" אהב",פריט,0.00,פריט,false,,21.99,0.0000,true,1,120417
7290011889449,true,מאגדת מיני מגנום פרי,,,מאגדת מיני מגנום פרי,פריט,0.00,פריט,false,,32.99,0.0000,true,1,120419
7290011889456,true,מאגדת סופר קיד בטעם,,,מאגדת סופר קיד בטעם,פריט,0.00,פריט,false,,21.99,0.0000,true,1,120420
7290011889531,true,שוקובו טופי,,,שוקובו טופי,פריט,0.00,פריט,false,,7.99,0.0000,true,1,120421
7290011889685,true,שלגוני מיני לייט יוג,,,שלגוני מיני לייט יוג,פריט,0.00,פריט,false,,25.99,0.0000,true,1,120423
7290011889753,true,"גלידה ""קרמיסימו"" וני",,,"גלידה ""קרמיסימו"" וני",פריט,0.00,פריט,false,,21.99,0.0000,true,1,120425
7290011889760,true,"גלידה ""קרמיסימו"" שוק",,,"גלידה ""קרמיסימו"" שוק",פריט,0.00,פריט,false,,21.99,0.0000,true,1,120426
7290011889777,true,"גלידה ""קרמיסימו"" 2%",,,"גלידה ""קרמיסימו"" 2%",פריט,0.00,פריט,false,,21.99,0.0000,true,1,120427
7290011889784,true,"גלידה ""קרמיסימו"" עוג",,,"גלידה ""קרמיסימו"" עוג",פריט,0.00,פריט,false,,22.99,0.0000,true,1,120428
7290011889845,true,קרמיסימו פנקוטה תותי,,,קרמיסימו פנקוטה תותי,פריט,0.00,פריט,false,,21.99,0.0000,true,1,120429
7290011889920,true,מאגדת מגנום 6 יח,,,מאגדת מגנום 6 יח,פריט,0.00,פריט,false,,32.99,0.0000,true,1,120431
7290011930653,true,"קנקן ""אלמאריס"" שחור",,,"קנקן ""אלמאריס"" שחור",פריט,0.00,פריט,false,,119.99,0.0000,true,1,120470
7290011947521,false,שמן זית זיתא כתית מע,,,"שמן זית זיתא כתית מעולה בטעם מודגש בד""ץ",מיליליטרים,750.00,"100 מ""ל",false,1,32.90,4.3867,true,1,193200
7290011987268,false,סלמון פרוס 100 גר,,,סלמון פרוס 100 גר,גרמים,100.00,100 גרם,false,1,23.90,23.9000,true,1,120489
7290011996017,false,אטריות תרד 454 גר,,,אטריות תרד 454 גר,גרמים,454.00,100 גרם,false,10,10.90,2.4009,true,1,120502
7290011996086,false,רוטב צילי חריף 700 מ,,,רוטב צילי חריף 700 מל,מיליליטרים,700.00,"100 מ""ל",false,6,14.90,2.1286,true,1,149267
7290011996123,false,אצות נורי גולד 10 דפ,,,אצות נורי גולד 10 דפים,גרמים,25.00,100 גרם,false,10,12.90,51.6000,true,1,192124
7290011996550,false,רוטב הויסין 240 גר,קיי.אר.אס.ספייסי פוד,,רוטב הויסין 240 גר,גרמים,240.00,100 גרם,false,6,17.90,7.4583,true,1,205213
7290011996581,false,רוטב חמוץ מתוק 300 מ,,,רוטב חמוץ מתוק 300 מל,מיליליטרים,300.00,"100 מ""ל",false,6,12.90,4.3000,true,1,192968
7290011996703,false,אצות וואקמה 100 גר,קינגדאו,,אצות וואקמה 100 גר,גרמים,100.00,100 גרם,false,6,21.90,21.9000,true,1,184075
7290011996741,false,חומץ אורז לסושי 500,,,חומץ אורז לסושי 500 מל,מיליליטרים,500.00,"100 מ""ל",false,1,13.90,2.7800,true,1,202676
7290011996758,false,תערובת קמחים לטמפורה,פוג'יאן לונגאי,,תערובת קמחים לטמפורה 500 גר,גרמים,500.00,100 גרם,false,12,13.90,2.7800,true,1,184564
7290011996819,false,אטריות שעועית סיני 2,פוג'יאן לונגאי,,אטריות שעועית סיני 250 גר,גרמים,250.00,100 גרם,false,24,7.90,3.1600,true,1,184563
7290012001994,false,חרדל דיזון גרעינים 3,,,"חרדל דיז""ון גרעינים",גרמים,350.00,100 גרם,false,1,10.90,3.1143,true,1,120516
7290012009105,false,אוכמניות טריות כרמל,,,אוכמניות טריות כרמל,Unknown,0.00,Unknown,false,1,19.90,0.0000,true,1,219093
7290012013003,false,עוגת ריזיק 450 גר,,,עוגת ריזיק 450 גר,גרמים,450.00,100 גרם,false,1,42.90,9.5333,true,1,120517
7290012013034,false,עוגה קייבסקי,,,עוגיות,Unknown,0.00,Unknown,false,1,42.90,0.0000,true,1,120520
7290012013041,false,פחזניות,,,פחזניות,Unknown,0.00,Unknown,false,1,42.90,0.0000,true,1,120521
7290012013065,false,עוגת גבינה קרה 450 ג,,,עוגת גבינה קרה 450 גר,גרמים,450.00,100 גרם,false,1,42.90,9.5333,true,1,120523
7290012013089,false,עוגיות אגוזים עם ריב,,,עוגיות אגוזים עם ריבה 280 גר,גרמים,280.00,100 גרם,false,1,24.90,8.8929,true,1,120525
7290012013225,false,עוגת גבינה עגולה 420,,,עוגת גבינה עגולה 420,גרמים,420.00,100 גרם,false,1,42.90,10.2143,true,1,120531
7290012019036,false,שיני שום כבושות בחומ,Qingdao canned foods,,שיני שום בצנצנת,גרמים,330.00,100 גרם,false,1,10.90,3.3030,true,1,120534
7290012019050,false,שום צעיר ושיני שום כ,Qingdao canned foods,,שום צעיר ובוגר וציפו,גרמים,330.00,100 גרם,false,1,10.90,3.3030,true,1,120536
7290012019265,false,רסק תפוח עץ ללא סוכר,Cherry growers inc,,רביעיית רסק תפוח עץ,גרמים,452.00,100 גרם,false,1,12.90,2.8540,true,1,120545
7290012019753,false,מיץ עגבניות בקבוק 1,Aromaproduct ltd,,מיץ עגבניות בקבוק 1,ליטרים,1.00,ליטר,false,1,9.90,9.9000,true,1,120568
7290012028120,true,מרלבורו גולד טאץ פקט,,,מרלבורו גולד טאץ פקט,פריט,0.00,פריט,false,,265.00,0.0000,true,1,132576
7290012030413,false,ביצי שליו 20 יח,,,"ביצי שליו 20 יח""",Unknown,0.00,Unknown,false,1,21.90,0.0000,true,1,120608
7290012031151,false,סיגריות ל.מ.בלו מושי,,,סיגריות ל.מ.בלו מושיין,Unknown,0.00,Unknown,false,1,26.00,0.0000,false,1,211630
7290012052217,false,גרנולה רפאל ללא סוכר,,,גרנולה רפאל ללא סוכר אגוזים ופירות 800 ג,גרמים,800.00,100 גרם,false,1,28.90,3.6125,true,1,198094
7290012052316,false,גרנולה תענוג שפע פיר,,,"גרנולה תענוג שפע פירות 1 ק""ג",קילוגרמים,1.00,"ק""ג",false,1,24.90,24.9000,true,1,198097
7290012052330,false,גרנולה תענוג חלווה 1,,,"גרנולה תענוג חלבה 1 ק""ג",קילוגרמים,1.00,"ק""ג",false,1,24.90,24.9000,true,1,198098
7290012116537,false,אבקת כביסה מקסימה 2.,,,"אבקת כביסה ""מקסימה""",קילוגרמים,2.50,"ק""ג",false,1,24.90,9.9600,true,1,120631
7290012117091,false,אבקת כביסה סנו מקסימ,,,"אבקת כביסה ""מקסימה ס",גרמים,6000.00,100 גרם,false,1,49.90,0.8317,true,1,120658
7290012117275,false,סנו קליר מילוי 750 מ,,,סנוקליר שקית מילוי 7,מיליליטרים,750.00,"100 מ""ל",false,1,6.90,0.9200,true,1,120660
7290012117558,false,מרכך כביסה מרוכז מאס,,,"מרכך ""מקסימה"" סופר מ",מיליליטרים,1000.00,"100 מ""ל",false,1,16.90,1.6900,true,1,120673
7290012117916,false,אינסטלטור נוזלי סנו,,,סנו אינסטלטור נוזלי,ליטרים,1.00,ליטר,false,1,26.90,26.9000,true,1,120692
7290012119392,true,"סלומון מעושן פרוס ""פ",,,"סלומון מעושן פרוס ""פ",פריט,0.00,פריט,false,,32.99,0.0000,true,1,120698
7290012159039,false,פטריות אורניה 440 גר,דליאן,,פטריות אורניה 440 גר,גרמים,440.00,100 גרם,false,1,9.90,2.2500,true,1,180261
7290012159060,false,פטריות נמקו 440 גר,דליאן,,פטריות נמקו 440 גר,גרמים,440.00,100 גרם,false,1,9.90,2.2500,true,1,180262
7290012159077,false,פטריות צדפה 440 גר,דליאן,,פטריות צדפה 440 גר,גרמים,440.00,100 גרם,false,1,9.90,2.2500,true,1,180260
7290012159275,false,מיונז לינה 430 גר,,,מיונז לינה 430 גר,גרמים,430.00,100 גרם,false,1,7.90,1.8372,true,1,184634
7290012159770,false,קפיר דן 500 מל,,,קפיר דן 0.5 ליטר,מיליליטרים,500.00,"100 מ""ל",false,1,8.90,1.7800,true,1,120727
7290012159787,false,קפיר דן 1 ל,,,קפיר דן 1 ליטר,ליטרים,1.00,ליטר,false,1,14.90,14.9000,true,1,120728
7290012159794,false,ריזנקה דן 1 ל,,,"ריאז""נקה דן 1 ליטר",ליטרים,1.00,ליטר,false,1,14.90,14.9000,true,1,120729
7290012159886,false,תחליף גבינה מותכת דר,,,תחליף גבינה מותכת דרוזבה 100 גר,גרמים,100.00,100 גרם,false,1,4.00,4.0000,true,1,120732
7290012159893,false,תחליף גבינה מותכת דר,,,תחליף גבינה מותכת דרוזבה פטריות 100 גר,גרמים,100.00,100 גרם,false,1,4.00,4.0000,true,1,120733
7290012159916,false,תחליף גבינה מותכת ינ,,,תחליף גבינה מותכת ינטאר סלמון 100 גר,גרמים,100.00,100 גרם,false,1,4.00,4.0000,true,1,120735
7290012173080,true,תבלין ראס אלחנות 110,,,תבלין ראס אלחנות 110,פריט,0.00,פריט,false,,8.90,0.0000,true,1,120743
7290012173141,false,מיקס חמוציות פקאן 17,,,מיקס חמוציות פקאן 170 גר,גרמים,170.00,100 גרם,false,1,10.90,6.4118,true,1,120745
7290012173189,false,אגוז פקאן 150 גר,,,אגוז פקאן 150 גר,גרמים,150.00,100 גרם,false,1,22.90,15.2667,true,1,136685
7290012173257,false,צימוק כהה 350 גר,,,צימוק כהה 350גר,גרמים,350.00,100 גרם,false,1,12.90,3.6857,true,1,163390
7290012173264,false,משמש 350 גר,,,משמש 350גר,גרמים,350.00,100 גרם,false,1,12.90,3.6857,true,1,163392
7290012173271,false,שקד טבעי 350 גר,,,שקד טבעי 350 גר,גרמים,350.00,100 גרם,false,1,28.90,8.2571,true,1,199483
7290012173615,false,פקאן סיני 150 גר,,,פקאן סיני 150 גר,גרמים,150.00,100 גרם,false,1,14.90,9.9333,true,1,133251
7290012173820,false,אגוז פיסטוק 150 גר,,,אגוז פיסטוק 150 גר,גרמים,150.00,100 גרם,false,1,14.90,9.9333,true,1,160480
7290012173837,false,אגוז קשיו קלוי 170 ג,,,אגוז קשיו קלוי 170 גר,גרמים,170.00,100 גרם,false,1,14.90,8.7647,true,1,160479
7290012173882,false,גרעיני חמניות 350 גר,,,גרעיני חמניות 350 גר,גרמים,350.00,100 גרם,false,1,10.90,3.1143,true,1,162353
7290012173912,false,חמוציות 300 גר,,,חמוציות 300גר,גרמים,300.00,100 גרם,false,1,12.90,4.3000,true,1,163388
7290012173998,false,צימוק בהיר 350 גר,,,צימוק בהיר 350גר,גרמים,350.00,100 גרם,false,1,12.90,3.6857,true,1,163391
7290012193125,false,ממתיק סוכרלוז מרמולי,קיפל,,"סוכרלוז ""מרמולייט"" 1",Unknown,0.00,Unknown,false,1,26.90,0.0000,true,1,120754
7290012193163,false,אל סבון פמילי פרחי ב,אינטרקוסמא,,"אל סבון ""פמילי"" פרחי בר ורוד + משאבה 1ל",מיליליטרים,1000.00,"100 מ""ל",false,1,11.90,1.1900,true,1,133540
7290012193279,true,"פופקורן ""פופסטאר"" מי",,,"פופקורן ""פופסטאר"" מי",פריט,0.00,פריט,false,,18.99,0.0000,true,1,120755
7290012193422,true,"ג""ל לאסלה ""טואלט דאק",,,"ג""ל לאסלה ""טואלט דאק",פריט,0.00,פריט,false,,14.99,0.0000,true,1,120762
7290012193835,true,"סכין גילוח ""שיק"" טיט",,,"סכין גילוח ""שיק"" טיט",פריט,0.00,פריט,false,,29.90,0.0000,true,1,120763
7290012226014,false,נקניקיות וינר 800 גר,נקניק נהריה כשר זוגל,,נקניקיות וינר 800 גר,גרמים,800.00,100 גרם,false,1,23.90,2.9875,true,1,120765
7290012226342,false,נקניקיה מן הצומח עשי,זוגלובק,,נקניקיה מן הצומח עשירה בחלבון 460 גר,גרמים,460.00,100 גרם,false,1,25.90,5.6304,true,1,197502
7290012226779,false,שניצל ירוק זוגלובק ל,זוגלובק,,שניצל ירוק זוגלובק ללא גלוטן 480 גר,גרמים,480.00,100 גרם,false,1,25.90,5.3958,true,1,197499
7290012226991,false,נקניקיות גמבו זוגלוב,נקניק נהריה כשר זוגל,,"נקניקיות ג""מבו 1.5 ק",קילוגרמים,1.50,"ק""ג",false,1,26.90,17.9333,true,1,120781
7290012227172,false,מארז פםטרמה כפרית 30,נקניק נהריה כשר זוגל,,מארז פםטרמה כפרית 300גר + חרמון 300 גר,גרמים,600.00,100 גרם,false,1,26.90,4.4833,true,1,133606
7290012227400,false,נקניקיות עוף 800 גר,נקניק נהריה כשר זוגל,,נקניקיות עוף 800 גר,גרמים,800.00,100 גרם,false,1,23.90,2.9875,true,1,137768
7290012227677,false,סלמי תה מעושן 140 גר,זוגלובק,,סלמי תה מעושן 140 גר,גרמים,140.00,100 גרם,false,1,9.90,7.0714,true,1,183000
7290012228124,false,קבנוס סטיקס זוגלובק,,,קבנוס סטיקס זוגלובק 50 גר,גרמים,50.00,100 גרם,false,1,10.90,21.8000,true,1,196446
7290012228247,false,טכססבורגר זוגלובק 1.,זוגלובק,,"טכססבורגר זוגלובק 1.4 ק""ג",קילוגרמים,1.40,"ק""ג",false,1,49.90,35.6429,true,1,206832
7290012228261,false,נקניקיות הודו פרמיום,,,נקניקיות הודו פרמיום קנקרס 300 גר,גרמים,300.00,100 גרם,false,1,20.90,6.9667,true,1,202913
7290012228278,false,נקניקיות בוקוורסט הו,,,נקניקיות בוקוורסט הודו 300 גר,גרמים,300.00,100 גרם,false,1,20.90,6.9667,true,1,202914
7290012228728,false,קבנוסטיקס בטעם מקסיק,,,קבנוסטיקס בטעם מקסיקני 50 גר,גרמים,50.00,100 גרם,false,1,10.90,21.8000,true,1,207863
7290012228919,false,קציצת מגדרה גלילית ז,זוגלובק,,קציצת מגדרה גלילית זוגלובק 450 גר,גרמים,450.00,100 גרם,false,12,25.90,5.7556,true,1,216727
7290012251146,false,מיני סרוולט קופצסקי,ישרקו שיווק מותגי מז,,מיני סרוולט קופציסקי 280 גר,גרמים,280.00,100 גרם,false,1,31.90,11.3929,true,1,164631
7290012251177,false,מיני סרוולט איטלקי 4,ישרקו שיווק מותגי מז,,מיני סרוולט איטלקי 400גר,גרמים,400.00,100 גרם,false,1,49.90,12.4750,true,1,164629
7290012251474,false,שרימפס מקולף 26-30 5,,,שרימפס מקולף 26/30 500גר,גרמים,500.00,100 גרם,false,1,45.90,9.1800,true,1,160697
7290012251481,false,שרימפס מקולף 31-40 5,,,שרימפס מקולף 31/40 500גר,גרמים,500.00,100 גרם,false,1,39.90,7.9800,true,1,160703
7290012251498,false,שרימפס מקולף 41-50 5,,,שרימפס מקולף 41/50 500גר,גרמים,500.00,100 גרם,false,1,39.90,7.9800,true,1,160699
7290012306013,true,תה ירוק עם יסמין 100,,,תה ירוק עם יסמין 100,פריט,0.00,פריט,false,,13.99,0.0000,true,1,120802
7290012306020,true,תה ירוק עם יסמין 100,,,תה ירוק עם יסמין 100,פריט,0.00,פריט,false,,13.90,0.0000,true,1,120803
7290012306068,true,"תה שחור מעיין ""אופה""",,,"תה שחור מעיין ""אופה""",פריט,0.00,פריט,false,,13.99,0.0000,true,1,120804
7290012306099,true,תה מעיין שחור 500 גר,,,תה מעיין שחור 500 גר,פריט,0.00,פריט,false,,24.99,0.0000,true,1,120805
7290012306129,true,"תה ירוק סיני 250 גר""",,,"תה ירוק סיני 250 גר""",פריט,0.00,פריט,false,,11.99,0.0000,true,1,120806
7290012306136,true,"תה ירוק סיני 500 גר""",,,"תה ירוק סיני 500 גר""",פריט,0.00,פריט,false,,24.99,0.0000,true,1,120807
7290012306143,true,"תה ירוק סיני 125 גר""",,,"תה ירוק סיני 125 גר""",פריט,0.00,פריט,false,,6.99,0.0000,true,1,120808
7290012306501,false,פריכיות כוסמת 150 גר,כל בו מכבי,,פריכיות כוסמת 150גר,גרמים,150.00,100 גרם,false,1,13.90,9.2667,true,1,161814
7290012306532,false,פריכיות כוסמת עם מלח,כל בו מכבי,,פריכיות כוסמת עם מלח 150גר,גרמים,150.00,100 גרם,false,1,13.90,9.2667,true,1,164414
7290012309939,false,חלווה מסולסלת ששון ה,,,חלווה מסולסלת ששון הקולה 500 גר,גרמים,500.00,100 גרם,false,1,14.90,2.9800,true,1,203295
7290012313073,false,מיקס זיתים מגולענים,,,מיקס זיתים מגולענים 560 גר,גרמים,560.00,100 גרם,false,1,10.90,1.9464,true,1,227555
7290012313394,false,מלפפון קוביות במלח 5,,,מלפפון קוביות במלח 560 גר,גרמים,560.00,100 גרם,false,1,4.90,0.8750,true,1,225401
7290012313554,false,עלי גפן ממולאים יבנה,,,עלי גפן ממולאים יבנה 400 גר,גרמים,400.00,100 גרם,false,1,7.90,1.9750,true,1,200980
7290012362026,false,עוגות בזה 500 גר,קונסטנטין שיווק מוצר,,עוגות בזה,גרמים,500.00,100 גרם,false,1,44.90,8.9800,true,1,120864
7290012362033,false,עוגיות קוברינסקי סוג,קונסטנטין שיווק מוצר,,עוגיות טעמים שונים,גרמים,450.00,100 גרם,false,1,26.90,5.9778,true,1,120865
7290012362064,false,עוגות קוברינסקי עגול,קונסטנטין שיווק מוצר,,עוגות קוברינסקי עגולות 900גר,גרמים,900.00,100 גרם,false,1,89.90,9.9889,true,1,163020
7290012362088,false,עוגיות פרופיטרול 500,,,עוגיות פרופיטרול 500 גר,גרמים,500.00,100 גרם,false,1,44.90,8.9800,true,1,203209
7290012404238,false,שוופס רוסציאן 1.5 ל,"יפאורה תבורי בע""מ",,"שוופס ""רוסצ""יאן"" 1.5",ליטרים,1.50,ליטר,false,1,12.90,8.6000,true,1,120878
7290012404955,false,נקטר חמוציות ספרינג,"יפאורה תבורי בע""מ",,נקטר ספרינג קולקשן,מיליליטרים,1250.00,"100 מ""ל",false,1,12.90,1.0320,true,1,120892
7290012404993,false,נקטר חמוציות דייט ספ,"יפאורה תבורי בע""מ",,נקטר ספרינג קולקשן,מיליליטרים,1250.00,"100 מ""ל",false,1,12.90,1.0320,true,1,120895
7290012576607,false,יין פרימייר קברנה סו,,,יין פרימייר קברנה סוביניון ומלבק 750מל,מיליליטרים,750.00,"100 מ""ל",false,1,27.90,3.7200,true,1,160887
7290012576614,false,יין פרימייר ריזלינג,,,יין פרימייר ריזלינג קולומברד 750מל,מיליליטרים,750.00,"100 מ""ל",false,1,27.90,3.7200,true,1,160888
7290012588242,false,מים מינרליים כדורגל,,,"מים מינרליים כדורגל 500 מ""ל שישייה",מיליליטרים,3000.00,"100 מ""ל",false,1,14.90,0.4967,true,1,197893
7290012602627,false,דבש יערה 500 גר,,,"דבש יערה 500 גר""",גרמים,500.00,100 גרם,false,1,31.90,6.3800,true,1,165612
7290012645075,false,יוגורט כבשים יווני 3,,,יוגורט כבשים יווני 350 גר,גרמים,350.00,100 גרם,false,8,11.90,3.4000,true,1,220065
7290012645112,false,יוגורט עיזים דלי 750,,,יוגורט עיזים דלי 750 גרם,גרמים,750.00,100 גרם,false,1,17.90,2.3867,true,1,197511
7290012645129,false,יוגורט כבשים דלי 750,,,יוגורט כבשים דלי 750 גרם,גרמים,750.00,100 גרם,false,1,17.90,2.3867,true,1,197510
7290012645297,false,יוגורט עיזים חלב האר,שטראוס,,יוגורט עיזים חלב הארץ בטעם טבעי 150 גר,גרמים,150.00,100 גרם,false,1,5.20,3.4667,true,1,188276
7290012697081,false,סוכרזית מהטבע סטיווי,"סוכרזית בע""מ",,סוכרזית מהטבע סטיוויה 100 שק,Unknown,0.00,Unknown,false,1,29.90,0.0000,true,1,134072
7290012697272,true,"משקה בוקר ""דנונה"" בט",,,"משקה בוקר ""דנונה"" בט",פריט,0.00,פריט,false,,5.00,0.0000,true,1,133531
7290012697388,false,סוכרזית סטיוויה 100,"סוכרזית בע""מ",,"סוכרזית ""סטיוויה ""אבקה",יחידה,1.00,יחידה,false,1,29.90,29.9000,true,1,132629
7290012732027,true,רביעיית נתחי טונה בש,,,רביעיית נתחי טונה בש,פריט,0.00,פריט,false,,19.90,0.0000,true,1,121038
7290012732072,true,חציל קלוי על האש 320,,,חציל קלוי על האש 320,פריט,0.00,פריט,false,,8.90,0.0000,true,1,121041
7290012732102,true,"מנה חמה ""נודלס"" בטעם",,,"מנה חמה ""נודלס"" בטעם",פריט,0.00,פריט,false,,4.99,0.0000,true,1,121042
7290012732119,true,"מנה חמה ""נודלס"" בטעם",,,"מנה חמה ""נודלס"" בטעם",פריט,0.00,פריט,false,,4.90,0.0000,true,1,121043
7290012732126,true,"מנה חמה ""נודלס"" בטעם",,,"מנה חמה ""נודלס"" בטעם",פריט,0.00,פריט,false,,4.99,0.0000,true,1,121044
7290012732133,true,"מנה חמה ""נודלס"" בטעם",,,"מנה חמה ""נודלס"" בטעם",פריט,0.00,פריט,false,,4.99,0.0000,true,1,121045
7290012732140,true,"מנה חמה ""נודלס"" בטעם",,,"מנה חמה ""נודלס"" בטעם",פריט,0.00,פריט,false,,4.90,0.0000,true,1,121046
7290012732171,true,גרעיני תירס שלישייה,,,גרעיני תירס שלישייה,פריט,0.00,פריט,false,,8.90,0.0000,true,1,121047
7290012732287,true,מלפפון קורנישון 1.4,,,מלפפון קורנישון 1.4,פריט,0.00,פריט,false,,19.90,0.0000,true,1,121049
7290012732300,true,ירקות כבושים מעורבים,,,ירקות כבושים מעורבים,פריט,0.00,פריט,false,,21.90,0.0000,true,1,121050
7290012732317,true,"עלי גפן מלח 1.7 ק""""ג",,,"עלי גפן מלח 1.7 ק""""ג",פריט,0.00,פריט,false,,21.90,0.0000,true,1,121051
7290012732324,true,"פלפלים כבושים 1.7 ק""",,,"פלפלים כבושים 1.7 ק""",פריט,0.00,פריט,false,,21.90,0.0000,true,1,121052
7290012732348,true,אנטיפסטי ירקות מעורב,,,אנטיפסטי ירקות מעורב,פריט,0.00,פריט,false,,16.99,0.0000,true,1,121053
7290012732355,true,פלפל דובדבן 280 גרם,,,פלפל דובדבן 280 גרם,פריט,0.00,פריט,false,,16.99,0.0000,true,1,121054
7290012732362,true,"ממרח זיתים ירוקים ""ט",,,"ממרח זיתים ירוקים ""ט",פריט,0.00,פריט,false,,16.99,0.0000,true,1,121055
7290012732379,true,"ממרח זיתים מעורבים """,,,"ממרח זיתים מעורבים """,פריט,0.00,פריט,false,,16.99,0.0000,true,1,121056
7290012732393,true,עגבניות מיובשות בשמן,,,עגבניות מיובשות בשמן,פריט,0.00,פריט,false,,16.99,0.0000,true,1,121058
7290012732447,true,קוקטייל פירות טרופי,,,קוקטייל פירות טרופי,פריט,0.00,פריט,false,,4.99,0.0000,true,1,121059
7290012732478,true,"פרי חטיף תפו""ע מיובש",,,"פרי חטיף תפו""ע מיובש",פריט,0.00,פריט,false,,3.99,0.0000,true,1,121060
7290012732485,true,פרי חטיף אננס מיובש,,,פרי חטיף אננס מיובש,פריט,0.00,פריט,false,,5.99,0.0000,true,1,121061
7290012732768,true,עגבניות אורגניות קוב,,,עגבניות אורגניות קוב,פריט,0.00,פריט,false,,4.90,0.0000,true,1,134253
7290012732874,true,פסטה ספגטי 500 גר,,,פסטה ספגטי 500 גר,פריט,0.00,פריט,false,,4.00,0.0000,true,1,137459
7290012732881,true,"פסטה אטריות וורמיצ""ל",,,"פסטה אטריות וורמיצ""ל",פריט,0.00,פריט,false,,4.00,0.0000,true,1,137462
7290012803161,true,גלילי וופל במילוי שכ,,,גלילי וופל במילוי שכ,פריט,0.00,פריט,false,,14.99,0.0000,true,1,121069
7290012803185,true,"עוגיות ""מואי"" מלבניו",,,"עוגיות ""מואי"" מלבניו",פריט,0.00,פריט,false,,14.99,0.0000,true,1,121071
7290012803215,false,טוסו וופל בלגי בטעם,גילרו,,טוסו וופל בלגי בטעם שוקולד 200 גר,גרמים,200.00,100 גרם,false,1,9.90,4.9500,true,1,135801
7290012803222,false,טוסו וופל בלגי בטעם,גילרו,,טוסו וופל בלגי בטעם לימון 200 גר,גרמים,200.00,100 גרם,false,1,9.90,4.9500,true,1,135802
7290012803338,true,טואלט דאק 750 זוג אק,,,טואלט דאק 750 זוג אק,פריט,0.00,פריט,false,,24.99,0.0000,true,1,121073
7290012803352,false,רייד קוטל מעפפים ארו,SC Jonson,,"ארוסול ""רייד"" קוטל מ",מיליליטרים,300.00,"100 מ""ל",false,1,15.90,5.3000,true,1,121074
7290012803482,true,טואלט דאק 750 זוג לי,,,טואלט דאק 750 זוג לי,פריט,0.00,פריט,false,,24.99,0.0000,true,1,121077
7290012803512,true,מלבניות חמאה דקיקיות,,,מלבניות חמאה דקיקיות,פריט,0.00,פריט,false,,14.99,0.0000,true,1,121078
7290012803680,true,מלבניות חמאה דקיקיות,,,מלבניות חמאה דקיקיות,פריט,0.00,פריט,false,,14.99,0.0000,true,1,121086
7290012803710,true,"עוגיות ""מואי"" פריכות",,,"עוגיות ""מואי"" פריכות",פריט,0.00,פריט,false,,17.99,0.0000,true,1,121088
7290012803772,false,טוסו שוקולד חלב 100,ALTINMARKA,,טוסו שוקולד חלב 100 גר,גרמים,100.00,100 גרם,false,1,10.90,10.9000,true,1,135798
7290012803789,false,טוסו שוקולד מריר עם,ALTINMARKA,,טוסו שוקולד מריר עם אגוזים 100 גר,גרמים,100.00,100 גרם,false,1,10.90,10.9000,true,1,193770
7290012803871,true,"עוגיות ""מואי"" בטעם ת",,,"עוגיות ""מואי"" בטעם ת",פריט,0.00,פריט,false,,17.90,0.0000,true,1,121090
7290012803888,true,"עוגיות ""מואי"" גנאש ע",,,"עוגיות ""מואי"" גנאש ע",פריט,0.00,פריט,false,,17.90,0.0000,true,1,121091
7290012803895,true,"עוגיות ""מואי"" גנאש פ",,,"עוגיות ""מואי"" גנאש פ",פריט,0.00,פריט,false,,17.90,0.0000,true,1,121092
7290012823237,false,תחליב רחצה קרמה בריז,,,תחליב רחצה קרמה תה ירוק 750מל,מיליליטרים,700.00,"100 מ""ל",false,1,16.90,2.4143,true,1,162542
7290012887017,false,עוגת שמרים 390 גר,,,עוגת שמרים 390 גר,גרמים,390.00,100 גרם,false,1,19.90,5.1026,true,1,121143
7290012887031,false,עוגיות מזורקה באריזה,,,עוגיות מזורקה באריזה,גרמים,270.00,100 גרם,false,1,24.90,9.2222,true,1,211675
7290012899591,false,מלפפון אלפא 7-9 670,,,"מלפפון ""אלפא"" 7-9 670גר",גרמים,670.00,100 גרם,false,1,7.90,1.1791,true,1,133304
7290012899607,false,מלפפון אלפא 10-12 67,,IL,"מלפפון ""אלפא"" 10.-12 670גר",גרמים,670.00,100 גרם,false,12,7.90,1.1791,true,1,133305
7290012911088,false,רוטב סויה בהירה 500,,,רוטב סויה בהירה 500 מל,מיליליטרים,500.00,"100 מ""ל",false,6,15.90,3.1800,true,1,212073
7290012911156,false,רוטב טריאקי שומשום 3,קיי.אר.אס.ספייסי פוד,,רוטב טריאקי שומשום 300 מל,מיליליטרים,300.00,"100 מ""ל",false,6,14.90,4.9667,true,1,184072
7290012911422,false,ממרח קארי אדום 400 ג,,,ממרח קארי אדום 400 גר,גרמים,400.00,100 גרם,false,6,19.90,4.9750,true,1,193317
7290012911583,false,רצועות דלעת כבושה קנ,,,רצועות דלעת כבושה קנפיו 100 גר,גרמים,100.00,100 גרם,false,50,13.90,13.9000,true,1,200995
7290012911729,false,גינגיר לסושי 250 גר,,,גינגיר לסושי 250 גר,גרמים,250.00,100 גרם,false,6,9.90,3.9600,true,1,160665
7290012911941,false,רוטב צילי מתוק ללא ס,,,רוטב צילי מתוק ללא סוכר 700 מל,מיליליטרים,700.00,"100 מ""ל",false,6,20.90,2.9857,true,1,199061
7290012921025,false,בירת אייל בהירה מלכה,,,"בירה ""מלכה"" בהירה 330 מ""ל",מיליליטרים,330.00,"100 מ""ל",false,1,13.90,4.2121,true,1,121160
7290012921032,false,בירת אייל אדמונית 5.,,,"בירה ""מלכה"" אדמונית",מיליליטרים,330.00,"100 מ""ל",false,1,13.90,4.2121,true,1,121161
7290012938580,false,משחת שיניים סנסודיין,,,משחת שיניים סנסודיין הלבנה עדינה 75 מל,מיליליטרים,75.00,"100 מ""ל",false,1,20.90,27.8667,true,1,190561
7290012938597,false,משחת שיניים סנסודיין,,,משחת שיניים סנסודיין רפיד רליף 75 מל,מיליליטרים,75.00,"100 מ""ל",false,1,22.90,30.5333,true,1,204183
7290012938740,false,משחת שיניים סנסודיין,,,משחת שיניים סנסודיין פרש מינט 75 מל,מיליליטרים,75.00,"100 מ""ל",false,1,20.90,27.8667,true,1,204182
7290012956041,false,ערק קעואר 45% ירוק 7,,,"ערק ""קעוואר"" ירוק 0.",מיליליטרים,750.00,"100 מ""ל",false,12,89.90,11.9867,true,1,121176
7290012956850,false,יין אדום יבש גלילי 7,,,יין אדום יבש גלילי 750 מל,מיליליטרים,750.00,"100 מ""ל",false,1,39.90,5.3200,true,1,221257
7290012962493,false,אטב איטלקי מחוזק הוס,הוסטס,,אטב איטלקי מחוזק הוסטס 36יח,יחידה,1.00,יחידה,false,1,16.90,16.9000,true,1,161806
7290012962974,false,כפיות הוסטס עבה במיו,F.P.S,,כפיות הוסטס עבה במיוחד 50 יח,Unknown,0.00,Unknown,false,1,8.90,0.0000,true,1,182458
7290012969867,false,שקיות צליה 10 יח,,,שקיות צליה 10 יח,Unknown,0.00,Unknown,false,1,4.90,0.0000,true,1,204374
7290012996610,false,טבליות לניקוי אסלה 1,בודיך,,טבליות לניקוי אסלה 14 יח,גרמים,400.00,100 גרם,false,1,14.90,3.7250,true,1,190859
7290012996672,false,סבון אסלה כחול צלול,רלוי,,סבון אסלה כחול צלול 55 גר זוג,גרמים,110.00,100 גרם,false,1,9.90,9.0000,true,1,190847
7290013009180,true,ערק מברוקה אשכולית א,,,ערק מברוקה אשכולית א,מיליליטרים,700.00,"100 מ""ל",false,,89.99,12.8557,true,1,136343
7290013018151,true,יוגורט פירות יער 500,,,יוגורט פירות יער 500,מיליליטרים,500.00,"100 מ""ל",false,,9.99,1.9980,true,1,133526
7290013038043,true,סיידר תפוח רימון 1.5,,,סיידר תפוח רימון 1.5,פריט,0.00,פריט,false,,7.99,0.0000,true,1,121215
7290013038432,false,אקווה נובה 2 ל,,,אקווה נובה 2 ליטר,מיליליטרים,2000.00,"100 מ""ל",false,1,3.90,0.1950,true,1,121222
7290013080226,true,"חטיף ""באגסי"" בטעם חר",,,"חטיף ""באגסי"" בטעם חר",פריט,0.00,פריט,false,,5.99,0.0000,true,1,121225
7290013107039,false,ממרח בטעם כבד עם פטר,,,ממרח בטעם כבד עם פטריות 130 גר,גרמים,130.00,100 גרם,false,1,6.90,5.3077,true,1,229413
7290013117212,false,בורקס פילוי גבינה מע,,,בורקס פילוי במילוי ג,גרמים,600.00,100 גרם,false,1,19.90,3.3167,true,1,121256
7290013117229,false,בורקס פילוי עם תפוא,,,בורקס פילוי במילוי ת,גרמים,600.00,100 גרם,false,1,19.90,3.3167,true,1,121257
7290013117236,false,בורקס פילו פיצה 600,,,בורקס פילו פיצה 600,גרמים,600.00,100 גרם,false,1,19.90,3.3167,true,1,121258
7290013117243,false,בורקס פילו בולגרית 6,,,בורקס פילו בולגרית 6,גרמים,600.00,100 גרם,false,1,19.90,3.3167,true,1,121259
7290013117410,false,בצק פריך מתוק 900 גר,,,בצק פריך מתוק 900 גר,גרמים,900.00,100 גרם,false,1,19.90,2.2111,true,1,121262
7290013117427,false,בצק פריך מלוח 900 גר,,,בצק פריך מלוח 900 גר,גרמים,900.00,100 גרם,false,1,19.90,2.2111,true,1,121263
7290013117526,false,בצק שמרים למאפים מתו,,,בצק שמרים למאפים מתוקים 900 גר,גרמים,900.00,100 גרם,false,1,19.90,2.2111,true,1,121268
7290013136008,true,כרוב במלח 500 גרם,,,כרוב במלח 500 גרם,גרמים,500.00,100 גרם,false,,14.90,2.9800,true,1,121282
7290013136022,true,"טחינה 200 גר""",,,"טחינה 200 גר""",פריט,0.00,פריט,false,,7.99,0.0000,true,1,121284
7290013136046,true,כרוב כבוש עם חמוציות,,,כרוב כבוש עם חמוציות,גרמים,500.00,100 גרם,false,,14.99,2.9980,true,1,121285
7290013136060,true,כרוב מקסיקו 700 גר,,,כרוב מקסיקו 700 גר,גרמים,700.00,100 גרם,false,,19.90,2.8429,true,1,136314
7290013136084,true,כרוב במלח עם תפוח עץ,,,כרוב במלח עם תפוח עץ,גרמים,500.00,100 גרם,false,,14.99,2.9980,true,1,121287
7290013136145,true,סלט קרוב מוקפץ 400 ג,,,סלט קרוב מוקפץ 400 ג,גרמים,400.00,100 גרם,false,,14.90,3.7250,true,1,121289
7290013136381,true,פיטריות שמפיניון/יער,,,פיטריות שמפיניון/יער,פריט,0.00,פריט,false,,15.99,0.0000,true,1,121297
7290013136763,true,מלפפון בלאדי 500גר,,,מלפפון בלאדי 500גר,גרמים,500.00,100 גרם,false,,19.90,3.9800,true,1,162431
7290013136831,true,"סלט מיראדס 0.4ק""ג",,,"סלט מיראדס 0.4ק""ג",גרמים,450.00,100 גרם,false,,12.90,2.8667,true,1,121304
7290013136862,true,"סטה 0.4 ק""ג",,,"סטה 0.4 ק""ג",גרמים,500.00,100 גרם,false,,12.90,2.5800,true,1,121305
7290013136909,true,"פיקנטי 0.4 ק""ג",,,"פיקנטי 0.4 ק""ג",פריט,0.00,פריט,false,,10.99,0.0000,true,1,121306
7290013136947,true,"תאילנדי 0.4 ק""ג",,,"תאילנדי 0.4 ק""ג",גרמים,500.00,100 גרם,false,,12.90,2.5800,true,1,121307
7290013137142,true,כרוב כבוש 450 גרם,,,כרוב כבוש 450 גרם,פריט,0.00,פריט,false,,9.99,0.0000,true,1,121310
7290013137180,true,"כרוב מוקפץ 1 ק""ג",,,"כרוב מוקפץ 1 ק""ג",פריט,0.00,פריט,false,,23.99,0.0000,true,1,121311
7290013137258,true,סלט כרוב מוקפץ עם פט,,,סלט כרוב מוקפץ עם פט,פריט,0.00,פריט,false,,24.99,0.0000,true,1,121312
7290013137265,true,"סלט ""סטייק חציל באדז",,,"סלט ""סטייק חציל באדז",גרמים,400.00,100 גרם,false,,14.90,3.7250,true,1,121313
7290013137425,true,"ממרח פטריות 0.30 ק""ג",,,"ממרח פטריות 0.30 ק""ג",פריט,0.00,פריט,false,,14.99,0.0000,true,1,121314
7290013137463,true,סלט סטייק חציל עם שו,,,סלט סטייק חציל עם שו,גרמים,400.00,100 גרם,false,,14.90,3.7250,true,1,121315
7290013137494,true,סלט סטייק חציל עם מי,,,סלט סטייק חציל עם מי,פריט,0.00,פריט,false,,16.99,0.0000,true,1,121316
7290013137500,true,סלט פלפלים חריפים בר,,,סלט פלפלים חריפים בר,פריט,0.00,פריט,false,,12.99,0.0000,true,1,121317
7290013137555,true,סלט כרוב מוקפץ עם פט,,,סלט כרוב מוקפץ עם פט,גרמים,400.00,100 גרם,false,,14.90,3.7250,true,1,121319
7290013137630,true,"סלט כפרי 450 גר""",,,"סלט כפרי 450 גר""",פריט,0.00,פריט,false,,10.99,0.0000,true,1,121325
7290013159137,true,"סטייק סלומון 1 ק""ג",,,"סטייק סלומון 1 ק""ג",פריט,0.00,פריט,false,,49.99,0.0000,true,1,121345
7290013159373,true,שרימפס מקולף ללא זנב,,,שרימפס מקולף ללא זנב,פריט,0.00,פריט,false,,64.99,0.0000,true,1,121351
7290013159380,true,שרימפס 41-50 מאודה ב,,,שרימפס 41-50 מאודה ב,פריט,0.00,פריט,false,,69.99,0.0000,true,1,121352
7290013159434,true,שרימפס ים גמבו 16-20,,,שרימפס ים גמבו 16-20,פריט,0.00,פריט,false,,129.90,0.0000,true,1,121354
7290013159618,true,בייבי שרימפס 500 גר,,,בייבי שרימפס 500 גר,פריט,0.00,פריט,false,,23.90,0.0000,true,1,134952
7290013159700,true,"שרימפס ים ג""מבו 16/2",,,"שרימפס ים ג""מבו 16/2",פריט,0.00,פריט,false,,114.90,0.0000,true,1,137304
7290013159953,true,ראשי דיונונים מבושלי,,,ראשי דיונונים מבושלי,פריט,0.00,פריט,false,,41.90,0.0000,true,1,158040
7290013159960,true,שרימפס ים גמבו 16-20,,,שרימפס ים גמבו 16-20,,0.00,,false,,129.90,0.0000,true,1,161286
7290013187215,false,פילה סלמון מנות קפוא,,,פילה סלמון מנות קפוא 800 גר,גרמים,800.00,100 גרם,false,,89.90,11.2375,true,1,222216
7290013220042,false,מיקס פירות טרופיים 5,,,מיקס פירות טרופיים 500גר,גרמים,500.00,100 גרם,false,1,24.90,4.9800,true,1,139690
7290013220103,false,דובדבן 500 גר,,,דובדבן 500 גר,גרמים,500.00,100 גרם,false,1,19.90,3.9800,true,1,139685
7290013220127,false,דומדמניות שחורות 500,,,דומדמניות שחורות 500 גר,גרמים,500.00,100 גרם,false,1,19.90,3.9800,true,1,139687
7290013220134,false,מיקס פירות שדה 500 ג,,,מיקס פירות שדה 500 גר,גרמים,500.00,100 גרם,false,1,19.90,3.9800,true,1,139688
7290013220318,false,חמוציות גן 400 גר,,,חמוציות גן 400 גר,גרמים,400.00,100 גרם,false,1,24.90,6.2250,true,1,139680
7290013220349,false,דומדמניות אדומות 500,,,דומדמניות אדומות 500 גר,גרמים,500.00,100 גרם,false,1,19.90,3.9800,true,1,139686
7290013220400,false,מיקס פירות יער 500 ג,,,מיקס פירות יער 500 גר,גרמים,500.00,100 גרם,false,1,24.90,4.9800,true,1,139689
7290013220486,false,תות עץ 400 גר,,,תות עץ 400 גר,גרמים,400.00,100 גרם,false,1,29.90,7.4750,true,1,225783
7290013267023,true,"עוגת גלידה ""קרמיסימו",,,"עוגת גלידה ""קרמיסימו",פריט,0.00,פריט,false,,22.99,0.0000,true,1,121373
7290013267061,true,"גלידת ""קרמיסימו"" שוק",,,"גלידת ""קרמיסימו"" שוק",פריט,0.00,פריט,false,,22.99,0.0000,true,1,121377
7290013267092,true,מאגדת אייס C,,,מאגדת אייס C,פריט,0.00,פריט,false,,21.99,0.0000,true,1,121380
7290013267108,true,מאגדת מיקס קידס,,,מאגדת מיקס קידס,פריט,0.00,פריט,false,,29.99,0.0000,true,1,121381
7290013267122,true,מאגדת מיני מדנום פרל,,,מאגדת מיני מדנום פרל,פריט,0.00,פריט,false,,34.99,0.0000,true,1,121383
7290013267153,true,"גלידת ""מגנום"" פרליני",,,"גלידת ""מגנום"" פרליני",פריט,0.00,פריט,false,,8.99,0.0000,true,1,121384
7290013267191,true,"גלידת ילדים ""שפיץ"" מ",,,"גלידת ילדים ""שפיץ"" מ",פריט,0.00,פריט,false,,5.99,0.0000,true,1,121385
7290013267207,true,"גלידת ילדים ""יובל המ",,,"גלידת ילדים ""יובל המ",פריט,0.00,פריט,false,,5.99,0.0000,true,1,121386
7290013267245,true,"גלידת ""מגנום"" פרליני",,,"גלידת ""מגנום"" פרליני",פריט,0.00,פריט,false,,8.99,0.0000,true,1,121387
7290013267252,true,"גלידה קורנטו ""אניגמה",,,"גלידה קורנטו ""אניגמה",פריט,0.00,פריט,false,,33.99,0.0000,true,1,121388
7290013267276,true,מאגדת אסקימו פרי יוג,,,מאגדת אסקימו פרי יוג,פריט,0.00,פריט,false,,29.99,0.0000,true,1,121389
7290013267337,true,"גלידת ""אסקימו"" יוגור",,,"גלידת ""אסקימו"" יוגור",פריט,0.00,פריט,false,,5.99,0.0000,true,1,121391
7290013267368,true,מאגדת יובל המבולבל,,,מאגדת יובל המבולבל,פריט,0.00,פריט,false,,31.99,0.0000,true,1,121393
7290013267573,true,"שלגון שרבט ""טוויסטר""",,,"שלגון שרבט ""טוויסטר""",פריט,0.00,פריט,false,,5.99,0.0000,true,1,132753
7290013267597,true,"""טוויסטר"" חמישייה קר",,,"""טוויסטר"" חמישייה קר",פריט,0.00,פריט,false,,29.99,0.0000,true,1,132746
7290013267665,false,מאגדת מיני סולרו טרו,,,מאגדת מיני סולרו טרופי 295 גר,גרמים,295.00,100 גרם,false,1,23.90,8.1017,true,1,134889
7290013267672,true,"שלגון שרבט ""מקס"" הפת",,,"שלגון שרבט ""מקס"" הפת",פריט,0.00,פריט,false,,8.99,0.0000,true,1,132754
7290013268242,false,ריצפז פרש הום מלון מ,,,ריצפז פרש הום מלון מפנק 2 ל,ליטרים,2.00,ליטר,false,8,19.90,9.9500,true,1,210593
7290013268884,false,נוזל לרצפות ריצפז פר,,,"נוזל לניקוי רצפה ""סנ",ליטרים,2.00,ליטר,false,1,17.90,8.9500,true,1,121446
7290013268891,false,גל להסרת כתמים סנו א,,,"סנו ג""ל ""אוקסיג""ן"" 3",ליטרים,3.00,ליטר,false,1,26.90,8.9667,true,1,121447
7290013269263,false,גל כביסה מקסימה קריס,,,"ג""ל כביסה ""מקסימה"" קריסטל 3 ל",מיליליטרים,3000.00,"100 מ""ל",false,1,28.90,0.9633,true,1,121463
7290013269287,false,גל כביסה מקסימה מאסק,,,"ג""ל כביסה ""מקסימה"" מאסק 3 ל",Unknown,0.00,Unknown,false,1,28.90,0.0000,true,1,137078
7290013269300,false,סנו סושי ניילון נצמד,,,"ניילון נצמד + ""סנו סושי"" 150 מ",Unknown,0.00,Unknown,false,1,24.90,0.0000,true,1,137020
7290013269621,false,תרכיז לניקוי רצפות ס,,,תרכיז לניקוי רצפות סנו ריצפז פרש הום 2ל,ליטרים,2.00,ליטר,false,8,19.90,9.9500,true,1,201933
7290013284143,false,מלפפונים פריניר במלח,פריניר,,מלפפונים פריניר במלח 10-12 560 גר,גרמים,560.00,100 גרם,false,1,7.90,1.4107,true,1,190347
7290013284181,false,מלפפונים פריניר בחומ,פריניר,,מלפפונים פריניר בחומץ 10-12 560 גר,גרמים,560.00,100 גרם,false,1,7.90,1.4107,true,1,190348
7290013310378,false,כפפות איזי טאץ כחולו,איזי טאצ',,"כפפות ""איסי טאצ"""" כח",יחידה,80.00,יחידה,false,1,27.90,0.3487,true,1,121480
7290013310439,true,דבק מהיר אמריקאי בבק,,,דבק מהיר אמריקאי בבק,פריט,0.00,פריט,false,,4.90,0.0000,true,1,121484
7290013351998,true,"סטייק ציפס 2ק""ג",,,"סטייק ציפס 2ק""ג",פריט,0.00,פריט,false,,19.99,0.0000,true,1,132637
7290013358356,false,פירורי לחם מנה מוזהב,EinatFood,,"פירורי לחם ""מנה""מוזהבים 350 גר",גרמים,320.00,100 גרם,false,1,6.90,2.1563,true,1,134667
7290013358363,false,פירורי לחם מנה פנקו,Mana,,"פירורי לחם ""מנה"" פנקו מוזהבים 300 גר",גרמים,300.00,100 גרם,false,1,9.90,3.3000,true,1,134668
7290013358370,false,פירורי לחם מנה פנקו,Mana,,"פירורי לחם ""מנה"" פנקו מוזהבים בטם שום",גרמים,300.00,100 גרם,false,1,9.90,3.3000,true,1,134669
7290013358417,false,רוטב טריאקי מאסטר שף,,,רוטב טריאקי מאסטר שף 300מל,מיליליטרים,300.00,"100 מ""ל",false,1,11.90,3.9667,true,1,165659
7290013358431,false,קרוטוני סלט מנה עגבנ,EinatFood,,קרוטונים מנה לסלט עגבניות בזיליקום 200גר,גרמים,200.00,100 גרם,false,1,11.90,5.9500,true,1,163860
7290013358486,false,פרורי לחם מאסטר שף 3,Mana,,פרורי לחם מאסטר שף 300גר,גרמים,300.00,100 גרם,false,1,7.90,2.6333,true,1,161050
7290013358530,false,רוטב צילי מתוק מאסטר,,,רוטב צילי מתוק מאסטר שף 700מל,מיליליטרים,700.00,"100 מ""ל",false,1,12.90,1.8429,true,1,165663
7290013358806,false,פריכיות אורז מנה עם,מנה,,מארז זוג פריכיות אורז מנה עם מלח 264 גר,גרמים,264.00,100 גרם,false,1,11.90,4.5076,true,1,186988
7290013361462,true,אפונה עדינה,,,אפונה עדינה,פריט,0.00,פריט,false,,5.99,0.0000,true,1,121497
7290013361547,true,נתחי טונה בהירה שבמן,,,נתחי טונה בהירה שבמן,פריט,0.00,פריט,false,,3.99,0.0000,true,1,121501
7290013361882,true,זית מנזולינה בינוני,,,זית מנזולינה בינוני,פריט,0.00,פריט,false,,6.99,0.0000,true,1,121505
7290013361929,true,"עוגת פרג ""קפולסקי"" ע",,,"עוגת פרג ""קפולסקי"" ע",פריט,0.00,פריט,false,,29.99,0.0000,true,1,121508
7290013361936,true,"עוגת גבינה ""קפולסקי""",,,"עוגת גבינה ""קפולסקי""",פריט,0.00,פריט,false,,39.99,0.0000,true,1,121509
7290013361943,true,"עוגת וניל ""קפולסקי""",,,"עוגת וניל ""קפולסקי""",פריט,0.00,פריט,false,,29.99,0.0000,true,1,121510
7290013366030,true,מלפפון בייבי,ביכורי שדה דרום 2002,,מלפפון בייבי,Unknown,0.00,Unknown,false,1,9.90,0.0000,true,1,205557
7290013381187,false,אל סבון אלפא 1 ל,אלפא,,אל סבון אלפא 1 ל,ליטרים,1.00,ליטר,false,1,8.90,8.9000,true,1,195111
7290013381194,false,פותח סתימות 220 גר,סטרוכם,,פותח סתימות 220 גרם,גרמים,220.00,100 גרם,false,1,12.90,5.8636,true,1,121518
7290013381491,false,מדליק פחם נוזלי 200,מעבדות קליאו,,מדליק פחם נוזלי 200,מיליליטרים,200.00,"100 מ""ל",false,1,10.90,5.4500,true,1,121536
7290013381699,false,קקאו טופ מותגים 500,בר מן,,"קקאו ""טופ מותגים"" 500 גר",גרמים,500.00,100 גרם,false,1,22.90,4.5800,true,1,157677
7290013381910,false,טורטית מדגנים 8 יח 3,GRAFER,,טורטית מדגנים 8 יח 320 גר,גרמים,320.00,100 גרם,false,1,10.90,3.4063,true,1,157679
7290013389077,false,טורטיית קמח חיטה 6 י,Azteca foods europe,,טורטיית קמח חיטה 6 יח,גרמים,420.00,100 גרם,false,1,6.90,1.6429,true,1,121540
7290013389145,false,מיני ניוקי 500 גר,Ciemme alimentari sr,,"מיני ניוקי 500 גר""",גרמים,500.00,100 גרם,false,1,7.90,1.5800,true,1,121545
7290013389176,false,חומץ בלסמי ממודנה 50,Matildica srl,,"חומץ בלסמי ""ממודנה "" 500 מ""ל",מיליליטרים,500.00,"100 מ""ל",false,1,21.90,4.3800,true,1,132688
7290013389374,false,קמח תירס פולנטה 500,,,"קמח תירס ""פולנטה"" 500 גר",גרמים,500.00,100 גרם,false,1,7.90,1.5800,true,1,137716
7290013389381,false,קמח תירס פולנטה 1 קג,Molino pelia spa,,"קמח תירס ""פולנטה"" 1 קג",קילוגרמים,1.00,"ק""ג",false,1,13.90,13.9000,true,1,137717
7290013389398,false,קמח תירס דק 1 קג,,,"קמח תירס דק 1 ק""ג",קילוגרמים,1.00,"ק""ג",false,1,13.90,13.9000,true,1,191966
7290013411150,false,מלפפון בייבי 1 קג,,,"מלפפון בייבי 1 ק""ג",קילוגרמים,1.00,"ק""ג",false,1,25.90,25.9000,true,1,186950
7290013411204,false,סלט כרוב בולגרי 1 קג,,,"סלט כרוב בולגרי 1 ק""ג",קילוגרמים,1.00,"ק""ג",false,1,24.90,24.9000,true,1,186962
7290013411211,false,עגבניות שרי 1 קג,,,"עגבניות שרי 1 ק""ג",קילוגרמים,1.00,"ק""ג",false,1,25.90,25.9000,true,1,186952
7290013411518,false,גבינה גאודה בקר הולנ,,,גבינה גאודה בקר הולנדית 200 גר,גרמים,200.00,100 גרם,false,1,15.90,7.9500,true,1,219759
7290013411532,false,גבינה גאודה עיזים הו,,,גבינה גאודה עיזים הולנדית 200 גר,גרמים,200.00,100 גרם,false,1,26.90,13.4500,true,1,219761
7290013411549,false,גבינה מוצרלה איטלקית,,,גבינה מוצרלה איטלקית 200 גר,גרמים,200.00,100 גרם,false,1,16.90,8.4500,true,1,219762
7290013411556,false,גבינה צדר כתום אנגלי,,,גבינה צדר כתום אנגלי 200 גר,גרמים,200.00,100 גרם,false,1,22.90,11.4500,true,1,219763
7290013411778,false,פטריות שמפניון 500 ג,,,פטריות שמפניון 500 גר,גרמים,500.00,100 גרם,false,1,22.90,4.5800,true,1,228063
7290013430083,false,בירה אלכסנדר בלונד 3,,,בירה אלכסנדר בלונד 330 מל,מיליליטרים,330.00,"100 מ""ל",false,1,12.90,3.9091,true,1,193303
7290013430250,false,בירה אלכסנדר חיטה יש,,,בירה אלכסנדר חיטה ישראלית 330 מל,מיליליטרים,330.00,"100 מ""ל",false,1,12.90,3.9091,true,1,219262
7290013451927,false,פריכיות כוסמת ללא מל,,,פריכיות כוסמת ללא מלח 175 גר,גרמים,175.00,100 גרם,false,1,11.90,6.8000,true,1,163747
7290013492005,true,תפוח אדמה למיקרו 700,ביכורי שדה דרום 2002,,תפוח אדמה למיקרו 700 גר,גרמים,700.00,100 גרם,false,1,7.90,1.1286,true,1,207396
7290013531759,false,שעועית לבנה במים יכי,יכין,,שעועית אפויה במים,גרמים,550.00,100 גרם,false,1,8.90,1.6182,true,1,181379
7290013608260,false,מיץ פרימור רימונים 1,"גניר (1992) בע""מ",,מיץ פרימור רימונים 1ל,ליטרים,1.00,ליטר,false,1,24.90,24.9000,true,1,160869
7290013675545,false,שניצל כלי תחבורה מאמ,,,שניצל כלי תחבורה מאמא עוף 700 גר,גרמים,700.00,100 גרם,false,1,31.90,4.5571,true,1,199568
7290013675835,false,ירוק גלילי להקפצה מא,,,ירוק גלילי להקפצה מאמא עוף 450 גר,גרמים,450.00,100 גרם,false,1,21.90,4.8667,true,1,211374
7290013710215,false,שמן פשתן 250 מל,BETTER FLEX,,שמן פשתן 250מל,מיליליטרים,250.00,"100 מ""ל",false,1,32.90,13.1600,true,1,165334
7290013710307,false,זרעי פישתן 400 גר,BETTER FLEX,,זרעי פישתן 400גר,גרמים,400.00,100 גרם,false,1,14.90,3.7250,true,1,165348
7290013710314,false,סובין חיטה 200 גר,BETTER FLEX,,סובין חיטה 200גר,גרמים,200.00,100 גרם,false,1,10.90,5.4500,true,1,165342
7290013710352,false,סובין שיבולת שועל 20,BETTER FLEX,,סובין שיבולת שועל 200גר,גרמים,200.00,100 גרם,false,1,10.90,5.4500,true,1,165346
7290013710406,false,זרעי פישתן טחונים 40,BETTER FLEX,,זרעי פישתן טחונים 400גר,גרמים,400.00,100 גרם,false,1,11.90,2.9750,true,1,165349
7290013711014,true,רוטב פיצה בסגנון איט,,,רוטב פיצה בסגנון איט,פריט,0.00,פריט,false,,9.99,0.0000,true,1,121656
7290013711069,true,"עוגת ""קפולסקי"" מוס ג",,,"עוגת ""קפולסקי"" מוס ג",פריט,0.00,פריט,false,,59.99,0.0000,true,1,121657
7290013711274,true,פירורי לחם בטעם סיצי,,,פירורי לחם בטעם סיצי,פריט,0.00,פריט,false,,7.90,0.0000,true,1,121662
7290013711281,true,פירורי לחם בטעם גריל,,,פירורי לחם בטעם גריל,פריט,0.00,פריט,false,,7.99,0.0000,true,1,121663
7290013711342,true,גרגירי חומוס בסיס לה,,,גרגירי חומוס בסיס לה,פריט,0.00,פריט,false,,5.99,0.0000,true,1,121664
7290013711526,true,אורז מתובל בסגנון בו,,,אורז מתובל בסגנון בו,פריט,0.00,פריט,false,,14.90,0.0000,true,1,135613
7290013711533,true,אורז מתובל בסגנון הו,,,אורז מתובל בסגנון הו,פריט,0.00,פריט,false,,14.90,0.0000,true,1,135614
7290013711540,true,אורז מתובל בסגנון פר,,,אורז מתובל בסגנון פר,פריט,0.00,פריט,false,,14.90,0.0000,true,1,135615
7290013711557,true,אורז מתובל בסגנון סי,,,אורז מתובל בסגנון סי,פריט,0.00,פריט,false,,14.90,0.0000,true,1,135616
7290013711571,true,"אפונת גינה 400 גר"" ז",,,"אפונת גינה 400 גר"" ז",פריט,0.00,פריט,false,,16.90,0.0000,true,1,121665
7290013711588,true,שעועית ירוקה 400 גר,,,שעועית ירוקה 400 גר,פריט,0.00,פריט,false,,16.90,0.0000,true,1,134518
7290013711601,true,תירס 400 גר זוג,,,תירס 400 גר זוג,פריט,0.00,פריט,false,,16.90,0.0000,true,1,134516
7290013711618,true,אפונה וגזר 400 גר זו,,,אפונה וגזר 400 גר זו,פריט,0.00,פריט,false,,16.90,0.0000,true,1,134517
7290013713025,false,בירה גמס פילס בק 330,,,בירה גמס פילס בק 330 מל,מיליליטרים,330.00,"100 מ""ל",false,1,12.90,3.9091,true,1,197233
7290013713094,false,בירה גמס איי פי איי,,,בירה גמס איי פי איי חזקה בק 330 מל,מיליליטרים,330.00,"100 מ""ל",false,1,12.90,3.9091,true,1,197235
7290013720801,false,שרימפס מקולף מבשל 1,,,שרימפס מקולף מבשל 1 קג,קילוגרמים,1.00,"ק""ג",false,1,79.90,79.9000,true,1,161052
7290013720924,false,ממרח פטה אווז 140 גר,,,ממרח פטה אווז 140 גר,גרמים,140.00,100 גרם,false,1,15.90,11.3571,true,1,180125
7290013724991,false,אגוז לוז בציפוי שוקו,,,אגוז לוז בציפוי שוקולד חלב 140 גר,גרמים,140.00,100 גרם,false,1,11.90,8.5000,true,1,203260
7290013725639,false,רוטב צילי חריף סו שף,"דין שיווק וקליה בע""מ",,"רוטב צילי חריף סו שף 700 מ""ל",מיליליטרים,700.00,"100 מ""ל",false,1,11.90,1.7000,true,1,203358
7290013725820,false,אגוזי לוז מצופה שוקו,,,אגוזי לוז בציפוי שוקולד מריר שקדיה 140 ג,גרמים,140.00,100 גרם,false,1,11.90,8.5000,true,1,203263
7290013774507,true,"תבנית ביצים 20 יח"" X",,,"תבנית ביצים 20 יח"" X",יחידה,20.00,יחידה,false,,25.99,1.2995,true,1,121671
7290013774521,true,"תבנית ביצים 30 יח"" M",,,"תבנית ביצים 30 יח"" M",יחידה,30.00,יחידה,false,,27.50,0.9167,true,1,121672
7290013774538,true,"תבנית ביצים 30 יח"" S",,,"תבנית ביצים 30 יח"" S",יחידה,30.00,יחידה,false,,21.99,0.7330,true,1,121673
7290013847034,true,"טונה ""סטארקיסט"" 99 ק",,,"טונה ""סטארקיסט"" 99 ק",גרמים,95.00,100 גרם,false,,7.50,7.8947,true,1,121674
7290013847041,true,"טונה ""סטארקיסט"" 99 ק",,,"טונה ""סטארקיסט"" 99 ק",גרמים,95.00,100 גרם,false,,7.50,7.8947,true,1,121675
7290013847058,true,"טונה ""סטארקיסט"" 99 ק",,,"טונה ""סטארקיסט"" 99 ק",גרמים,95.00,100 גרם,false,,7.50,7.8947,true,1,121676
7290013906045,true,נקניקיות וינר 750 גר,,,נקניקיות וינר 750 גר,פריט,0.00,פריט,false,,30.99,0.0000,true,1,136266
7290013927101,false,עוגת תפוח עץ ללא סוכ,אחווה,,עוגת תפוח עץ ללא סוכר 450 גר,גרמים,450.00,100 גרם,false,1,17.90,3.9778,true,1,160304
7290013927132,false,אוזני המן במילוי פרג,אחווה,,אוזני המן במילוי פרג 450 גר,גרמים,450.00,100 גרם,false,1,10.90,2.4222,true,1,183549
7290013927156,false,עוגת פירות יער ללא ס,אחווה,,עוגת פירות יער ללא סוכר 450 גר,גרמים,450.00,100 גרם,false,1,17.90,3.9778,true,1,135131
7290014002197,false,חליטות תה גן הקסום ק,,,"חליטות תה ""גן הקסום"" קמומיל ולימונית 25",גרמים,38.00,100 גרם,false,1,17.90,47.1053,true,1,134670
7290014002944,false,תה גן קסום חליטת חמד,,,תה גן קסום חליטת פירות וצמחים 25שק,גרמים,58.00,100 גרם,false,1,17.90,30.8621,true,1,161839
7290014066359,false,קפסולות קפה לנדוור א,,IL,קפסולות קפה לנדוור אספרסו בלנסד 10 יח,Unknown,0.00,Unknown,false,12,16.90,0.0000,true,1,211498
7290014066366,false,קפסולות קפה לנדוור א,,IL,קפסולות קפה לנדוור אספרסו ריסטרטו 10 יח,Unknown,0.00,Unknown,false,12,16.90,0.0000,true,1,211502
7290014066441,false,קפסולות קפה לנדוור א,,IL,קפסולות קפה לנדוור אספרסו נטול קפאין 10,Unknown,0.00,Unknown,false,12,16.90,0.0000,true,1,211497
7290014079014,false,לבבות קיסר,ביכורי שדה דרום 2002,,לבבות קיסר,יחידה,1.00,יחידה,false,1,8.90,8.9000,true,1,132997
7290014079847,false,צמד בייבי בלה,,,צמד בייבי בלה,Unknown,0.00,Unknown,false,1,15.50,0.0000,true,1,184369
7290014079854,false,לבבות חסה ארץ הגליל,,,לבבות חסה ארץ הגליל,Unknown,0.00,Unknown,false,1,7.90,0.0000,true,1,184370
7290014088993,false,סודה לשתיה 1 קג,,,סודה לשתיה 1 קג,קילוגרמים,1.00,"ק""ג",false,15,11.90,11.9000,true,1,213740
7290014094260,false,שיני שום קלופים 170,,,שיני שום קלופים 170 גר,גרמים,170.00,100 גרם,false,1,11.90,7.0000,true,1,196611
7290014094529,false,רוטב סויה אהרוני 300,,,"רוטב סויה אהרוני 300 מ""ל",מיליליטרים,300.00,"100 מ""ל",false,1,10.90,3.6333,true,1,205048
7290014094543,false,תרסיס שמן קנולה 170,,,תרסיס שמן קנולה 170 גר,גרמים,170.00,100 גרם,false,1,13.90,8.1765,true,1,222316
7290014094796,false,משמש מיובש ששון הקול,,,משמש מיובש ששון הקולה 300 גר,גרמים,300.00,100 גרם,false,1,17.90,5.9667,true,1,203321
7290014094826,false,שזיפים מיובשים מגולע,"דין שיווק וקליה בע""מ",,שזיפים מיובשים מגולענים ששון הקולה 300 ג,גרמים,300.00,100 גרם,false,1,14.90,4.9667,true,1,203364
7290014094833,false,צימוקים בהירים ששון,"דין שיווק וקליה בע""מ",,צימוקים בהירים ששון הקולה 300 גר,גרמים,300.00,100 גרם,false,1,11.90,3.9667,true,1,203340
7290014094840,false,צימוקים כהים ששון הק,"דין שיווק וקליה בע""מ",,צימוקים כהים ששון הקולה 300 גר,גרמים,300.00,100 גרם,false,1,10.90,3.6333,true,1,203342
7290014094895,false,אגוזי מלך קלופים טבע,,,אגוזי מלך קלופים טבעי ששון הקולה 150 גר,גרמים,150.00,100 גרם,false,1,9.90,6.6000,true,1,203264
7290014095922,false,דבש שקדיה 1 קג,,,דבש שקדיה 1 קג,קילוגרמים,1.00,"ק""ג",false,1,35.90,35.9000,true,1,219320
7290014095953,false,פקאן בשוקולד חלב שקד,"דין שיווק וקליה בע""מ",,פקאן בשוקולד חלב שקדיה 140 גר,גרמים,140.00,100 גרם,false,1,9.90,7.0714,true,1,203334
7290014095960,false,שיבולת שועל שקדיה עב,,,שיבולת שועל שקדיה עבה 500 גר,גרמים,500.00,100 גרם,false,1,3.90,0.7800,true,1,190365
7290014126343,false,עוגיות בישקוטים וניל,Bonomi,,ביסקוויט בונמי 200גר,גרמים,200.00,100 גרם,false,1,6.90,3.4500,true,1,165265
7290014126791,true,"שוקולד ""מואי"" מריר ת",,,"שוקולד ""מואי"" מריר ת",פריט,0.00,פריט,false,,13.90,0.0000,true,1,157800
7290014187016,true,"עוגיות ""קפולסקי"" עינ",,,"עוגיות ""קפולסקי"" עינ",פריט,0.00,פריט,false,,19.99,0.0000,true,1,121700
7290014187047,true,"גרעיני תירס, אפונת ג",,,"גרעיני תירס, אפונת ג",פריט,0.00,פריט,false,,16.99,0.0000,true,1,121703
7290014187061,true,"חומוס ופול 400 גר"" ז",,,"חומוס ופול 400 גר"" ז",פריט,0.00,פריט,false,,16.90,0.0000,true,1,134585
7290014187115,true,"נקטר תפוזים ""VPG"" 25",,,"נקטר תפוזים ""VPG"" 25",פריט,0.00,פריט,false,,4.00,0.0000,true,1,133318
7290014187122,true,"נקטר תפוחים ""VPG"" 25",,,"נקטר תפוחים ""VPG"" 25",פריט,0.00,פריט,false,,4.00,0.0000,true,1,133319
7290014187139,true,"נקטר לימונענע ""VPG""",,,"נקטר לימונענע ""VPG""",פריט,0.00,פריט,false,,4.00,0.0000,true,1,133325
7290014187146,true,"נקטר מנגו ""VPG"" 250",,,"נקטר מנגו ""VPG"" 250",פריט,0.00,פריט,false,,4.00,0.0000,true,1,133320
7290014187153,true,"נקטר אפרסק ""VPG"" 250",,,"נקטר אפרסק ""VPG"" 250",פריט,0.00,פריט,false,,4.00,0.0000,true,1,133321
7290014187160,true,"נקטר חמוציות ""VPG"" 2",,,"נקטר חמוציות ""VPG"" 2",פריט,0.00,פריט,false,,4.00,0.0000,true,1,133322
7290014187177,true,"נקטר אשכוליות ""VPG""",,,"נקטר אשכוליות ""VPG""",פריט,0.00,פריט,false,,4.00,0.0000,true,1,133323
7290014187184,true,נקטר אשכוליות אדומה,,,נקטר אשכוליות אדומה,פריט,0.00,פריט,false,,4.00,0.0000,true,1,133324
7290014187207,true,רביעיית נקטר אננס,,,רביעיית נקטר אננס,פריט,0.00,פריט,false,,11.99,0.0000,true,1,136338
7290014187269,true,מרק פטריות 200 גר,,,מרק פטריות 200 גר,פריט,0.00,פריט,false,,13.90,0.0000,true,1,134520
7290014187276,true,מרק בצל 200 גר,,,מרק בצל 200 גר,פריט,0.00,פריט,false,,13.99,0.0000,true,1,134515
7290014187405,true,ריבת משמש 680 גר,,,ריבת משמש 680 גר,פריט,0.00,פריט,false,,10.99,0.0000,true,1,134166
7290014187412,true,ריבת מעורבת 680 גר,,,ריבת מעורבת 680 גר,פריט,0.00,פריט,false,,10.99,0.0000,true,1,134169
7290014187429,true,ריבת דובדבנים 680 גר,,,ריבת דובדבנים 680 גר,פריט,0.00,פריט,false,,10.99,0.0000,true,1,134167
7290014187436,true,ריבת תפוזים 680 גר,,,ריבת תפוזים 680 גר,פריט,0.00,פריט,false,,10.99,0.0000,true,1,134171
7290014187832,true,ריבת שזיפים 680 גר,,,ריבת שזיפים 680 גר,פריט,0.00,פריט,false,,10.99,0.0000,true,1,134170
7290014218932,false,חטיפי פיצה בתוספת זי,,,חטיפי פיצה בתוספת זיתים 710 גר,גרמים,710.00,100 גרם,false,1,29.90,4.2113,true,1,207062
7290014256408,true,כוס מהודר,,,כוס מהודר,Unknown,0.00,Unknown,false,,15.00,0.0000,true,1,158200
7290014256521,true,יין יתיר מרלו/שיזר/ק,,,יין יתיר מרלו/שיזר/ק,מיליליטרים,750.00,"100 מ""ל",false,,89.90,11.9867,true,1,165254
7290014256620,false,יין מבעבע באז קריניא,,,יין בוז קריניאנו 750מל,מיליליטרים,750.00,"100 מ""ל",false,1,29.90,3.9867,true,1,163699
7290014256637,false,יין מבעבע באז מוסקטו,,,יין בוז מוסקטו 750מל,מיליליטרים,750.00,"100 מ""ל",false,1,29.90,3.9867,true,1,163698
7290014318311,false,עגבניות פולפה 400 גר,,,עגבניות פולפה 400 גר שלישייה,גרמים,1200.00,100 גרם,false,1,16.90,1.4083,true,1,189836
7290014343344,true,עוגת מוס גבינה עם פי,,,עוגת מוס גבינה עם פי,פריט,0.00,פריט,false,,19.90,0.0000,true,1,159910
7290014343597,true,אקלרים 600 גר,,,אקלרים 600 גר,פריט,0.00,פריט,false,,39.99,0.0000,true,1,133984
7290014343795,true,פחזניות עם ריבת חלב,,,פחזניות עם ריבת חלב,פריט,0.00,פריט,false,,29.90,0.0000,true,1,135636
7290014397279,false,שקיות מזון גדולות 21,,,"שקיות מזון ""סנו סושי"" גדולות במיוחד 300",Unknown,0.00,Unknown,false,1,11.90,0.0000,true,1,136138
7290014397835,false,סנומט סמרט חשמלי דוח,,,מכשיר סנומט סמרט דוחה יתושים נוזלי 45 לי,יחידה,1.00,יחידה,false,1,34.90,34.9000,true,1,159904
7290014455252,false,גבינה גרנה פדנו מגור,מחלבות גד שיווק 1992,,גבינה גרנה פדנו מגורד 100 גר,גרמים,100.00,100 גרם,false,1,10.90,10.9000,true,1,182761
7290014455610,false,יוגורט עיזים עם תות,,,יוגורט עיזים עם תות 125 גר,גרמים,125.00,100 גרם,false,1,5.90,4.7200,true,1,186968
7290014455627,false,יוגורט עיזים עם דובד,,,יוגורט עיזים עם דובדבן 125 גר,גרמים,125.00,100 גרם,false,1,5.90,4.7200,true,1,186969
7290014458253,true,"עוגת ""קפולסקי"" שכבות",,,"עוגת ""קפולסקי"" שכבות",פריט,0.00,פריט,false,,39.99,0.0000,true,1,135609
7290014458260,true,"עוגת ""קפולסקי"" שכבות",,,"עוגת ""קפולסקי"" שכבות",פריט,0.00,פריט,false,,39.99,0.0000,true,1,135608
7290014458277,true,"עוגת ""קפולסקי"" שכבות",,,"עוגת ""קפולסקי"" שכבות",פריט,0.00,פריט,false,,39.99,0.0000,true,1,135610
7290014458338,true,שעועית לבנה,,,שעועית לבנה,פריט,0.00,פריט,false,,5.90,0.0000,true,1,157190
7290014458451,true,רוטב פיצה 350 גר,,,רוטב פיצה 350 גר,פריט,0.00,פריט,false,,8.99,0.0000,true,1,139150
7290014471429,false,מוזלי צימוק בננה ציפ,,,"מוזלי צימוק בננה ציפס תמר אננס 1 ק""ג",קילוגרמים,1.00,"ק""ג",false,1,19.90,19.9000,true,1,203308
7290014471443,false,גרנולה עם צימוקים אג,,,"גרנולה עם צימוקים אגוזים ושקדים 1 ק""ג",קילוגרמים,1.00,"ק""ג",false,1,21.90,21.9000,true,1,203283
7290014472433,false,קונפיטורה תות שדה 70,"דין שיווק וקליה בע""מ",,קונפיטורה תות שדה 70% פרי שקדיה 450 גר,גרמים,450.00,100 גרם,false,1,11.90,2.6444,true,1,203349
7290014472464,false,קונפיטורה משמש 70% פ,"דין שיווק וקליה בע""מ",,קונפיטורה משמש 70% פרי שקדיה 450 גר,גרמים,450.00,100 גרם,false,1,11.90,2.6444,true,1,203346
7290014503137,false,יין דלתון כנען אדום,דלתון,,כנען אדום-דלתון 2015,מיליליטרים,750.00,"100 מ""ל",false,1,39.90,5.3200,true,1,189095
7290014503144,false,יין דלתון כנען לבן 7,דלתון,,כנען לבן-דלתון 2015,מיליליטרים,750.00,"100 מ""ל",false,1,39.90,5.3200,true,1,189096
7290014525306,false,חטיף מרבה סלים דליס,מרבה,,חטיף מרבה סלים דליס קריספי אוכמניות,גרמים,125.00,100 גרם,false,1,11.90,9.5200,true,1,184829
7290014534650,false,ספגטי לה פסטה צינור,,,ספגטי לה פסטה צינור 400גר,גרמים,400.00,100 גרם,false,1,3.90,0.9750,true,1,162695
7290014534667,false,ספגטי לה פסטה קונכיה,,,ספגטי לה פסטה קונכיה 400גר,גרמים,400.00,100 גרם,false,1,3.90,0.9750,true,1,162692
7290014534674,false,ספגטי לה פסטה פרפר 4,,,ספגטי לה פסטה פרפר 400גר,גרמים,400.00,100 גרם,false,1,3.90,0.9750,true,1,162696
7290014534681,false,ספגטי לה פסטה בורג 4,,,ספגטי לה פסטה בורג 400גר,גרמים,400.00,100 גרם,false,1,3.90,0.9750,true,1,162694
7290014534698,false,ספגטי לה פסטה תלתל 4,,,ספגטי לה פסטה תלתל 400גר,גרמים,400.00,100 גרם,false,1,3.90,0.9750,true,1,162693
7290014692305,false,גבינה קממבר 125 גר,ארלה,DE,גבינה קממבר 125 גר,גרמים,125.00,100 גרם,false,36,19.90,15.9200,true,1,138898
7290014692367,true,גבינה פרמזנו משולשים,,,גבינה פרמזנו משולשים,פריט,0.00,פריט,false,,30.00,0.0000,true,1,158060
7290014692565,false,גרעיני תירס מתוק 320,מג'סטיק פוד,,גרעיני תירס מתוק 320 גר,גרמים,320.00,100 גרם,false,1,5.90,1.8438,true,1,137825
7290014692817,false,גבינה מוצרלה מגורדת,איי בי,,גבינה מוצרלה מגורדת 200 גר,גרמים,200.00,100 גרם,false,1,14.90,7.4500,true,1,138899
7290014693012,false,סודה לשתייה 1 קג,לוקס פרודקטס,,"סודה לשתייה 1 ק""ג",קילוגרמים,1.00,"ק""ג",false,1,10.90,10.9000,true,1,181267
7290014693210,false,עלי דפנה 10 גר,,,עלי דפנה 10 גר,גרמים,10.00,100 גרם,false,1,2.90,29.0000,true,1,181036
7290014693296,false,טימין 20 גר,לוקס פרודקטס,,טימין 20 גר,גרמים,20.00,100 גרם,false,1,2.90,14.5000,true,1,180909
7290014693487,false,תערובת 14 ירקות 30 ג,לוקס פרודקטס,,תערובת 14 ירקות 30 גר,גרמים,30.00,100 גרם,false,1,2.90,9.6667,true,1,181281
7290014693807,false,סודה לשתייה 500 גר,לוקס פרודקטס,,סודה לשתייה 500 גר,גרמים,500.00,100 גרם,false,1,6.90,1.3800,true,1,181268
7290014693975,false,מלח גורמה 12 ירקות ו,לוקס פרודקטס,,מלח גורמה 12 ירקות ותבלינים 400 גר,גרמים,400.00,100 גרם,false,1,15.90,3.9750,true,1,181257
7290014693982,false,מלח גורמה לכל המנות,לוקס פרודקטס,,מלח גורמה לכל המנות 400 גר,גרמים,400.00,100 גרם,false,1,15.90,3.9750,true,1,181258
7290014749764,false,שניצל עוף ביתי עדין,עוף טוב,IL,שניצל עוף ביתי עדין עוף טוב 700 גר,גרמים,700.00,100 גרם,false,12,39.90,5.7000,true,1,211844
7290014749801,false,עוף טוב צונגו רצועות,עוף טוב,IL,עוף טוב צונגו רצועות צילי חריף מתוק 600,גרמים,600.00,100 גרם,false,12,36.90,6.1500,true,1,211843
7290014749887,false,שניצל דק ענק קריספי,עוף טוב,,שניצל דק ענק קריספי קלאסי עוף טוב 720 גר,גרמים,720.00,100 גרם,false,10,34.90,4.8472,true,1,219649
7290014758100,false,יוגורט ביו 3% שמיניה,,,מאגדת שמיניית יוגורט ביו 3% תנובה,גרמים,1200.00,100 גרם,false,1,16.90,1.4083,true,1,136419
7290014758117,false,יוגורט ביו 1.5% שמינ,,,מאגדת יוגורט*8 1.5% BIO,גרמים,1200.00,100 גרם,false,1,16.90,1.4083,true,1,136418
7290014758124,false,יוגורט לבן 3% תנובה,,,יוגורט לבן 3%תנובה,גרמים,150.00,100 גרם,false,1,2.40,1.6000,true,1,183808
7290014758162,false,חלב עיזים מלא 3.6% 1,,,חלב עיזים מלא 3.6% 1לי,ליטרים,1.00,ליטר,false,1,14.90,14.9000,true,1,139088
7290014759992,false,גבינה רוקפור פלח 140,,,גבינה רוקפור פלח 140גר,גרמים,140.00,100 גרם,false,1,18.90,13.5000,true,1,159143
7290014760134,false,מעדן סויה בטעם וניל,,,מעדן סויה בטעם וניל 125 גר,גרמים,125.00,100 גרם,false,1,3.90,3.1200,true,1,160613
7290014760141,false,משקה שקדים 1 ל,תנובה,,משקה שקדים 1 ל,ליטרים,1.00,ליטר,false,1,12.90,12.9000,true,1,180266
7290014761056,false,מעדן יולו שוקולד חלב,,,מעדן יולו שוקולד חלב מעולה 123גר,גרמים,123.00,100 גרם,false,1,4.90,3.9837,true,1,163762
7290014761070,false,מעדן יולו שוקולד לבן,,,מעדן יולו שוקולד לבן מעולה 123גר,גרמים,123.00,100 גרם,false,1,4.90,3.9837,true,1,163763
7290014761193,false,יוגורט פירות יער פרי,,,יוגורט פרילי פירות יער 125גר,גרמים,125.00,100 גרם,false,1,3.90,3.1200,true,1,164338
7290014761414,false,מעדן יולו שוקולד חלב,,,מעדן יולו שוקולד חלב ולבן 123גר,גרמים,123.00,100 גרם,false,1,4.90,3.9837,true,1,163767
7290014761612,false,מעדן יולו שכבות שוקו,,,מעדן יולו שכבות שוקולד מריר לבן 120גר,גרמים,120.00,100 גרם,false,1,4.90,4.0833,true,1,165314
7290014762756,false,גבינת שמנת נפוליאון,תנובה,,גבינת שמנת נפוליאון בטעם בצל 225 גר,גרמים,225.00,100 גרם,false,1,13.90,6.1778,true,1,183811
7290014762800,false,מעדן סויה בטעם שוקול,,,"מעדן סויה בטעם שוקולד בגביע 125 מ""ל",גרמים,125.00,100 גרם,false,1,3.90,3.1200,true,1,194100
7290014762831,false,גבינת שמנת נפוליאון,,,גבינת שמנת נפוליאון 25% 225 גר,גרמים,225.00,100 גרם,false,1,13.90,6.1778,true,1,185233
7290014762909,false,פתיתי מוצרלה 200 גר,תנובה,,גבינת פתיתי מוצרלה 200 גר,גרמים,200.00,100 גרם,false,1,17.90,8.9500,true,1,184962
7290014785472,false,עלי קפיר ליים מיובשי,,,עלי קפיר ליים מיובשים 10 גר,גרמים,10.00,100 גרם,false,12,7.90,79.0000,true,1,216612
7290014789913,false,עוגיות אוראו קרם וני,,,"עוגיות ""אוראו"" ממולאות קרם וניל 176 גר ש",גרמים,528.00,100 גרם,false,1,21.90,4.1477,true,1,158179
7290014791800,false,משקה פרויט ווטר אפרס,,,משקה פרויט ווטר אפרסק 1.5 ל,ליטרים,1.50,ליטר,false,1,8.90,5.9333,true,1,180121
7290014803206,false,חומץ יין אדום 5% 500,COMTEMP,,"חומץ יין אדום 5% 500 מ""ל",מיליליטרים,500.00,"100 מ""ל",false,1,13.90,2.7800,true,1,183021
7290014803282,false,שיפודים עגולים עבים,כל גומי,,שיפודים עגולים עבים 70יח,יחידה,70.00,יחידה,false,1,3.90,0.0557,true,1,164495
7290014803565,false,צנימים עגולים עם חיט,NEWLAT,,צנימים עגולים עם חיטה מלאה 300גר,גרמים,300.00,100 גרם,false,1,12.90,4.3000,true,1,162905
7290014860070,false,מקלוני אורז ללא גלוט,Oriental food co. lt,,מקלוני אורז ללא גלוטן 454גר,גרמים,454.00,100 גרם,false,1,10.90,2.4009,true,1,159369
7290014860155,false,מחצלות עגולות,Guilin fengzhu tradi,,מחצלות עגולות,Unknown,0.00,Unknown,false,1,7.90,0.0000,true,1,137669
7290014866256,false,עוגיות בראוניז צימוק,,,עוגיות בראוניז צימוקים ואגוזים 300 גר,גרמים,300.00,100 גרם,false,1,32.90,10.9667,true,1,223470
7290014905160,false,מטהר אוויר הפי פניני,רלוי,,מטהר אוויר הפי פניני ריח 130 גר,גרמים,130.00,100 גרם,false,1,11.90,9.1538,true,1,190853
7290014905207,false,גל לניקוי אסלות הפי,אורו,,"גל לניקוי אסלות הפי כחול 750 מ""ל",מיליליטרים,750.00,"100 מ""ל",false,1,7.90,1.0533,true,1,190858
7290014905344,false,קצף לשטיחים הפי 623,שרווין ויליאמס,,קצף לשטיחים הפי 623 גר,גרמים,623.00,100 גרם,false,1,23.90,3.8363,true,1,190895
7290014905498,false,גליל מטליות הפי גם ו,פלספק,,גליל מטליות הפי גם וגם צהוב דו צדדי,Unknown,0.00,Unknown,false,1,12.90,0.0000,true,1,190850
7290014905689,false,נוזל כלים הפי תפוח י,וונדפוט,,"נוזל כלים הפי תפוח ירוק מרוכז 24% 750 מ""",מיליליטרים,750.00,"100 מ""ל",false,1,7.90,1.0533,true,1,190860
7290014905696,false,נוזל כלים הפי לימון,וונדפוט,,נוזל כלים הפי לימון צהוב מרוכז 24% 750 מ,מיליליטרים,750.00,"100 מ""ל",false,1,7.90,1.0533,true,1,190861
7290014910300,false,בסגנון טבורוג חלבן ל,גימטוס,,בסגנון טבורוג חלבן ליטאי 300 גר,גרמים,300.00,100 גרם,false,1,14.90,4.9667,true,1,187539
7290014910515,false,שפרוטים מעושנים 250,,,שפרוטים מעושנים 250 גר,גרמים,250.00,100 גרם,false,1,12.90,5.1600,true,1,195724
7290014947023,false,פריכיות כוסמת ללא מל,,,פריכיות כוסמת ללא מלח 120 גר,גרמים,120.00,100 גרם,false,1,11.90,9.9167,true,1,224671
7290014947207,false,פריכיות כוסמין דקות,,,פריכיות כוסמין דקות 160 גר,גרמים,160.00,100 גרם,false,1,11.90,7.4375,true,1,220841
7290014967441,false,מארז קפסולות אספרסו,אספרסו מור,,מארז קפסולות אספרסו מור אלטו 10 יח,Unknown,0.00,Unknown,false,1,11.90,0.0000,true,1,185820
7290014973381,false,ממרח סלמון 200 גר,,,ממרח סלמון 200 גר,גרמים,200.00,100 גרם,false,1,22.90,11.4500,true,1,226226
7290015025959,false,מגבונים פרש וואנס רב,גניר,,מגבונים פרש וואנס רביעייה קשמיר קר,Unknown,0.00,Unknown,false,1,16.90,0.0000,true,1,206960
7290015039246,false,נתחי טונה בשמן 160 ג,טרופיקל,,נתחי טונה בשמן 160גר רביעייה,גרמים,640.00,100 גרם,false,1,19.90,3.1094,true,1,162954
7290015039338,false,נתחי טונה במי מלח 16,טרופיקל,,נתחי טונה במי מלח 160גר רביעייה,גרמים,640.00,100 גרם,false,1,19.90,3.1094,true,1,162955
7290015139533,false,וופל חופשי ללא גלוטן,Carmit,,וופל חופשי ללא גלוטן לימון 200 גר,גרמים,200.00,100 גרם,false,1,9.90,4.9500,true,1,192841
7290015150118,false,עגבניות חתוכות 400 ג,,,עגבניות חתוכות 400גר שלישייה,גרמים,1200.00,100 גרם,false,1,14.90,1.2417,true,1,165269
7290015155021,false,פרמיו דנטל מיני 110,,,פרמיו דנטל מיני 110 גר,גרמים,110.00,100 גרם,false,1,9.90,9.0000,true,1,227032
7290015155250,false,פרמיו כריות סלמון 60,,,פרמיו כריות סלמון 60 גר,גרמים,60.00,100 גרם,false,1,9.90,16.5000,true,1,227014
7290015155274,false,פרמיו כריות עור ופרו,,,פרמיו כריות עור ופרווה 60 גר,גרמים,60.00,100 גרם,false,1,9.90,16.5000,true,1,228566
7290015155410,false,פרמיו כריות דנטל עוף,,,פרמיו כריות דנטל עוף 60 גר,גרמים,60.00,100 גרם,false,1,9.90,16.5000,true,1,227016
7290015155427,false,פרמיו עוף וכבד 15 גר,,,פרמיו עוף וכבד 15 גר,גרמים,15.00,100 גרם,false,1,6.90,46.0000,true,1,227013
7290015155434,false,פרמיו סלמון ופורל 15,,,פרמיו סלמון ופורל 15 גר,גרמים,15.00,100 גרם,false,1,6.90,46.0000,true,1,227012
7290015155885,false,חטיף טף בטעם אוכמניו,,,חטיף טף בטעם אוכמניות 28 גר,גרמים,28.00,100 גרם,false,1,8.90,31.7857,true,1,212484
7290015155892,false,חטיף טף בטעם בננה 28,,,חטיף טף בטעם בננה 28 גר,גרמים,28.00,100 גרם,false,1,8.90,31.7857,true,1,212485
7290015156776,false,פאוץ פרינוק פירות טר,,,פאוץ פרינוק פירות טרופיים 120 גר,גרמים,120.00,100 גרם,false,1,4.90,4.0833,true,1,212481
7290015156813,false,פאוץ פרינוק פירות מע,,,פאוץ פרינוק פירות מעורבים 120 גר,גרמים,120.00,100 גרם,false,1,4.90,4.0833,true,1,214357
7290015164818,false,מחית קארי צהוב 400 ג,Theppadungporn cocon,,מחית קארי צהובה 400גר,גרמים,400.00,100 גרם,false,1,19.90,4.9750,true,1,159852
7290015164832,false,מחית קארי ירוקה 400,Theppadungporn cocon,,מחית קארי ירוקה 400גר,גרמים,400.00,100 גרם,false,1,19.90,4.9750,true,1,159851
7290015164856,false,מחית קארי אדומה 400,Theppadungporn cocon,,מחית קארי אדומה 400גר,גרמים,400.00,100 גרם,false,1,19.90,4.9750,true,1,159850
7290015320481,false,שוקולד מריר 60% 100,,,שוקולד מריר 60% 100 גר,גרמים,100.00,100 גרם,false,45,5.90,5.9000,true,1,211356
7290015341318,false,עוגיות בוטנים אנטקוב,,,עוגיות בוטנים אנטקוביץ 300 גר,גרמים,300.00,100 גרם,false,1,15.90,5.3000,true,1,211157
7290015341486,false,עוגיות אנטיקוביץ דלי,,,עוגיות אנטיקוביץ דלי 400-600 גר,Unknown,0.00,Unknown,false,1,17.90,0.0000,true,1,206529
7290015348072,false,יין מבעבע למברוסקו א,,,יין מבעבע למברוסקו אמיליאנו אדום 750מל,מיליליטרים,750.00,"100 מ""ל",false,1,29.90,3.9867,true,1,164903
7290015493161,false,נביעות+ רכיבי פרי אנ,נביעות,,נביעות+ רכיבי פרי אננס 1.5 ל,ליטרים,1.50,ליטר,false,1,9.90,6.6000,true,1,199522
7290015537209,false,חומץ לבן 5% 1 ל,רג'ואן,IL,חומץ לבן 5% 1 ל,ליטרים,1.00,ליטר,false,24,4.90,4.9000,true,1,207954
7290015537254,false,חומץ 10% 1 ל,רג'ואן,IL,חומץ 10% 1 ל,ליטרים,1.00,ליטר,false,24,6.90,6.9000,true,1,207957
7290015597210,false,מאגדת קורנטו פרווה ו,יוניליוור,,מאגדת קורנטו פרווה וניל,גרמים,378.00,100 גרם,false,1,34.90,9.2328,true,1,198220
7290015603073,true,"מאגדת מיני ""מגנום"" ד",,,"מאגדת מיני ""מגנום"" ד",פריט,0.00,פריט,false,,32.99,0.0000,true,1,135910
7290015603522,false,נוזל אגוזי קוקוס 400,Celebes coconut corp,,נוזל אגוזי קוקוס 400 מל,מיליליטרים,400.00,"100 מ""ל",false,24,6.90,1.7250,true,1,183108
7290015603546,false,קרם קוקוס 400 מל,אסיאטיק אגרו אינדסטר,,"שימורי קרם קוקוס 400 מ""ל",מיליליטרים,400.00,"100 מ""ל",false,1,8.90,2.2250,true,1,200242
7290015603560,false,שימורי קרם קוקוס 400,Kodanmal group co.lt,,שימורי קרם קוקוס 400 מל,מיליליטרים,400.00,"100 מ""ל",false,1,9.90,2.4750,true,1,183107
7290015603584,false,גינגר לבן כבוש ללא מ,,,"ג""ינג""ר לבן כבוש ללא מונוסודיום 160 גר",גרמים,160.00,100 גרם,false,1,7.90,4.9375,true,1,183274
7290015603591,false,גינגר ורוד כבוש ללא,,,גינגר ורוד כבוש ללא מונוסודיום 160 גר,גרמים,160.00,100 גרם,false,1,7.90,4.9375,true,1,194142
7290015603638,false,אורז קרלוז 1 קג,מינה פונג גרין,,"אורז קרלוז 1 ק""ג",קילוגרמים,1.00,"ק""ג",false,1,12.90,12.9000,true,1,182926
7290015611008,false,מלח גורמה לתיבול עוף,לוקס פרודקטס,,מלח גורמה לתיבול עוף 400 גר,גרמים,400.00,100 גרם,false,1,15.90,3.9750,true,1,181238
7290015611060,false,רוזמרין 10 גר,לוקס פרודקטס,,רוזמרין 10 גר,גרמים,10.00,100 גרם,false,1,2.90,29.0000,true,1,181283
7290015611121,false,כמון טחון 20 גר,לוקס פרודקטס,,כמון טחון 20 גר,גרמים,20.00,100 גרם,false,1,2.90,14.5000,true,1,181288
7290015611145,false,ברבריס 10 גר,,,ברבריס 10 גר,גרמים,10.00,100 גרם,false,1,2.90,29.0000,true,1,181046
7290015611152,false,כוסברה טחונה 20 גר,לוקס פרודקטס,,כוסברה טחונה 20 גר,גרמים,20.00,100 גרם,false,1,2.90,14.5000,true,1,181289
7290015611183,false,תבלין לגזר קוריאני ח,לוקס פרודקטס,,תבלין לגזר קוריאני חריף 30 גר,גרמים,30.00,100 גרם,false,1,2.90,9.6667,true,1,181292
7290015611206,false,חליטת היביסקוס 100 ג,,,חליטת היביסקוס 100 גר,גרמים,100.00,100 גרם,false,1,14.90,14.9000,true,1,181212
7290015611299,false,עשבי פרובנס 10 גר,,,עשבי פרובנס 10 גר,גרמים,10.00,100 גרם,false,1,2.90,29.0000,true,1,185889
7290015611329,false,מלח גורמה עשבי פרובנ,,,מלח גורמה עשבי פרובנס 400 גר,גרמים,400.00,100 גרם,false,1,15.90,3.9750,true,1,185902
7290015611336,false,מלח גורמה לתיבול דג,,,מלח גורמה לתיבול דג 400 גר,גרמים,400.00,100 גרם,false,1,15.90,3.9750,true,1,185903
7290015611374,false,תיבול אוניברסלי לוקס,,,תיבול אוניברסלי לוקס 80 גר,גרמים,80.00,100 גרם,false,1,5.90,7.3750,true,1,185898
7290015611404,false,גריסי שעורה 700 גר,,,גריסי שעורה 800 גר,גרמים,700.00,100 גרם,false,1,9.90,1.4143,true,1,185891
7290015611411,false,גריסי תירס 700 גר,,,גריסי תירס 800 גר,גרמים,700.00,100 גרם,false,1,9.90,1.4143,true,1,185892
7290015611428,false,אפונה 800 גר,,,אפונה 800 גר,גרמים,800.00,100 גרם,false,1,9.90,1.2375,true,1,185893
7290015611473,false,תבלין להמלחת סלמון 3,,,תבלין להמלחת סלמון 30 גר,גרמים,30.00,100 גרם,false,1,2.90,9.6667,true,1,186585
7290015611558,false,אגוז מוסקט טחון 20 ג,,,אגוז מוסקט טחון 20 גר,גרמים,20.00,100 גרם,false,1,2.90,14.5000,true,1,194442
7290015611572,false,מלח לימון 700 גר,,,מלח לימון 700 גר,גרמים,700.00,100 גרם,false,1,29.90,4.2714,true,1,193948
7290015611596,false,אפונה ירוקה 800 גר,,,דוחן 500 גר,גרמים,800.00,100 גרם,false,1,9.90,1.2375,true,1,196487
7290015611657,false,פשתן 400 גר,,,פשתן 400 גר,גרמים,400.00,100 גרם,false,1,9.90,2.4750,true,1,196493
7290015611688,false,כוסמין 500 גר,,,כוסמין 500 גר,גרמים,500.00,100 גרם,false,1,8.90,1.7800,true,1,196496
7290015611749,false,סוכר דמררה 1 קג,,,"סוכר דמררה 1 ק""ג",קילוגרמים,1.00,"ק""ג",false,1,13.90,13.9000,true,1,200139
7290015611909,false,קוקוס טחון 150 גר,,,קוקוס טחון 150 גר,גרמים,150.00,100 גרם,false,1,9.90,6.6000,true,1,200129
7290015611961,false,שיבולת שועל 400 גר,,,שיבולת שועל 400 גר,גרמים,400.00,100 גרם,false,1,5.90,1.4750,true,1,200132
7290015652087,false,תערובת פיצוחים 150 ג,,,תערובת פיצוחים 150 גר,גרמים,150.00,100 גרם,false,1,14.90,9.9333,true,1,208276
7290015652254,false,גרעיני חמניה קלויים,,,גרעיני חמניה קלויים ששון הקולה 400 גר,גרמים,400.00,100 גרם,false,1,9.90,2.4750,true,1,203290
7290015652292,false,קבוקים עם שומשום ששו,"דין שיווק וקליה בע""מ",,קבוקים עם שומשום ששון הקולה 400 גר,גרמים,400.00,100 גרם,false,1,9.90,2.4750,true,1,203344
7290015652322,false,בוטנים אמריקאים מצופ,,,בוטנים אמריקאים מצופים ששון הקולה 400 גר,גרמים,400.00,100 גרם,false,1,9.90,2.4750,true,1,203274
7290015652407,false,פיסטוק קלוי ששון הקו,"דין שיווק וקליה בע""מ",,פיסטוק קלוי ששון הקולה 250 גר,גרמים,250.00,100 גרם,false,1,19.90,7.9600,true,1,203329
7290015652568,false,עשבי תיבול לדגים אהר,"דין שיווק וקליה בע""מ",,עשבי תיבול לדגים אהרוני 70 גר,גרמים,70.00,100 גרם,false,1,9.90,14.1429,true,1,203327
7290015652599,false,תערובת מתובלת להכנת,"דין שיווק וקליה בע""מ",,תערובת מתובלת להכנת צלי בקר במיכל אהרוני,גרמים,120.00,100 גרם,false,1,9.90,8.2500,true,1,203380
7290015652612,false,קורנפלקס שקדיה 750 ג,,,קורנפלקס שקדיה 750 גר,גרמים,750.00,100 גרם,false,1,14.90,1.9867,true,1,224860
7290015733427,false,מטרנה דייסת גם וגם ו,מטרנה,,מטרנה דייסת גם וגם וניל פרו 300 גר,גרמים,300.00,100 גרם,false,1,18.90,6.3000,true,1,210146
7290015839006,false,שטרודל במילוי תפוחים,,,שטרודל במילוי תפוחים 560 גר,גרמים,560.00,100 גרם,false,1,27.90,4.9821,true,1,208792
7290015839013,false,שטרודל במילוי גבינה,,,שטרודל במילוי גבינה 560 גר,גרמים,560.00,100 גרם,false,1,27.90,4.9821,true,1,208791
7290015839020,false,שטרודל במילוי פרג 56,,,שטרודל במילוי פרג 560 גר,גרמים,560.00,100 גרם,false,1,27.90,4.9821,true,1,208790
7290015850117,false,סורימי רגלי סרטן 100,סמייל אט פוד,,סורימי רגלי סרטן 100 גר,גרמים,100.00,100 גרם,false,1,7.90,7.9000,true,1,183412
7290015850148,true,דג סמלט 454 גר,Tai Dexi Distribiuto,,דג סמלט 454 גר,גרמים,454.00,100 גרם,false,1,21.90,4.8238,true,1,183419
7290015850407,false,שרימפס מבושל 26-30 1,,,"שרימפס מבושל 26-30 1 ק""ג",קילוגרמים,1.00,"ק""ג",false,1,89.90,89.9000,true,1,199741
7290015850520,false,קוביות דג בסה קפוא 5,,,קוביות דג בסה קפוא 500 גר,גרמים,500.00,100 גרם,false,,16.90,3.3800,true,1,211176
7290015858328,false,רוטב איולי פסטו עללח,אסם,,רוטב איולי פסטו עללחם 295 גר,גרמים,295.00,100 גרם,false,1,15.90,5.3898,true,1,229502
7290015858687,false,רוטב איולי שום עללחם,אסם,,רוטב איולי שום עללחם 295 גר,גרמים,295.00,100 גרם,false,1,15.90,5.3898,true,1,229504
7290015951227,false,יין גמלא סירה 750 מל,,,"יין גמלא סירה 750 מ""ל",מיליליטרים,750.00,"100 מ""ל",false,1,59.90,7.9867,true,1,207935
7290015951616,false,יין גמלא סנגובזה 201,,,"יין גמלא סנגובזה 2015 750 מ""ל",מיליליטרים,750.00,"100 מ""ל",false,1,59.90,7.9867,true,1,194257
7290015951975,false,יין ירדן מרלו 2016 7,,,"יין ירדן מרלו 2016 750 מ""ל",מיליליטרים,750.00,"100 מ""ל",false,1,89.90,11.9867,true,1,205334
7290015968034,false,סבון כחול לאסלה שליש,N.R.J.CO,,סבון כחול לאסלה שלישייה,Unknown,0.00,Unknown,false,1,16.90,0.0000,true,1,187507
7290015968096,false,מקל עץ ברזילאי מחוזק,N.O.T,,מקל עץ ברזילאי מחוזק 1.5 מטר,Unknown,0.00,Unknown,false,1,9.90,0.0000,true,1,187499
7290015968102,false,קיסמי שיניים רפואיים,W.H.J.C.CO,,קיסמי שיניים רפואיים עם חוט דנטאלי 100 י,Unknown,0.00,Unknown,false,1,18.90,0.0000,true,1,187498
7290015968119,false,משטח מיקרופייבר דו צ,T.M.J.T.CO,,משטח מיקרופייבר דו צדדי לייבוש כלים,Unknown,0.00,Unknown,false,1,14.90,0.0000,true,1,187495
7290015968126,false,מקל מתכת טיטניום איט,F.I.S.P.A,,מקל מתכת טיטניום איטלקי מחוזק 1.5 מטר,Unknown,0.00,Unknown,false,1,9.90,0.0000,true,1,187500
7290015968249,false,מטאטא מליציה איכותי,H.N.R.P,,מטאטא מליציה איכותי במיוחד דמוי עץ,Unknown,0.00,Unknown,false,1,18.90,0.0000,true,1,187504
7290015968263,false,מטאטא מירלה איכותי ב,H.N.R.P,,מטאטא מירלה איכותי במיוחד הוסטס,Unknown,0.00,Unknown,false,1,14.90,0.0000,true,1,187506
7290015968379,false,נורת לד כדור 5.5 וול,F.E.CO,,נורת לד כדור 5.5 וולט אור לבן,Unknown,0.00,Unknown,false,1,14.90,0.0000,true,1,190192
7290015968652,false,כפית חד פעמי מוכסף מ,,,כפית חד פעמי מוכסף מהודר הוסטס 20 יח,Unknown,0.00,Unknown,false,1,9.90,0.0000,true,1,200255
7290016006292,false,ספרינג מנגו בננה מלו,"יפאורה תבורי בע""מ",,ספרינג מנגו בננה מלון 1 ליטר,ליטרים,1.00,ליטר,false,1,6.90,6.9000,true,1,184782
7290016006865,false,ספרינג אננס בננה 1.5,,,ספרינג אננס בננה 1.5 ליטר,מיליליטרים,1500.00,"100 מ""ל",false,1,8.90,0.5933,true,1,191622
7290016035025,false,לחם פשתן ללא סוכר 45,ביכורים,IL,לחם פשתן ללא סוכר 450 גר,גרמים,450.00,100 גרם,false,15,25.90,5.7556,true,1,204647
7290016076011,false,לבש ארמני 330 גר,,,לבש ארמני 330 גר,גרמים,330.00,100 גרם,false,1,15.90,4.8182,true,1,209710
7290016114300,false,נייר טואלט לילי לבן,,,נייר טואלט לילי לבן דאבל 16 גל,Unknown,0.00,Unknown,false,1,37.90,0.0000,true,1,187444
7290016150117,false,סלק אדום מקולף ומבוש,ג'ואן,,סלק אדום מקולף ומבושל 500 גר,גרמים,500.00,100 גרם,false,1,6.90,1.3800,true,1,196674
7290016188608,false,יין מבעבע למברוסקו ל,,,"יין מבעבע למברוסקו לבן חצי יבש 750 מ""ל",מיליליטרים,750.00,"100 מ""ל",false,1,29.90,3.9867,true,1,183183
7290016197488,false,מטליות קסם ניקול לשי,,,מטליות קסם ניקול לשיש שלישייה,Unknown,0.00,Unknown,false,1,10.90,0.0000,true,1,186015
7290016197495,false,מטליות קסם ניקול לרצ,,,מטליות קסם ניקול לרצפה מארז זוג,Unknown,0.00,Unknown,false,1,19.90,0.0000,true,1,185371
7290016233209,false,טונה מונטרי בשמן 140,,,טונה מונטרי בשמן 140 גר רביעייה,גרמים,560.00,100 גרם,false,12,17.90,3.1964,true,1,215604
7290016233384,false,גפילטע פיש 7 קציצות,,,גפילטע פיש 7 קציצות 555 גר,גרמים,555.00,100 גרם,false,1,14.90,2.6847,true,1,187066
7290016233575,false,שיבולת שועל 600 גר,,,שיבולת שועל 600 גר,גרמים,600.00,100 גרם,false,1,6.90,1.1500,true,1,191975
7290016245608,false,לחם משפחתי 1100 גר,,,לחם משפחתי 1100 גר,גרמים,1100.00,100 גרם,false,1,18.90,1.7182,true,1,228539
7290016246292,false,חלווה בארכה וניל לוז,,,חלבה בארכה וניל לוז שביעייה,גרמים,126.00,100 גרם,false,1,11.90,9.4444,true,1,194940
7290016276848,false,מנה חמה אטריות טעם ע,,,מנה חמה אטריות טעם עוף 70 גר,גרמים,70.00,100 גרם,false,1,5.90,8.4286,true,1,227480
7290016304022,false,לחמניות שומשום 75 גר,מאפיית דווידוביץ ובנ,,לחמניות שומשום 75 גר 10 יח,גרמים,750.00,100 גרם,false,1,15.90,2.1200,true,1,183764
7290016304404,false,לחם כוסמין 600 גר,,,לחם כוסמין 600 גר,גרמים,600.00,100 גרם,false,1,13.90,2.3167,true,1,198059
7290016304596,false,לחמניות רגילות 75 גר,מאפיית דווידוביץ ובנ,,לחמניות רגילות 75 גר 10 יח,גרמים,750.00,100 גרם,false,1,12.90,1.7200,true,1,212389
7290016319187,false,עוגיות סנדוויץ שוקו,,,טוסו עוגיות סנדוויץ שוקו קרם שוקו זוג,גרמים,300.00,100 גרם,false,1,16.90,5.6333,true,1,213376
7290016321326,false,אל סבון פמילי מנדרינ,אינטרקוסמא,,אל סבון פמילי מנדרינה לואיזה+ משאבה 1 ל,ליטרים,1.00,ליטר,false,1,11.90,11.9000,true,1,225559
7290016370089,false,מלפפון פיקנטי 13-17,קבוצת יבנה,,מלפפון פיקנטי 13-17 יבנה 560 גר,גרמים,560.00,100 גרם,false,12,9.90,1.7679,true,1,220872
7290016370263,false,זית חרוזית ירוק 200,,,חרוזית ירוק שלישייה 200 גר,גרמים,600.00,100 גרם,false,1,12.90,2.1500,true,1,220258
7290016370270,false,זית קלמטה מגולען יוו,,,זית קלמטה מגולען יווני 560 גר,גרמים,560.00,100 גרם,false,12,11.90,2.1250,true,1,215966
7290016370539,false,מלפפון במלח 7-9 יבנה,קבוצת יבנה,,מלפפון במלח 7-9 יבנה 650 גר,גרמים,650.00,100 גרם,false,1,5.90,0.9077,true,1,201209
7290016372342,false,עגבניות חתוכות לקובי,,,עגבניות חתוכות לקוביות 400 גר שלישייה,גרמים,1200.00,100 גרם,false,1,14.90,1.2417,true,1,195494
7290016372373,false,רסק עגבניות גרנד איט,,,רסק עגבניות גרנד איטליה 135 גר זוג,גרמים,280.00,100 גרם,false,1,7.90,2.8214,true,1,195491
7290016372458,false,הגן הקסום לימונית ול,ויסוצקי,,הגן הקסום לימונית ולואיזה 50 שק,גרמים,75.00,100 גרם,false,1,29.90,39.8667,true,1,193899
7290016408294,false,מרשמלו כרמית ורוד לב,Carmit,,מרשמלו כרמית ורוד לבן 150 גר,גרמים,150.00,100 גרם,false,1,5.90,3.9333,true,1,192880
7290016437652,false,תחתוני חיתולים האגיס,,,תחתוני חיטולים האגיס פרידום דריי מידה 6,Unknown,0.00,Unknown,false,1,44.90,0.0000,true,1,191267
7290016448887,false,שפרוטים מעושנים בשמן,,,שפרוטים מעושנים בשמן 240 גר,גרמים,240.00,100 גרם,false,24,9.90,4.1250,true,1,211643
7290016509809,false,גל כביסה פרסיל קולור,,,גל כביסה פרסיל קולור 2.5 ל,ליטרים,2.50,ליטר,false,6,29.90,11.9600,true,1,204185
7290016509823,false,גל כביסה פרסיל בלו 2,,,גל כביסה פרסיל בלו 2.5 ל,ליטרים,2.50,ליטר,false,6,29.90,11.9600,true,1,204186
7290016509830,false,גל כביסה פרסיל בייבי,,,גל כביסה פרסיל בייבי 2.5 ל,ליטרים,2.50,ליטר,false,6,29.90,11.9600,true,1,204187
7290016513240,false,אוכמניות כחולות 250,,,אוכמניות כחולות 250 גר,גרמים,250.00,100 גרם,false,1,14.90,5.9600,true,1,189138
7290016513264,false,חמוציות בר 250 גר,,,חמוציות בר 250 גר,גרמים,250.00,100 גרם,false,1,14.90,5.9600,true,1,189139
7290016513288,false,פטל אדום 250 גר,,,פטל אדום 250 גר,גרמים,250.00,100 גרם,false,1,19.90,7.9600,true,1,189140
7290016513295,false,דומדמנית אדומה 250 ג,,,דומדמנית אדומה 250 גר,גרמים,250.00,100 גרם,false,1,11.90,4.7600,true,1,189130
7290016513301,false,דומדמנית שחורה 250 ג,,,דומדמנית שחורה 250 גר,גרמים,250.00,100 גרם,false,1,11.90,4.7600,true,1,189131
7290016513318,false,אוכמניות שחורות 250,,,אוכמניות שחורות 250 גר,גרמים,250.00,100 גרם,false,1,14.90,5.9600,true,1,189141
7290016513325,false,דובדבן 250 גר,,,דובדבן 250 גר,גרמים,250.00,100 גרם,false,1,11.90,4.7600,true,1,189132
7290016513332,false,מיקס פירות 250 גר,,,מיקס פירות 250 גר,גרמים,250.00,100 גרם,false,1,11.90,4.7600,true,1,189133
7290016513691,false,כיסונים קטנטנים מהדו,,,כיסונים קטנטנים מהדורה חדשה 750 גר,גרמים,750.00,100 גרם,false,1,25.90,3.4533,true,1,195254
7290016523508,false,שימורי ליצי בסירופ ק,,,שימורי ליצי בסירופ קל 567 גר,גרמים,567.00,100 גרם,false,12,8.90,1.5697,true,1,194595
7290016584011,false,חטיפוני גזר 350 גר,,,חטיפוני גזר 350 גר,גרמים,350.00,100 גרם,false,1,9.90,2.8286,true,1,187038
7290016609448,false,גרעיני תירס מתוק 160,,,גרעיני תירס מתוק 160 גר שלישייה,גרמים,480.00,100 גרם,false,24,9.90,2.0625,true,1,203322
7290016667042,false,קשיות פספסים רב פעמי,עבדו,,קשיות פספסים רב פעמי 20 יח,Unknown,0.00,Unknown,false,1,9.90,0.0000,true,1,229205
7290016667431,false,טורטיה ענק 30 סמ 540,SINNACK,DE,"טורטיה ענק 30 ס""מ 540 גר",גרמים,540.00,100 גרם,false,12,11.90,2.2037,true,1,201669
7290016667462,false,מארז פריכיות אורז 26,פרח תעשיות,,מארז פריכיות אורז 265 גר,גרמים,265.00,100 גרם,false,1,12.90,4.8679,true,1,199964
7290016667479,false,פריכיות כוסמת 130 גר,פרח תעשיות,,פריכיות כוסמת 130 גר,גרמים,130.00,100 גרם,false,1,10.90,8.3846,true,1,199965
7290016667486,false,מארז פריכיות כוסמת ד,פרח תעשיות,,מארז פריכיות כוסמת דל נתרן 130 גר,גרמים,130.00,100 גרם,false,1,10.90,8.3846,true,1,199966
7290016667578,false,ניוקי מתפוחי אדמה נא,DIEMME,IT,"ניוקי רגיל/קטן 1 ק""ג",קילוגרמים,1.00,"ק""ג",false,12,11.90,11.9000,true,1,206350
7290016667639,false,שקיות אשפה גופייה ענ,BAAECO,,שקיות אשפה גופייה ענק 75/90,Unknown,0.00,Unknown,false,1,12.90,0.0000,true,1,208696
7290016682182,false,שייק תמר בננה מופחת,,,שייק תמר בננה מופחת סוכר 1 ל,ליטרים,1.00,ליטר,false,1,15.90,15.9000,true,1,191154
7290016682199,false,שייק תות בננה מופחת,,,שייק תות בננה מופחת סוכר 1 ל,ליטרים,1.00,ליטר,false,1,15.90,15.9000,true,1,191155
7290016682335,false,מיץ תפוזים סחוט 2 ל,,,מיץ תפוזים סחוט 2 ל,ליטרים,2.00,ליטר,false,1,24.90,12.4500,true,1,224331
7290016682373,false,מיץ לימונדה בלדי 2 ל,,,מיץ לימונדה בלדי 2 ל,ליטרים,2.00,ליטר,false,1,24.90,12.4500,true,1,224335
7290016717976,false,משקה מוגז ספארקלינג,,,"משקה מוגז ספארקלינג באז אפרסק 750 מ""ל",מיליליטרים,750.00,"100 מ""ל",false,12,29.90,3.9867,true,1,211693
7290016778090,false,פילה פורל מעושן 400,,,פילה פורל מעושן 400 גר,גרמים,400.00,100 גרם,false,1,59.90,14.9750,true,1,227776
7290016778908,false,סלמון מעושן אטלנטי 4,,,סלמון מעושן אטלנטי 400 גר,גרמים,400.00,100 גרם,false,1,64.90,16.2250,true,1,192781
7290016823004,false,בזיליקום,,,בזיליקום,Unknown,0.00,Unknown,false,1,4.90,0.0000,true,1,192093
7290016823059,false,טימין,,,טימין,Unknown,0.00,Unknown,false,1,4.90,0.0000,true,1,192098
7290016823257,false,חסה סלנובה,מרינה פטריות הגליל,,חסה סלנובה,Unknown,0.00,Unknown,false,1,12.90,0.0000,true,1,191335
7290016866643,false,משחת שיניים פרודונטק,,,משחת שיניים פרודונטקס פרש 75 מל,מיליליטרים,75.00,"100 מ""ל",false,1,29.90,39.8667,true,1,205447
7290016866650,false,משחת שיניים פרודונטק,,,משחת שיניים פרודונטקס אוריגינל 75 מל,מיליליטרים,75.00,"100 מ""ל",false,1,29.90,39.8667,true,1,205449
7290016866674,false,משחת שיניים פרדונטקס,,,משחת שיניים פרדונטקס מלבינה 75 מל,מיליליטרים,75.00,"100 מ""ל",false,1,29.90,39.8667,true,1,205450
7290017023670,false,שוופס מוגז למונייד פ,,,"שוופס מוגז למונייד פחית סליק 330 מ""ל",מיליליטרים,330.00,"100 מ""ל",false,1,4.90,1.4848,true,1,200453
7290017031705,false,משחת שיניים סנסודיין,,,משחת שיניים סנסודיין 75 מל,מיליליטרים,75.00,"100 מ""ל",false,1,20.90,27.8667,true,1,204181
7290017058092,false,שיבולת שועל שלמים 60,,,שיבולת שועל שלמים 600 גר,גרמים,600.00,100 גרם,false,1,6.90,1.1500,true,1,194979
7290017058115,false,קורנישון בסגנון צרפת,Satko ltd,,קורנישון בסגנון צרפתי 670 גרם,גרמים,670.00,100 גרם,false,1,9.90,1.4776,true,1,193849
7290017058139,false,רסק תפוח עץ עם תות ש,Cherry growers inc,,רביעיית רסק תפוח עץ עם תות שדה 113 גרם,גרמים,452.00,100 גרם,false,1,12.90,2.8540,true,1,196605
7290017094861,false,חומוס עם רוטב מסבחה,סלטי שמיר 2006,,חומוס עם רוטב מסבחה 400 גר,גרמים,400.00,100 גרם,false,1,10.90,2.7250,true,1,203063
7290017105550,false,מאגדת רסק עגבניות 10,,,מאגדת רסק עגבניות 100% 4*100 גר,גרמים,400.00,100 גרם,false,8,11.90,2.9750,true,1,213399
7290017121086,false,אריסה ביתית מתוקה על,,,אריסה ביתית מתוקה עללחם 250 גר,גרמים,250.00,100 גרם,false,1,14.90,5.9600,true,1,225134
7290017129754,false,שוקולד כרמית פרמיום,,,שוקולד כרמית פרמיום 70% 100 גר,גרמים,100.00,100 גרם,false,1,7.90,7.9000,true,1,200418
7290017142005,false,שמן קוקוס עץ הזית או,,,שמן קוקוס עץ הזית אורגני כתית 320 מל,מיליליטרים,320.00,"100 מ""ל",false,1,29.90,9.3437,true,1,192491
7290017142012,false,שמן קוקוס עץ הזית או,,,שמן קוקוס עץ הזית אורגני כתית 500 מל,מיליליטרים,500.00,"100 מ""ל",false,1,39.90,7.9800,true,1,192492
7290017142128,false,שמן זית כתית מעולה ק,שמן תעשיות,,שמן זית כתית מעולה קלאסי עץ הזית 750 מל,מיליליטרים,750.00,"100 מ""ל",false,1,29.90,3.9867,true,1,196856
7290017142289,false,תרסיס שמן חמניות עץ,שמן תעשיות,,תרסיס שמן חמניות עץ הזית 200 מל,מיליליטרים,200.00,"100 מ""ל",false,1,15.90,7.9500,true,1,203564
7290017142340,false,שמן זרעי ענבים 1 ל,,,שמן זרעי ענבים 1 ל,ליטרים,1.00,ליטר,false,1,27.90,27.9000,true,1,209688
7290017142388,false,שמן חמניות עץ הזית פ,,,שמן חמניות עץ הזית פלוס אומגה 1.3 ל,ליטרים,1.00,ליטר,false,1,15.90,15.9000,true,1,207444
7290017197579,false,מגבונים לחים אמה לני,,,מגבונים לחים אמה לניקוי כללי לימון 50 יח,Unknown,0.00,Unknown,false,1,9.90,0.0000,true,1,196997
7290017217598,false,גלילי עץ אקולוגיים ל,,,גלילי עץ אקולוגיים להדלקת פחם 300 גר,גרמים,300.00,100 גרם,false,1,19.90,6.6333,true,1,208366
7290017232218,false,לחם כפרי דווידוביץ 4,,,לחם כפרי דווידוביץ 430 גר,גרמים,430.00,100 גרם,false,1,25.90,6.0233,true,1,223415
7290017232225,false,לחם גלילי דווידוביץ,,,לחם גלילי דווידוביץ 450 גר,גרמים,450.00,100 גרם,false,1,25.90,5.7556,true,1,223416
7290017266060,false,וופל בלגי שוקו ללא ס,,,וופל בלגי שוקו ללא סוכר 175 גר,גרמים,175.00,100 גרם,false,1,7.90,4.5143,true,1,197193
7290017297194,false,לקט ירקות לתנור 800,,,לקט ירקות לתנור 800 גר,גרמים,800.00,100 גרם,false,1,15.90,1.9875,true,1,215774
7290017297200,false,לקט ירקות לצד העוף 8,,,לקט ירקות לצד העוף 800 גר,גרמים,800.00,100 גרם,false,1,15.90,1.9875,true,1,215775
7290017297323,false,רסק עגבניות מרוכז טל,"מילוז(1989)בע""""מ",,רסק עגבניות מרוכז טל 100 גר,גרמים,100.00,100 גרם,false,48,1.90,1.9000,true,1,222050
7290017297644,false,ברוקולי מוקפא גרין פ,,,ברוקולי מוקפא גרין פרש 800 גר,גרמים,800.00,100 גרם,false,12,14.90,1.8625,true,1,222239
7290017297743,false,ציפס אמריקאי 800 גר,"פרי הגליל בע""""מ",,ציפס אמריקאי 800 גר,גרמים,800.00,100 גרם,false,15,9.90,1.2375,true,1,224858
7290017457734,false,מרכך כביסה סוד ורוד,,,מרכך כביסה סוד ורוד 900 מל,מיליליטרים,900.00,"100 מ""ל",false,1,13.90,1.5444,true,1,225195
7290017457932,false,מרכך כביסה סוד פרש כ,,,מרכך כביסה סוד פרש כחול 900 מל,מיליליטרים,900.00,"100 מ""ל",false,1,13.90,1.5444,true,1,225197
7290017513409,false,תה ירוק סופר פרפל 25,ויסוצקי,IL,תה ירוק SUPER PURPLE,גרמים,87.00,100 גרם,false,8,24.90,28.6207,true,1,207232
7290017589633,false,יין ברקן רזרב קברנה,,,יין ברקן רזרב קברנה סוביניון גולד,מיליליטרים,750.00,"100 מ""ל",false,12,52.90,7.0533,true,1,204873
7290017599229,false,סוכרלוז 200 טבליות,"סוכרזית בע""מ",,סוכרלוז 200 טבליות,Unknown,0.00,Unknown,false,15,23.90,0.0000,true,1,223293
7290017599236,false,סוכרזית סטיוויה 200,"סוכרזית בע""מ",,סוכרזית סטיוויה 200 טבליות,Unknown,0.00,Unknown,false,15,23.90,0.0000,true,1,223294
7290017599250,false,סוכרזית קלאסי 120 גר,,,סוכרזית קלאסי 120 גר,גרמים,120.00,100 גרם,false,1,17.90,14.9167,true,1,227765
7290017599267,false,סוכרזית סוכרלוז 120,,,סוכרזית סוכרלוז 120 גר,גרמים,120.00,100 גרם,false,1,25.90,21.5833,true,1,227766
7290017599274,false,סוכרזית סטיביה 120 ג,,,סוכרזית סטיביה 120 גר,גרמים,120.00,100 גרם,false,1,36.90,30.7500,true,1,227767
7290017617046,false,טונה בשמן זית סטארקי,,,טונה סטארקיסט בשמן זית 140 גר,גרמים,560.00,100 גרם,false,1,25.90,4.6250,true,1,209937
7290017617107,false,מיקס טוגו טונה עם 4,,,מיקס טוגו טונה עם 4 דגנים סטארקיסט 185 ג,גרמים,185.00,100 גרם,false,1,12.90,6.9730,true,1,216599
7290017617411,false,מיקס סלמון עם אורז ו,,,מיקס סלמון עם אורז וירק סטארקיסט 160 גר,גרמים,160.00,100 גרם,false,1,14.90,9.3125,true,1,226259
7290017617435,false,מיקס סלמון עם עדשים,,,מיקס סלמון עם עדשים וירק סטארקיסט 160 גר,גרמים,160.00,100 גרם,false,1,14.90,9.3125,true,1,226258
7290017628073,false,ביצים XL חופש 20 יח,,,ביצים XL חופש 20 יח,Unknown,0.00,Unknown,false,1,32.90,0.0000,true,1,202710
7290017631042,false,ממרח כפרי עם כבד הוד,,,ממרח כפרי עם כבד הודו 200 גר,גרמים,200.00,100 גרם,false,1,6.90,3.4500,true,1,221049
7290017631127,true,נקניק דוקטורסקיה 400,,,נקניק דוקטורסקיה 400 גר,גרמים,400.00,100 גרם,false,,19.90,4.9750,true,1,227180
7290017631301,true,נקניק דוקטורסקיה מעו,,,נקניק דוקטורסקיה מעושן 400 גר,גרמים,400.00,100 גרם,false,1,19.90,4.9750,true,1,230194
7290017641188,false,קרקר עם שיפון מלא וס,,,קרקר עם שיפון מלא וסלק 130 גר,גרמים,130.00,100 גרם,false,20,6.90,5.3077,true,1,205254
7290017647425,false,יין גמלא קברנה סובינ,יקב רמת הגולן,,יין גמלא קברנה סוביניון 2018,מיליליטרים,750.00,"100 מ""ל",false,1,64.90,8.6533,true,1,213413
7290017647593,false,יין ירדן קברנה סובינ,,,יין ירדן קברנה סוביניון 750 מל 2018,מיליליטרים,750.00,"100 מ""ל",false,1,129.90,17.3200,true,1,221368
7290017647708,false,יין גמלא גוורצטרמינר,יקב רמת הגולן,,יין גמלא גוורצטרמינר 750 מל,מיליליטרים,750.00,"100 מ""ל",false,1,59.90,7.9867,true,1,227491
7290017647722,false,יין גמלא בלאנקו 750,יקב רמת הגולן,,יין גמלא בלאנקו 750 מל,מיליליטרים,750.00,"100 מ""ל",false,1,59.90,7.9867,true,1,227492
7290017677804,false,רוטב קיקומן סויה 444,,,"רוטב קוקומן סויה 444 מ""ל",מיליליטרים,444.00,"100 מ""ל",false,1,19.90,4.4820,true,1,207137
7290017677811,false,רוטב סויה קיקומן 296,,,"רוטב סויה קיקומן 296 מ""ל",מיליליטרים,296.00,"100 מ""ל",false,1,12.90,4.3581,true,1,207159
7290017696393,false,בורגר פטריות מן הצומ,,,בורגר פטריות מן הצומח מרינה 520 גר,גרמים,520.00,100 גרם,false,1,31.90,6.1346,true,1,213656
7290017712147,false,פרמיו פאוץ עוף לחתלת,,,פרמיו פאוץ עוף לחתלתול 85 גר,גרמים,85.00,100 גרם,false,1,3.90,4.5882,true,1,227018
7290017712161,false,פרמיו פאוץ סלמון בגל,,,פרמיו פאוץ סלמון בגלי 85 גר,גרמים,85.00,100 גרם,false,1,3.90,4.5882,true,1,227017
7290017712192,false,פרמיו נתחי פילה עוף,,,פרמיו נתחי פילה עוף ועשבי תיבול 100 גר,גרמים,100.00,100 גרם,false,1,3.90,3.9000,true,1,228570
7290017712208,false,פרמיו נתחי פילה ברוו,,,פרמיו נתחי פילה ברווז 100 גר,גרמים,100.00,100 גרם,false,1,3.90,3.9000,true,1,228571
7290017712239,false,פרמיו פטה עוף לכלב 1,,,פרמיו פטה עוף לכלב 150 גר,גרמים,150.00,100 גרם,false,1,3.90,2.6000,true,1,227034
7290017712260,false,פרמיו פטה סלמון לכלב,,,פרמיו פטה סלמון לכלב 150 גר,גרמים,150.00,100 גרם,false,1,3.90,2.6000,true,1,227035
7290017712277,false,פרמיו פטה כבש לכלב 1,,,פרמיו פטה כבש לכלב 150 גר,גרמים,150.00,100 גרם,false,1,3.90,2.6000,true,1,227033
7290017712628,false,הורייזן סלמון לחתול,,,הורייזן סלמון לחתול פאוץ 85 גר,גרמים,85.00,100 גרם,false,1,4.90,5.7647,true,1,229130
7290017712635,false,הורייזן בקר ברוטב לח,,,הורייזן בקר ברוטב לחתול פאוץ 85 גר,גרמים,85.00,100 גרם,false,1,4.90,5.7647,true,1,229131
7290017712727,false,פרמיו גור בקר וכבד 1,,,פרמיו גור בקר וכבד 100 גר,גרמים,100.00,100 גרם,false,1,3.90,3.9000,true,1,227022
7290017712758,false,פרמיו סלמון 100 גר,,,פרמיו סלמון 100 גר,גרמים,100.00,100 גרם,false,1,3.90,3.9000,true,1,227021
7290017712765,false,פרמיו סלמון ופורל 10,,,פרמיו סלמון ופורל 100 גר,גרמים,100.00,100 גרם,false,1,3.90,3.9000,true,1,228569
7290017712864,false,פרמיו מקלות סלמון 10,,,פרמיו מקלות סלמון 100 גר,גרמים,100.00,100 גרם,false,1,14.90,14.9000,true,1,227031
7290017712949,false,פרמיו כריות סטרילייז,,,פרמיו כריות סטרילייז 60 גר,גרמים,60.00,100 גרם,false,1,9.90,16.5000,true,1,228567
7290017715889,false,גרנולה עם אגוזים 600,,,גרנולה עם אגוזים 600 גר,גרמים,600.00,100 גרם,false,1,19.90,3.3167,true,1,213316
7290017715988,false,מלפפון במלח 7-9+20%,,,מלפפון במלח 7-9+20% תומר,גרמים,670.00,100 גרם,false,1,5.90,0.8806,true,1,212108
7290017715995,false,מלפפון בחומץ 10-12 +,,,מלפפון בחומץ 10-12 +20% תומר 670 גר,גרמים,670.00,100 גרם,false,1,6.90,1.0299,true,1,212111
7290017744162,false,שפרוטים מעושנים ברוט,,,שפרוטים מעושנים ברוטב עגבניות 250 גר,גרמים,250.00,100 גרם,false,12,12.90,5.1600,true,1,211436
7290017746128,false,פיתות ביס לבן מארז 1,,,פיתות ביס לבן מארז 10 יח,גרמים,550.00,100 גרם,false,1,8.90,1.6182,true,1,215440
7290017746135,false,פיתות ביס כוסמין מאר,,,פיתות ביס כוסמין מארז 10 יח,גרמים,550.00,100 גרם,false,1,14.90,2.7091,true,1,215441
7290017746258,false,לחמניות פרינה 400 גר,,,לחמניות פרינה 400 גר רביעייה,גרמים,400.00,100 גרם,false,1,12.90,3.2250,true,1,216747
7290017746272,false,פיתה בצל 4 יח 480 גר,,,פיתה בצל 4 יח 480 גר,גרמים,480.00,100 גרם,false,1,14.90,3.1042,true,1,219330
7290017746289,false,פיתה זעתר 4 יח 480 ג,,,פיתה זעתר 4 יח 480 גר,גרמים,480.00,100 גרם,false,1,14.90,3.1042,true,1,219329
7290017746593,false,לחם מחמצת זיתים 550,,,לחם מחמצת זיתים 550 גר,גרמים,550.00,100 גרם,false,1,19.90,3.6182,true,1,227138
7290017812571,false,מיץ ענבים אדום 100%,,,מיץ ענבים אדום 100% 1 ליטר,ליטרים,1.00,ליטר,false,1,22.90,22.9000,true,1,210686
7290017812847,false,יין סלקטד פרנץ גוורצ,,,יין סלקטד פרנץ גוורצטרמינר 750 מל,מיליליטרים,750.00,"100 מ""ל",false,12,29.90,3.9867,true,1,216367
7290017812977,false,יין באז אננס 750 מל,,,יין באז אננס 750 מל,מיליליטרים,750.00,"100 מ""ל",false,12,29.90,3.9867,true,1,220067
7290017869377,false,מש 500 גר,,,מש 500 גר,גרמים,500.00,100 גרם,false,12,11.90,2.3800,true,1,216343
7290017871363,false,סבון ידיים פמלי יהלו,,,"סבון ידיים פמלי יהלום מעושר בשמן 500 מ""ל",מיליליטרים,500.00,"100 מ""ל",false,1,9.90,1.9800,true,1,210558
7290017871370,false,סבון ידיים פמלי יהלו,,,סבון ידיים פמלי יהלום מעושר בשמן אבוקדו,מיליליטרים,500.00,"100 מ""ל",false,1,9.90,1.9800,true,1,210559
7290017871967,false,גלי טוסו בטעם אננס 2,,,גלי טוסו בטעם אננס 25 גר,גרמים,25.00,100 גרם,false,24,9.90,39.6000,true,1,215617
7290017871974,false,גלי טוסו בטעם תות שד,,,גלי טוסו בטעם תות שדה 25 גר,גרמים,25.00,100 גרם,false,24,9.90,39.6000,true,1,215616
7290017872063,false,אל סבון לבנדר דובדבן,אברנסל קוסמטיקס,,פמלי אל סבון ארומתרפי שלישייה,ליטרים,1.50,ליטר,false,1,14.90,9.9333,true,1,215615
7290017872186,false,טוסו עוגיות פקאן 200,,,טוסו עוגיות פקאן 200 גר,גרמים,200.00,100 גרם,false,1,15.90,7.9500,true,1,213385
7290017872193,false,טוסו עוגיות שקדים וק,,,טוסו עוגיות שקדים וקינמון 200 גר,גרמים,200.00,100 גרם,false,1,15.90,7.9500,true,1,213388
7290017873183,false,סבון ידיים פמלי יהלו,,TR,סבון ידיים פמלי יהלום אשכולית אדומה 500,מיליליטרים,500.00,"100 מ""ל",false,12,9.90,1.9800,true,1,225560
7290017888354,false,מים מינרליים בקבוק ס,"מי עדן בע""מ",,"מי עדן ספורט 750 מ""ל",מיליליטרים,750.00,"100 מ""ל",false,1,3.90,0.5200,true,1,206698
7290017913230,false,גל כביסה אסותא כחול,,,גל כביסה אסותא כחול 3 ל,ליטרים,3.00,ליטר,false,16,24.90,8.3000,true,1,206284
7290017925028,false,בירה שוף צרי 330 מל,,,מארז בירה שוף צרי שלישייה,Unknown,0.00,Unknown,false,1,39.90,0.0000,true,1,205277
7290017925318,false,בירה בלו מון בק 330,,,"בירה בלו מון בק 330 מ""ל רביעייה",מיליליטרים,1320.00,"100 מ""ל",false,1,39.90,3.0227,true,1,210868
7290017928036,false,בייגל מאיר מקלות גרי,,,בייגל מאיר מקלות גריסיני שומשום 175 גר,גרמים,175.00,100 גרם,false,1,11.90,6.8000,true,1,210250
7290017928043,false,בייגל מאיר גריסיני ק,,,בייגל מאיר גריסיני קראנץ מלח 175 גר,גרמים,175.00,100 גרם,false,1,11.90,6.8000,true,1,210251
7290017928098,false,בייגל מאיר שטוחלה מל,,,בייגל מאיר שטוחלה מלח 330 גר,גרמים,330.00,100 גרם,false,1,11.90,3.6061,true,1,222325
7290017928227,false,בייגל מאיר שטוחלה פי,,,בייגל מאיר שטוחלה פינוקים 300 גר,גרמים,300.00,100 גרם,false,1,11.90,3.9667,true,1,210248
7290017928630,false,בייגל מאיר גריסיני ק,,,בייגל מאיר גריסיני קראנץ פינוקים 175 גר,גרמים,175.00,100 גרם,false,1,11.90,6.8000,true,1,210253
7290017928685,false,בייגל מאיר שמיניות מ,,,בייגל מאיר שמיניות מלח 400 גר,גרמים,400.00,100 גרם,false,1,11.90,2.9750,true,1,222324
7290017973975,false,רצועות קלמר מיובש ומ,,,רצועות קלמר מיובש ומומלח עם פלפל צילי 90,גרמים,90.00,100 גרם,false,1,13.90,15.4444,true,1,222231
7290017973982,false,פרוסות דג שיבוט אלבי,,,פרוסות דג שיבוט אלבין מיובש עם צילי 100,גרמים,100.00,100 גרם,false,1,13.90,13.9000,true,1,222233
7290017973999,false,פרוסות דג שיבוט אלבי,,,פרוסות דג שיבוט אלבין מיובש ומומלח 100,גרמים,100.00,100 גרם,false,1,13.90,13.9000,true,1,222232
7290018045695,false,דגנים במילוי קרם קרמ,,,דגנים במילוי קרם קרמל מלוח בון אנד בון,גרמים,480.00,100 גרם,false,1,23.90,4.9792,true,1,228685
7290018045893,false,דגנים במילוי קרם נוג,,,דגנים במילוי קרם נוגט בון אנד בון מאנד,גרמים,480.00,100 גרם,false,1,23.90,4.9792,true,1,226292
7290018071205,false,S כפפות ניטרו כחולות,,,S כפפות ניטרו כחולות ללא אבקה 100 יח,Unknown,0.00,Unknown,false,1,19.90,0.0000,true,1,220197
7290018071212,false,M כפפות ניטרו כחולות,,,M כפפות ניטרו כחולות ללא אבקה 100 יח,Unknown,0.00,Unknown,false,1,19.90,0.0000,true,1,220198
7290018071229,false,L כפפות ניטרו כחולות,,,L כפפות ניטרו כחולות ללא אבקה 100 יח,Unknown,0.00,Unknown,false,1,19.90,0.0000,true,1,220199
7290018071236,false,XL כפפות ניטרו כחולו,,,XL כפפות ניטרו כחולות ללא אבקה 100 יח,Unknown,0.00,Unknown,false,1,19.90,0.0000,true,1,220200
7290018091036,false,פיצה אנטיפסטי 250 גר,מעדנות,,פיצה אנטיפסטי 250 גר,גרמים,250.00,100 גרם,false,12,15.90,6.3600,true,1,214270
7290018165010,false,יין רזרב גולד גווצטר,,,"יין רזרב גולד גווצטרימנר 750 מ""ל",מיליליטרים,750.00,"100 מ""ל",false,12,52.90,7.0533,true,1,210821
7290018165027,false,יין רזרב גולד רוזה 7,,,"יין רזרב גולד רוזה 750 מ""ל",מיליליטרים,750.00,"100 מ""ל",false,12,52.90,7.0533,true,1,210822
7290018165447,false,יין רזרב גולד מרלו כ,,,יין רזרב גולד מרלו כרם עין זיתים 750 מל,מיליליטרים,750.00,"100 מ""ל",false,12,52.90,7.0533,true,1,215915
7290018192658,false,צמד איטלקי,,,צמד איטלקי,Unknown,0.00,Unknown,false,1,15.50,0.0000,true,1,214602
7290018219607,false,גרעיני דלעת 200 גר,,,גרעיני דלעת 200 גר,גרמים,200.00,100 גרם,false,1,9.90,4.9500,true,1,212152
7290018219713,false,כוסמת 750 גר,,,כוסמת 750 גר,גרמים,750.00,100 גרם,false,1,10.90,1.4533,true,1,215884
7290018219843,false,בוטן מטוגן 250 גר,,,בוטן מטוגן 250 גר,גרמים,250.00,100 גרם,false,1,11.90,4.7600,true,1,220854
7290018294192,false,יין בלנד היינן 750 מ,,,יין בלנד היינן 750 מל,מיליליטרים,750.00,"100 מ""ל",false,1,39.90,5.3200,true,1,225140
7290018333945,false,חטיף אגוזים רפאלס שק,,,חטיף אגוזים רפאלס שקד וניל 150 גר,גרמים,150.00,100 גרם,false,1,15.90,10.6000,true,1,222235
7290018333976,false,חטיף אגוזים רפאלס קש,,,חטיף אגוזים רפאלס קשיו וקוקוס 150 גר,גרמים,150.00,100 גרם,false,1,15.90,10.6000,true,1,222238
7290018351413,false,ארוניה 250 גר,,,ארוניה 250 גר,גרמים,250.00,100 גרם,false,1,11.90,4.7600,true,1,224528
7290018351772,false,כיסונים תפוא ושמיר 8,,,כיסונים תפוא ושמיר 800 גר,גרמים,800.00,100 גרם,false,1,24.90,3.1125,true,1,226692
7290018359495,false,תירס מהשדה ללא סוכר,,,תירס מהשדה ללא סוכר יכין 550 גר,גרמים,550.00,100 גרם,false,1,8.90,1.6182,true,1,216126
7290018380024,false,מלפפון במלח תומר 13-,,,מלפפון במלח תומר 13-17 670 גר,גרמים,670.00,100 גרם,false,1,8.90,1.3284,true,1,212902
7290018380079,false,אפונה תומר 550 גר,,,אפונה תומר 550 גר,גרמים,550.00,100 גרם,false,1,4.90,0.8909,true,1,212899
7290018380253,false,מזון לכלב עוף 400 גר,,,מזון לכלב עוף 400 גר,גרמים,400.00,100 גרם,false,24,4.90,1.2250,true,1,215456
7290018380260,false,מזון לכלב כבד 400 גר,Effeffe pet food,,מזון לכלב כבד 400 גר,גרמים,400.00,100 גרם,false,24,4.90,1.2250,true,1,215457
7290018380277,false,מזון לכלב בשר ציד 40,Effeffe pet food,,מזון לכלב בשר ציד 400 גר,גרמים,400.00,100 גרם,false,1,4.90,1.2250,true,1,215455
7290018380284,false,מזון לחתול בקר 400 ג,Effeffe pet food,,מזון לחתול בקר 400 גר,גרמים,400.00,100 גרם,false,24,4.90,1.2250,true,1,215461
7290018380321,false,מזון לחתול בשר ציד 4,Effeffe pet food,,מזון לחתול בשר ציד 400 גר,גרמים,400.00,100 גרם,false,24,4.90,1.2250,true,1,215462
7290018380383,false,שיבולת שועל 510 גר,,,שיבולת שועל 510 גר,גרמים,510.00,100 גרם,false,12,9.90,1.9412,true,1,223273
7290018380482,false,אורז תאילנדי תומר 1,,,אורז תאילנדי תומר 1 קג,קילוגרמים,1.00,"ק""ג",false,1,6.90,6.9000,true,1,221038
7290018380499,false,אורז יסמין הום מלי ת,,,אורז יסמין הום מלי תומר 1 קג,קילוגרמים,1.00,"ק""ג",false,1,9.90,9.9000,true,1,221040
7290018440254,false,תה חווית צאי קרמל מל,,,תה חווית צאי קרמל מלוח 25 שק,Unknown,0.00,Unknown,false,1,17.90,0.0000,true,1,222251
7290018440391,false,תה ירוק מאטה נענע גו,,,תה ירוק מאטה נענע גוארנה 25 שק,Unknown,0.00,Unknown,false,8,24.90,0.0000,true,1,222242
7290018440483,false,חטיף בייגלה פליפס מצ,,,בייגלה פליפז מצופה קרמל מלוח ושוקולד 140,גרמים,140.00,100 גרם,false,8,9.90,7.0714,true,1,221411
7290018440896,false,חליטת תה גינגר וכורכ,,,חליטת תה גינגר וכורכום 25 שק,Unknown,0.00,Unknown,false,1,17.90,0.0000,true,1,224687
7290018471210,false,ספרינג אגס סברס תפוח,"יפאורה תבורי בע""מ",,ספרינג אגס סברס תפוח 1 ל,ליטרים,1.00,ליטר,false,1,6.90,6.9000,true,1,219519
7290018471449,false,ספרינג שייק בננה תמר,,,ספרינג שייק בננה תמר תפוז 1 ל,ליטרים,1.00,ליטר,false,1,12.90,12.9000,true,1,221597
7290018471456,false,ספרינג שייק אננס מנג,,,ספרינג שייק אננס מנגו פסיפלורה 1 ל,ליטרים,1.00,ליטר,false,1,12.90,12.9000,true,1,221598
7290018471463,false,נקטר תפוזינה תפוז מנ,,,נקטר תפוזינה תפוז מנגו 1 ל,ליטרים,1.00,ליטר,false,1,6.90,6.9000,true,1,220206
7290018471470,false,נקטר תפוזינה תפוז פס,,,נקטר תפוזינה תפוז פסיפלורה 1 ל,ליטרים,1.00,ליטר,false,1,6.90,6.9000,true,1,220207
7290018471487,false,נקטר תפוזינה תפוז אנ,,,נקטר תפוזינה תפוז אננס 1 ל,ליטרים,1.00,ליטר,false,1,6.90,6.9000,true,1,220205
7290018471494,false,נקטר תפוזינה תפוז גז,,,נקטר תפוזינה תפוז גזר 1 ל,ליטרים,1.00,ליטר,false,1,6.90,6.9000,true,1,220208
7290018471692,false,ספרינג שייק בננה קוק,,,ספרינג שייק בננה קוקוס פירות יער 1 ל,ליטרים,1.00,ליטר,false,1,12.90,12.9000,true,1,221596
7290018471906,false,מים שוופס מוגז לימונ,"יפאורה תבורי בע""מ",,מים שוופס מוגז לימונדה ורודה 1.5 ל,ליטרים,1.50,ליטר,false,1,8.90,5.9333,true,1,224191
7290018471913,false,משקה פירות מוגז שוופ,"יפאורה תבורי בע""מ",,משקה פירות מוגז שוופס 1.5 ל,ליטרים,1.50,ליטר,false,1,8.90,5.9333,true,1,224192
7290018471920,false,משקה ענבים מוגז שוופ,"יפאורה תבורי בע""מ",,משקה ענבים מוגז שוופס 1.5 ל,ליטרים,1.50,ליטר,false,1,8.90,5.9333,true,1,224193
7290018471937,false,משקה מוגז שוופס תות,"יפאורה תבורי בע""מ",,משקה מוגז שוופס תות ליים 1.5 ל,ליטרים,1.50,ליטר,false,1,8.90,5.9333,true,1,224194
7290018471944,false,מים שוופס מוגז לימונ,"יפאורה תבורי בע""מ",,מים שוופס מוגז לימונדה 1.5 ל,ליטרים,1.50,ליטר,false,1,8.90,5.9333,true,1,224195
7290018471951,false,משקה פירות מוגז שוופ,"יפאורה תבורי בע""מ",,משקה פירות מוגז שוופס 1.5 ל,ליטרים,1.50,ליטר,false,1,8.90,5.9333,true,1,224196
7290018516256,false,פרמיו לגורי כלבים עו,,,פרמיו לגור כלבים עוף 100 גר,גרמים,100.00,100 גרם,false,1,3.90,3.9000,true,1,229704
7290018516379,false,גוניור סלט פירות ושי,,,גוניור סלט פירות ושיבולת שועל 190 גר,גרמים,190.00,100 גרם,false,1,5.90,3.1053,true,1,225249
7290018516393,false,פרמיו סופרים מיקס 3,,,פרמיו סופרים מיקס 3 קג,קילוגרמים,3.00,"ק""ג",false,1,59.90,19.9667,true,1,227011
7290018516584,false,פרמיו דליקט טונה לחת,,,פרמיו דליקט טונה לחתלתול 56 גר,גרמים,56.00,100 גרם,false,1,9.90,17.6786,true,1,228575
7290018516768,false,פרמיו עוף לחתלתול במ,,,פרמיו עוף לחתלתול במרקם פטה 400 גר,גרמים,400.00,100 גרם,false,1,5.90,1.4750,true,1,228578
7290018516805,false,פרמיו פטה עוף לחתול,,,פרמיו פטה עוף לחתול בוגר 400 גר,גרמים,400.00,100 גרם,false,1,5.90,1.4750,true,1,228582
7290018516836,false,סטרילייז סלמון לחתול,,,סטרילייז סלמון לחתול בוגר פרמיו 400 גר,גרמים,400.00,100 גרם,false,1,5.90,1.4750,true,1,228583
7290018517024,false,בסיס לפיצה בנוסח איט,,,"בסיס לפיצה בנוסח איטלקי 30 ס""מ 4 יח",גרמים,440.00,100 גרם,false,1,11.90,2.7045,true,1,219213
7290018517031,false,טורטיות עם קמח כוסמי,,,"טורטיות בתוספת קמח כוסמין 20 ס""מ 8 יח",גרמים,360.00,100 גרם,false,1,10.90,3.0278,true,1,220347
7290018517154,false,פופקורן למיקרו בטעם,RAMSEY,,פופקורן למיקרו בטעם חמאה,גרמים,300.00,100 גרם,false,1,10.90,3.6333,true,1,220324
7290018517291,false,קליפות הדרים מסוכרות,,,קליפות הדרים מסוכרות 100 גר,גרמים,100.00,100 גרם,false,1,8.90,8.9000,true,1,223274
7290018517321,false,שיבולת שועל בשקית 50,ר.ס.,,שיבולת שועל בשקית 500 גר,גרמים,500.00,100 גרם,false,1,9.90,1.9800,true,1,226152
7290018517338,false,שלישיה גפרורים רב שי,SUGRAIN,TH,שלישיה גפרורים רב שימושיים,Unknown,0.00,Unknown,false,12,4.90,0.0000,true,1,227569
7290018710166,false,פולי קפה כסף נגרו 50,,,פולי קפה כסף נגרו 500 גר,גרמים,500.00,100 גרם,false,1,29.90,5.9800,true,1,221405
7290018710173,false,פולי קפה זהב נגרו 50,,,פולי קפה זהב נגרו 500 גר,גרמים,500.00,100 גרם,false,1,29.90,5.9800,true,1,221404
7290018749005,false,כיסונים עבודת יד בית,,,כיסונים עבודת יד ביתי 600 גר,גרמים,600.00,100 גרם,false,1,31.90,5.3167,true,1,216031
7290018749098,false,כיסונים עבודת יד בסי,,,כיסונים עבודת יד בסיגנון קווקזי 600 גר,גרמים,500.00,100 גרם,false,1,31.90,6.3800,true,1,222309
7290018749111,false,קרפלך במילוי תפוא ופ,,,קרפלך במילוי תפוא ופטריות 700 גר,גרמים,700.00,100 גרם,false,1,20.90,2.9857,true,1,224825
7290018749210,false,מיני כיסונים קלאסי 7,,,מיני כיסונים קלאסי 700 גר,גרמים,700.00,100 גרם,false,1,31.90,4.5571,true,1,228854
7290018749227,false,כיסונים לארוחה טעימה,,,כיסונים לארוחה טעימה 1 קג,קילוגרמים,1.00,"ק""ג",false,1,29.90,29.9000,true,1,229709
7290018825020,true,תפוח אדמה לבן גורמה,ביכורי שדה דרום 2002,,תפוח אדמה לבן גורמה דוד משה,קילוגרמים,1.00,"ק""ג",true,,6.90,6.9000,true,1,222310
7290018893005,false,בייגלה צוקטה שטוח חר,,RO,בייגלה צוקטה שטוח חרדל ודבש 160 גר,גרמים,160.00,100 גרם,false,12,6.90,4.3125,true,1,222714
7290018893098,false,ביסקוויט מצופה שוקול,,,ביסקוויט מצופה שוקולד חלב צוקטה 100 גר,גרמים,100.00,100 גרם,false,1,6.90,6.9000,true,1,228392
7290018893104,false,ביסקוויט מצופה שוקול,,,ביסקוויט מצופה שוקולד מריר צוקטה 100 גר,גרמים,100.00,100 גרם,false,1,6.90,6.9000,true,1,228393
7290018893494,false,עלי וופל חמאה דקים צ,,,עלי וופל חמאה דקים צוקטה 100 גר,גרמים,100.00,100 גרם,false,1,9.90,9.9000,true,1,222717
7290018893654,false,בייגלה צוקטה בתוספת,,,בייגלה צוקטה בתוספת מלח 200 גר,גרמים,200.00,100 גרם,false,1,6.90,3.4500,true,1,222304
7290018893708,false,עוגיות סנדוויץ שוקו,,,עוגיות סנדוויץ שוקו צוקטה 250 גר,גרמים,250.00,100 גרם,false,1,6.90,2.7600,true,1,228390
7290018893746,false,בייגלה צוקטה עגבניות,,RO,בייגלה צוקטה עגבניות ועשבי תיבול 180 גר,גרמים,180.00,100 גרם,false,12,6.90,3.8333,true,1,228605
7290018893753,false,עלי וופל חמאה דקים ל,,,עלי וופל חמאה דקים לימון צוקטה 100 גר,גרמים,100.00,100 גרם,false,1,9.90,9.9000,true,1,228254
7290018893852,false,בייגלה צוקטה בתוספת,,,בייגלה צוקטה בתוספת שומשום 200 גר,גרמים,200.00,100 גרם,false,1,6.90,3.4500,true,1,222303
7290018893906,false,עוגיות סנדוויץ וניל,,,עוגיות סנדוויץ וניל צוקטה 250 גר,גרמים,250.00,100 גרם,false,1,6.90,2.7600,true,1,228391
7290018925065,false,מיץ תפוזים סחוט פרימ,,,מיץ תפוזים סחוט פרימור 2 ל,ליטרים,2.00,ליטר,false,4,29.90,14.9500,true,1,224476
7290018972144,false,שניצל תירס 500 גר,,,שניצל תירס 500 גר,גרמים,500.00,100 גרם,false,1,16.90,3.3800,true,1,224597
7290018972182,false,פלאפל 500 גר,,,פלאפל 500 גר,גרמים,500.00,100 גרם,false,1,16.90,3.3800,true,1,224598
7290018989128,false,סירופ בטעם ענבים יכי,,,סירופ בטעם ענבים יכין 1 ל,ליטרים,1.00,ליטר,false,1,19.90,19.9000,true,1,226855
7290018989135,false,סירופ בטעם פטל יכין,,,סירופ בטעם פטל יכין 1 ל,ליטרים,1.00,ליטר,false,1,19.90,19.9000,true,1,226854
7290019056058,false,שוופס מוגז עדין תפוח,"יפאורה תבורי בע""מ",,שוופס מוגז עדין תפוח 1.5 ל,ליטרים,1.50,ליטר,false,1,8.90,5.9333,true,1,224185
7290019056072,false,מים שוופס מוגז עדין,"יפאורה תבורי בע""מ",,מים שוופס מוגז עדין אננס 1.5 ל,מיליליטרים,1500.00,"100 מ""ל",false,1,8.90,0.5933,true,1,224187
7290019056096,false,שוופס מוגז עדין אפרס,"יפאורה תבורי בע""מ",,שוופס מוגז עדין אפרסק 1.5 ל,ליטרים,1.50,ליטר,false,1,8.90,5.9333,true,1,224189
7290019056164,false,שוופס סודה 1.5 ל רבי,"יפאורה תבורי בע""מ",,שוופס סודה 1.5 ל רביעיה,ליטרים,6.00,ליטר,false,1,11.90,1.9833,true,1,224175
7290019056171,false,סודה שוופס לימון 1.5,,,סודה שוופס לימון 1.5 ל רביעיה,ליטרים,6.00,ליטר,false,1,11.90,1.9833,true,1,224177
7290019056188,false,סודה שוופס נענע ליים,"יפאורה תבורי בע""מ",,סודה שוופס נענע ליים 1.5 ל רביעיה,ליטרים,6.00,ליטר,false,1,11.90,1.9833,true,1,224179
7290019056195,false,סודה שוופס למון גראס,"יפאורה תבורי בע""מ",,סודה שוופס למון גראס וגינגר 1.5 ל רביעיה,ליטרים,6.00,ליטר,false,1,11.90,1.9833,true,1,224181
7290019056232,false,שוופס ליים מוחיטו 1.,,,שוופס ליים מוחיטו 1.5 ל,ליטרים,1.50,ליטר,false,1,8.90,5.9333,true,1,224190
7290019056249,false,מים שוופס ענבים 1.5,"יפאורה תבורי בע""מ",,מים שוופס ענבים 1.5 ל,ליטרים,1.50,ליטר,false,1,7.90,5.2667,true,1,224170
7290019056256,false,מים שוופס ווטר בטעם,"יפאורה תבורי בע""מ",,מים שוופס ווטר בטעם תפוח 1.5 ל,מיליליטרים,1500.00,"100 מ""ל",false,1,7.90,0.5267,true,1,224171
7290019056270,false,מים שוופס פירות יער,"יפאורה תבורי בע""מ",,מים שוופס פירות יער 1.5 ל,ליטרים,1.50,ליטר,false,1,7.90,5.2667,true,1,224173
7290019056300,false,שוופס ביטר 1.5 ל,"יפאורה תבורי בע""מ",,שוופס ביטר 1.5 ל,ליטרים,1.50,ליטר,false,1,13.90,9.2667,true,1,224209
7290019056317,false,שוופס רוסציאן 1.5 ל,"יפאורה תבורי בע""מ",,שוופס רוסציאן 1.5 ל,ליטרים,1.50,ליטר,false,1,13.90,9.2667,true,1,224210
7290019056324,false,שוופס טוניק 1.5 ל,"יפאורה תבורי בע""מ",,שוופס טוניק 1.5 ל,ליטרים,1.50,ליטר,false,1,13.90,9.2667,true,1,224211
7290019056331,false,שוופס טוניק ללא סוכר,"יפאורה תבורי בע""מ",,שוופס טוניק ללא סוכר 1.5 ל,ליטרים,1.50,ליטר,false,1,13.90,9.2667,true,1,224212
7290019056362,false,תפוזינה ענבים 1.5 ל,"יפאורה תבורי בע""מ",,תפוזינה ענבים 1.5 ל,ליטרים,1.50,ליטר,false,1,8.90,5.9333,true,1,224152
7290019056379,false,תפוזינה תפוזים 1.5 ל,"יפאורה תבורי בע""מ",,תפוזינה תפוזים 1.5 ל,ליטרים,1.50,ליטר,false,1,8.90,5.9333,true,1,224153
7290019056386,false,תפוזינה אשכולית 1.5,"יפאורה תבורי בע""מ",,תפוזינה אשכולית 1.5 ל,ליטרים,1.50,ליטר,false,1,8.90,5.9333,true,1,224154
7290019056393,false,תפוזינה תות בננה 1.5,"יפאורה תבורי בע""מ",,תפוזינה תות בננה 1.5 ל,ליטרים,1.50,ליטר,false,1,8.90,5.9333,true,1,224155
7290019056409,false,משקה תפוזינה בטעם מנ,"יפאורה תבורי בע""מ",,משקה תפוזינה בטעם מנגו 1.5 ל,ליטרים,1.50,ליטר,false,1,8.90,5.9333,true,1,224156
7290019056416,false,תפוזינה לימונדה 1.5,"יפאורה תבורי בע""מ",,תפוזינה לימונדה 1.5 ל,ליטרים,1.50,ליטר,false,1,8.90,5.9333,true,1,224157
7290019056423,false,משקה תפוזינה תפוח 1.,"יפאורה תבורי בע""מ",,משקה תפוזינה תפוח 1.5 ל,ליטרים,1.50,ליטר,false,1,8.90,5.9333,true,1,224158
7290019056478,false,תה ספרינג אפרסק 1.5,"יפאורה תבורי בע""מ",,תה ספרינג אפרסק 1.5 ל,ליטרים,1.50,ליטר,false,1,7.90,5.2667,true,1,224161
7290019056485,false,תה ספרינג תה ירוק 1.,"יפאורה תבורי בע""מ",,תה ספרינג תה ירוק 1.5 ל,מיליליטרים,1500.00,"100 מ""ל",false,1,7.90,0.5267,true,1,224162
7290019056492,false,תה ספרינג מנגו אפרסק,"יפאורה תבורי בע""מ",,תה ספרינג מנגו אפרסק 1.5 ל,ליטרים,1.50,ליטר,false,1,7.90,5.2667,true,1,224163
7290019056546,false,משקה פרויט ווטר אבטי,,,משקה פרויט ווטר אבטיח 1.5 ל,ליטרים,1.50,ליטר,false,1,8.90,5.9333,true,1,224169
7290019056553,false,מים מינרלים עין גדי,עין גדי מים מינרליים,,מים מינרלים עין גדי 2 ל שישיה,ליטרים,12.00,ליטר,false,1,12.90,1.0750,true,1,224228
7290019056577,false,ספרינג מנגו 1.5 ל,,,ספרינג מנגו 1.5 ל,מיליליטרים,1500.00,"100 מ""ל",false,1,8.90,0.5933,true,1,224141
7290019056584,false,ספרינג תפוז 1.5 ל,,,ספרינג תפוז 1.5 ל,מיליליטרים,1500.00,"100 מ""ל",false,1,8.90,0.5933,true,1,224571
7290019056591,false,ספרינג ענבים 1.5 ל,,,ספרינג ענבים 1.5 ל,מיליליטרים,1500.00,"100 מ""ל",false,1,8.90,0.5933,true,1,224142
7290019056607,false,ספרינג תפוחים 1.5 ל,,,ספרינג תפוחים 1.5 ל,מיליליטרים,1500.00,"100 מ""ל",false,1,8.90,0.5933,true,1,224143
7290019056614,false,ספרינג אפרסק 1.5 ל,,,ספרינג אפרסק 1.5 ל,ליטרים,1.50,ליטר,false,1,8.90,5.9333,true,1,224144
7290019056621,false,ספרינג פירות קיץ טרו,,,ספרינג פירות קיץ טרופי 1.5 ל,מיליליטרים,1500.00,"100 מ""ל",false,1,8.90,0.5933,true,1,224145
7290019056638,false,ספרינג תות בננה 1.5,,,ספרינג תות בננה 1.5 ל,מיליליטרים,1500.00,"100 מ""ל",false,1,8.90,0.5933,true,1,224146
7290019056645,false,ספרינג אגס סברס תפוח,,,ספרינג אגס סברס תפוח 1.5 ל,מיליליטרים,1500.00,"100 מ""ל",false,1,8.90,0.5933,true,1,224147
7290019056669,false,ספרינג תפוחים דיאט 1,,,ספרינג תפוחים דיאט 1.5 ל,מיליליטרים,1500.00,"100 מ""ל",false,1,8.90,0.5933,true,1,224149
7290019056850,false,תה ספרינג דיאט אפרסק,"יפאורה תבורי בע""מ",,תה ספרינג דיאט אפרסק 1.5 ל,מיליליטרים,1500.00,"100 מ""ל",false,1,7.90,0.5267,true,1,224164
7290019056881,false,שוופס סודה 1.5 ל,"יפאורה תבורי בע""מ",,שוופס סודה 1.5 ל,ליטרים,6.00,ליטר,false,1,3.90,0.6500,true,1,226019
7290019056935,false,משקה ארסי קולה 1.5 ל,,,משקה ארסי קולה 1.5 ל,ליטרים,1.50,ליטר,false,1,6.90,4.6000,true,1,227096
7290019056942,false,מים מינרליים טבעיים,,,מים מינרליים טבעיים עין גדי 2 ל,ליטרים,2.00,ליטר,false,1,3.90,1.9500,true,1,224561
7290019056966,false,מי עדן 1.5 ל,"מי עדן בע""מ",,מי עדן 1.5 ל,ליטרים,1.50,ליטר,false,1,3.90,2.6000,true,1,224560
7290019056973,false,מים מינרלים מי עדן 1,"מי עדן בע""מ",,מים מינרלים מי עדן 1.5 ל שישיה,ליטרים,9.00,ליטר,false,1,12.90,1.4333,true,1,224139
7290019153016,false,אר סי קולה ללא סוכר,,,אר סי קולה ללא סוכר 1.5 ל,ליטרים,1.50,ליטר,false,1,6.90,4.6000,true,1,226156
7290019153078,false,שוופס ביטר למון לייט,"יפאורה תבורי בע""מ",,שוופס ביטר למון לייט 1.5 ל,ליטרים,1.50,ליטר,false,1,13.90,9.2667,true,1,224968
7290019153085,false,שוופס ליים מוחיטו לל,"יפאורה תבורי בע""מ",,שוופס ליים מוחיטו ללא סוכר 1.5 ל,ליטרים,1.50,ליטר,false,1,8.90,5.9333,true,1,224967
7290019153306,false,שוופס סודה תפוח 1.5,"יפאורה תבורי בע""מ",,שוופס סודה תפוח 1.5 ל,ליטרים,1.50,ליטר,false,1,3.90,2.6000,true,1,227757
7290019153566,false,ספרינג רימון אוכמניו,,,ספרינג רימון אוכמניות דובדבן 1.5 ל,מיליליטרים,1500.00,"100 מ""ל",false,1,8.90,0.5933,true,1,228278
7290019167020,false,קינוח עוגת גבינה פיר,,,קינוח עוגת גבינה פירות יער לייט 82 גר,גרמים,82.00,100 גרם,false,12,6.90,8.4146,true,1,229125
7290019167037,false,קינוח תותים בקצפת עד,,,קינוח תותים בקצפת עדן 82 גר,גרמים,82.00,100 גרם,false,12,6.90,8.4146,true,1,229123
7290019167044,false,קינוח קצפת עם קרם בי,,,קינוח קצפת עם קרם בייגלה מתוק מלוח 82 גר,גרמים,82.00,100 גרם,false,12,6.90,8.4146,true,1,229124
7290019176046,false,פילה טונה בשמן זית 1,,,פילה טונה בשמן זית 160 גר,גרמים,160.00,100 גרם,false,1,16.90,10.5625,true,1,223879
7290019176060,false,שמן חמניות מזוכך חמנ,,,שמן חמניות מזוכך חמניית זהב 1 ל,ליטרים,1.00,ליטר,false,1,17.90,17.9000,true,1,227583
7290019176077,false,שמן חמניות מזוכך טיפ,,,שמן חמניות מזוכך טיפת שמש 1 ל,ליטרים,1.00,ליטר,false,1,17.90,17.9000,true,1,227582
7290019226093,false,אננס חתוך תומר 565 ג,,,אננס חתוך תומר 565 גר,גרמים,565.00,100 גרם,false,1,7.90,1.3982,true,1,226929
7290019226109,false,אננס פרוס תומר 565 ג,,,אננס פרוס תומר 565 גר,גרמים,565.00,100 גרם,false,1,7.90,1.3982,true,1,226930
7290019232094,false,חליטת תה הגן הקסום ב,,,חליטת תה הגן הקסום בטעם אפרסק 25 שק,Unknown,0.00,Unknown,false,8,17.90,0.0000,true,1,227309
7290019232353,false,תה ירוק סיני 50 שק,,,תה ירוק סיני 50 שק,גרמים,75.00,100 גרם,false,12,39.90,53.2000,true,1,227348
7290019232834,false,בייגלה פליפז מצופה ק,,,בייגלה פליפז מצופה קרם עוגיות שוקולד 140,גרמים,140.00,100 גרם,false,8,9.90,7.0714,true,1,227308
7290019233008,false,רוטב עגבניות שקשוקה,,,רוטב עגבניות שקשוקה ארטישוק 420 גר,גרמים,420.00,100 גרם,false,1,13.90,3.3095,true,1,227359
7290019233015,false,שקשוקה ירוקה תבשיל י,,,שקשוקה ירוקה תבשיל ירקות 420 גר,גרמים,420.00,100 גרם,false,1,13.90,3.3095,true,1,227357
7290019297543,false,חמאת בוטנים שקדיה 51,,,חמאת בוטנים שקדיה 510 גר,גרמים,510.00,100 גרם,false,1,11.90,2.3333,true,1,205047
7290019297628,false,שקד טבעי 150 גר,,,שקד טבעי 150 גר,גרמים,150.00,100 גרם,false,1,14.90,9.9333,true,1,208275
7290019302636,false,מארז רביעיית קרומבאכ,,,מארז רביעיית קרומבאכר+כוס 330 מל,מיליליטרים,1320.00,"100 מ""ל",false,1,24.90,1.8864,true,1,229653
7290021288720,false,פחלווה גרוזינית 450,,,פחלבה גרוזינית 450גר,גרמים,450.00,100 גרם,false,1,29.90,6.6444,true,1,159272
7290030944860,false,סטייק דג לשנון אטלנט,,,סטייק דג לשנון אטלנטי פלטוס 1 קג,קילוגרמים,1.00,"ק""ג",false,1,84.90,84.9000,true,1,216455
7290030947694,false,פילה הרינג מעושן 200,,,פילה הרינג מעושן 200 גר,גרמים,200.00,100 גרם,false,1,13.90,6.9500,true,1,228695
7290050204830,true,אוטן אקטיב דוחה יתוש,,,אוטן אקטיב דוחה יתוש,פריט,0.00,פריט,false,,19.99,0.0000,true,1,121719
7290067642005,false,בירה גולדסטאר סלוב ב,,,"בירה גולדסטאר סלוב בריו 330 מ""ל",מיליליטרים,330.00,"100 מ""ל",false,1,7.90,2.3939,true,1,192956
7290089617074,false,פטריות מסליאטה מוחמצ,,CN,פטריות מסליאטה מוחמצות 680 גר,גרמים,680.00,100 גרם,false,6,14.90,2.1912,true,1,216755
7290089617142,false,פטריות אופיאטה מוחמצ,,CN,פטריות אופיאטה מוחמצות 680 גר,גרמים,680.00,100 גרם,false,6,14.90,2.1912,true,1,216753
7290089617210,false,פטריות אסורטי מוחמצו,,CN,פטריות אסורטי מוחמצות 680 גר,גרמים,680.00,100 גרם,false,6,14.90,2.1912,true,1,221024
7290100240137,false,תרסיס בדין כחול 500,זוהר דליה,,"תרסיס ""בדין"" כחול 50",מיליליטרים,500.00,"100 מ""ל",false,1,16.90,3.3800,true,1,121738
7290100240144,false,תרסיס בדין ורוד 500,זוהר דליה,,"תרסיס ""בדין"" ורוד 50",מיליליטרים,500.00,"100 מ""ל",false,1,16.90,3.3800,true,1,121739
7290100240656,false,פתית שיפון 300 גר,אתר שפע,,פתית שיפון 300 גרם,גרמים,300.00,100 גרם,false,1,15.90,5.3000,true,1,121747
7290100243084,false,מיונז אמיתי הלמנס 78,"יונילוור ארה""ב",,מיונז אמיתי הלמנס 789 גר,גרמים,789.00,100 גרם,false,1,22.90,2.9024,true,1,121779
7290100412466,false,מגבונים לחים קוויק ל,,,מגבונים לחים קוויק לניקוי רצפות לימון 10,Unknown,0.00,Unknown,false,1,10.90,0.0000,true,1,210806
7290100412763,false,תחליב רחצה קלאסי דוק,,,תחליב רחצה קלאסי דוקטור אור לוונדר 700 מ,מיליליטרים,700.00,"100 מ""ל",false,1,14.90,2.1286,true,1,201128
7290100570234,false,אביזרי מטבח,,,אביזרי מטבח,Unknown,0.00,Unknown,false,1,12.90,0.0000,true,1,165221
7290100572146,false,אביזרי מטבח,,,אביזרי מטבח,Unknown,0.00,Unknown,false,1,24.90,0.0000,true,1,139568
7290100572368,false,אביזרי מטבח,,,אביזרי מטבח,Unknown,0.00,Unknown,false,1,19.90,0.0000,true,1,139567
7290100572702,false,אביזרי מטבח,,,אביזרי מטבח,Unknown,0.00,Unknown,false,1,10.90,0.0000,true,1,139565
7290100573396,false,אביזרי מטבח,,,אביזרי מטבח,Unknown,0.00,Unknown,false,1,9.90,0.0000,true,1,139564
7290100573716,false,אביזרי מטבח,,,אביזרי מטבח,Unknown,0.00,Unknown,false,1,14.90,0.0000,true,1,165220
7290100575086,false,אביזרי מטבח,,,אביזרי מטבח,Unknown,0.00,Unknown,false,1,6.90,0.0000,true,1,181501
7290100680711,false,פירורי לחם מוזהבים פ,עינת,,"פירורית זהב 350 ג""ר",גרמים,350.00,100 גרם,false,1,8.90,2.5429,true,1,121972
7290100681138,false,אפרופו 50 גר שלישייה,אסם,,אפרופו מארז שלישייה 150 גר,גרמים,150.00,100 גרם,false,10,10.90,7.2667,true,1,121979
7290100684306,false,רוטב צילי מתוק 720 ג,אסם,,"רוטב צ""לי מתוק 600 מ",גרמים,720.00,100 גרם,false,1,16.90,2.3472,true,1,122004
7290100685068,false,פודינג אינסטנט וניל,אסם,,פודינג אינסטנט וניל,גרמים,110.00,100 גרם,false,1,6.90,6.2727,true,1,122012
7290100685136,false,אבקת מרק בטעם עוף,אסם,,אבקת מרק בטעם עוף 1 קג,קילוגרמים,1.00,"ק""ג",false,1,15.90,15.9000,true,1,122013
7290100685334,false,מרק עוף רכיבים טבעיי,אסם,,מרק עוף רכיבים טבעיי,גרמים,400.00,100 גרם,false,1,21.90,5.4750,true,1,122015
7290100685341,false,אבקת מרק בטעם עוף זך,אסם,,אבקת מרק בטעם עוף זך,גרמים,400.00,100 גרם,false,1,15.90,3.9750,true,1,122016
7290100686171,false,ביסלי גריל מולטיפק ש,אסם,,ביסלי גריל מולטיפק 6,גרמים,210.00,100 גרם,false,1,12.90,6.1429,true,1,122024
7290100687109,false,במבה במילוי קרם נוגט,אסם,,במבה במילוי קרם נוגט,גרמים,60.00,100 גרם,false,1,4.90,8.1667,true,1,122028
7290100689301,false,מרק בטעם עוף זך 400,אסם,,מרק טעם עוף זך - עדי,גרמים,400.00,100 גרם,false,1,14.90,3.7250,true,1,122042
7290100700020,false,גריסי פנינה 500 גר,,,גריסי פנינה 500 גר,גרמים,500.00,100 גרם,false,1,5.90,1.1800,true,1,122059
7290100700075,false,פירורי לחם מוזהב 200,,,פירורי לחם מוזהב 200,גרמים,200.00,100 גרם,false,1,3.90,1.9500,true,1,122061
7290100700242,false,אורז מלא עגול 1 קג,,,"אורז מלא עגול 1 ק""ג",קילוגרמים,1.00,"ק""ג",false,1,9.90,9.9000,true,1,122062
7290100700266,false,פירורי לחם לבנים סוג,,,"פירורי לחם ""סוגת"" לב",גרמים,200.00,100 גרם,false,1,3.90,1.9500,true,1,122063
7290100700273,false,קינואה 500 גר,,,קינואה 500 גר,גרמים,500.00,100 גרם,false,1,12.90,2.5800,true,1,122064
7290100700297,false,עדשים מנומרות 500 גר,,,עדשים מנומרות 500 גר,גרמים,500.00,100 גרם,false,1,7.90,1.5800,true,1,137290
7290100700372,false,אורז בסמטי מלא 1 קג,,,"אורז בסמטי מלא 1 ק""ג",קילוגרמים,1.00,"ק""ג",false,1,12.90,12.9000,true,1,122068
7290100700389,false,אורז אדום 1 קג,,,"אורז אדום 1 ק""ג",קילוגרמים,1.00,"ק""ג",false,1,12.90,12.9000,true,1,122069
7290100700396,false,אורז יסמין קלאסי 1 ק,,,אורז יסמין קלאסי 1 ק,קילוגרמים,1.00,"ק""ג",false,1,11.90,11.9000,true,1,122070
7290100700457,true,"אורז זהב 5 ק""""ג",,,"אורז זהב 5 ק""""ג","מ""ר",5.00,"מ""ר",false,,36.90,7.3800,true,1,122074
7290100700563,false,אורז מיקס סוגת 1 קג,,,אורז מיקס 1 קג סוגת,קילוגרמים,1.00,"ק""ג",false,1,12.90,12.9000,true,1,122075
7290100700587,false,בורגול 500 גר,,,"בורגול 500 גר""",גרמים,500.00,100 גרם,false,1,5.90,1.1800,true,1,122076
7290100700709,true,"שקדים טבעיים 100 גר""",,,"שקדים טבעיים 100 גר""",גרמים,100.00,100 גרם,false,,8.90,8.9000,true,1,122083
7290100700747,true,שקדים מלבונים פרוסים,,,שקדים מלבונים פרוסים,גרמים,100.00,100 גרם,false,,9.90,9.9000,true,1,122086
7290100700754,true,אגוזי מלך גרוסים 100,,,אגוזי מלך גרוסים 100,גרמים,100.00,100 גרם,false,,11.90,11.9000,true,1,122087
7290100700761,true,אגוזי פקאן טבעיים 10,,,אגוזי פקאן טבעיים 10,גרמים,100.00,100 גרם,false,,13.90,13.9000,true,1,122088
7290100700778,true,שבבי שקדים מולבנים 1,,,שבבי שקדים מולבנים 1,גרמים,100.00,100 גרם,false,,8.90,8.9000,true,1,122089
7290100700785,true,גרעיני דלעת קלופים 1,,,גרעיני דלעת קלופים 1,גרמים,100.00,100 גרם,false,,8.90,8.9000,true,1,122090
7290100700822,true,"מלח ים עדין 600 גר""",,,"מלח ים עדין 600 גר""",גרמים,600.00,100 גרם,false,,7.90,1.3167,true,1,122093
7290100700839,true,"מלח ים גס 600 גר"" בפ",,,"מלח ים גס 600 גר"" בפ",גרמים,600.00,100 גרם,false,,7.99,1.3317,true,1,122094
7290100700860,true,"מלח ים עדין 1 ק""ג בפ",,,"מלח ים עדין 1 ק""ג בפ",קילוגרמים,1.00,"ק""ג",false,,7.99,7.9900,true,1,122097
7290100700877,true,"מלח ים גס 1 ק""ג בפלס",,,"מלח ים גס 1 ק""ג בפלס",קילוגרמים,1.00,"ק""ג",false,,7.99,7.9900,true,1,122098
7290100700907,true,מלח ים מפולפל 300 גר,,,מלח ים מפולפל 300 גר,גרמים,300.00,100 גרם,false,,10.99,3.6633,true,1,122099
7290100700914,true,"מלח ים מתובל 300 גר""",,,"מלח ים מתובל 300 גר""",גרמים,300.00,100 גרם,false,,10.99,3.6633,true,1,122100
7290100700921,true,מלח ים עם עשבי תיבול,,,מלח ים עם עשבי תיבול,גרמים,300.00,100 גרם,false,,10.99,3.6633,true,1,122101
7290100700938,true,מלח ים מועשר ביוד 60,,,מלח ים מועשר ביוד 60,גרמים,600.00,100 גרם,false,,10.90,1.8167,true,1,122102
7290100701126,false,שעועית מש 500 גר,,,שעועית מש 500 גרם,גרמים,500.00,100 גרם,false,1,10.90,2.1800,true,1,122106
7290100701140,false,אורז ריזוטו ארבוריו,,,אורז ריזוטו ארבוריו,קילוגרמים,1.00,"ק""ג",false,1,13.90,13.9000,true,1,122107
7290100701157,false,אורז סושי 1 קג,,,"אורז סושי 1 ק""ג",קילוגרמים,1.00,"ק""ג",false,1,13.90,13.9000,true,1,122108
7290100701263,true,"אורז בסמטי הודי 4 ק""",,,"אורז בסמטי הודי 4 ק""","מ""ר",4.00,"מ""ר",false,,86.90,21.7250,true,1,122111
7290100701270,true,"אורז עגול 4 ק""""ג",,,"אורז עגול 4 ק""""ג","מ""ר",4.00,"מ""ר",false,,45.90,11.4750,true,1,122112
7290100701287,true,"אורז תאילנדי 4 ק""""ג",,,"אורז תאילנדי 4 ק""""ג","מ""ר",4.00,"מ""ר",false,,32.90,8.2250,true,1,122113
7290100701294,true,"אורז יסמין 4 ק""""ג",,,"אורז יסמין 4 ק""""ג","מ""ר",4.00,"מ""ר",false,,49.90,12.4750,true,1,122114
7290100701300,false,קינואה אדומה 500 גר,,,קינואה אדומה 500 גרם,גרמים,500.00,100 גרם,false,1,12.90,2.5800,true,1,122115
7290100701331,false,קמח רב תכליתי 1 קג,,,"קמח רב תכליתי 1 ק""ג",גרמים,1000.00,100 גרם,false,1,6.90,0.6900,true,1,122117
7290100701348,false,קמח שיפון מלא 1 קג,,,"קמח שיפון מלא 1 ק""ג",גרמים,1000.00,100 גרם,false,1,6.90,0.6900,true,1,122118
7290100701393,false,קמח חיטה לבן 1 קג,,,קמח חיטה לבן 1קג,קילוגרמים,1.00,"ק""ג",false,1,3.90,3.9000,true,1,165656
7290100701577,false,קמח לחם 1 קג,,,"קמח לחם 1 ק""ג",גרמים,1000.00,100 גרם,false,1,6.90,0.6900,true,1,122123
7290100701584,true,"קרוקנט שקדים 70 גר""",,,"קרוקנט שקדים 70 גר""",גרמים,70.00,100 גרם,false,,6.99,9.9857,true,1,122124
7290100701591,true,שקדים פרוסים בקרמל 7,,,שקדים פרוסים בקרמל 7,גרמים,70.00,100 גרם,false,,6.99,9.9857,true,1,122125
7290100701607,true,מקלות שקדים קלויים 7,,,מקלות שקדים קלויים 7,גרמים,70.00,100 גרם,false,,9.99,14.2714,true,1,122126
7290100701614,true,שברי פקאן סיני 70 גר,,,שברי פקאן סיני 70 גר,גרמים,70.00,100 גרם,false,,9.99,14.2714,true,1,122127
7290100701621,true,אגוזי קשיו קלויים גר,,,אגוזי קשיו קלויים גר,גרמים,70.00,100 גרם,false,,7.49,10.7000,true,1,122128
7290100701690,true,סוגת לייט דיספנסר 11,,,סוגת לייט דיספנסר 11,יחידה,110.00,יחידה,false,,12.99,0.1181,true,1,122129
7290100701720,true,סוגת לייט ממתיק בצנצ,,,סוגת לייט ממתיק בצנצ,Unknown,0.00,Unknown,false,,20.99,0.0000,true,1,135425
7290100701737,true,סוגת לייט 50 שקיות,,,סוגת לייט 50 שקיות,יחידה,50.00,יחידה,false,,14.90,0.2980,true,1,135426
7290100701799,true,"מלח מטבח גס 1 ק""ג בנ",,,"מלח מטבח גס 1 ק""ג בנ","מ""ר",1.00,"מ""ר",false,,1.69,1.6900,true,1,122131
7290100701805,true,"פרורי לחם קראנץ"" טעם",,,"פרורי לחם קראנץ"" טעם",גרמים,200.00,100 גרם,false,,5.90,2.9500,true,1,122132
7290100701812,true,"פרורי לחם קראנץ"" רגי",,,"פרורי לחם קראנץ"" רגי",גרמים,200.00,100 גרם,false,,6.90,3.4500,true,1,122133
7290100701829,true,"פרורי לחם קראנץ"" בתו",,,"פרורי לחם קראנץ"" בתו",גרמים,200.00,100 גרם,false,,8.90,4.4500,true,1,122134
7290100701836,true,"פרורי לחם קראנץ"" בתו",,,"פרורי לחם קראנץ"" בתו",גרמים,200.00,100 גרם,false,,6.90,3.4500,true,1,122135
7290100701874,false,קמח סוגת כוסמין מלא,,,"קמח סוגת כוסמין מלא 1 ק""ג",קילוגרמים,1.00,"ק""ג",false,1,14.90,14.9000,true,1,188020
7290100701881,false,קמח פיצה ופוקצה 1 קג,,,"קמח פיצה ופוקצ""ה 1 ק",גרמים,1000.00,100 גרם,false,1,6.90,0.6900,true,1,122138
7290100701973,true,"פירורי לחם יפנים ""פנ",,,"פירורי לחם יפנים ""פנ",גרמים,200.00,100 גרם,false,,5.90,2.9500,true,1,122139
7290100702079,true,תערובת תיבול צהובה ל,,,תערובת תיבול צהובה ל,גרמים,60.00,100 גרם,false,,6.90,11.5000,true,1,133904
7290100702086,true,תערובת תיבול לאורז ע,,,תערובת תיבול לאורז ע,גרמים,60.00,100 גרם,false,,6.90,11.5000,true,1,133905
7290100702093,true,תערובת תיבול לאורז ע,,,תערובת תיבול לאורז ע,גרמים,60.00,100 גרם,false,,6.90,11.5000,true,1,133906
7290100702109,true,תערובת תיבול מגידרה,,,תערובת תיבול מגידרה,גרמים,60.00,100 גרם,false,,6.90,11.5000,true,1,133907
7290100702116,true,תערובת תיבול הודית ל,,,תערובת תיבול הודית ל,גרמים,60.00,100 גרם,false,,6.90,11.5000,true,1,133908
7290100702383,false,קמח תופח 1 קג,,,קמח תופח 1 קג,קילוגרמים,1.00,"ק""ג",false,1,6.90,6.9000,true,1,135421
7290100702451,true,פרורי קורנפלקס 250 ג,,,פרורי קורנפלקס 250 ג,גרמים,250.00,100 גרם,false,,8.90,3.5600,true,1,136313
7290100702512,true,סוכרלוז בשקית 100 גר,,,סוכרלוז בשקית 100 גר,גרמים,100.00,100 גרם,false,,22.90,22.9000,true,1,138997
7290100702727,true,תערובת תיבול לאורז א,,,תערובת תיבול לאורז א,גרמים,60.00,100 גרם,false,,6.90,11.5000,true,1,158719
7290100702741,false,סוכר חום בהיר צנצנת,,,סוכר חום בהיר צנצנת 1קג,קילוגרמים,1.00,"ק""ג",false,1,11.90,11.9000,true,1,160016
7290100702994,false,סוכר דמררה קלאסי 500,סוגת,,סוכר דמררה קלאסי 500 גר,גרמים,500.00,100 גרם,false,1,5.90,1.1800,true,1,181098
7290100703007,false,עדשים שחורות בלוגה 5,סוגת,,עדשים שחורות בלוגה 500 גר,גרמים,500.00,100 גרם,false,1,7.90,1.5800,true,1,181099
7290100703458,false,כוסמת לא קלויה 500 ג,,,כוסמת לא קלויה 500 גר,גרמים,500.00,100 גרם,false,1,7.90,1.5800,true,1,187768
7290100703557,false,קמח פוקצה 1 קג,,,"קמח פוקצה 1 ק""ג",קילוגרמים,1.00,"ק""ג",false,1,6.90,6.9000,true,1,188859
7290100703564,false,שיבולת שועל עבה 500,,,שיבולת שועל עבה 500 גר,גרמים,500.00,100 גרם,false,1,5.90,1.1800,true,1,188858
7290100703663,false,קמח סוגת תופח ללא ני,,,"קמח סוגת תופח ללא ניפוי 1 ק""ג",קילוגרמים,1.00,"ק""ג",false,1,7.90,7.9000,true,1,191913
7290100703908,false,סוכר חום דמררה סוגת,,,סוכר חום דמררה סוגת 1 קג,קילוגרמים,1.00,"ק""ג",false,1,10.90,10.9000,true,1,195083
7290100704066,false,עדשים צהובות סוגת 50,,,עדשים צהובות סוגת 500 גר,גרמים,500.00,100 גרם,false,1,7.90,1.5800,true,1,200094
7290100704660,false,קינואה מיקס 500 גר,,,קינואה מיקס 500 גר,גרמים,500.00,100 גרם,false,1,12.90,2.5800,true,1,221221
7290100851678,true,תפוציפס אקסטרא מקסקנ,,,תפוציפס אקסטרא מקסקנ,גרמים,50.00,100 גרם,false,,4.30,8.6000,true,1,122152
7290100854266,false,שוקולד מריר 60% קקאו,STRAUSS-ISRAEL,,"שוקולד ""פרה"" מריר 60",גרמים,100.00,100 גרם,false,1,8.90,8.9000,true,1,122163
7290100856291,true,חטיף דוריטוס גריל 70,,,חטיף דוריטוס גריל 70,גרמים,70.00,100 גרם,false,,3.89,5.5571,true,1,122167
7290100856468,true,ציטוס פופקורן חמאה 3,,,ציטוס פופקורן חמאה 3,גרמים,270.00,100 גרם,false,,10.50,3.8889,true,1,122168
7290100856475,true,ציטוס פופקורן טבעי 3,,,ציטוס פופקורן טבעי 3,גרמים,270.00,100 גרם,false,,10.50,3.8889,true,1,122169
7290100858592,false,קקאו עלית 150 גר,STRAUSS-ISRAEL,,"קקאו עלית 150 ג""ר",גרמים,150.00,100 גרם,false,1,9.90,6.6000,true,1,122178
7290100924464,false,שלישיית סבון אסלה סו,,,שלישיית סבון אסלה סוד אקונומיקה,Unknown,0.00,Unknown,false,1,17.90,0.0000,true,1,225199
7290101551027,false,קפסולות קפה חזק במיו,,,קפסולות קפה עלית חזק במיוחד 50 גר,גרמים,50.00,100 גרם,false,1,15.90,31.8000,true,1,204044
7290101551300,false,סילאן טבעי לחיץ יד מ,,,סילאן יד מרדכי טבעי לחיץ 380 גר,גרמים,380.00,100 גרם,false,12,14.90,3.9211,true,1,201282
7290101551539,false,יוגורט דנונה פרו 20,,,יוגורט דנונה פרו 20 אפרסק 200 גר,גרמים,200.00,100 גרם,false,12,5.90,2.9500,true,1,202185
7290101551577,false,מארז זוג קוואקר שיבו,,,מארז זוג קוואקר שיבולת שועל פחית 500 גר,גרמים,500.00,100 גרם,false,12,24.90,4.9800,true,1,201666
7290101580669,true,"יין ""בין"" מארז זוג+",,,"יין ""בין"" מארז זוג+",פריט,0.00,פריט,false,,79.90,0.0000,true,1,122343
7290101581123,true,"יין ""בין"" מארז שי",,,"יין ""בין"" מארז שי",פריט,0.00,פריט,false,,109.99,0.0000,true,1,122347
7290101812166,false,נקניקיות צוריסוס מצו,,,נקניקיות צוריסוס מצונן 700 גר,גרמים,700.00,100 גרם,false,1,56.90,8.1286,true,1,202393
7290101812340,false,פטרוצאן מצונן מזרע 7,,,פטרוצאן מצונן מזרע 700 גר,גרמים,700.00,100 גרם,false,,59.90,8.5571,true,1,203713
7290101812890,false,נקניקיות מרגז מצונן,,,נקניקיות מרגז מצונן 700 גר,גרמים,700.00,100 גרם,false,1,44.90,6.4143,true,1,206932
7290101860242,true,קליה ורוד 600 גרם +,,,קליה ורוד 600 גרם +,מיליליטרים,1200.00,"100 מ""ל",false,,39.99,3.3325,true,1,122352
7290101860662,true,"""סיליט באנג"" נוזל רב",,,"""סיליט באנג"" נוזל רב",ליטרים,1.50,ליטר,false,,21.99,14.6600,true,1,122354
7290101861140,true,"קלגון אבקה 1.25 ק""ג",,,"קלגון אבקה 1.25 ק""ג",קילוגרמים,1.25,"ק""ג",false,,36.90,29.5200,true,1,122355
7290101861218,true,נוזל לכביסה צבעונית,,,נוזל לכביסה צבעונית,פריט,0.00,פריט,false,,28.90,0.0000,true,1,122357
7290101861768,true,"טבליות ""פיניש"" למדיח",,,"טבליות ""פיניש"" למדיח",יחידה,26.00,יחידה,false,,47.99,1.8458,true,1,122360
7290101861850,true,"""קליה"" אוקסי ספריי ז",,,"""קליה"" אוקסי ספריי ז",יחידה,2.00,יחידה,false,,36.99,18.4950,true,1,122361
7290101862123,true,"""סיליט באנג"" מנקה רצ",,,"""סיליט באנג"" מנקה רצ",מיליליטרים,2000.00,"100 מ""ל",false,,25.90,1.2950,true,1,122362
7290101862130,true,"""סיליט באנג"" מנקה רצ",,,"""סיליט באנג"" מנקה רצ",מיליליטרים,2000.00,"100 מ""ל",false,,23.99,1.1995,true,1,122363
7290101862598,true,קולון אוקסי אקטיב 5,,,קולון אוקסי אקטיב 5,גרמים,5000.00,100 גרם,false,,49.99,0.9998,true,1,122364
7290101862789,true,קליה נוזל 2 ליטר,,,קליה נוזל 2 ליטר,מיליליטרים,2000.00,"100 מ""ל",false,,25.99,1.2995,true,1,122365
7290101862963,true,איירויק ספריי לבלוב,,,איירויק ספריי לבלוב,יחידה,3.00,יחידה,false,,24.99,8.3300,true,1,122366
7290101863342,true,קליה שמפו קצף לשטיחי,,,קליה שמפו קצף לשטיחי,מיליליטרים,600.00,"100 מ""ל",false,,32.90,5.4833,true,1,122367
7290101863410,false,סיליט ספריי אקונומיק,,,סיליט ספריי אקונומיק,מיליליטרים,750.00,"100 מ""ל",false,1,12.90,1.7200,true,1,122368
7290101864073,true,"אבקת כביסה ""קולון"" 5",,,"אבקת כביסה ""קולון"" 5",גרמים,6000.00,100 גרם,false,,61.99,1.0332,true,1,122371
7290101864141,true,"טבליות פיניש 56 יח""",,,"טבליות פיניש 56 יח""",יחידה,56.00,יחידה,false,,65.99,1.1784,true,1,122373
7290101864295,true,קליה נוזל 2 ליטר,,,קליה נוזל 2 ליטר,ליטרים,2.00,ליטר,false,,25.99,12.9950,true,1,122374
7290101864653,true,"מכשיר אלקטריק ""אירוו",,,"מכשיר אלקטריק ""אירוו",Unknown,0.00,Unknown,false,,44.99,0.0000,true,1,122376
7290101864875,true,"קליה ג""ל 2.7 ליטר",,,"קליה ג""ל 2.7 ליטר",מיליליטרים,2700.00,"100 מ""ל",false,,37.99,1.4070,true,1,122377
7290101864981,true,"טבליות ""פיניש"" 84 יח",,,"טבליות ""פיניש"" 84 יח",Unknown,0.00,Unknown,false,,79.99,0.0000,true,1,134010
7290101865261,false,נוזל הברקה למדיח פינ,,,"נוזל הברקה למדיח ""פי",מיליליטרים,800.00,"100 מ""ל",false,1,19.90,2.4875,true,1,122380
7290101865278,true,"אבקת כביסה ""קולון"" פ",,,"אבקת כביסה ""קולון"" פ",גרמים,8000.00,100 גרם,false,,55.99,0.6999,true,1,122381
7290101865285,true,סיליט באנג רב שימושי,,,סיליט באנג רב שימושי,יחידה,2.00,יחידה,false,,29.99,14.9950,true,1,122382
7290101865308,true,קליה 3.5 ליטר,,,קליה 3.5 ליטר,מיליליטרים,3500.00,"100 מ""ל",false,,37.99,1.0854,true,1,122383
7290101865612,true,סיליט באנג שומנים זו,,,סיליט באנג שומנים זו,יחידה,2.00,יחידה,false,,29.99,14.9950,true,1,122384
7290101865681,true,"פיניש ג""ל זוג",,,"פיניש ג""ל זוג",יחידה,2.00,יחידה,false,,61.99,30.9950,true,1,122385
7290101865735,true,פיניש קונטום זוג,,,פיניש קונטום זוג,יחידה,2.00,יחידה,false,,53.99,26.9950,true,1,122386
7290101865797,true,סיליט באנג אקונומיקה,,,סיליט באנג אקונומיקה,יחידה,2.00,יחידה,false,,29.99,14.9950,true,1,122387
7290101866145,true,"אבקת כביסה ""קולון"" פ",,,"אבקת כביסה ""קולון"" פ",גרמים,6000.00,100 גרם,false,,54.99,0.9165,true,1,122388
7290101866152,true,פיניש נוזל הברקה,,,פיניש נוזל הברקה,מיליליטרים,800.00,"100 מ""ל",false,,44.90,5.6125,true,1,122389
7290101866237,true,סיליט מסיר אבנית זוג,,,סיליט מסיר אבנית זוג,Unknown,0.00,Unknown,false,,20.99,0.0000,true,1,122391
7290101866244,true,סיליט קומקום זוג,,,סיליט קומקום זוג,Unknown,0.00,Unknown,false,,20.99,0.0000,true,1,122392
7290101866619,true,"מכשיר אלקטריק ""אירוו",,,"מכשיר אלקטריק ""אירוו",Unknown,0.00,Unknown,false,,44.99,0.0000,true,1,122394
7290101866633,false,גל מסיר כתמים וניש ק,,,"ג""ל מסיר כתמים ""וניש קליה "" 3ל",ליטרים,3.00,ליטר,false,1,29.90,9.9667,true,1,134013
7290101866695,true,"ג""ל כביסה ""קולון"" 3",,,"ג""ל כביסה ""קולון"" 3",ליטרים,3.00,ליטר,false,,32.99,10.9967,true,1,122395
7290101866701,true,"ג""ל ""קליה וניש"" + מנ",,,"ג""ל ""קליה וניש"" + מנ",Unknown,0.00,Unknown,false,,42.99,0.0000,true,1,122396
7290101866916,true,"גיל ""קולון 101"" 3ל",,,"גיל ""קולון 101"" 3ל",ליטרים,3.00,ליטר,false,,33.90,11.3000,true,1,134011
7290101869788,false,פרשמטיק מילוי תלת מי,,,פרשמטיק מילוי תלת מימד אואזיס,Unknown,0.00,Unknown,false,1,14.90,0.0000,true,1,186310
7290101952121,false,מארז פטרוצאן עם שומן,,,מארז פטרוצאן עם שומן כבש 500 גר,גרמים,500.00,100 גרם,false,1,24.90,4.9800,true,1,211590
7290101980919,false,ביצי שוקולד עם הפתעה,,,שלישיית ביצי שוקולד,Unknown,0.00,Unknown,false,1,14.90,0.0000,true,1,122405
7290101999560,false,נר גמבו כוכבים ספייד,סודי,,נר ג`מבו כוכבים ספיידרמן,Unknown,0.00,Unknown,false,1,6.90,0.0000,true,1,189467
7290101999607,false,נר גמבו כוכבים נסיכו,סודי,,נר ג`מבו כוכבים נסיכות,Unknown,0.00,Unknown,false,1,6.90,0.0000,true,1,189466
7290102003808,false,נר גמבו מאויירים דרד,סודי,,נר ג`מבו מאויירים דרדסים,Unknown,0.00,Unknown,false,1,6.90,0.0000,true,1,189469
7290102003815,false,נר גמבו מאויירים הול,סודי,,נר ג`מבו מאויירים הולו קיטי,Unknown,0.00,Unknown,false,1,6.90,0.0000,true,1,189473
7290102030057,false,חטיף שוש 65 גר,STRAUSS-ISRAEL,,חטיף שוש 65 גר,גרמים,65.00,100 גרם,false,1,2.90,4.4615,true,1,122432
7290102030330,false,חטיף תפוציפס קראנץ מ,STRAUSS-ISRAEL,,"תפוצ""יפס קראנץ מקסיק",גרמים,200.00,100 גרם,false,1,10.90,5.4500,true,1,122437
7290102031276,false,משקה יוגורט אקטימל ת,STRAUSS-ISRAEL,,שמיניית אקטימל תות ב,גרמים,864.00,100 גרם,false,1,20.90,2.4190,true,1,122442
7290102032334,false,קפה נמס בטעם וניל 20,STRAUSS-ISRAEL,,קפה נמס עלית בטעם ונ,גרמים,200.00,100 גרם,false,1,23.90,11.9500,true,1,122443
7290102032433,true,"תפוצ""יפס שמן זית טבע",,,"תפוצ""יפס שמן זית טבע",גרמים,45.00,100 גרם,false,,4.69,10.4222,true,1,122444
7290102036424,true,"תפוצ""יפס שמן זית בטע",,,"תפוצ""יפס שמן זית בטע",גרמים,45.00,100 גרם,false,,4.69,10.4222,true,1,122460
7290102037285,true,"צ""יטוס קפיצים 45 ג""ר",,,"צ""יטוס קפיצים 45 ג""ר",גרמים,45.00,100 גרם,false,,3.59,7.9778,true,1,122463
7290102037407,true,דוריטוס גבינה חריפה,,,דוריטוס גבינה חריפה,גרמים,55.00,100 גרם,false,,3.19,5.8000,true,1,122464
7290102037469,true,"תפוצ""יפס שמן זית קרא",,,"תפוצ""יפס שמן זית קרא",גרמים,45.00,100 גרם,false,,4.69,10.4222,true,1,122465
7290102038060,true,יוגורט טבעי מהדרין 1,,,יוגורט טבעי מהדרין 1,פריט,0.00,פריט,false,,2.55,0.0000,true,1,150224
7290102060979,false,משחת שיניים משפחתי א,CP-Poland swidnica,,"משחת שיניים ""אלמקס""",מיליליטרים,100.00,"100 מ""ל",false,1,17.90,17.9000,true,1,122479
7290102302260,false,גבינת גרנה פדנה אמבר,,,גבינת גרנה פדנה אמברוסי 200 גר,גרמים,200.00,100 גרם,false,1,32.90,16.4500,true,1,192298
7290102390427,false,יוגורט מולר תות 150,,,יוגורט מולר תות 150 מל,מיליליטרים,150.00,"100 מ""ל",false,1,4.90,3.2667,true,1,122486
7290102390465,false,יוגורט בטעם אפרסק ופ,,,"יוגורט ""מולר"" אפרסק",מיליליטרים,150.00,"100 מ""ל",false,1,4.90,3.2667,true,1,122488
7290102391844,false,יוגורט ביו פרופ בטעם,,,"יוגורט ""מולר"" פרי די",מיליליטרים,150.00,"100 מ""ל",false,1,4.90,3.2667,true,1,122495
7290102392049,false,תבור לאפיה 5%,,,תבור לאפיה 5% 500 גר,גרמים,500.00,100 גרם,false,1,24.90,4.9800,true,1,122498
7290102393169,false,יוגורט סימפלי פרוט ת,,,"יוגורט ""מולר"" סימפלי",גרמים,150.00,100 גרם,false,1,5.50,3.6667,true,1,122538
7290102393176,false,יוגורט סימפלי פרוט א,,,"יוגורט ""מולר"" סימפלי",גרמים,150.00,100 גרם,false,1,5.50,3.6667,true,1,122539
7290102393190,false,יוגורט סימפלי פרוט פ,,,"יוגורט ""מולר"" סימפלי",גרמים,150.00,100 גרם,false,1,5.50,3.6667,true,1,122541
7290102393268,false,גבינה לבנה 5% טרה 7,,,"גבינה לבנה ""טרה"" 5%",גרמים,750.00,100 גרם,false,1,14.90,1.9867,true,1,122545
7290102393299,false,יוגורט עיזים לשתייה,,,יוגורט עיזים לשתייה,גרמים,500.00,100 גרם,false,1,12.90,2.5800,true,1,122546
7290102393718,false,גבינת חלומי בקר משק,,,גבינת חלומי בקר משק צוריאל 200 גר,גרמים,200.00,100 גרם,false,1,22.90,11.4500,true,1,122561
7290102393947,false,מולר סימפלי פרוט בטע,,,מולר סימפלי פרוט בטע,גרמים,150.00,100 גרם,false,1,5.50,3.6667,true,1,122568
7290102394463,false,גבינה צהובה 28% פרוס,,,גבינה צהובה 28% פרוס 500 גרי,גרמים,500.00,100 גרם,false,1,29.90,5.9800,true,1,139092
7290102394821,false,גבינה צהובה נעם דק ד,,,גבינה צהובה דק דק 28,גרמים,200.00,100 גרם,false,1,16.90,8.4500,true,1,122599
7290102395101,false,ממרח גבינה ושוקולד 2,,,ממרח גבינה ושוקולד 200 גר,גרמים,200.00,100 גרם,false,1,11.90,5.9500,true,1,158909
7290102395231,false,יוגורט ביו נטורל 2.8,,,"מאגדת שמיניית ""מולר"" נטורל 2.8%",גרמים,1200.00,100 גרם,false,1,18.90,1.5750,true,1,135669
7290102395262,false,יוגורט תות ואפרסק 3%,,,מולר סימפלי פרוט מאג,גרמים,1200.00,100 גרם,false,1,29.90,2.4917,true,1,136371
7290102395439,false,יוגורט 3% פירות יער,,,מולר סימפלי פרוט מאגדת שמינייה,גרמים,1200.00,100 גרם,false,1,29.90,2.4917,true,1,136372
7290102395477,false,מעדן מו שוקולד עם קצ,,,"מעדן ""מו"" שוקולד עם קצפת 123 גר",גרמים,123.00,100 גרם,false,1,2.90,2.3577,true,1,135590
7290102395521,false,שמנת לבישול 15% 500,,,שמנת לבישול 15% 500מל,מיליליטרים,500.00,"100 מ""ל",false,1,16.90,3.3800,true,1,160021
7290102396580,false,מעדן מוו שוקולד ומוס,,,מעדן מוו שוקולד ומוס שוקולד 123 גר,גרמים,123.00,100 גרם,false,1,2.90,2.3577,true,1,161172
7290102396665,true,גבינה נעם פרוסות 15%,,,גבינה נעם 15% 200 גר,גרמים,200.00,100 גרם,false,1,16.90,8.4500,true,1,181535
7290102396672,true,גבינה נעם 9% 360 גר,,,גבינה נעם 9% 360 גר,גרמים,360.00,100 גרם,false,1,27.90,7.7500,true,1,181536
7290102397204,true,גבינה נעם פרוסות 22%,,,גבינה נעם 22% 200 גר,גרמים,200.00,100 גרם,false,1,16.90,8.4500,true,1,181534
7290102397464,false,יוגורט מולר נטורל פק,מילקו,,יוגורט מולר נטורל פקאן גרעינים וחמוציות,גרמים,170.00,100 גרם,false,1,5.90,3.4706,true,1,191703
7290102397600,false,יוגורט מולר מיקס שקד,,,יוגורט מולר מיקס שקדים ובוטנים בקרמל,גרמים,170.00,100 גרם,false,1,5.90,3.4706,true,1,186282
7290102397617,false,יוגורט מולר מיקס קלי,,,יוגורט מולר מיקס קליק,גרמים,170.00,100 גרם,false,1,5.90,3.4706,true,1,186283
7290102397679,false,קוטג וחצי 5% 375 גר,,,קוטג וחצי 5% 375 גר,גרמים,375.00,100 גרם,false,1,8.50,2.2667,true,1,225572
7290102397730,false,גבינה אמנטל נעם 200,,,גבינה אמנטל נעם 200 גר,גרמים,200.00,100 גרם,false,1,18.90,9.4500,true,1,192540
7290102397891,false,גבינה מותכת צוריאל 1,מילקו,,גבינה מותכת צוריאל 100 גר,גרמים,100.00,100 גרם,false,1,7.90,7.9000,true,1,191704
7290102398065,false,חלב 3% בקרטון 2 ל,,,חלב 3% בקרטון 2 ליטר,ליטרים,2.00,ליטר,false,1,12.46,6.2300,true,1,193689
7290102398331,false,חלב מועשר דל לקטוז 1,,,חלב מועשר דל לקטוז 1 ל,ליטרים,1.00,ליטר,false,1,7.90,7.9000,true,1,197191
7290102398553,false,שוקו טרה בקבוק 1.5 ל,,,שוקו טרה בקבוק 1.5 ל,ליטרים,1.50,ליטר,false,6,16.90,11.2667,true,1,210722
7290102398560,false,שוקו טרה מועשר בק 1,,,שוקו טרה מועשר בק 1 ל,ליטרים,1.00,ליטר,false,1,11.90,11.9000,true,1,200579
7290102398577,false,שוקו טרה מועשר בק 25,,,"שוקו טרה מועשר בק 250 מ""ל",מיליליטרים,250.00,"100 מ""ל",false,1,5.90,2.3600,true,1,200582
7290102398614,false,משקה חלב טרה בטעם בנ,,,משקה חלב טרה בטעם בננה בק 1 ל,ליטרים,1.00,ליטר,false,1,11.90,11.9000,true,1,200580
7290102398669,false,משקה אייס קפוצינו טר,,,משקה אייס קפוצינו טרה בק 1 ל,ליטרים,1.00,ליטר,false,1,11.90,11.9000,true,1,212057
7290102398805,false,משקה סויה בטעם וניל,,,משקה סויה בטעם וניל 1 ל,ליטרים,1.00,ליטר,false,1,10.90,10.9000,true,1,225573
7290102399697,false,יוגורט מולר סימפלי פ,,,יוגורט מולר סימפלי פרוט 1.5% מנגו,גרמים,150.00,100 גרם,false,1,4.90,3.2667,true,1,208333
7290102399772,false,מולר ספרדבל ממרח חמא,,,מולר ספרדבל ממרח חמאה במליחות עדינה 250,גרמים,250.00,100 גרם,false,1,17.90,7.1600,true,1,212889
7290102399796,false,יוגורט מולר אקטיב לב,,,יוגורט מולר אקטיב לבן מועשר 200 גר,גרמים,200.00,100 גרם,false,24,5.90,2.9500,true,1,210743
7290102399802,false,יוגורט מולר אקטיב תו,,,יוגורט מולר תות מועשר 200 גר,גרמים,200.00,100 גרם,false,24,5.90,2.9500,true,1,210737
7290102399819,false,יוגורט מולר אקטיב פי,,,יוגורט מולר פירות יער מועשר 200 גר,גרמים,200.00,100 גרם,false,24,5.90,2.9500,true,1,210741
7290102841523,false,אבקה להכנה פירה 200,,,אבקה להכנה פירה 200 גר,גרמים,200.00,100 גרם,false,1,12.90,6.4500,true,1,212977
7290103243296,false,עוגה שוקוציפס 450 גר,,,עוגה שוקוציפס 450 גר,גרמים,450.00,100 גרם,false,1,9.90,2.2000,true,1,191105
7290103401429,false,קפה נמס קצב ברזילאי,STRAUSS-ISRAEL,,"קפה ""קצב ברזילאי"" 20",גרמים,200.00,100 גרם,false,1,24.90,12.4500,true,1,122703
7290103405960,true,"פינטס חריף 40 גר""",,,"פינטס חריף 40 גר""",גרמים,40.00,100 גרם,false,,2.39,5.9750,true,1,122746
7290103406097,true,"תפוצ""יפס שמן זית בטע",,,"תפוצ""יפס שמן זית בטע",גרמים,45.00,100 גרם,false,,4.69,10.4222,true,1,122749
7290103409395,true,"דוריטוס נאצ""ו מקסיקנ",,,"דוריטוס נאצ""ו מקסיקנ",Unknown,0.00,Unknown,false,,3.19,0.0000,true,1,122777
7290103409470,true,"חטיף ""דוריטוס"" חמוץ",,,"חטיף ""דוריטוס"" חמוץ",גרמים,55.00,100 גרם,false,,3.19,5.8000,true,1,122778
7290103409487,true,"חטיף ""דוריטוס"" נאצ""ו",,,"חטיף ""דוריטוס"" נאצ""ו",גרמים,55.00,100 גרם,false,,3.19,5.8000,true,1,122779
7290103681173,false,יין תבור הר קברנה סו,,,"יין תבור הר קברנה סוביניון 750 מ""ל",מיליליטרים,750.00,"100 מ""ל",false,1,35.90,4.7867,true,1,207586
7290103681739,false,יין תבור הר לבן 750,,,יין תבור הר לבן 750 מל,מיליליטרים,750.00,"100 מ""ל",false,1,35.90,4.7867,true,1,226154
7290103700027,true,מפות שאפו זוג,,,מפות שאפו זוג,פריט,0.00,פריט,false,,8.99,0.0000,true,1,122792
7290103700041,false,מטליות זיז טאצ רב שי,,,מטליות זיז טאצ רב שימושי מארז 9 יח,Unknown,0.00,Unknown,false,1,8.90,0.0000,true,1,122794
7290103700072,false,מטליות זיג זג לרצפה,,,מטליות זיג זג לרצפה טאצ 3 יח,Unknown,0.00,Unknown,false,1,8.90,0.0000,true,1,122797
7290103700379,false,כריות קרצוף טאצ שליש,,,כריות קרצוף טאצ שלישייה,Unknown,0.00,Unknown,false,1,9.90,0.0000,true,1,122809
7290103701116,true,מפיות שאפו 100 יח,,,מפיות שאפו 100 יח,פריט,0.00,פריט,false,,5.00,0.0000,true,1,122815
7290103703028,true,מפות שאפו,,,מפות שאפו,פריט,0.00,פריט,false,,5.00,0.0000,true,1,122817
7290103703042,true,מפות שאפו XL,,,מפות שאפו XL,פריט,0.00,פריט,false,,7.90,0.0000,true,1,122818
7290103703073,true,"שקיות אשפה ""שאפו"" 90",,,"שקיות אשפה ""שאפו"" 90",פריט,0.00,פריט,false,,15.99,0.0000,true,1,122820
7290103730000,true,"נייר טואלט ""לבלי"" 27",,,"נייר טואלט ""לבלי"" 27",פריט,0.00,פריט,false,,36.99,0.0000,true,1,122825
7290103749002,true,מפיות נייר משובחות 1,,,מפיות נייר משובחות 1,פריט,0.00,פריט,false,,5.90,0.0000,true,1,122830
7290104060366,true,"חטיף ""דוריטוס"" גריל",,,"חטיף ""דוריטוס"" גריל",גרמים,55.00,100 גרם,false,,3.19,5.8000,true,1,122833
7290104060403,false,מסטיק מאסט בטעם בזוק,STRAUSS-ISRAEL,,"מסטיק ""מאסט"" בטעם בז",גרמים,28.00,100 גרם,false,1,4.50,16.0714,true,1,122834
7290104061417,false,חומוס טחינה 400 גר,STRAUSS-ISRAEL,,חומוס טחינה 400 גר,גרמים,400.00,100 גרם,false,1,10.90,2.7250,true,1,122846
7290104061424,false,חומוס זעתר 400 גר,STRAUSS-ISRAEL,,חומוס זעתר 400 גר,גרמים,400.00,100 גרם,false,1,10.90,2.7250,true,1,122847
7290104061431,false,חומוס צנובר 400 גר,STRAUSS-ISRAEL,,חומוס צנובר 400 גר,גרמים,400.00,100 גרם,false,1,10.90,2.7250,true,1,122848
7290104061448,false,חומוס חריף 400 גר,STRAUSS-ISRAEL,,חומוס חריף 400 גר,גרמים,400.00,100 גרם,false,1,10.90,2.7250,true,1,122849
7290104063879,true,"מארז צ""יטוס גבינה 10",,,"מארז צ""יטוס גבינה 10",גרמים,300.00,100 גרם,false,,12.99,4.3300,true,1,135430
7290104065170,true,דנונה דיאט אפרסק,,,דנונה דיאט אפרסק,פריט,0.00,פריט,false,,4.50,0.0000,true,1,122875
7290104066016,false,מעדן מילקי טופ פצפוצ,STRAUSS-ISRAEL,,מעדן מילקי טופ פצפוצים 148 גר,גרמים,148.00,100 גרם,false,1,4.70,3.1757,true,1,122883
7290104067198,false,שוקולד ספלנדיד מריר,STRAUSS-ISRAEL,,"שוקולד ""ספלנדיד"" מרי",גרמים,100.00,100 גרם,false,1,9.90,9.9000,true,1,122901
7290104067679,false,טחינה אחלה 400 גר,STRAUSS-ISRAEL,,טחינה אחלה 400 גרי,גרמים,400.00,100 גרם,false,1,10.90,2.7250,true,1,158262
7290104067938,true,שוש אפוי 55 גרם,,,שוש אפוי 55 גרם,גרמים,55.00,100 גרם,false,,2.59,4.7091,true,1,122909
7290104068140,true,"צ""יטוס קראנצ""י גבינה",,,"צ""יטוס קראנצ""י גבינה",גרמים,60.00,100 גרם,false,,3.19,5.3167,true,1,122910
7290104068621,true,שוש אפוי בטעם גבינה,,,שוש אפוי בטעם גבינה,גרמים,40.00,100 גרם,false,,2.60,6.5000,true,1,122919
7290104500572,false,אפרופו איטליאנו 50 ג,אסם,,אפרופו איטליאנו 50 ג,גרמים,50.00,100 גרם,false,1,4.90,9.8000,true,1,122938
7290104501661,false,פודינג בטעם וניל צרפ,אסם,,פודינג בטעם וניל צרפ,גרמים,80.00,100 גרם,false,1,5.40,6.7500,true,1,122942
7290104570513,false,תמר מגהול 1 קג,פרי וירק טמרה ושותפי,,תמר מגהול 1קג,קילוגרמים,1.00,"ק""ג",false,1,15.90,15.9000,true,1,158648
7290104720475,true,"צ""יטוס סוויטוס במילו",,,"צ""יטוס סוויטוס במילו",גרמים,35.00,100 גרם,false,,3.19,9.1143,true,1,123004
7290104720482,true,"צ""יטוס סוויטוס במילו",,,"צ""יטוס סוויטוס במילו",גרמים,35.00,100 גרם,false,,3.19,9.1143,true,1,123005
7290104721687,true,דוריטוס ברביקיו 55 ג,,,דוריטוס ברביקיו 55 ג,גרמים,55.00,100 גרם,false,,3.19,5.8000,true,1,123024
7290104721694,true,דוריטוס אמריקן ברביק,,,דוריטוס אמריקן ברביק,גרמים,55.00,100 גרם,false,,3.19,5.8000,true,1,123025
7290104721779,true,"מארז צ""יטוס גבינה 60",,,"מארז צ""יטוס גבינה 60",Unknown,0.00,Unknown,false,,9.99,0.0000,true,1,123027
7290104722530,false,חטיף תפוציפס שמנת בצ,STRAUSS-ISRAEL,,"תפוצ""יפס שמנת בצל 20",גרמים,200.00,100 גרם,false,1,10.90,5.4500,true,1,123036
7290104722608,true,"תפוצ""יפס סטיקס טבעי",,,"תפוצ""יפס סטיקס טבעי",גרמים,65.00,100 גרם,false,,4.30,6.6154,true,1,123040
7290104722615,true,"תפוצ""יפס סטיקס 65 גר",,,"תפוצ""יפס סטיקס 65 גר",גרמים,65.00,100 גרם,false,,4.29,6.6000,true,1,123041
7290104722660,true,"תפוצ""יפס שמנת ופטריו",,,"תפוצ""יפס שמנת ופטריו",גרמים,60.00,100 גרם,false,,4.99,8.3167,true,1,123042
7290104722677,true,"תפוצ""יפס בלסמי בצל 6",,,"תפוצ""יפס בלסמי בצל 6",גרמים,60.00,100 גרם,false,,4.99,8.3167,true,1,123043
7290104722721,true,חטיף שוש ביג 55 גרם,,,חטיף שוש ביג 55 גרם,גרמים,55.00,100 גרם,false,,2.59,4.7091,true,1,123045
7290104722790,true,דוריטוס בטעם חריף אש,,,דוריטוס בטעם חריף אש,גרמים,200.00,100 גרם,false,,9.50,4.7500,true,1,123048
7290104722813,true,"דוריטוס טאקו 55 גר""",,,"דוריטוס טאקו 55 גר""",גרמים,55.00,100 גרם,false,,3.19,5.8000,true,1,123049
7290104724879,true,דוריטום סלסה חריפה 3,,,דוריטום סלסה חריפה 3,גרמים,326.00,100 גרם,false,,10.90,3.3436,true,1,123066
7290104724886,true,דוריטוס סלסה מעודנת,,,דוריטוס סלסה מעודנת,גרמים,326.00,100 גרם,false,,10.99,3.3712,true,1,123067
7290104725401,true,משקה בוקר בטעם תות ב,,,משקה בוקר בטעם תות ב,פריט,0.00,פריט,false,,15.90,0.0000,true,1,123077
7290104725562,true,מארז רביעייה שוש 65,,,מארז רביעייה שוש 65,Unknown,0.00,Unknown,false,,8.99,0.0000,true,1,123082
7290104726736,true,"תפוצ""יפס שמן זית בטע",,,"תפוצ""יפס שמן זית בטע",גרמים,170.00,100 גרם,false,,10.99,6.4647,true,1,123108
7290104727061,true,"תפוצ""יפס קידס 25 גר""",,,"תפוצ""יפס קידס 25 גר""",גרמים,25.00,100 גרם,false,,2.19,8.7600,true,1,123113
7290104727078,true,"תפוצ""יפס קידס 25 גר""",,,"תפוצ""יפס קידס 25 גר""",גרמים,25.00,100 גרם,false,,2.19,8.7600,true,1,123114
7290104727085,true,"צ""יטוס איקס עיגול כש",,,"צ""יטוס איקס עיגול כש",גרמים,35.00,100 גרם,false,,2.19,6.2571,true,1,123115
7290104727092,true,"צ""יטוס כאפה כשל""פ 35",,,"צ""יטוס כאפה כשל""פ 35",גרמים,35.00,100 גרם,false,,2.19,6.2571,true,1,123116
7290104727108,true,"חטיף שוש 40 גר"" כשל""",,,"חטיף שוש 40 גר"" כשל""",גרמים,40.00,100 גרם,false,,2.19,5.4750,true,1,123117
7290104728143,true,"מארז תפוצ""יפס סטיקס",,,"מארז תפוצ""יפס סטיקס",Unknown,0.00,Unknown,false,,11.99,0.0000,true,1,123131
7290104728310,false,שמנת עמידה לקצפת 38%,STRAUSS-ISRAEL,,שמנת עמידה לקצפת 38%,מיליליטרים,250.00,"100 מ""ל",false,1,6.47,2.5880,true,1,123133
7290104728815,true,"צ""יטוס פופקורן לייט",,,"צ""יטוס פופקורן לייט",Unknown,0.00,Unknown,false,,10.50,0.0000,true,1,123146
7290104728853,true,"דוריטוס דיפ 150 גר""",,,"דוריטוס דיפ 150 גר""",גרמים,150.00,100 גרם,false,,5.20,3.4667,true,1,123147
7290104729003,false,שמן זית כתית מעולה 7,STRAUSS-ISRAEL,,שמן זית כתית מעולה 750 מל,מיליליטרים,750.00,"100 מ""ל",false,1,32.90,4.3867,true,1,123152
7290104963001,false,מגבונים לחים סופטקר,,,מגבונים לחים סופטקר בניחוח עדן רביעייה,Unknown,0.00,Unknown,false,1,18.90,0.0000,true,1,185185
7290104963988,false,רול און הגנה לילדים,,,רול און הגנה לילדים סקין גארד 50 SPF,מיליליטרים,70.00,"100 מ""ל",false,1,24.90,35.5714,true,1,197588
7290105360281,true,שוש במילוי וניל 60גר,,,שוש במילוי וניל 60גר,גרמים,60.00,100 גרם,false,,4.19,6.9833,true,1,123167
7290105360861,true,תפוציפס 100 גר מארז,,,תפוציפס 100 גר מארז,גרמים,300.00,100 גרם,false,,15.99,5.3300,true,1,133112
7290105360878,false,חטיף תפוציפס טבעי רב,STRAUSS-ISRAEL,,תפוציפס טבעי 50גר מארז רביעייה,גרמים,200.00,100 גרם,false,1,11.90,5.9500,true,1,161454
7290105361240,true,"חומוס ""אחלה"" לניגוב",,,"חומוס ""אחלה"" לניגוב",פריט,0.00,פריט,false,,10.99,0.0000,true,1,123174
7290105362339,false,שמנת יטבתה לבישול 25,STRAUSS-ISRAEL,,"שמנת ""יטבתה"" לבישול",מיליליטרים,250.00,"100 מ""ל",false,1,7.90,3.1600,true,1,123182
7290105362377,false,חטיף כיף כף חלב מגדי,STRAUSS-ISRAEL,,חטיף כיף כף חלב מגדים 45 גר,גרמים,45.00,100 גרם,false,24,3.90,8.6667,true,1,123185
7290105363190,true,"תפוצ""יפס שמן זית טבע",,,"תפוצ""יפס שמן זית טבע",גרמים,60.00,100 גרם,false,,4.99,8.3167,true,1,123199
7290105363206,true,"תפוצ""יפס שמן זית מלח",,,"תפוצ""יפס שמן זית מלח",גרמים,60.00,100 גרם,false,,4.99,8.3167,true,1,123200
7290105363602,false,חטיף כיף כף מקלות קל,SOLEN CIKOLATA GIDA,,שוקולד כיף כף מקלות קלאסי 42 גר,גרמים,40.00,100 גרם,false,1,4.90,12.2500,true,1,134829
7290105364302,false,חטיף כיף כף מקלות אג,,,שוקולד כיף כף מקלות אגוזים 42 גר,גרמים,42.00,100 גרם,false,1,4.90,11.6667,true,1,134828
7290105364920,true,"חציל ""אחלה"" בלאדי קל",,,"חציל ""אחלה"" בלאדי קל",פריט,0.00,פריט,false,,4.99,0.0000,true,1,123210
7290105366023,false,חצילים בטעם כבד אחלה,STRAUSS-ISRAEL,,"סלט ""אחלה"" חציל בטעם",גרמים,400.00,100 גרם,false,1,14.90,3.7250,true,1,123217
7290105366153,true,"תפוצ""יפס קטשופ 65גר""",,,"תפוצ""יפס קטשופ 65גר""",גרמים,65.00,100 גרם,false,,4.29,6.6000,true,1,123221
7290105366177,true,"תפוצ""יפס צ""ילי מתוק",,,"תפוצ""יפס צ""ילי מתוק",גרמים,60.00,100 גרם,false,,4.99,8.3167,true,1,123222
7290105366238,true,דוריטוס מפגש ספייסי,,,דוריטוס מפגש ספייסי,גרמים,120.00,100 גרם,false,,6.20,5.1667,true,1,134899
7290105366269,true,דוריטוס מנופח טעם שמ,,,דוריטוס מנופח טעם שמ,גרמים,6000.00,100 גרם,false,,3.20,0.0533,true,1,132758
7290105366337,true,דוריטוס מנופח בטעם ב,,,דוריטוס מנופח בטעם ב,גרמים,8000.00,100 גרם,false,,3.90,0.0487,true,1,132755
7290105366344,true,דוריטוס מנופח טעם שמ,,,דוריטוס מנופח טעם שמ,גרמים,8000.00,100 גרם,false,,3.90,0.0487,true,1,132756
7290105366795,true,"יוגורט ""אקטיביה"" פיר",,,"יוגורט ""אקטיביה"" פיר",פריט,0.00,פריט,false,,5.20,0.0000,true,1,134826
7290105368331,false,מילקי תות 133 גר,STRAUSS-ISRAEL,,"מילקי תות 170 מ""ל",גרמים,133.00,100 גרם,false,1,2.90,2.1805,true,1,132851
7290105368508,true,"צ""יטוס כדורים בטעם ב",,,"צ""יטוס כדורים בטעם ב",Unknown,0.00,Unknown,false,,3.59,0.0000,true,1,123233
7290105368966,true,מילקשייק טעם וניל פט,,,מילקשייק טעם וניל פט,פריט,0.00,פריט,false,,6.42,0.0000,true,1,132850
7290105369611,true,"חטיף ""דוריטוס דיפ"" ב",,,"חטיף ""דוריטוס דיפ"" ב",Unknown,0.00,Unknown,false,,5.19,0.0000,true,1,123246
7290105434050,false,דאודורנט גל 24/7 ספי,Colgate - USA,,דאודורנט גל 24/7 ספיד סטיק 85 גר,Unknown,0.00,Unknown,false,1,18.90,0.0000,true,1,227507
7290105434067,false,דאודורנט גל 24/7 ספי,Colgate - USA,,דאודורנט גל 24/7 ספיד סטיק 85 גר,Unknown,0.00,Unknown,false,1,18.90,0.0000,true,1,227508
7290105436382,false,פרי חטיפי בריאות תמר,FREE,,פרי חטיפי בריאות תמרים,גרמים,125.00,100 גרם,false,1,16.90,13.5200,true,1,162218
7290105438539,false,נייר אפייה קוקי 40 י,,,נייר אפייה קוקי 40 יח,Unknown,0.00,Unknown,false,1,9.90,0.0000,true,1,210519
7290105439499,false,מיונז מאסטר שף הולנד,REMIA,,מיונז מאסטר שף הולנדי 481 גר,גרמים,483.00,100 גרם,false,1,10.90,2.2567,true,1,184082
7290105439581,false,חרדל דיזון מאסטר שף,Covinor sas,,חרדל דיזון מאסטר שף 370 גר,גרמים,370.00,100 גרם,false,1,9.90,2.6757,true,1,184083
7290105473950,false,חול מתגבש לחתולים 5,,,חול מתגבש לחתולים 5 קג,קילוגרמים,5.00,"ק""ג",false,1,39.90,7.9800,true,1,159597
7290105474063,false,מעדן מוס לה קט כבד 1,,,מעדן מוס לה קט כבד 155 גר,גרמים,155.00,100 גרם,false,1,5.90,3.8065,true,1,160527
7290105474179,false,מזון לחתולים לה קט פ,,,מזון לחתולים לה קט פטה מולטיפק רביעייה,גרמים,400.00,100 גרם,false,1,17.90,4.4750,true,1,163205
7290105475787,false,מעדני לה קט נתחונים,,,מעדני לה קט נתחונים בגלי 3*40,גרמים,1200.00,100 גרם,false,1,23.90,1.9917,true,1,184003
7290105500151,false,וודקה פינלנדיה 700 מ,,,"וודקה ""פינלנדיה"" 0.7 ל",מיליליטרים,700.00,"100 מ""ל",false,1,59.90,8.5571,true,1,134266
7290105500236,false,ויסקי גק דניאלס 700,בראון,,ויסקי גק דניאלס 700 מל,מיליליטרים,700.00,"100 מ""ל",false,6,109.90,15.7000,true,1,135876
7290105500748,false,ויסקי פיימוס גראוס 7,,,"וויסקי ""פיימוס גראוס"" 700 מל",מיליליטרים,700.00,"100 מ""ל",false,1,79.90,11.4143,true,1,157542
7290105500953,false,ויסקי גיק דניאלס דבש,,,וויסקי גיק דניאלס דבש 700מל,מיליליטרים,700.00,"100 מ""ל",false,1,109.90,15.7000,true,1,159466
7290105501103,false,ויסקי גק דניאלס 700,,,ויסקי גק דניאלס 700 מל+כוס,מיליליטרים,700.00,"100 מ""ל",false,1,109.90,15.7000,true,1,183536
7290105501547,false,מארז וודקה גריי גוס,בקרדי מרטיני,FR,וודקה גריי גוס 700 מל פלוס כוס מתכת,מיליליטרים,700.00,"100 מ""ל",false,6,119.90,17.1286,true,1,223621
7290105691712,false,עוגיות הפסקת קפה 230,אסם,,עוגיות הפסקת קפה 230,גרמים,230.00,100 גרם,false,1,9.90,4.3043,true,1,123275
7290105693341,false,במבה 25 גר עשירייה,אסם,,במבה אריזת עשירייה,גרמים,250.00,100 גרם,false,1,15.90,6.3600,true,1,158401
7290105694614,false,ספגטי אסם מהיר הכנה,זארה,,"ספגטי ""אסם"" מהיר הכנה 500 גר",גרמים,500.00,100 גרם,false,1,6.90,1.3800,true,1,133634
7290105960535,true,מארז רביעיית מעדן גו,,,מארז רביעיית מעדן גו,פריט,0.00,פריט,false,,12.00,0.0000,true,1,133261
7290105961167,true,רביולי גבינה ופלפלים,,,רביולי גבינה ופלפלים,פריט,0.00,פריט,false,,20.99,0.0000,true,1,132593
7290105961174,true,רביולי גבינה ופלפלים,,,רביולי גבינה ופלפלים,פריט,0.00,פריט,false,,20.99,0.0000,true,1,132594
7290105962980,false,כרוב אדום אחלה 400 ג,STRAUSS-ISRAEL,,"כרוב אדום ""אחלה"" 400 גר",גרמים,400.00,100 גרם,false,1,10.90,2.7250,true,1,132854
7290105962997,false,חצילים במיונז אחלה 4,STRAUSS-ISRAEL,,"חצילים במיונז ""אחלה"" 400 גר",גרמים,400.00,100 גרם,false,1,10.90,2.7250,true,1,132853
7290105963000,false,מטבוחה אחלה 400 גר,STRAUSS-ISRAEL,,"מטבוחה ""אחלה"" 400 גר",גרמים,400.00,100 גרם,false,1,10.90,2.7250,true,1,132852
7290105963154,true,"פופקורן ""עלית"" 30 גר",,,"פופקורן ""עלית"" 30 גר",גרמים,30.00,100 גרם,false,,2.59,8.6333,true,1,133943
7290105964564,false,חומוס אחלה 400 גר,,,חומוס אחלה 400 גר,גרמים,400.00,100 גרם,false,1,7.90,1.9750,true,1,134227
7290105964885,true,תפוציפס ברביקיו 50 ג,,,תפוציפס ברביקיו 50 ג,גרמים,50.00,100 גרם,false,,4.30,8.6000,true,1,133447
7290105965066,true,ציטוס דולפינים 15 גר,,,ציטוס דולפינים 15 גר,גרמים,180.00,100 גרם,false,,11.90,6.6111,true,1,133111
7290105965073,true,שוש 20 גר מארז 12 יח,,,שוש 20 גר מארז 12 יח,גרמים,240.00,100 גרם,false,,10.99,4.5792,true,1,133113
7290105965738,false,יוגורט דנונה לשתייה,STRAUSS-ISRAEL,,יוגורט דנונה לשתייה תות בננה 267מל,מיליליטרים,267.00,"100 מ""ל",false,1,5.00,1.8727,true,1,159726
7290105966056,true,"דוריטוס מנופח צ""ילי",,,"דוריטוס מנופח צ""ילי",גרמים,60.00,100 גרם,false,,3.20,5.3333,true,1,137827
7290105966285,true,"תפוצ""יפס ""מה הטעם?""",,,"תפוצ""יפס ""מה הטעם?""",גרמים,60.00,100 גרם,false,,10.50,17.5000,true,1,136861
7290105966292,true,"תפוצ""יפס ""מה הטעם?""",,,"תפוצ""יפס ""מה הטעם?""",גרמים,60.00,100 גרם,false,,4.30,7.1667,true,1,136862
7290105966735,true,"תפוצ""יפס בטעם איטלקי",,,"תפוצ""יפס בטעם איטלקי",גרמים,50.00,100 גרם,false,,4.29,8.5800,true,1,135570
7290105966742,true,"תפוצ""יפס בטעם איטלקי",,,"תפוצ""יפס בטעם איטלקי",גרמים,200.00,100 גרם,false,,11.99,5.9950,true,1,135428
7290106520905,false,סלט טורקי אחלה 400 ג,STRAUSS-ISRAEL,,"סלט טורקי ""אחלה"" 400 גר",גרמים,400.00,100 גרם,false,1,14.90,3.7250,true,1,136393
7290106520912,false,שמנת לבישול יטבתה 9%,STRAUSS-ISRAEL,,"שמנת לבישול ""יטבתה"" 9%",מיליליטרים,250.00,"100 מ""ל",false,1,7.90,3.1600,true,1,137116
7290106520929,true,"גבינת ""סימפוניה"" בטע",,,"גבינת ""סימפוניה"" בטע",פריט,0.00,פריט,false,,11.30,0.0000,true,1,157269
7290106521131,true,"תפוצ""יפס ""מה הטעם?""",,,"תפוצ""יפס ""מה הטעם?""",גרמים,60.00,100 גרם,false,,4.90,8.1667,true,1,136863
7290106523449,true,חטיף דוריטוס דיף נפו,,,חטיף דוריטוס דיף נפו,גרמים,200.00,100 גרם,false,,9.50,4.7500,true,1,158866
7290106524323,true,חטיף דוריטוס מנופח ס,,,חטיף דוריטוס מנופח ס,גרמים,60.00,100 גרם,false,,3.20,5.3333,true,1,160800
7290106524330,true,חטיף דוריטוס מנופח ס,,,חטיף דוריטוס מנופח ס,גרמים,80.00,100 גרם,false,,3.90,4.8750,true,1,160799
7290106524514,true,חטיף שושים קרמל 60 ג,,,חטיף שושים קרמל 60 ג,גרמים,60.00,100 גרם,false,,4.30,7.1667,true,1,158430
7290106524613,true,"חטיף ""דוריטוס"" גריל",,,"חטיף ""דוריטוס"" גריל",גרמים,200.00,100 גרם,false,,9.50,4.7500,true,1,157575
7290106526822,false,פריכיות אנרגי תחתית,STRAUSS-ISRAEL,,פריכיות אנרגי תחתית שוקולד חלב 80 גר,גרמים,80.00,100 גרם,false,1,7.90,9.8750,true,1,158781
7290106527560,true,חטיף תפוציפס אמריקן,,,חטיף תפוציפס אמריקן,גרמים,50.00,100 גרם,false,,4.30,8.6000,true,1,160472
7290106528628,false,חטיף דוריטוס דיפאס ט,STRAUSS-ISRAEL,,חטיף דוריטוס טבעי 185 גר,גרמים,185.00,100 גרם,false,12,6.90,3.7297,true,1,184809
7290106572027,false,לחמית קרקר חמישה דגנ,אסם,,לחמית קרקר חמישה דגנים 190 גר,גרמים,190.00,100 גרם,false,1,8.90,4.6842,true,1,135100
7290106572997,false,קמח שמרים לפיצה 1 קג,תחנת קמח המפרץ,,"קמח שמרים לפיצה 1 ק""ג",קילוגרמים,1.00,"ק""ג",false,1,9.90,9.9000,true,1,137143
7290106573277,false,קרקר קריספי טאפאס זי,אסם,,"קרקר ""קריספי"" טאפאס זיתים 150 גר",גרמים,150.00,100 גרם,false,1,10.90,7.2667,true,1,158014
7290106573314,false,קרקר קריספי טאפאס פי,אסם,,"קרקר ""קריספי"" טאפאס פיזורים 150 גר",גרמים,150.00,100 גרם,false,1,10.90,7.2667,true,1,158016
7290106574793,false,עוגת הבית סופלה בטעם,אסם,,עוגת הבית סופלה בטעם שוקולד 340 גר,גרמים,340.00,100 גרם,false,1,12.90,3.7941,true,1,139783
7290106574953,false,בייגלה שטוחים שומשום,אסם,,בייגלה שטוחים שומשום 300 גר,גרמים,300.00,100 גרם,false,1,9.90,3.3000,true,1,157700
7290106574977,false,בייגלה שטוחים עם מלח,אסם,,בייגלה שטוחים עם מלח 300 גר,גרמים,300.00,100 גרם,false,1,9.90,3.3000,true,1,157702
7290106575332,false,פתיתים אפויים + בורג,קוסקוס,,פתיתים אפויים + בורגול 400 גר,גרמים,400.00,100 גרם,false,1,7.90,1.9750,true,1,157457
7290106576537,false,חומוס מסעדה צבר 700,צבר,,"חומוס מסעדה ""צבר"" 700 גר",גרמים,700.00,100 גרם,false,1,10.90,1.5571,true,1,157698
7290106577541,false,כרוב אדום צבר 400 גר,צבר,,"כרוב אדום ""צבר"" 400 גר",גרמים,400.00,100 גרם,false,1,12.90,3.2250,true,1,158038
7290106577572,false,מטבוחה צבר 400 גר,צבר,,מטבוחה צבר 400 גר,גרמים,400.00,100 גרם,false,1,12.90,3.2250,true,1,158031
7290106652651,true,"מארז תפוצ""יפס ""מה הט",,,"מארז תפוצ""יפס ""מה הט",Unknown,0.00,Unknown,false,,14.99,0.0000,true,1,136864
7290106653436,true,"קרקר פיתה קראנץ"" בטע",,,"קרקר פיתה קראנץ"" בטע",גרמים,130.00,100 גרם,false,,7.90,6.0769,true,1,157362
7290106653443,true,"קרקר פיתה קראנץ"" בטע",,,"קרקר פיתה קראנץ"" בטע",גרמים,130.00,100 גרם,false,,7.90,6.0769,true,1,157363
7290106654723,true,"חטיף ""דוריטוס"" מפגש",,,"חטיף ""דוריטוס"" מפגש",גרמים,120.00,100 גרם,false,,6.20,5.1667,true,1,157364
7290106655485,true,"מארז שמיניית ""דנונה""",,,"מארז שמיניית ""דנונה""",פריט,0.00,פריט,false,,21.90,0.0000,true,1,157267
7290106656666,true,"חטיף ""שוש"" 30 גר",,,"חטיף ""שוש"" 30 גר",גרמים,30.00,100 גרם,false,,2.00,6.6667,true,1,157574
7290106658493,true,חטיף דוריטוס ציז ספי,,,חטיף דוריטוס ציז ספי,גרמים,200.00,100 גרם,false,,9.50,4.7500,true,1,159813
7290106661547,true,חטיף דוריטוס פלאפל 7,,,חטיף דוריטוס פלאפל 7,גרמים,70.00,100 גרם,false,,3.90,5.5714,true,1,160801
7290106663183,false,חטיף ציטוס גבינה 65,,,חטיף ציטוס גבינה 65 גר,גרמים,65.00,100 גרם,false,1,4.30,6.6154,true,1,192106
7290106665491,false,חטיף שוקולד פסק זמן,STRAUSS-ISRAEL,,חטיף פסק זמן קלאסי 43 גר,גרמים,43.00,100 גרם,false,1,4.90,11.3953,true,1,164194
7290106668577,false,מיץ לימון טבעי יד מר,,,"מיץ לימון יד מרדכי טבעי 250 מ""ל",מיליליטרים,250.00,"100 מ""ל",false,1,7.90,3.1600,true,1,180994
7290106668713,false,יוגורט דנונה פירות י,,,יוגורט דנונה פירות יער 150 גר,גרמים,150.00,100 גרם,false,1,3.90,2.6000,true,1,180976
7290106721364,true,תפוציפס מקסיקני 50גר,,,תפוציפס מקסיקני 50גר,גרמים,200.00,100 גרם,false,,11.90,5.9500,true,1,160804
7290106721388,true,חטיף דוריטוס צילי לי,,,חטיף דוריטוס צילי לי,גרמים,70.00,100 גרם,false,,3.90,5.5714,true,1,162019
7290106721807,false,סלט חציל פיקנטי אחלה,STRAUSS-ISRAEL,,סלט חציל פיקנטי אחלה 400 גר,גרמים,400.00,100 גרם,false,1,10.90,2.7250,true,1,164445
7290106721913,false,מסטיק מאסט בטעם מנטה,,,מסטיק מאסט בטעם מנטה 66 גר,גרמים,66.00,100 גרם,false,12,9.90,15.0000,true,1,180606
7290106721920,false,מסטיק מאסט מנטה עדינ,,,מסטיק מאסט מנטה עדינה 66 גר,גרמים,66.00,100 גרם,false,12,9.90,15.0000,true,1,180605
7290106725867,false,סירופ מייפל טבעי יד,STRAUSS-ISRAEL,,"סירופ מייפל יד מרדכי טבעי 189 מ""ל",מיליליטרים,189.00,"100 מ""ל",false,1,29.90,15.8201,true,1,183198
7290106727984,false,חטיף ביסקוויט כיף כף,,,"חטיפי ביסקוויט ""כיף כף"" פצפצים 135 גר",גרמים,135.00,100 גרם,false,1,9.90,7.3333,true,1,187229
7290107280020,false,מטליות לחות לניקוי כ,,,מגבונים לחים סנו סושי לניקוי כללי שלישיה,Unknown,0.00,Unknown,false,1,18.90,0.0000,true,1,158862
7290107280099,false,מגבוני טואלט לחים סנ,,,"מגבוני טואלט לחים ""סנו סופט"" שלישייה",Unknown,0.00,Unknown,false,1,14.90,0.0000,true,1,161486
7290107280341,false,מטליות לחות לניקוי,סנו,IL,ריצפז מטליות לחות מלון מפנק,Unknown,0.00,Unknown,false,12,10.90,0.0000,true,1,210594
7290107280563,false,מסיר כתמים סנו אוקסי,,,מסיר כתמים סנו אוקסיגין בייבי 3ל,ליטרים,3.00,ליטר,false,1,26.90,8.9667,true,1,162540
7290107280570,false,גיל כביסה מקסימה לכב,,,גיל כביסה סנו מקסימה לכביסה צבעונית 3ל,ליטרים,3.00,ליטר,false,1,28.90,9.6333,true,1,162539
7290107280587,false,סבון אסלה סנובון פרח,,,סבון אסלה סנובון דאבל אקשן פרחים ורודים,גרמים,165.00,100 גרם,false,1,11.90,7.2121,true,1,181006
7290107280761,false,נוזל כלים ספארק לימו,,,נוזל כלים ספארק לימון משאבה 1ל,ליטרים,1.00,ליטר,false,12,10.90,10.9000,true,1,163935
7290107645584,false,מרק קנור עוף אמיתי ט,,,מרק קנור עוף אמיתי טבעי 400 גר,גרמים,400.00,100 גרם,false,1,21.90,5.4750,true,1,198253
7290107645591,false,מרק קנור בטעם עוף אמ,,,מרק קנור בטעם עוף אמיתי טבעי 400 גר,גרמים,400.00,100 גרם,false,1,14.90,3.7250,true,1,198256
7290107646062,false,מרק קנור בצל אמיתי ט,,,מרק קנור בצל אמיתי טבעי 400 גר,גרמים,400.00,100 גרם,false,1,21.90,5.4750,true,1,198255
7290107646154,false,חטיף תלמה קוקומן שוק,,,חטיף תלמה קוקומן שוקו 126 גר שישייה,גרמים,126.00,100 גרם,false,1,11.90,9.4444,true,1,198248
7290107647731,false,דגני בוקר קוקומן חום,אתר שפע,,דגני בוקר קוקומן חום לבן בדצ 375 גר,גרמים,375.00,100 גרם,false,1,16.90,4.5067,true,1,194856
7290107648974,false,רוטב לפסטה קנור בזיל,יוניליוור,IT,רוטב לפסטה קנור בזיליקום 415 גר,גרמים,415.00,100 גרם,false,6,12.90,3.1084,true,1,202683
7290107648981,false,רוטב לפסטה קנור פומו,,,רוטב לפסטה קנור פומודורו 415 גר,גרמים,415.00,100 גרם,false,1,12.90,3.1084,true,1,198252
7290107789295,false,נורת לד 12 וואט ליבו,,,נורת לד 12 וואט ליבון וולטר,Unknown,0.00,Unknown,false,1,9.90,0.0000,true,1,223278
7290107796002,false,שלישיית נורות לד 10,,,שלישיית נורות לד 10 וואט נפטון,Unknown,0.00,Unknown,false,1,19.90,0.0000,true,1,223276
7290107798990,false,נורת לד 7 וואט הברגה,,,נורת לד 7 וואט הברגה דקה נר,Unknown,0.00,Unknown,false,1,6.90,0.0000,true,1,223277
7290107871990,false,"פסטה צינורות 500 ג""ר",זארה,,"פסטה צינורות 500 ג""ר",גרמים,500.00,100 גרם,false,1,5.90,1.1800,true,1,161864
7290107874502,false,ביסלי אסם גריל 55 גר,אסם,,ביסלי אסם גריל 55גר מארז רביעייה,גרמים,220.00,100 גרם,false,1,11.90,5.4091,true,1,164931
7290107875271,false,ביסלי אסם ברביקיו 55,,,ביסלי אסם ברביקיו 55 גר מארז רביעייה,גרמים,220.00,100 גרם,false,1,11.90,5.4091,true,1,185513
7290107875820,false,קרוטונים אפויים אסם,עינת,,קרוטונים אפויים אסם בתיבול ביתי 180גר,גרמים,180.00,100 גרם,false,1,10.90,6.0556,true,1,164932
7290107877619,false,במבה אסם נוגט 30גר 5,אסם,,במבה אסם נוגט 30גר 5 יח,גרמים,150.00,100 גרם,false,1,12.90,8.6000,true,1,182744
7290107930321,false,קונפיטורת דובדבן יד,STRAUSS-ISRAEL,,קונפיטורה יד מרדכי דובדבן 340 גר,גרמים,340.00,100 גרם,false,1,12.90,3.7941,true,1,181990
7290107932080,false,חלב יטבתה מעושר 3% ב,STRAUSS-ISRAEL,,חלב יטבתה מעושר 3% בק 1 ל,ליטרים,1.00,ליטר,false,1,7.70,7.7000,true,1,183147
7290107932134,false,חלב יטבתה מעושר 1% ב,STRAUSS-ISRAEL,,חלב יטבתה מעושר 1% בק 1 ל,ליטרים,1.00,ליטר,false,1,7.70,7.7000,true,1,183148
7290107935999,false,עוגיות עד חצות חלב ק,STRAUSS-ISRAEL,,עוגיות עד חצות חלב קרמל 190 גר,גרמים,190.00,100 גרם,false,1,11.90,6.2632,true,1,184091
7290107936309,false,יוגורט דנונה יווני ל,,,יוגורט דנונה יווני לבן 130 גר,גרמים,130.00,100 גרם,false,1,3.50,2.6923,true,1,188617
7290107938396,false,משקה יוגורט תות אקטי,,,משקה יוגורט תות אקטימל 108 גר 8 יח,גרמים,864.00,100 גרם,false,1,20.90,2.4190,true,1,186789
7290107940467,false,יוגורט אקטיביה 1.5%,,,יוגורט אקטיביה 1.5% 200 גר,גרמים,200.00,100 גרם,false,1,3.90,1.9500,true,1,186778
7290107942355,false,חטיף תפוציפס מקלות ט,,,חטיף תפוציפס מקלות טעם טבעי 60 גר,גרמים,60.00,100 גרם,false,1,3.90,6.5000,true,1,189015
7290107943369,false,קוואקר שיבולת שועל ל,,,קוואקר שיבולת שועל ללא גלוטן 511 גר,גרמים,511.00,100 גרם,false,1,18.90,3.6986,true,1,194542
7290107944236,false,רולדה עלית קפה נמס 3,,,רולדה עלית קפה נמס 350 גר,גרמים,350.00,100 גרם,false,1,14.90,4.2571,true,1,193247
7290107944472,false,גבינת שמנת סימפוניה,,,גבינת שמנת סימפוניה שום שמיר 5% 200 גר,גרמים,200.00,100 גרם,false,1,10.90,5.4500,true,1,189088
7290107950183,false,מעדן שטראוס דיאט וני,,,מעדן שטראוס דיאט וניל 130 גר,גרמים,130.00,100 גרם,false,1,3.20,2.4615,true,1,188614
7290107951104,false,וופל בטעם שוקולד 200,,,בפלות עלית שוקולד 200 גר,גרמים,200.00,100 גרם,false,1,4.90,2.4500,true,1,189167
7290107954709,false,קונפיטורת פירות יער,,,קונפיטורה יד מרדכי פירות יער 340 גר,גרמים,340.00,100 גרם,false,1,12.90,3.7941,true,1,193493
7290107954976,false,משקה יטבתה פרו קפה 3,,,"משקה יטבתה פרו קפה 350 מ""ל",מיליליטרים,350.00,"100 מ""ל",false,8,6.50,1.8571,true,1,193869
7290107955782,false,שוקולד מריר ללא סוכר,,,שוקולד עלית מריר ללא סוכר 100 גר,גרמים,100.00,100 גרם,false,1,7.90,7.9000,true,1,198756
7290107956543,false,דבש טהור יד מרדכי 90,STRAUSS-ISRAEL,,דבש טהור 900 גר,גרמים,900.00,100 גרם,false,1,39.90,4.4333,true,1,207790
7290107956642,false,שמן זית תרסיס יד מרד,,,תרסיס שמן זית יד מרדכי 150 גר,מיליליטרים,150.00,"100 מ""ל",false,1,17.90,11.9333,true,1,197210
7290107956901,false,קפסולות קפה בטעם אגו,,,קפסולות עלית אספרסו בטעם אגוזים 150 גר,גרמים,50.00,100 גרם,false,1,15.90,31.8000,true,1,196524
7290107957229,false,נטיפי שוקולד ציפס מר,,,שוקולד ציפס מריר עלית 250 גר,גרמים,250.00,100 גרם,false,1,11.90,4.7600,true,1,198765
7290107957991,false,עוגיות אישיות מילקי,,,עוגיות אישי מילקי קייק מיניס במילוי קרם,גרמים,144.00,100 גרם,false,1,14.90,10.3472,true,1,200921
7290107958035,false,יוגורט דנונה מתיקות,,,יוגורט דנונה מתיקות מעודנת לא סוכר 8 יח,גרמים,1200.00,100 גרם,false,1,17.90,1.4917,true,1,196427
7290107973014,false,סבון ידיים פלמוליב ח,,,"סבון ידיים פלמוליב חלב ודבש 300 מ""ל",מיליליטרים,300.00,"100 מ""ל",false,1,10.90,3.6333,true,1,186997
7290107973809,false,עגבניות קוביות מנה 4,פראנו אנריקו ופיגלי,,עגבניות קוביות מנה 400 גר,גרמים,400.00,100 גרם,false,1,4.90,1.2250,true,1,187558
7290107974080,false,עלי טורטיה מאסטר שף,אלקטי קורביישיסי,,עלי טורטיה מאסטר שף קמח לבן 840 גר,גרמים,756.00,100 גרם,false,1,15.90,2.1032,true,1,185871
7290107974820,false,מיונז מאסטר שף מתובל,REMIA,,מיונז מאסטר שף מתובל ספייסי 252 גר,גרמים,248.00,100 גרם,false,1,7.90,3.1855,true,1,188703
7290107976848,false,סבון פלמוליב קמומיל,CP - Turkey+60,,סבון פלמוליב קמומיל 90 גר רביעייה,גרמים,360.00,100 גרם,false,1,15.90,4.4167,true,1,195736
7290107978330,false,אטריות מאסטר שף דקות,,,אטריות מאסטר שף דקות 400 גר,גרמים,400.00,100 גרם,false,1,5.90,1.4750,true,1,193589
7290108071191,false,בוקט סוכריות על מקל,,,בוקט סוכריות על מקל מיניונים 10 יח,Unknown,0.00,Unknown,false,1,12.90,0.0000,true,1,201627
7290108073218,false,בועות סבון ספיידרמן,דולקפ,,"בועות סבון ספיידרמן 60 מ""ל",מיליליטרים,60.00,"100 מ""ל",false,1,2.90,4.8333,true,1,189517
7290108079357,false,בלונים על מקל יום הו,,,בלונים על מקל יום הולדת כסף,Unknown,0.00,Unknown,false,1,29.90,0.0000,true,1,190091
7290108200225,false,אבקה וניש קליה ורוד,רקיט,,אבקה וניש קליה ורוד 470 גר,גרמים,470.00,100 גרם,false,1,14.80,3.1489,true,1,180876
7290108201437,false,אבקת כביסה קולון 101,,,"אבקת כביסה קולון ""101"" 2.5 ק""ג",קילוגרמים,2.50,"ק""ג",false,1,24.90,9.9600,true,1,192200
7290108201864,false,קפסולות גל כביסה קול,רקיט,,קפסולות גל קולון 28 יח,גרמים,607.00,100 גרם,false,1,24.90,4.1021,true,1,200037
7290108350555,false,נוזל כלים סנו ספארק,,,נוזל כלים סנו ספארק שקד 1 ל,ליטרים,1.00,ליטר,false,1,10.90,10.9000,true,1,181010
7290108351149,false,גל גט לניקוי כללי ור,,,גל לניקוי כללי ורצפות+סודה סנו גט פלוס,ליטרים,1.50,ליטר,false,1,11.90,7.9333,true,1,189777
7290108351156,false,גל גט לניקוי כללי ור,,,גל לניקוי כללי ורצפות+חומץ סנו גט פלוס,ליטרים,1.50,ליטר,false,1,11.90,7.9333,true,1,189776
7290108351552,false,נוזל ניקוי סנו גט בת,,,"נוזל ניקוי סנו ג""ט בתוספת חומץ 750 מ""ל",מיליליטרים,750.00,"100 מ""ל",false,1,10.90,1.4533,true,1,196442
7290108351569,false,מבשם ומרכך למייבש מק,,,סנו מקסימה מבשם ומרכך למייבש הכביסה בייב,מיליליטרים,750.00,"100 מ""ל",false,1,18.90,2.5200,true,1,193536
7290108351583,false,גל לניקוי אסלות סנו,,,"גל לניקוי אסלות סנו גט 750 מ""ל",מיליליטרים,750.00,"100 מ""ל",false,1,10.90,1.4533,true,1,199979
7290108351613,false,נוזל לניקוי רצפות סנ,,,נוזל לניקוי רצפות סנו ריצפז פרש הום 2ל,ליטרים,2.00,ליטר,false,1,19.90,9.9500,true,1,192414
7290108351699,false,מטליות סנו לחות לניק,,,מטליות סנו לחות לניקוי כללי+חומץ שלישיי,Unknown,0.00,Unknown,false,1,18.90,0.0000,true,1,203801
7290108351729,false,ניקוי אסלות אקולוגי,,,ניקוי אסלות אקולוגי גרין פוור 750 מל,מיליליטרים,750.00,"100 מ""ל",false,1,13.90,1.8533,true,1,211680
7290108351958,false,סבון אסלה מוצק רינגס,,,סבון אסלה מוצק רינגס ניחוח אוקינוס שלישי,Unknown,0.00,Unknown,false,1,13.90,0.0000,true,1,207305
7290108351996,false,מתז מחטא ומשמיד חייד,,,"מתז בייבי לחיטוי בסביבת תינוקות 750 מ""ל",מיליליטרים,750.00,"100 מ""ל",false,12,12.90,1.7200,true,1,206423
7290108352221,false,מבשם סנופרש הום מלון,,,"סנו פרש הום מלון מפנק 350 מ""ל",מיליליטרים,350.00,"100 מ""ל",false,12,11.90,3.4000,true,1,212263
7290108352344,false,סנו פרש הום אוטומטיק,,,סנו פרש הום אוטומטיק מלון בוטיק 250 מל,מיליליטרים,250.00,"100 מ""ל",false,12,14.90,5.9600,true,1,212265
7290108352597,false,מגבונים לחים סנו לני,,,"מגבונים לחים ""סנו"" לניקוי כללי בדלי 400",Unknown,0.00,Unknown,false,1,29.90,0.0000,true,1,187217
7290108352672,false,מטלית הפלא לרצפה,,,סנו סושי צמד מטליות הפלא לרצפה,Unknown,0.00,Unknown,false,1,19.90,0.0000,true,1,193534
7290108352689,false,סנו סושי כריות קרצוף,,,כריות קרצוף סנו סושי ללכלוך קשה 9 יח,Unknown,0.00,Unknown,false,1,9.90,0.0000,true,1,186369
7290108352818,false,מטלית במבוק לניקוי ס,,,מטלית במבוק לניקוי סנו סושי,Unknown,0.00,Unknown,false,1,7.90,0.0000,true,1,203804
7290108352825,false,סנו סושי ספוג הפלא נ,,,ספוג הפלא נירוסטה סנו סושי 3 יח,Unknown,0.00,Unknown,false,1,11.90,0.0000,true,1,200197
7290108352894,false,XL מפות שולחן חגיגית,,,מפות שולחן חגיגית סנו סושי XL,Unknown,0.00,Unknown,false,24,7.90,0.0000,true,1,205655
7290108353068,false,סנו סושי כרית קרצוף,,,כרית קרצוף עם סיבי נירוסטה סנו סושי זוג,Unknown,0.00,Unknown,false,12,10.90,0.0000,true,1,207253
7290108353419,false,מברשות שיניים אורביט,,,צמד מברשת שיניים אורביטול וויטנינג,Unknown,0.00,Unknown,false,1,19.90,0.0000,true,1,210942
7290108353518,false,XL תבניות אלומיניום,סנו,IL,2 תבניות +ידית XL,Unknown,0.00,Unknown,false,24,10.90,0.0000,true,1,210597
7290108353549,false,דפי נייר אפייה סנו ס,,,דפי נייר אפייה סנו סושי 100 יח,Unknown,0.00,Unknown,false,1,19.90,0.0000,true,1,210604
7290108354065,false,גל רחצה לגבר פילינג,,,גל רחצה לגבר פילינג 700 מל,מיליליטרים,700.00,"100 מ""ל",false,1,18.90,2.7000,true,1,225047
7290108354270,false,מרכך כביסה מקסימה בנ,,,מרכך כביסה מקסימה בניחוח קאלם 1 ל,ליטרים,1.00,ליטר,false,1,16.90,16.9000,true,1,225228
7290108354911,false,שמפו גל רחצה וגילוח,,,"שמפו/גל רחצה וגילוח 700 מ""ל",מיליליטרים,700.00,"100 מ""ל",false,1,18.90,2.7000,true,1,211346
7290108355468,false,קרמה רול און נרולי ו,,,קרמה רול און נרולי ומגנוליה 75 מל,מיליליטרים,75.00,"100 מ""ל",false,1,12.90,17.2000,true,1,214438
7290108356137,false,תחליב רחצה כיף לבנדר,סנו,IL,"תחליב רחצה כיף לבנדר 700 מ""ל",מיליליטרים,700.00,"100 מ""ל",false,12,11.90,1.7000,true,1,203689
7290108356175,false,אל סבון כיף אבטיח ומ,,,אל סבון כיף אבטיח ומנטה לי,ליטרים,1.00,ליטר,false,1,11.90,11.9000,true,1,214425
7290108356229,false,גל גילוח קרבון פאוור,,,"גל גילוח קרבון פאוור קרמה מן 200 מ""ל",מיליליטרים,200.00,"100 מ""ל",false,1,12.90,6.4500,true,1,211345
7290108357189,false,מבשם ומרכך למייבש פל,סנו,IL,"מבשם ומרכך למייבש פלורל טאצ 750 מ""ל",מיליליטרים,750.00,"100 מ""ל",false,12,18.90,2.5200,true,1,210596
7290108357295,false,ספריי להסרת כתמים סנ,,,ספריי להסרת כתמים סנו אוקסיגן 750 מל,מיליליטרים,750.00,"100 מ""ל",false,1,17.90,2.3867,true,1,229212
7290108357400,false,תחליב רחצה קרמה לבנד,,,תחליב רחצה קרמה לבנדר ואקליפטוס 700 מל,מיליליטרים,700.00,"100 מ""ל",false,1,16.90,2.4143,true,1,214445
7290108357707,false,שמפו כיף לשיער רגיל,,,שמפו כיף לשיער רגיל תפוח זרעי ציה 700 גר,מיליליטרים,700.00,"100 מ""ל",false,1,11.90,1.7000,true,1,204596
7290108357714,false,שמפו לשיער יבש רימונ,,,שמפו כיף לשיער יבש רימונים ושמן ארגן 700,מיליליטרים,700.00,"100 מ""ל",false,1,11.90,1.7000,true,1,204598
7290108357875,false,שמפו כיף לחות מוגברת,,,שמפו כיף לחות מוגברת אפרסק חמאת מורומורו,מיליליטרים,700.00,"100 מ""ל",false,1,11.90,1.7000,true,1,225809
7290108359176,false,זוג ממחטות אף סופט ל,סנו,,זוג ממחטות אף סופט לושן 3 שכבות,Unknown,0.00,Unknown,false,48,14.90,0.0000,true,1,230212
7290108359893,false,תחליב רחצה בייבי כיף,,,"תחליב רחצה בייבי כיף 750 מ""ל",מיליליטרים,750.00,"100 מ""ל",false,1,17.90,2.3867,true,1,203814
7290108501346,false,גבינה גאודה מגורדת 5,,,גבינה גאודה מגורדת 500 גר,גרמים,500.00,100 גרם,false,1,24.90,4.9800,true,1,194865
7290108502329,false,נתחי טונה בשמן זית 1,,,רביעיית נתחי טונה בשמן זית 160 גר,גרמים,640.00,100 גרם,false,1,26.90,4.2031,true,1,201045
7290108502336,true,גבינה גורגונזולה איט,,,גבינה גורגונזולה איטלקית 150 גר,גרמים,150.00,100 גרם,false,1,19.90,13.2667,true,1,199369
7290108502862,false,מלפפון כבוש במלח 18-,אורהנזי,TR,מלפפון כבוש במלח 18-25 קטנים מאוד 600 גר,גרמים,600.00,100 גרם,false,1,12.90,2.1500,true,1,201883
7290108503739,false,חמאה מחלב עיזים 125,לוטס,,חמאה מחלב עיזים 125 גר,גרמים,125.00,100 גרם,false,1,10.90,8.7200,true,1,204502
7290108503814,false,גבינה מותכת למריחה 2,לוטס,,גבינה מותכת למריחה 200 גר,גרמים,200.00,100 גרם,false,1,12.90,6.4500,true,1,204495
7290108504279,true,גבינה קשקבל צאנק 150,,,גבינה קשקבל צאנק 150 גר,גרמים,150.00,100 גרם,false,,19.90,13.2667,true,1,205917
7290108504286,true,גבינה איבריקו צאנק 1,,,גבינה איבריקו צאנק 150 גר,גרמים,150.00,100 גרם,false,,19.90,13.2667,true,1,205918
7290108504293,true,גבינה מנצגו צאנק 150,,,גבינה מנצגו צאנק 150 גר,גרמים,150.00,100 גרם,false,,19.90,13.2667,true,1,205919
7290108504699,false,נתחי טונה בשמן קנולה,טרופיקל,,נתחי טונה בשמן קנולה 160 גר רביעייה,גרמים,640.00,100 גרם,false,12,19.90,3.1094,true,1,207293
7290108505726,false,גבינה אצבעות חצי קשה,ארן גידה,TR,גבינה אצבעות חצי קשה 25% 200 גר,גרמים,200.00,100 גרם,false,12,14.90,7.4500,true,1,211865
7290108507058,false,ביסקוויט פריך בשוקול,,,ביסקוויט פריך בשוקולד חלב 100 גר,גרמים,100.00,100 גרם,false,1,5.90,5.9000,true,1,226501
7290108507645,false,ביסקוויט פריך בשוקול,,,ביסקוויט פריך בשוקולד מריר 100 גר,גרמים,100.00,100 גרם,false,1,5.90,5.9000,true,1,226502
7290108508970,false,תה גרבה 500 גר,אוסוואלדי קרוז בואנס,,תה גרבה 500 גר,גרמים,500.00,100 גרם,false,1,16.90,3.3800,true,1,219520
7290108509786,false,חמאת בוטנים ללא תוספ,,,חמאת בוטנים ללא תוספת סוכר 340 גר,גרמים,340.00,100 גרם,false,12,9.90,2.9118,true,1,223781
7290108620108,false,יין אימפריאל קברנה ס,,,יין אימפריאל קברנה סוביניון 750 מל,מיליליטרים,750.00,"100 מ""ל",false,12,29.90,3.9867,true,1,213987
7290108620115,false,יין אימפריאל מרלו 75,,,יין אימפריאל מרלו 750 מל,מיליליטרים,750.00,"100 מ""ל",false,12,29.90,3.9867,true,1,213988
7290109351025,false,צבר חומוסטחינה 400 ג,,,צבר חומוסטחינה 400 גר,גרמים,400.00,100 גרם,false,1,13.90,3.4750,true,1,183201
7290109580166,false,סרוולד קלאסי פרימיום,,,סרוולד קלאסי פרימיום 150 גר,גרמים,150.00,100 גרם,false,1,24.90,16.6000,true,1,225240
7290109580227,false,נקניקיות ריינהולדס ק,,,נקניקיות ריינהולדס קאריוורסט 300 גר,גרמים,300.00,100 גרם,false,1,20.90,6.9667,true,1,222347
7290109580241,false,נאגטס מן הצומח 500 ג,,,נאגטס מן הצומח 500 גר,גרמים,500.00,100 גרם,false,1,22.90,4.5800,true,1,227117
7290109580449,false,סלמי בטעם כמהין פרימ,,,סלמי בטעם כמהין פרימיום 180 גר,גרמים,180.00,100 גרם,false,1,24.90,13.8333,true,1,227141
7290109920153,false,מלבין לכביסה לבנה וו,,,מלבין לכביסה לבנה וויט ברייט 790 מל,מיליליטרים,790.00,"100 מ""ל",false,1,25.90,3.2785,true,1,221460
7290109920603,false,קרם מטבח אסטוניש 500,,,"קרם מטבח אסטוניש 500 מ""ל",מיליליטרים,500.00,"100 מ""ל",false,1,14.90,2.9800,true,1,197734
7290109920658,false,מרסס אנטי בקטריאלי א,אסטוניש,,"אסטוניש מרסס אנטי בקטריאלי למטבח 750 מ""ל",מיליליטרים,750.00,"100 מ""ל",false,1,14.90,1.9867,true,1,196177
7290109920740,false,מרכך כביסה הפי מרוכז,מיפא,,מרכך כביסה הפי מרוכז לבנדר 1 ל,ליטרים,1.00,ליטר,false,1,12.90,12.9000,true,1,196172
7290109921587,false,נוזל רצפות יעקובי גר,,,נוזל רצפות יעקובי גרניט פורצלן 1.25 ל,ליטרים,1.25,ליטר,false,1,14.90,11.9200,true,1,208355
7290109923147,false,מרסס פלא של אקונומיק,,,מרסס פלא של אקונומיקה אסטוניש 500 מל,מיליליטרים,750.00,"100 מ""ל",false,1,16.90,2.2533,true,1,225580
7290110058869,false,ביצי שוקולד הפתעה סמ,מונדזיר,,שלישיית ביצי שוקולד סמי הכבאי,גרמים,60.00,100 גרם,false,1,14.90,24.8333,true,1,194930
7290110110369,false,בירה קרלסברג לומה 33,,,בירה קרלסברג לומה 330 מל שישייה,מיליליטרים,1980.00,"100 מ""ל",false,1,45.90,2.3182,true,1,212815
7290110110598,false,קולה זירו לימון 1.5,קוקה קולה,,"קולה זירו לימון 1.5 ל""",ליטרים,1.50,ליטר,false,1,8.90,5.9333,true,1,199817
7290110112134,false,תה קר פיוז גרין פירו,FUZE TEA,,תה קר פיוז גרין פירות יער 1.5 ל,ליטרים,1.50,ליטר,false,1,8.90,5.9333,true,1,206320
7290110113421,false,בירה קרלסברג לומה 33,,,בירה קרלסברג לומה 300 מל,מיליליטרים,330.00,"100 מ""ל",false,1,9.90,3.0000,true,1,213228
7290110113476,false,בירה קרלסברג ללא אלכ,,,"בירה קרלסברג ללא אלכוהול 330 מ""ל שישייה",מיליליטרים,1980.00,"100 מ""ל",false,1,29.90,1.5101,true,1,210984
7290110114466,false,ספרייט לימון נענע 1.,קוקה קולה,,ספרייט לימון נענע 1.5 ל,ליטרים,1.50,ליטר,false,1,8.90,5.9333,true,1,220046
7290110114787,false,מים בטעם תפוח נביעות,נביעות,,מים בטעם תפוח נביעות+ 1.5 ל,ליטרים,1.50,ליטר,false,1,9.90,6.6000,true,1,224073
7290110114800,false,מים בטעם ענבים נביעו,נביעות,,מים בטעם ענבים נביעות+ 1.5 ל,ליטרים,1.50,ליטר,false,1,9.90,6.6000,true,1,224075
7290110114855,false,מים מינרליים נביעות,נביעות,,מים מינרליים נביעות 1.5 ל שישיה,ליטרים,9.00,ליטר,false,1,12.90,1.4333,true,1,224080
7290110114893,false,מיץ סחוט תפוזים פריג,,,מיץ סחוט תפוזים פריגת 2 ל,ליטרים,2.00,ליטר,false,1,29.90,14.9500,true,1,223626
7290110114954,false,משקה פריגת תפוזים מת,,,משקה פריגת תפוזים מתקתק 100% 2 ל,ליטרים,2.00,ליטר,false,1,24.90,12.4500,true,1,223624
7290110114961,false,פריגת תפוזים 1.5 ליט,פריגת,,פריגת תפוזים 1.5 ליט,ליטרים,1.50,ליטר,false,1,8.90,5.9333,true,1,224082
7290110114978,false,משקה קל תפוזים דיאט,פריגת,,משקה קל תפוזים דיאט פריגת 1.5 ל,ליטרים,1.50,ליטר,false,1,8.90,5.9333,true,1,224083
7290110114992,false,משקה קל אשכולית דיאט,פריגת,,משקה קל אשכולית דיאט פריגת 1.5 ל,ליטרים,1.50,ליטר,false,1,8.90,5.9333,true,1,224072
7290110115036,false,פריגת מנגו 1.5 ל,פריגת,,פריגת מנגו 1.5 ל,ליטרים,1.50,ליטר,false,1,8.90,5.9333,true,1,224088
7290110115043,false,משקה פריגת לימונענע,פריגת,,משקה פריגת לימונענע 1.5ל,ליטרים,1.50,ליטר,false,1,8.90,5.9333,true,1,224089
7290110115111,false,פריגת צלול אננס 1.5,פריגת,,פריגת צלול אננס 1.5 ל,ליטרים,1.50,ליטר,false,1,8.90,5.9333,true,1,224098
7290110115128,false,פריגת צלול לימונענע,פריגת,,פריגת צלול לימונענע 1.5 ל,ליטרים,1.50,ליטר,false,1,8.90,5.9333,true,1,224099
7290110115180,false,מים מינרליים נביעות,נביעות,,מים מינרליים נביעות 1.5 ל,ליטרים,1.50,ליטר,false,1,3.90,2.6000,true,1,224576
7290110115210,false,דיאט קוקה קולה 1.5 ל,קוקה קולה,,דיאט קוקה קולה 1.5 ל,ליטרים,1.50,ליטר,false,1,8.90,5.9333,true,1,224106
7290110115234,false,קולה זירו נטול 1.5 ל,קוקה קולה,,קולה זירו נטול 1.5 ל,ליטרים,1.50,ליטר,false,1,8.90,5.9333,true,1,224108
7290110115241,false,קולה זירו לימון 1.5,קוקה קולה,,קולה זירו לימון 1.5 ל,ליטרים,1.50,ליטר,false,1,8.90,5.9333,true,1,224109
7290110115258,false,קוקה קולה זירו מנגו,קוקה קולה,,קוקה קולה זירו מנגו 1.5 ל,ליטרים,1.50,ליטר,false,1,8.90,5.9333,true,1,224110
7290110115296,false,פאנטה אורנג 1.5 ל,קוקה קולה,,פאנטה אורנג 1.5 ליט,מיליליטרים,1500.00,"100 מ""ל",false,1,8.90,0.5933,true,1,224121
7290110115319,false,פאנטה אקזוטיק 1.5 ל,קוקה קולה,,פאנטה אקזוטיק 1.5 ל,ליטרים,1.50,ליטר,false,1,8.90,5.9333,true,1,224124
7290110115326,false,פאנטה אורנג מנגו 1.5,קוקה קולה,,פאנטה אורנג מנגו 1.5 ל,ליטרים,1.50,ליטר,false,1,8.90,5.9333,true,1,224125
7290110115340,false,פאנטה ענבים 1.5 ל,,,פאנטה ענבים 1.5 ל,ליטרים,1.50,ליטר,false,1,8.90,5.9333,true,1,224127
7290110115364,false,קוקה קולה 1.5 ל שישי,קוקה קולה,,קוקה קולה 1.5 ל שישיה,ליטרים,9.00,ליטר,false,1,46.90,5.2111,true,1,224111
7290110115395,false,ספרייט זירו 1.5 ל שי,,,ספרייט זירו 1.5 ל שישיה,ליטרים,9.00,ליטר,false,1,44.90,4.9889,true,1,224119
7290110115418,false,קוקה קולה זירו דל קל,קוקה קולה,,קוקה קולה זירו דל קלוריות 1.5 ל שישיה,ליטרים,9.00,ליטר,false,1,44.90,4.9889,true,1,224113
7290110115449,false,תה קר פיוז מנגו אננס,FUZE TEA,,תה קר פיוז מנגו אננס 1.5ל,מיליליטרים,1500.00,"100 מ""ל",false,1,8.90,0.5933,true,1,224133
7290110115463,false,תה קר פיוז אפרסק 1.5,FUZE TEA,,תה קר פיוז אפרסק 1.5ל,מיליליטרים,1500.00,"100 מ""ל",false,1,8.90,0.5933,true,1,224135
7290110115494,false,תה קר פיוז ענבים 1.5,FUZE TEA,,תה קר פיוז ענבים 1.5ל,מיליליטרים,1500.00,"100 מ""ל",false,1,8.90,0.5933,true,1,224138
7290110115531,false,פאנטה זירו תפוח 1.5,קוקה קולה,,פאנטה זירו תפוח 1.5 ל,מיליליטרים,1500.00,"100 מ""ל",false,1,8.90,0.5933,true,1,224123
7290110115616,false,תה קר פיוז טי ירוק ז,FUZE TEA,,תה קר פיוז טי ירוק זירו אננס 1.5 ל,ליטרים,1.50,ליטר,false,1,8.90,5.9333,true,1,224231
7290110115821,false,ספרייט לימון ליים 1.,קוקה קולה,,ספרייט לימון ליים 1.5 ל,ליטרים,1.50,ליטר,false,1,8.90,5.9333,true,1,226782
7290110115838,false,ספרייט זירו 1.5 ל,,,ספרייט זירו 1.5 ל,ליטרים,1.50,ליטר,false,1,8.90,5.9333,true,1,224808
7290110115845,false,קוקה קולה 1.5 ל,קוקה קולה,,קוקה קולה 1.5 ל,ליטרים,1.50,ליטר,false,1,8.90,5.9333,true,1,224784
7290110115852,false,קוקה קולה דיאט 1.5 ל,קוקה קולה,,קוקה קולה דיאט 1.5 ל,ליטרים,1.50,ליטר,false,1,8.90,5.9333,true,1,224562
7290110115869,false,קוקה קולה זירו 1.5 ל,קוקה קולה,,קוקה קולה זירו 1.5 ל,ליטרים,1.50,ליטר,false,1,8.90,5.9333,true,1,224530
7290110115883,false,מים נביעות בייבי 320,נביעות,,מים נביעות בייבי 320 מל,מיליליטרים,320.00,"100 מ""ל",false,1,2.90,0.9062,true,1,225282
7290110115890,false,מים מינרליים נביעות,נביעות,,מים מינרליים נביעות 500 מל,מיליליטרים,500.00,"100 מ""ל",false,1,3.90,0.7800,true,1,228230
7290110115906,false,מים מינרליים נביעות,נביעות,,מים מינרליים נביעות 755 מל,מיליליטרים,755.00,"100 מ""ל",false,1,3.90,0.5166,true,1,228216
7290110116064,false,פאנטה זירו פירות ירו,קוקה קולה,,פאנטה זירו פירות ירוק 1.5 ל,מיליליטרים,1500.00,"100 מ""ל",false,1,8.90,0.5933,true,1,227403
7290110116132,false,סירופ בטעם לימון 750,,,סירופ בטעם לימון 750 מל,מיליליטרים,750.00,"100 מ""ל",false,1,19.90,2.6533,true,1,228038
7290110116194,false,נביעות+ סדרת 0 קלורי,נביעות,,נביעות+ סדרת 0 קלוריות לימון ליים 1.5 ל,ליטרים,1.50,ליטר,false,12,9.90,6.6000,true,1,228025
7290110116217,false,נביעות+ סדרת 0 קלורי,נביעות,,נביעות+ סדרת 0 קלוריות אשכולית 1.5 ל,ליטרים,1.50,ליטר,false,12,9.90,6.6000,true,1,228024
7290110116392,false,סירופ בטעם תפוזים 75,,,סירופ בטעם תפוזים 750 מל,מיליליטרים,750.00,"100 מ""ל",false,1,19.90,2.6533,true,1,228040
7290110116552,false,ספרייט למון היט 1.5,קוקה קולה,IL,ספרייט למון היט 1.5 ל,ליטרים,1.50,ליטר,false,1,8.90,5.9333,true,1,229718
7290110116569,false,ספרייט זירו למון היט,,IL,ספרייט זירו למון היט 1.5 ל,ליטרים,1.50,ליטר,false,1,8.90,5.9333,true,1,229717
7290110320591,false,גבינה בולגרית 16% מע,,,גבינה בולגרית 16% מעודנת 250 גר,גרמים,250.00,100 גרם,false,1,21.90,8.7600,true,1,192620
7290110320850,false,פתיתי עמק 200 גר,,,פתיתי עמק 200 גר,גרמים,200.00,100 גרם,false,1,17.90,8.9500,true,1,193634
7290110320867,false,פתיתי עמק למאפים 28%,,,פתיתי עמק למאפים 28% 500 גר,גרמים,500.00,100 גרם,false,1,37.90,7.5800,true,1,193635
7290110320935,false,פרוסות מוצרלה 150 גר,,,פרוסות מוצרלה 150 גר,גרמים,150.00,100 גרם,false,1,17.50,11.6667,true,1,194804
7290110321048,false,יוגורט גו במתיקות מע,,,יוגורט יופלה גו במתיקות מעודנת 200 גרם,גרמים,200.00,100 גרם,false,1,5.90,2.9500,true,1,194801
7290110321284,false,גבינת קוטג בקטנה 9%,,,קוטג בקטנה תנובה 9% 100 גר,גרמים,100.00,100 גרם,false,1,2.60,2.6000,true,1,196850
7290110321680,false,יוגורט יופלה גו תות,,,יוגורט יופלה גו תות 200 גר,גרמים,200.00,100 גרם,false,1,5.90,2.9500,true,1,197421
7290110321789,false,גבינת מסקרפונה השף ה,,,גבינת מסקרפונה השף הלבן 38% 250 גר,גרמים,250.00,100 גרם,false,1,18.90,7.5600,true,1,198835
7290110322946,false,יוגורט יופלה בטעם תו,,,יוגורט יופלה בטעם תות בננה 348 גר,גרמים,348.00,100 גרם,false,1,12.90,3.7069,true,1,202474
7290110323714,false,משקה קוקוס שקדים 1 ל,תנובה,,משקה קוקוס שקדים 1 ל,ליטרים,1.00,ליטר,false,1,12.90,12.9000,true,1,204076
7290110324551,false,יוגורט יופלה טיוב במ,,,יוגורט יופלה טיוב במרקם תות 348 גר,גרמים,348.00,100 גרם,false,1,12.90,3.7069,true,1,205797
7290110324728,false,ממרח סויה 9% שום שמי,,,ממרח סויה 9% שום שמיר 250 גר,גרמים,250.00,100 גרם,false,24,9.90,3.9600,true,1,206824
7290110324872,false,גבינת גלבוע פרוס 5%,,IL,גלבוע פרוס 5% 200 גר,גרמים,200.00,100 גרם,false,18,18.90,9.4500,true,1,210091
7290110324926,false,משקה סויה ללא תוספת,,,משקה סויה ללא תוספת סוכר 1 ל,ליטרים,1.00,ליטר,false,16,10.90,10.9000,true,1,208623
7290110325169,false,גבינה גאודה פרוסות 1,,,גבינה גאודה פרוסות 170 גר,גרמים,170.00,100 גרם,false,1,19.90,11.7059,true,1,211518
7290110325510,false,יוגורט יופלה טיוב בט,,,יוגורט יופלה טיוב בטעם וניל 348 גר,גרמים,348.00,100 גרם,false,16,12.90,3.7069,true,1,210079
7290110325619,false,משקה שיבולת שועל 1 ל,תנובה,,משקה שיבולת שועל 1 ל,ליטרים,1.00,ליטר,false,16,12.90,12.9000,true,1,210706
7290110325893,false,משקה חלב תנובה גו אי,,,"משקה חלב תנובה גו אייס קפה 340 מ""ל",מיליליטרים,340.00,"100 מ""ל",false,20,8.50,2.5000,true,1,210703
7290110326210,false,יוגורט יופלה און טופ,,,יוגורט יופלה און טופ פצפוצים 157 גר,גרמים,157.00,100 גרם,false,1,4.90,3.1210,true,1,211520
7290110326227,false,יוגורט יופלה און טופ,,,יוגורט יופלה און טופ קורנפלקס 157 גר,גרמים,157.00,100 גרם,false,1,4.90,3.1210,true,1,211522
7290110326234,false,יוגורט יופלה און טופ,,,יוגורט יופלה און טופ כוכבים 157 גר,גרמים,157.00,100 גרם,false,1,4.90,3.1210,true,1,211521
7290110326241,false,יוגורט יופלה און טופ,,,יוגורט יופלה און טופ גרנולה 157 גר,גרמים,157.00,100 גרם,false,1,4.90,3.1210,true,1,211523
7290110326784,false,פתיתי עמק 28% 600 גר,,,פתיתי עמק 28% 600 גר,גרמים,600.00,100 גרם,false,1,41.90,6.9833,true,1,226182
7290110327545,false,יוגורט יופלה און טופ,,,יוגורט יופלה און טופ תות פצפוצי שוקולד,גרמים,157.00,100 גרם,false,1,4.90,3.1210,true,1,215746
7290110327637,false,יוגורט בטעם קיווי די,,,יופלה דיאט בטעם קיווי 150 גר,גרמים,150.00,100 גרם,false,1,4.90,3.2667,true,1,215743
7290110327880,false,חלב 1% קרטון 1 ל,,,חלב 1% בקרטון 1 ל,ליטרים,1.00,ליטר,false,1,5.59,5.5900,true,1,214658
7290110328504,false,פתיתים מוצרלה/סקנדינ,,,מיקס מוצרלה/סקנדינבית וגאודה 300 גר,גרמים,300.00,100 גרם,false,1,26.90,8.9667,true,1,219588
7290110328610,false,משקה אורז שקדים בריס,תנובה,,משקה אורז שקדים בריסטה אלטרנטיב 1 ל,ליטרים,1.00,ליטר,false,16,12.90,12.9000,true,1,227416
7290110328627,false,יוגורט גו יופלה סמיך,,,יוגורט יופלה גו במרקם סמיך בננה קרמל 0%,גרמים,200.00,100 גרם,false,12,5.90,2.9500,true,1,220700
7290110328764,false,יוגורט גו במרקם סמיך,,,יוגורט יופלה גו במרקם סמיך תות 0% 200 גר,גרמים,200.00,100 גרם,false,12,5.90,2.9500,true,1,220702
7290110328771,false,יוגורט יופלה גו סמיך,,,יוגורט יופלה גו במרקם סמיך פירות יער 0%,גרמים,200.00,100 גרם,false,12,5.90,2.9500,true,1,220701
7290110328788,false,יוגורט גו יופלה סמיך,,,יוגורט יופלה גו במרקם סמיך אפרסק 0% 200,גרמים,200.00,100 גרם,false,12,5.90,2.9500,true,1,220699
7290110329631,false,יוגורט יופלה וניל שכ,,,יוגורט יופלה וניל שכבה תות בתחתית 150 גר,גרמים,150.00,100 גרם,false,24,4.90,3.2667,true,1,224935
7290110329686,false,משקה חלב תנובה גו בט,,,משקה חלב תנובה גו בטעם עוגיות 340 מל,מיליליטרים,340.00,"100 מ""ל",false,20,8.50,2.5000,true,1,223506
7290110329716,false,משקה קפה קר בטעם קפו,,,משקה קפה קר בטעם קפוצינו 230 מל,מיליליטרים,230.00,"100 מ""ל",false,1,6.90,3.0000,true,1,226178
7290110329723,false,משקה קפה קר בטעם לאט,,,משקה קפה קר בטעם לאטה 230 מל,מיליליטרים,230.00,"100 מ""ל",false,1,6.90,3.0000,true,1,226180
7290110329730,false,משקה חלב עם שוקולד ו,,,משקה חלב עם שוקולד וקפה בסגנון לאטה,מיליליטרים,230.00,"100 מ""ל",false,1,6.90,3.0000,true,1,226179
7290110329792,false,מעדן סויה ביו אפרסק,,,מעדן סויה ביו אפרסק 150 גר,גרמים,150.00,100 גרם,false,1,4.90,3.2667,true,1,224974
7290110329808,false,מעדן סויה ביו תות 15,,,מעדן סויה ביו תות 150 גר,גרמים,150.00,100 גרם,false,1,4.90,3.2667,true,1,224973
7290110329822,false,מעדן סויה ביו פירות,,,מעדן סויה ביו פירות יער 150 גר,גרמים,150.00,100 גרם,false,1,4.90,3.2667,true,1,224971
7290110550356,false,חטיף דוריטוס אקסטרים,,,דוריטוס אקסטרים ספייסי נאצו 55 גר,גרמים,55.00,100 גרם,false,48,3.20,5.8182,true,1,222271
7290110552237,false,יוגורט דנונה פרו 20,,,יוגורט דנונה פרו 20 אפרסק מנגו ללס 200 ג,גרמים,200.00,100 גרם,false,12,5.90,2.9500,true,1,224639
7290110552817,false,מסטיק מאסט בטעם גליד,STRAUSS-ISRAEL,,מסטיק מאסט בטעם גלידה לימון 58 גר,גרמים,58.00,100 גרם,false,12,9.90,17.0690,true,1,227576
7290110553029,false,פריכיות חלבון קייל ח,,,פריכיות חלבון קייל חומוס ומלח 60 גר,גרמים,60.00,100 גרם,false,1,10.90,18.1667,true,1,225642
7290110553173,false,פריכיות אנרגי בטעם ק,,,פריכיות אנרגי בטעם קרמל 40 גר,גרמים,40.00,100 גרם,false,1,6.90,17.2500,true,1,228671
7290110554460,false,חטיף ציטוס קראנץ צדר,,,חטיף ציטוס קראנץ צדר חלפיניו 65 גר,גרמים,65.00,100 גרם,false,48,4.30,6.6154,true,1,226870
7290110554545,false,קפסולות קפה אספרסו ל,,,קפסולות קפה אספרסו לאפוגטו קוקוס 50 גר,גרמים,50.00,100 גרם,false,12,15.90,31.8000,true,1,226951
7290110554583,false,מארז חטיף ציטוס פאפס,,,מארז חטיף ציטוס פאפס גבינה 20 גר 10 יח,גרמים,200.00,100 גרם,false,8,13.90,6.9500,true,1,224779
7290110554705,false,קפסולות קפה בתי קליה,,,קפסולות קפה בתי קליה יוניקו 50 גר,גרמים,50.00,100 גרם,false,1,19.90,39.8000,true,1,228668
7290110556242,false,שוקולד מריר פרה 100,STRAUSS-ISRAEL,,שוקולד מריר פרה 100 גר,גרמים,100.00,100 גרם,false,1,5.50,5.5000,true,1,228726
7290110557102,false,מעדן חלב עם שוקולד מ,,,מעדן חלב עם שוקולד מועשר בחלבון 150 גר,גרמים,150.00,100 גרם,false,1,4.90,3.2667,true,1,222048
7290110557133,false,מעדן הגולן וניל 125,,,מעדן הגולן וניל 125 גר,גרמים,125.00,100 גרם,false,24,2.90,2.3200,true,1,223311
7290110557393,false,מילקי שלוק בטעם אייס,,,מילקי שלוק בטעם אייס קפה 276 גר,גרמים,276.00,100 גרם,false,10,8.90,3.2246,true,1,227571
7290110557478,false,חומוס גלילי אחלה 600,,,חומוס גלילי אחלה 600 גר,גרמים,600.00,100 גרם,false,6,13.90,2.3167,true,1,225447
7290110557560,false,עוגת בראוניס עם קראמ,STRAUSS-ISRAEL,,עוגת בראוניס עם קראמבל 380 גר,גרמים,380.00,100 גרם,false,1,13.90,3.6579,true,1,225736
7290110557645,false,מיקס צימוקים חמוציות,,,מיקס צימוקים חמוציות אנרגי 100 גר,גרמים,100.00,100 גרם,false,1,17.90,17.9000,true,1,228250
7290110558222,false,יוגורט דנונה בנופי פ,STRAUSS-ISRAEL,,יוגורט דנונה בנופי פאי 150 גר,גרמים,150.00,100 גרם,false,12,4.60,3.0667,true,1,228240
7290110559007,false,שעועית חומה טעם הטבע,,,שעועית חומה טעם הטבע 380 גר,גרמים,380.00,100 גרם,false,16,6.90,1.8158,true,1,228236
7290110559014,false,שעועית שחורה טעם הטב,,,שעועית שחורה טעם הטבע 380 גר,גרמים,380.00,100 גרם,false,16,6.90,1.8158,true,1,228235
7290110560300,false,פריכיות משולש פלפל ש,,,פריכיות משולש אנרגי פלפל שחור 30 גר,גרמים,30.00,100 גרם,false,1,5.90,19.6667,true,1,203566
7290110560317,false,פריכיות משולש מלח ים,,,פריכיות משולש אנרגי מלח ים 30 גר,גרמים,30.00,100 גרם,false,1,5.90,19.6667,true,1,203567
7290110560324,false,פריכיות משולש אפונה,,,פריכיות משולש אנרגי אפונה ירוקה 30 גר,גרמים,30.00,100 גרם,false,1,5.90,19.6667,true,1,203568
7290110561352,false,יוגורט דנונה דל לקטו,,,יוגורט דנונה דל לקטוז 200 גר,גרמים,200.00,100 גרם,false,1,3.60,1.8000,true,1,199251
7290110563431,false,משקה אייס קפה יטבתה,,,"משקה אייס קפה יטבתה בסגנון קלאסי 230 מ""ל",מיליליטרים,230.00,"100 מ""ל",false,1,7.90,3.4348,true,1,204696
7290110563462,false,חלב נטול לקטוז 2% 1,,,חלב נטול לקטוז 2% 1 ל,ליטרים,1.00,ליטר,false,1,8.50,8.5000,true,1,205184
7290110564360,false,חומוס אחלה עשיר 40%,,,חומוס אחלה עשיר 40% טחינה 400 גר,גרמים,400.00,100 גרם,false,1,13.90,3.4750,true,1,197516
7290110565527,false,יוגורט דנונה פרו עשי,,,יוגורט דנונה פרו עשיר בחלבון 200 גר,גרמים,200.00,100 גרם,false,1,5.90,2.9500,true,1,196425
7290110566975,false,יוגורט דנונה פרו תות,,,יוגורט דנונה פרו תות 200 גר,גרמים,200.00,100 גרם,false,1,5.90,2.9500,true,1,198651
7290110568276,false,משקה יטבתה פרו וניל,,,משקה יטבתה פרו וניל 350 גר,מיליליטרים,350.00,"100 מ""ל",false,8,6.50,1.8571,true,1,199957
7290110570224,false,משקה קפה קר יטבתה בט,,,משקה קפה קר יטבתה בטעם עוגיות 230 מל,מיליליטרים,230.00,"100 מ""ל",false,10,7.90,3.4348,true,1,226801
7290110571382,false,מעדן חלב בטעם וניל מ,,,מעדן חלב בטעם וניל מועשר בחלבון 150 גר,גרמים,150.00,100 גרם,false,12,4.90,3.2667,true,1,225445
7290110571405,false,מיני פינוקיות בגביע,,,מיני פינוקיות בגביע פסק זמן 180 גר,גרמים,180.00,100 גרם,false,12,10.90,6.0556,true,1,228903
7290110571412,false,מיני פינוקיות בגביע,,,מיני פינוקיות בגביע פאדג 180 גר,גרמים,180.00,100 גרם,false,12,10.90,6.0556,true,1,228904
7290110571474,false,גלילי וופל רבע לשבע,הגביע מוצרי וופלים ב,,גלילי וופל רבע לשבע פופקורן 125 גר,גרמים,125.00,100 גרם,false,14,10.90,8.7200,true,1,227573
7290110572129,false,חטיף כיף כף מקלות שו,,,חטיף כיף כף מקלות שוקולד לבן 40 גר,גרמים,40.00,100 גרם,false,1,4.90,12.2500,true,1,229475
7290110576356,false,שוקולד ספלנדיד מריר,,,שוקולד ספלנדיד מריר פרו 100 גר,גרמים,100.00,100 גרם,false,1,8.90,8.9000,true,1,227758
7290110576363,false,שוקולד ספלנדיד מריר,,,שוקולד ספלנדיד מריר אוגנדה 100 גר,גרמים,100.00,100 גרם,false,1,8.90,8.9000,true,1,227759
7290110576370,false,שלישיית שוקולד אגוז,,,שלישיית שוקולד אגוז מריר 100 גר,גרמים,300.00,100 גרם,false,1,24.90,8.3000,true,1,228666
7290110576387,false,שלישיית שוקולד אגוז,,,שלישיית שוקולד אגוז חלב 100 גר,גרמים,300.00,100 גרם,false,1,24.90,8.3000,true,1,228665
7290110576752,false,שוקולד ספלנדיד מריר,STRAUSS-ISRAEL,,שוקולד ספלנדיד מריר 70% 100 גר,גרמים,100.00,100 גרם,false,1,9.90,9.9000,true,1,229477
7290110576776,false,שוקולד ספלנדיד מריר,STRAUSS-ISRAEL,,שוקולד ספלנדיד מריר 85% 100 גר,גרמים,100.00,100 גרם,false,1,9.90,9.9000,true,1,229478
7290110577230,false,משקה חלב בטעם פיסטוק,STRAUSS-ISRAEL,,משקה חלב בטעם פיסטוק 1 ל,ליטרים,1.00,ליטר,false,12,11.90,11.9000,true,1,229479
7290110577247,false,משקה חלב בטעם פיסטוק,STRAUSS-ISRAEL,,משקה חלב בטעם פיסטוק 350 מל,מיליליטרים,350.00,"100 מ""ל",false,6,6.40,1.8286,true,1,229480
7290111093470,false,מסיר הפלא קוויק ספוג,,,מסיר הפלא קוויק ספוגית להסרת כתמים,Unknown,0.00,Unknown,false,1,9.90,0.0000,true,1,226946
7290111093760,false,מגבונים לחים קוויק ל,,,מגבונים לחים קוויק לניקוי רצפות מרכך 10,Unknown,0.00,Unknown,false,12,10.90,0.0000,true,1,225355
7290111286537,false,שוקולד לב גדול באריז,,,שוקולד לב גדול באריזת מתנה 45 גר,גרמים,45.00,100 גרם,false,1,8.90,19.7778,true,1,194503
7290111340178,false,מטליות לחות לניקוי כ,עלבד,,מטליות לחות לניקוי כללי דוחה אבק 50 יח,Unknown,0.00,Unknown,false,1,10.90,0.0000,true,1,193717
7290111340185,false,מטליות לחות רצפה בני,עלבד,,מטליות לחות רצפה בניחוח מרכך כביסה 10 יח,Unknown,0.00,Unknown,false,1,10.90,0.0000,true,1,193718
7290111340956,false,מטליות לחות רצפה ספא,עלבד,,מטליות לחות רצפה ספא בניחוח מרכך כביסה,Unknown,0.00,Unknown,false,12,10.90,0.0000,true,1,197418
7290111341366,false,מפיות אירוח 150 יח ז,חוגלה קימברלי,,מפיות אירוח 150 יח זוג ניקול,Unknown,0.00,Unknown,false,1,7.90,0.0000,true,1,207697
7290111341984,false,נייר טואלט לח לילי ר,,,נייר טואלט לח לילי רביעייה,Unknown,0.00,Unknown,false,1,19.90,0.0000,true,1,208485
7290111342189,false,מפיות אירוח ניקול צב,,,מפיות אירוח ניקול צבעוני 150 יח,Unknown,0.00,Unknown,false,1,7.90,0.0000,true,1,209754
7290111342523,false,מפיות אירוח 100 יח,חוגלה קימברלי,,מפיות אירוח 100 יח,Unknown,0.00,Unknown,false,1,5.80,0.0000,true,1,209736
7290111343117,false,טישו לושן סופט קלינק,,,מארז זוגי קלינקס ממחטות לושן,Unknown,0.00,Unknown,false,30,13.90,0.0000,true,1,215958
7290111343797,false,מטליות לחות לניקוי ח,,,מטליות לחות לניקוי חלונות,Unknown,0.00,Unknown,false,1,9.80,0.0000,true,1,213952
7290111344206,false,רביעיית מגבוני האגיס,,,רביעיית מגבוני האגיס נטורל קייר מבושם,Unknown,0.00,Unknown,false,1,21.90,0.0000,true,1,223996
7290111344558,false,שקיות אשפה גדולות ני,,,שקיות אשפה גדולות ניקול 100 יח,Unknown,0.00,Unknown,false,1,29.80,0.0000,true,1,221720
7290111344572,false,שקית אשפה עם ידיות נ,,,שקית אשפה עם ידיות ניקול 25 יח,Unknown,0.00,Unknown,false,8,21.80,0.0000,true,1,223325
7290111344619,false,מטליות לחות לניקוי צ,,,מטליות לחות לניקוי צעצועים,Unknown,0.00,Unknown,false,1,9.80,0.0000,true,1,221722
7290111344930,false,מטליות לחות רצפה ספא,עלבד,,מטליות לחות רצפה ספא בניחוח מרכך כביסה,Unknown,0.00,Unknown,false,12,10.90,0.0000,true,1,223326
7290111345043,false,מטליות מיקרופייבר למ,,,מטליות מיקרופייבר למשטחים דו צדדי ניקול,Unknown,0.00,Unknown,false,24,13.80,0.0000,true,1,223323
7290111346293,false,נייר מגבת מהדורה 6 י,,,נייר מגבת מהדורה 6 יח,Unknown,0.00,Unknown,false,1,11.90,0.0000,true,1,226535
7290111350092,false,מארז מיקס חטיפי מיני,,,מארז מיקס חטיפי מיני לואקר 200 גר,גרמים,200.00,100 גרם,false,1,21.90,10.9500,true,1,207844
7290111350665,false,דבש טהור לחיץ קליית,,,דבש טהור לחיץ קליית גת 350 גר,גרמים,350.00,100 גרם,false,1,19.90,5.6857,true,1,207845
7290111350672,false,דבש טהור קליית גת 70,,,דבש טהור קליית גת 700 גר בצנצנת,גרמים,700.00,100 גרם,false,1,29.90,4.2714,true,1,207846
7290111352973,false,קוביות חמוצות יוגטה,סאדאט,,קוביות חמוצות יוגטה 220 גר,גרמים,220.00,100 גרם,false,1,7.90,3.5909,true,1,222279
7290111353550,false,חמאת בוטנים 300 גר,,,חמאת בוטנים 300 גר,גרמים,300.00,100 גרם,false,1,15.90,5.3000,true,1,216688
7290111354120,false,ממרח חלווה 300 גר,,,ממרח חלווה 300 גר,גרמים,300.00,100 גרם,false,1,15.90,5.3000,true,1,226958
7290111354144,false,ממרח קוקוס מקורמל 20,,,ממרח קוקוס מקורמל 200 גר,גרמים,200.00,100 גרם,false,1,15.90,7.9500,true,1,226960
7290111354151,false,ממרח אגוזים 200 גר,,,ממרח אגוזים 200 גר,גרמים,200.00,100 גרם,false,1,15.90,7.9500,true,1,226959
7290111530296,false,עוגיות קוקוס/בוטנים,,,עוגיות קוקוס/בוטנים 350 גר,גרמים,350.00,100 גרם,false,1,15.90,4.5429,true,1,226077
7290111530319,false,עוגיות פסח מיוחדים 3,,,עוגיות פסח מיוחדים 300 גר,גרמים,300.00,100 גרם,false,1,15.90,5.3000,true,1,226078
7290111563249,false,סלטי צבר חציל פיקנטי,צבר,IL,סלטי צבר חציל פיקנטי 400 גר,גרמים,400.00,100 גרם,false,6,12.90,3.2250,true,1,198900
7290111563492,false,סלטי צבר מטבוחה חריפ,צבר,,סלטי צבר מטבוחה חריפה 400 גר,גרמים,400.00,100 גרם,false,1,12.90,3.2250,true,1,198901
7290111564291,false,פריכיות פיטנס דקות ע,,,פריכיות פיטנס דקות עם קינואה 120 גר,גרמים,120.00,100 גרם,false,1,9.90,8.2500,true,1,193510
7290111564727,false,עוגיות קרמוגית במילו,אסם,,עוגיות קרמוגית במילוי קרם אגוזים 200 גר,גרמים,200.00,100 גרם,false,1,9.90,4.9500,true,1,196520
7290111566226,false,טבעול שניצל ברוקולי,טבעול ישראל,,טבעול שניצל ברוקולי 667 גר,גרמים,667.00,100 גרם,false,1,29.90,4.4828,true,1,197663
7290111566271,false,חטיפי תירס טבעול 657,טבעול ישראל,,חטיפי תירס טבעול 657 גר,גרמים,657.00,100 גרם,false,1,29.90,4.5510,true,1,197683
7290111566561,false,שניצל ברוקולי טבעול,טבעול ישראל,,שניצל ברוקולי טבעול 560 גר,גרמים,560.00,100 גרם,false,1,29.90,5.3393,true,1,197668
7290111568299,false,אטריות נודלס אסם עם,,,אטריות נודלס אסם עם תרד 300 גר,גרמים,300.00,100 גרם,false,1,9.90,3.3000,true,1,199141
7290111568466,false,רוטב אסם אסייתי למוק,,,"רוטב אסם אסייתי למוקפץ 290 מ""ל",מיליליטרים,290.00,"100 מ""ל",false,1,13.90,4.7931,true,1,199133
7290111874239,false,בוקט סוכריות על מקל,,,בוקט סוכריות על מקל כוח פי גי 10 יח,Unknown,0.00,Unknown,false,1,12.90,0.0000,true,1,201630
7290111930935,false,חטיף פוף טבעות קלאסי,מנה,,חטיף פוף טבעות קלאסי 40 גר,גרמים,40.00,100 גרם,false,1,4.90,12.2500,true,1,195729
7290111932779,false,קרם גוף בלונס במרקם,,,קרם גוף בלונס במרקם מוס מעושר בפטאיה 150,מיליליטרים,150.00,"100 מ""ל",false,1,19.90,13.2667,true,1,229383
7290111932786,false,גל לניקוי פנים בלונס,,,גל לניקוי פנים בלונס רגיל יבש 250 מל,מיליליטרים,250.00,"100 מ""ל",false,1,19.90,7.9600,true,1,229385
7290111935923,false,זיתים חרוזית מאסטר ש,אסיטורנס קזורלה,ES,זיתים חרוזית מאסטר שף 370 גר,גרמים,370.00,100 גרם,false,12,7.90,2.1351,true,1,206179
7290111935961,false,מחית עגבניות מאסטר ש,קליסה,IT,מחית עגבניות מאסטר שף 690 גר,גרמים,690.00,100 גרם,false,12,9.90,1.4348,true,1,205485
7290111937231,false,מארז חטיפים פרי תמרי,טבעית מוצרים מן הטבע,IL,מארז חטיפים פרי תמרים וקוקוס 125 גר,גרמים,125.00,100 גרם,false,12,13.80,11.0400,true,1,204674
7290111937262,false,מארז חטיפים פרי תמרי,טבעית מוצרים מן הטבע,IL,מארז חטיפים פרי תמרים אגוזים ושברי קקאו,גרמים,125.00,100 גרם,false,12,13.80,11.0400,true,1,204677
7290111938498,false,רוטב סויה בהירה מאסט,תאי,TH,"רוטב סויה בהירה מאסטר שף 700 מ""ל",מיליליטרים,700.00,"100 מ""ל",false,12,12.90,1.8429,true,1,209669
7290111939174,false,ניילון נצמד קוקי עם,,,ניילון נצמד קוקי עם גומי מידה L,Unknown,0.00,Unknown,false,1,9.90,0.0000,true,1,210517
7290112002099,false,גל כביסה קולון כחול,,,גל כביסה קולון כחול 2.5 ל,ליטרים,2.50,ליטר,false,1,24.90,9.9600,true,1,209438
7290112002129,false,גל כביסה קולון בניחו,,,גל כביסה קולון בניחוח מרענן ירוק 2.5 ל,ליטרים,2.50,ליטר,false,1,24.90,9.9600,true,1,209439
7290112002136,false,גל כביסה קולון כחול,,,גל כביסה קולון כחול 4 ל,ליטרים,4.00,ליטר,false,1,35.90,8.9750,true,1,209924
7290112003508,false,אירוויק ספריי יער וע,,,אירוויק ספריי יער ועשבי בר 236 מל,מיליליטרים,236.00,"100 מ""ל",false,8,12.80,5.4237,true,1,216565
7290112003966,false,אבקה להסרת כתמים וני,,,אבקה להסרת כתמים וניש לבן הלבנה 470 גר,גרמים,470.00,100 גרם,false,12,14.80,3.1489,true,1,223402
7290112003973,false,אבקה להסרת כתמים וני,,,אבקה להסרת כתמים וניש ורוד 1.35 קג,קילוגרמים,1.35,"ק""ג",false,6,29.80,22.0741,true,1,223399
7290112004413,false,וניש אוקסי ספריי לבן,,,וניש אוקסי ספריי לבן להסרת כתמים 750 מל,מיליליטרים,750.00,"100 מ""ל",false,1,16.90,2.2533,true,1,226466
7290112004970,false,קפסולות פיניש אולטימ,,,קפסולות פיניש אולטימיט 50 יח,Unknown,0.00,Unknown,false,1,59.90,0.0000,true,1,228624
7290112190635,false,מגבונים לחים ירוק 72,,,מגבונים לחים ירוק 72 יח,Unknown,0.00,Unknown,false,1,3.90,0.0000,true,1,225204
7290112330352,false,יוגורט דנונה פרו וני,,,יוגורט דנונה פרו וניל 0% 200 גר,גרמים,200.00,100 גרם,false,12,5.90,2.9500,true,1,206400
7290112330390,false,יוגורט דנונה פרו פיר,,,יוגורט דנונה פרו פירות יער0% 200 גר,גרמים,200.00,100 גרם,false,12,5.90,2.9500,true,1,206401
7290112332110,false,שוקולד מריר ללא סוכר,,,שוקולד מריר פרה ללא סוכר 100 גר,גרמים,100.00,100 גרם,false,12,8.90,8.9000,true,1,207118
7290112332585,false,פריכיות משולש סלק ומ,,,"פריכיות משולש תפו""א/אורז סלק ומלח ים 30",גרמים,30.00,100 גרם,false,24,5.90,19.6667,true,1,206769
7290112335494,false,הפריכיות הטעימות פוט,,,הפריכיות הטעימות פוטטוס 135 גר,גרמים,135.00,100 גרם,false,12,11.90,8.8148,true,1,206389
7290112336644,false,סוכריות מאסט ללא סוכ,MIESZKO S.A - MS. JO,,סוכריות מאסט לימון ללא סוכר 80 גר,גרמים,80.00,100 גרם,false,12,6.90,8.6250,true,1,208325
7290112339867,false,גבינה לבנה גמדים סקו,,,גבינה לבנה גמדים סקוויז תות לדרך 100 גר,גרמים,100.00,100 גרם,false,1,5.90,5.9000,true,1,204688
7290112339874,false,גבינה לבנה גמדים סקו,,,גבינה לבנה גמדים סקוויז תות בננה לדרך,גרמים,100.00,100 גרם,false,1,5.90,5.9000,true,1,204689
7290112340122,false,הפריכיות הטעימות 3 ד,,,הפריכיות הטעימות 3 דגנים 135 גר,גרמים,135.00,100 גרם,false,12,11.90,8.8148,true,1,206391
7290112340252,false,מסטיק מאסט אבטיח מלו,,,מסטיק מאסט אבטיח מלון 66 גר,גרמים,66.00,100 גרם,false,12,9.90,15.0000,true,1,205747
7290112342102,false,גבינת שמנת סימפוניה,,,גבינת שמנת סימפוניה בצל מקורמל 5% 200 ג,גרמים,200.00,100 גרם,false,12,10.90,5.4500,true,1,210577
7290112343420,false,משקה חלב יטבתה פרו א,,,"משקה חלב יטבתה פרו ארוחת בוקר 350 מ""ל",מיליליטרים,350.00,"100 מ""ל",false,6,7.90,2.2571,true,1,209990
7290112343499,false,חטיף ציטוס פאפס בטעם,STRAUSS-ISRAEL,,ציטוס פאפס בטעם גבינה 55 גר,גרמים,55.00,100 גרם,false,48,3.40,6.1818,true,1,222272
7290112343512,false,חטיף ציטוס פאפס בטעם,STRAUSS-ISRAEL,,חטיף ציטוס פאפס בטעם גבינה 160 גר,גרמים,160.00,100 גרם,false,9,6.90,4.3125,true,1,222273
7290112344724,false,מעדן מילקי בטעם שוקו,,,מעדן מילקי בטעם שוקולד בלונדי 170 גר,גרמים,170.00,100 גרם,false,24,3.40,2.0000,true,1,209998
7290112344786,false,קפה פלטינום קלאסיק 2,STRAUSS-ISRAEL,,קפה פלטינום קלאסיק 200 גר,גרמים,200.00,100 גרם,false,6,24.90,12.4500,true,1,210893
7290112346360,false,בפלות אחת אחת בציפוי,הגביע מוצרי וופלים ב,,בפלות אחת אחת בציפוי שוקולד 240 גר,גרמים,180.00,100 גרם,false,10,13.90,7.7222,true,1,225650
7290112346537,false,עוגיות פינוקיות טורט,,,פינוקיות עוגיות עלית בטעם טורטית 200 גר,גרמים,200.00,100 גרם,false,14,10.90,5.4500,true,1,210024
7290112346629,false,יוגורט עם קורנפלקס מ,STRAUSS-ISRAEL,,יוגורט עם קורנפלקס מצופה שוקולד חלב ולבן,גרמים,172.00,100 גרם,false,24,4.50,2.6163,true,1,214050
7290112347008,false,גמדים ארוחת בוקר תות,,,גמדים ארוחת בוקר תות סקוויז 100 גר,גרמים,100.00,100 גרם,false,7,5.90,5.9000,true,1,209986
7290112349606,false,מעדן גבינה דניאלה תו,STRAUSS-ISRAEL,,מעדן גבינה דניאלה תות בננה 88 גר,גרמים,88.00,100 גרם,false,24,4.10,4.6591,true,1,224634
7290112349705,false,רוטב עגבניות פומודור,,,רוטב עגבניות פומודורו לפסטה יד מרדכי,גרמים,350.00,100 גרם,false,1,10.90,3.1143,true,1,210906
7290112349750,false,רוטב עגבניות לפיצה י,,,רוטב עגבניות לפיצה יד מרדכי 350 גר,גרמים,350.00,100 גרם,false,1,10.90,3.1143,true,1,210903
7290112350275,false,קפסולות קפה לונגו וא,STRAUSS-ISRAEL,,קפסולות קפה עלית לונגו 55 גר,גרמים,55.00,100 גרם,false,12,15.90,28.9091,true,1,210892
7290112350312,false,קפסולות קפה חזק במיו,,,קפסולות קפה עלית חזק במיוחד 50 גר,גרמים,50.00,100 גרם,false,1,15.90,31.8000,true,1,212820
7290112351128,false,שוקולד חלב סוכריות ק,STRAUSS-ISRAEL,,שוקולד פרה סוכריות קופצות 100 גר,גרמים,100.00,100 גרם,false,12,5.50,5.5000,true,1,213687
7290112351258,false,עוגיות עלית פינוקיות,,,עוגיות עלית פינוקיות שחור לבן 200 גר,גרמים,200.00,100 גרם,false,14,10.90,5.4500,true,1,214045
7290112353887,false,משקה אייס קפה יטבתה,,,משקה אייס קפה יטבתה בטעם אגוזים 230 מל,מיליליטרים,230.00,"100 מ""ל",false,1,7.90,3.4348,true,1,213444
7290112354945,false,חטיף תפוציפס טבעי 50,STRAUSS-ISRAEL,,חטיף תפוציפס טבעי 50 גר,גרמים,50.00,100 גרם,false,1,3.90,7.8000,true,1,229276
7290112354952,false,חטיף תפוציפס בטעם פפ,STRAUSS-ISRAEL,,חטיף תפוציפס בטעם פפריקה 50 גר,גרמים,50.00,100 גרם,false,1,3.90,7.8000,true,1,229277
7290112355102,false,גמדים פאוץ סלט פירות,,,גמדים פאוץ סלט פירות 100 גר,גרמים,100.00,100 גרם,false,7,5.90,5.9000,true,1,216734
7290112355775,false,גבינת סימפוניה עירית,STRAUSS-ISRAEL,,גבינת סימפוניה עירית 200 גר,גרמים,200.00,100 גרם,false,12,10.90,5.4500,true,1,228239
7290112357083,false,אפונה גינה 380 גר,,,אפונה גינה 380 גר,גרמים,380.00,100 גרם,false,1,6.90,1.8158,true,1,212312
7290112357113,false,גרגרי חומוס 380 גר,,,גרגרי חומוס 380 גר,גרמים,380.00,100 גרם,false,1,6.90,1.8158,true,1,212311
7290112358219,false,רוטב יד מרדכי צילי מ,,,רוטב יד מרדכי צילי מתוק 300 גר,גרמים,300.00,100 גרם,false,1,13.90,4.6333,true,1,213434
7290112358233,false,רוטב יד מרדכי צילי ח,,,רוטב יד מרדכי צילי חריף 300 גר,גרמים,300.00,100 גרם,false,1,13.90,4.6333,true,1,213695
7290112490209,false,נמס בכוס עגבניות 56,יוניליוור,,נמס בכוס עגבניות 56 גר,גרמים,56.00,100 גרם,false,1,6.90,12.3214,true,1,200163
7290112490230,false,נמס בכוס אפונה 50 גר,יוניליוור,,נמס בכוס אפונה 50 גר,גרמים,50.00,100 גרם,false,1,6.90,13.8000,true,1,200164
7290112490674,false,קונפיטורת דובדבן 778,אתר חיפה 778,,קונפיטורת דובדבן 778 340 גר,גרמים,340.00,100 גרם,false,1,11.90,3.5000,true,1,200557
7290112491770,false,בייגל דקים דקים מלח,BB,IL,בייגל דקים דקים מלח 300 גר,גרמים,300.00,100 גרם,false,12,9.90,3.3000,true,1,203864
7290112492449,false,פינוק שמפו לשיער רגי,יוניליוור,,פינוק שמפו לשיער רגיל 700 מל,מיליליטרים,700.00,"100 מ""ל",false,12,10.90,1.5571,true,1,212042
7290112492456,false,פינוק שמפו לשיער יבש,יוניליוור,,פינוק שמפו לשיער יבש 700 מל,מיליליטרים,700.00,"100 מ""ל",false,12,10.90,1.5571,true,1,212043
7290112492487,false,שמפו פינוק שמן מרוקא,יוניליוור,,שמפו פינוק שמן מרוקאי 700 מל,מיליליטרים,700.00,"100 מ""ל",false,12,10.90,1.5571,true,1,212045
7290112492531,false,מרכך לשיער רגיל פינו,יוניליוור,IL,"מרכך לשיער רגיל פינוק 700 מ""ל",מיליליטרים,700.00,"100 מ""ל",false,12,10.90,1.5571,true,1,209879
7290112492548,false,מרכך פינוק לשיער יבש,יוניליוור,IL,"מרכך פינוק לשיער יבש 700 מ""ל",מיליליטרים,700.00,"100 מ""ל",false,12,10.90,1.5571,true,1,209883
7290112492982,false,מרק קנור פטריות רכיב,יוניליוור,IL,מרק קנור פטריות רכיבים טבעיים 400 גרם,גרמים,400.00,100 גרם,false,6,21.90,5.4750,true,1,209859
7290112493064,false,רוטב שזיפים קנור 320,יוניליוור,IL,רוטב שזיפים קנור 320 גרם,גרמים,320.00,100 גרם,false,8,10.90,3.4063,true,1,209858
7290112493088,false,מרק קנור נמס בכוס עד,יוניליוור,IL,מרק קנור נמס בכוס עדשים רכיבים טבעיים,גרמים,54.00,100 גרם,false,72,6.90,12.7778,true,1,207298
7290112493095,false,מרק קנור נמס בכוס עג,יוניליוור,IL,מרק קנור נמס בכוס עגבניות חריף רכיבים ט,גרמים,54.00,100 גרם,false,72,6.90,12.7778,true,1,207299
7290112493927,false,קרמיסימו ריבת חלב 1.,שטראוס,IL,קרמיסימו ריבת חלב 1.33 ליטר,ליטרים,1.33,ליטר,false,6,18.90,14.2105,true,1,209888
7290112493965,false,קרמיסימו מסטיגם 1.33,שטראוס,IL,קרמיסימו מסטיגם 1.33 ליטר,ליטרים,1.33,ליטר,false,6,18.90,14.2105,true,1,209887
7290112494016,false,מיונז תלמה מופחת שומ,יוניליוור,IL,מיונז תלמה מופחת שומן 500 גר,גרמים,500.00,100 גרם,false,1,11.90,2.3800,true,1,206597
7290112494221,false,קליק ביסקויט 65 גר,אתר צפת חטיפים,,קליק ביסקויט 65 גר,גרמים,65.00,100 גרם,false,1,5.90,9.0769,true,1,208645
7290112494238,false,קליק כדורים 65 גר,אתר צפת חטיפים,,קליק כדורים 65 גר,גרמים,65.00,100 גרם,false,1,5.90,9.0769,true,1,208641
7290112494276,false,קליק כריות 65 גר,אתר צפת חטיפים,,קליק כריות 65 גר,גרמים,65.00,100 גרם,false,1,5.90,9.0769,true,1,208643
7290112494313,false,קליק קורנפלקס 65 גר,אתר צפת חטיפים,,קליק קורנפלקס 65 גר,גרמים,65.00,100 גרם,false,1,5.90,9.0769,true,1,208644
7290112494344,false,קורנפלקס של אלופים 8,יוניליוור,IL,קורנפלקס של אלופים 850 גר,גרמים,850.00,100 גרם,false,8,18.90,2.2235,true,1,211183
7290112494801,false,גל כביסה בדין ורוד 2,,,גל כביסה בדין ורוד 2.5 ליטר,ליטרים,2.50,ליטר,false,1,29.90,11.9600,true,1,209319
7290112495006,false,כריות נוגט 686 גר,אתר שפע,,כריות נוגט 686 גר,גרמים,686.00,100 גרם,false,1,21.90,3.1924,true,1,208628
7290112495105,false,נשנושים שמנת בצל 260,אתר בייגל,,נשנושים שמנת בצל 260 גר,גרמים,260.00,100 גרם,false,1,10.90,4.1923,true,1,208639
7290112495112,false,נשנושים זעתר 260 גר,אתר בייגל,,נשנושים זעתר 260 גר,גרמים,260.00,100 גרם,false,1,10.90,4.1923,true,1,208640
7290112495174,false,נשנושי קרקר קוקטייל,אתר בייגל,,נשנושי קרקר קוקטייל שומשום 300 גר,גרמים,300.00,100 גרם,false,1,10.90,3.6333,true,1,208637
7290112495433,false,דליפקאן 400 גר,אתר שפע,,דליפקאן 400 גר,גרמים,400.00,100 גרם,false,1,21.90,5.4750,true,1,207976
7290112495754,false,רוטב הלמנס אלף האיים,יוניליוור,IL,רוטב הלמנס אלף האיים 305 גרם,גרמים,305.00,100 גרם,false,12,10.90,3.5738,true,1,210388
7290112496027,false,סירופ שוקולד 580 גר,יוניליוור,IL,סירופ שוקולד 580 גרם,גרמים,580.00,100 גרם,false,12,11.90,2.0517,true,1,210401
7290112496270,false,פתית ציפס תפוא עגבני,,,"פתית ציפס תפו""א 22 גר",גרמים,22.00,100 גרם,false,1,3.90,17.7273,true,1,214003
7290112498007,false,גרנולה תלמה פרוטאין,יוניליוור,IL,גרנולה תלמה פרוטאין חמוציות שקדים 300 גר,גרמים,300.00,100 גרם,false,10,15.90,5.3000,true,1,220188
7290112498274,false,סבון ידיים נוזלי לבנ,,,סבון ידיים נוזלי לבנדר פינוק 950 מל,מיליליטרים,950.00,"100 מ""ל",false,1,11.90,1.2526,true,1,221092
7290112498281,false,סבון ידיים נוזלי קוק,,,סבון ידיים נוזלי קוקוס פינוק 950 מל,מיליליטרים,950.00,"100 מ""ל",false,1,11.90,1.2526,true,1,221093
7290112498748,false,מאגדת מיני סולרו תות,,,מאגדת מיני סולרו תות 350 גר,גרמים,350.00,100 גרם,false,1,23.90,6.8286,true,1,219194
7290112498885,false,מאגדת גודיז תותים וש,שטראוס,IL,מאגדת גודיז תותים ושוקולד לבן 240 גר,גרמים,240.00,100 גרם,false,8,23.90,9.9583,true,1,219647
7290112498915,false,מאגדת מיני מגנום שקד,שטראוס,IL,מאגדת מיני מגנום שקדים מובחרים 250 גר,גרמים,250.00,100 גרם,false,8,27.90,11.1600,true,1,220823
7290112498922,false,מאגדת מיני מגנום לבן,שטראוס,IL,מאגדת מיני מגנום לבן 250 גר,גרמים,250.00,100 גרם,false,8,27.90,11.1600,true,1,220824
7290112499059,false,קרמיסימו שוקו לבן ות,,,קרמיסימו שוקו לבן ותות 1.33 ל,גרמים,750.00,100 גרם,false,6,18.90,2.5200,true,1,224855
7290112499097,false,מאגדת מיני מגנום מרי,שטראוס,IL,מאגדת מיני מגנום מריר 240 גר,גרמים,240.00,100 גרם,false,8,27.90,11.6250,true,1,224012
7290112499189,false,קרמיסימו חד קרן 1.33,שטראוס,IL,קרמיסימו חד קרן 1.33 ל,ליטרים,1.33,ליטר,false,6,18.90,14.2105,true,1,228036
7290112499219,false,מאגדת גלידות גודיז פ,שטראוס,IL,מאגדת גלידות גודיז פיסטוק שוקולד 235 גר,גרמים,235.00,100 גרם,false,8,23.90,10.1702,true,1,225713
7290112499844,false,מיני מגנום דאבל חמיש,שטראוס,IL,מיני מגנום דאבל חמישייה 310 גר,גרמים,310.00,100 גרם,false,8,27.90,9.0000,true,1,210374
7290112499943,false,מיני מגנום שוקו וניל,שטראוס,IL,מיני מגנום שוקו וניל חמישייה 250 גר,גרמים,250.00,100 גרם,false,8,27.90,11.1600,true,1,210372
7290112499974,false,מאגדת מיני פסק זמן 2,שטראוס,IL,מאגדת מיני פסק זמן 280 גרם,גרמים,280.00,100 גרם,false,8,27.90,9.9643,true,1,212288
7290112770004,true,צימיצורי 250 גר,,,צימיצורי 250 גרם,גרמים,250.00,100 גרם,false,1,10.90,4.3600,true,1,197070
7290112770011,true,סלט פלפלים קלויים 40,,,סלט פלפלים קלויים 400 גרם,גרמים,400.00,100 גרם,false,1,15.90,3.9750,true,1,197071
7290112770042,true,מוס סלמון מעושן 250,,,מוס סלמון מעושן 250 גרם,גרמים,250.00,100 גרם,false,1,19.90,7.9600,true,1,197074
7290112770059,true,מטבוחה 400 גר,,,מטבוחה 400 גרם,גרמים,400.00,100 גרם,false,1,12.90,3.2250,true,1,197075
7290112770073,true,חציל רומני 400 גר,,,חציל רומני 400 גרם,גרמים,400.00,100 גרם,false,1,14.90,3.7250,true,1,197077
7290112770080,true,חומוס ביתי 400 גר,,,חומוס ביתי 400 גרם,גרמים,400.00,100 גרם,false,1,12.90,3.2250,true,1,197078
7290112770103,true,סלט גזר אסייתי 400 ג,,,סלט גזר אסייתי 400 גרם,גרמים,400.00,100 גרם,false,1,12.90,3.2250,true,1,197080
7290112770110,true,חציל במיונז 400 גר,,,חציל במיונז 400 גרם,גרמים,400.00,100 גרם,false,1,14.90,3.7250,true,1,197081
7290112770127,true,חציל בטחינה 400 גר,,,חציל בטחינה 400 גרם,גרמים,400.00,100 גרם,false,1,14.90,3.7250,true,1,197082
7290112770141,true,סלט סלק ושורשים 400,,,סלט סלק ושורשים 400 גרם,גרמים,400.00,100 גרם,false,1,13.90,3.4750,true,1,197084
7290112770158,true,חמוצים סינים 400 גר,,,חמוצים סינים 400 גר,גרמים,400.00,100 גרם,false,1,12.90,3.2250,true,1,197236
7290112770240,true,פשטידת כרובית 600 גר,,,פשטידת כרובית 600 גר,גרמים,600.00,100 גרם,false,1,36.90,6.1500,true,1,199295
7290112770257,true,פשטידת בטטה 600 גר,,,פשטידת בטטה 600 גר,גרמים,600.00,100 גרם,false,1,36.90,6.1500,true,1,199291
7290112770271,true,פשטידת בצל 600 גר,,,פשטידת בצל 600 גר,גרמים,600.00,100 גרם,false,1,36.90,6.1500,true,1,199292
7290112770288,true,פשטידת ברוקולי 600 ג,,,פשטידת ברוקולי 600 גר,גרמים,600.00,100 גרם,false,1,36.90,6.1500,true,1,199294
7290112770325,true,פשטידת פטריות 600 גר,,,פשטידה פטריות 600 גר,גרמים,600.00,100 גרם,false,1,36.90,6.1500,true,1,199296
7290112770332,true,סלט כרוב אדום 400 גר,,,סלט כרוב אדום 400 גרם,גרמים,400.00,100 גרם,false,1,13.90,3.4750,true,1,200585
7290112770349,true,סלט קולסלאו 400 גר,,,סלט קולסלאו 400 גרם,גרמים,400.00,100 גרם,false,1,12.90,3.2250,true,1,200586
7290112770356,true,סלט טורקי 400 גר,,,סלט טורקי 400 גרם,גרמים,400.00,100 גרם,false,1,13.90,3.4750,true,1,200587
7290112770400,true,פשטידת תרד 600 גר,,,פשטידת תרד 600 גר,גרמים,600.00,100 גרם,false,1,36.90,6.1500,true,1,204022
7290112770868,true,סלט תירס 400 גר,,,סלט תירס 400 גרם,גרמים,400.00,100 גרם,false,1,12.90,3.2250,true,1,210631
7290112770875,true,מרק בורשט 400 גר,,,מרק בורשט 400 גרם,גרמים,400.00,100 גרם,false,,19.90,4.9750,true,1,210987
7290112770899,true,מרק גולש 400 גר,,,מרק גולש 400 גרם,גרמים,400.00,100 גרם,false,,19.90,4.9750,true,1,210990
7290112770943,true,סלט משוויה 400 גרם,,,סלט משוויה 400 גרם,גרמים,400.00,100 גרם,false,1,14.90,3.7250,true,1,211650
7290112770974,false,מעדן איקרה לבנה 250,,,מעדן איקרה לבנה 250 גר,גרמים,250.00,100 גרם,false,1,19.90,7.9600,true,1,219944
7290112771018,false,חציל מטוגן בטחינה 40,,,חציל מטוגן בטחינה 400 גר,גרמים,400.00,100 גרם,false,1,14.90,3.7250,true,1,219948
7290112771032,false,חצילים ופלפלים קלויי,,,חצילים ופלפלים קלויים 400 גר,גרמים,400.00,100 גרם,false,1,14.90,3.7250,true,1,219950
7290112771056,false,מרק תאילנדי עם פירות,,,מרק תאילנדי עם פירות ים 400 גר,גרמים,400.00,100 גרם,false,1,22.90,5.7250,true,1,220942
7290112771377,false,סלט תפוא אוליביה 400,,,סלט תפוא אוליביה 400 גר,גרמים,400.00,100 גרם,false,1,15.90,3.9750,true,1,226578
7290112771384,false,סלט הרינג ברוטב חרדל,,,סלט הרינג ברוטב חרדל 250 גר,גרמים,250.00,100 גרם,false,1,14.90,5.9600,true,1,226579
7290112771414,true,קובה סלק 400 גר,,,קובה סלק 400 גר,גרמים,400.00,100 גרם,false,,19.90,4.9750,true,1,230237
7290112961266,false,בייגלה כפיות פיזור א,אסם,,בייגלה כפיות פיזור איטלקי 300 גר,גרמים,300.00,100 גרם,false,1,9.90,3.3000,true,1,205789
7290112962775,false,מאגדת שלגון אוראו 26,,,מאגדת שלגון אוראו 264 גר,גרמים,264.00,100 גרם,false,1,37.90,14.3561,true,1,210831
7290112963918,false,קרקר פיטנס דק רוזמרי,אסם,,קרקר פיטנס דק רוזמרין 140 גר,גרמים,140.00,100 גרם,false,1,10.90,7.7857,true,1,207114
7290112964052,false,פרפקטו פסטה וזוביוטו,פסטה לנסי,IL,פרפקטו פסטה וזוביוטו 500 גר,גרמים,500.00,100 גרם,false,12,9.90,1.9800,true,1,206435
7290112964410,false,רוטב אלף האיים 290 ג,אסם,,רוטב אלף האיים 290 גר,גרמים,290.00,100 גרם,false,1,10.90,3.7586,true,1,207106
7290112964434,false,רוטב לסלט קיסר 295 ג,אסם,,"רוטב לסלט קיסר 295 מ""ל",גרמים,295.00,100 גרם,false,1,10.90,3.6949,true,1,207100
7290112964472,false,רוטב שום לסלט 290 גר,אסם,,"רוטב שום לסלט 290 מ""ל",גרמים,290.00,100 גרם,false,1,10.90,3.7586,true,1,207099
7290112965103,false,קוסקוס עם ירקות 146,אסם,,קוסקוס עם ירקות 146 גר,גרמים,146.00,100 גרם,false,1,9.90,6.7808,true,1,210155
7290112965240,false,מרק נמס אסם עגבניות,אסם,,מרק נמס אסם עגבניות 60 גר זוג,גרמים,60.00,100 גרם,false,1,5.90,9.8333,true,1,210151
7290112965288,false,מרק נמס ירקות אסם 56,אסם,,זוג מרק נמס ירקות אסם 30 גר,גרמים,56.00,100 גרם,false,1,5.90,10.5357,true,1,214664
7290112965301,false,מרק נמס אסם בטעם עוף,אסם,,מרק נמס אסם בטעם עוף 52 גר זוג,גרמים,52.00,100 גרם,false,1,5.90,11.3462,true,1,210149
7290112966247,false,לחמית כוסמין 200 גר,אסם,IL,לחמית כוסמין 200 גר,גרמים,200.00,100 גרם,false,12,9.90,4.9500,true,1,212846
7290112966353,false,פתיתים מספרים 400 גר,אסם,IL,פתיתים מספרים 400 גר,גרמים,400.00,100 גרם,false,12,7.90,1.9750,true,1,208373
7290112966728,false,טחינה צבר בלדי פלפלי,,,טחינה צבר בלדי פלפלים חריפים 350 גר,גרמים,350.00,100 גרם,false,1,14.90,4.2571,true,1,208477
7290112966803,false,פודינג אינסטנט בטעם,אסם,,פודינג אינסטנט בטעם שוקולד 88 גר,גרמים,88.00,100 גרם,false,1,5.40,6.1364,true,1,210143
7290112966841,false,פודינג אינסטנט בטעם,אסם,,פודינג אינסטנט בטעם שוקולד מריר 90 גר,גרמים,90.00,100 גרם,false,1,5.40,6.0000,true,1,210144
7290112968760,false,טבעול חטיפי ברוקולי,טבעול ישראל,IL,טבעול חטיפי ברוקולי 450 גר,גרמים,450.00,100 גרם,false,6,29.90,6.6444,true,1,211835
7290112968807,false,קרקר פיטנס דק סלק 14,אסם,IL,קרקר פיטנס דק סלק 140 גר,גרמים,140.00,100 גרם,false,12,10.90,7.7857,true,1,215396
7290112968821,false,קרקר פיטנס דק בטטה 1,אסם,IL,קרקר פיטנס דק בטטה 140 גר,גרמים,140.00,100 גרם,false,12,10.90,7.7857,true,1,215397
7290112969248,false,רוטב בישולים סילאן ו,,,רוטב בישולים סילאן ובצל 335 גר,גרמים,335.00,100 גרם,false,1,14.90,4.4478,true,1,215828
7290113190375,false,סילאן טבעי שקדיה 900,,,סילאן טבעי שקדיה 900 גר,גרמים,900.00,100 גרם,false,1,18.90,2.1000,true,1,208274
7290113190450,false,ממרח תמרים 450 גר שק,,,ממרח תמרים 450 גר שקדיה,גרמים,450.00,100 גרם,false,1,5.90,1.3111,true,1,208255
7290113192300,false,חרוזית מושחר בית השי,בית השיטה,IL,חרוזית מושחר בית השיטה 275 גר,גרמים,560.00,100 גרם,false,12,10.90,1.9464,true,1,212225
7290113192331,false,זית ירוק גדול בית הש,בית השיטה,IL,זית ירוק גדול בית השיטה 340 גר,גרמים,560.00,100 גרם,false,12,9.90,1.7679,true,1,212228
7290113192355,false,חרוזית ירוק בית השיט,בית השיטה,IL,חרוזית ירוק בית השיטה 275 גר,גרמים,560.00,100 גרם,false,12,10.90,1.9464,true,1,212230
7290113192362,false,טבעות זיתים ירק בית,בית השיטה,IL,טבעות זיתים ירק בית השיטה 280 גר,גרמים,560.00,100 גרם,false,12,10.90,1.9464,true,1,212231
7290113192485,false,מלפפון חומץ 10-12 בי,בית השיטה,IL,מלפפון חומץ 10-12 בית השיטה 290 גר,גרמים,560.00,100 גרם,false,12,7.90,1.4107,true,1,212249
7290113192522,false,מלפפון חומץ 18-25 בי,בית השיטה,IL,מלפפון חומץ 18-25 בית השיטה 290 גר,גרמים,560.00,100 גרם,false,12,12.90,2.3036,true,1,212253
7290113192546,false,מלפפון חומץ 7-9 בית,בית השיטה,IL,מלפפון חומץ 7-9 בית השיטה 290 גר,גרמים,560.00,100 גרם,false,12,6.90,1.2321,true,1,212255
7290113192553,false,מלפפון מלח בלדי 13-1,בית השיטה,IL,מלפפון מלח בלדי 13-17 בית השיטה 320 גר,גרמים,560.00,100 גרם,false,12,10.90,1.9464,true,1,212256
7290113192560,false,פלפל שיפקה בית השיטה,בית השיטה,IL,פלפל שיפקה בית השיטה 230 גר,גרמים,560.00,100 גרם,false,12,7.90,1.4107,true,1,212257
7290113192881,false,טורטיה חיטה מופחת קל,,,טורטיה חיטה מופחת קלוריות 6 יח 270 גר,גרמים,270.00,100 גרם,false,1,9.90,3.6667,true,1,227485
7290113193000,false,פלפל שיפקונית בית הש,,,פלפל שיפקונית בית השיטה 230 גר,גרמים,560.00,100 גרם,false,12,11.90,2.1250,true,1,211205
7290113193017,false,קוקטייל זיתים בית הש,,,קוקטייל זיתים בית השיטה 275 גר,גרמים,560.00,100 גרם,false,12,13.90,2.4821,true,1,211202
7290113193321,false,שמן זית בית השיטה 75,,,שמן זית בית השיטה 750 מל,מיליליטרים,750.00,"100 מ""ל",false,1,31.90,4.2533,true,1,212853
7290113193888,false,חצילים מוחמצים בית ה,,,חצילים מוחמצים בית השיטה 320 גר,גרמים,320.00,100 גרם,false,12,9.90,3.0938,true,1,216452
7290113194090,false,טבעות קלמטה בית השיט,,IL,טבעות קלמטה בית השיטה 280 גר,גרמים,560.00,100 גרם,false,12,13.90,2.4821,true,1,215407
7290113195066,false,חלווה טורקית בטעם ונ,,,חלבה טורקית בטעם וניל 400 גר,גרמים,400.00,100 גרם,false,10,14.90,3.7250,true,1,216147
7290113195073,false,חלווה טורקית עם פיסט,,,חלבה טורקית עם פיסטוק 400 גר,גרמים,400.00,100 גרם,false,10,17.90,4.4750,true,1,216145
7290113195387,false,מחית תפוע ומנגו 300,,,"מחית תפו""ע ומנגו 300 גר",גרמים,300.00,100 גרם,false,1,9.90,3.3000,true,1,220438
7290113196520,false,פריכיות כוסמין ללא מ,,,פריכיות כוסמין ללא מלח 150 גר,גרמים,150.00,100 גרם,false,1,9.90,6.6000,true,1,222311
7290113196896,false,תרסיס שמן זית 170 גר,,,תרסיס שמן זית 170 גר,גרמים,170.00,100 גרם,false,1,13.90,8.1765,true,1,222317
7290113197152,false,לבבות דקל 410 גר,,,לבבות דקל 410 גר,גרמים,410.00,100 גרם,false,1,13.90,3.3902,true,1,221699
7290113197169,false,חמאת בוטנים טבעית 45,,,חמאת בוטנים טבעית 450 גר,גרמים,450.00,100 גרם,false,1,16.90,3.7556,true,1,226942
7290113198616,false,ברנפלקס דגנים מחיטה,,,ברנפלקס דגנים מחיטה מלאה וסובין 500 גר,גרמים,500.00,100 גרם,false,1,14.90,2.9800,true,1,226935
7290113199705,false,מוזלי פירות יבשים 50,,,מוזלי פירות יבשים 500 גר,גרמים,500.00,100 גרם,false,1,12.90,2.5800,true,1,226933
7290113199774,false,ממרח 100% בוטנים 300,,,ממרח 100% בוטנים 300 גר,גרמים,300.00,100 גרם,false,1,14.90,4.9667,true,1,226939
7290113199781,false,ממרח 100% אגוזים ובו,,,ממרח 100% אגוזים ובוטנים 200 גר,גרמים,200.00,100 גרם,false,1,15.90,7.9500,true,1,226940
7290113300194,false,שימורים לחתולים לה ק,,,שימורים לחתולים לה קט פאונץ עוף ברוטב 85,גרמים,85.00,100 גרם,false,1,4.90,5.7647,true,1,210257
7290113300224,false,שימורים לחתולים לה ק,,,שימורים לחתולים לה קט פאונץ סלמון ברוטב,גרמים,85.00,100 גרם,false,1,4.90,5.7647,true,1,210258
7290113300231,false,שימורים לחתולים לה ק,,,שימורים לחתולים לה קט פאונץ בקר בגלי 85,גרמים,85.00,100 גרם,false,1,4.90,5.7647,true,1,210259
7290113300262,false,שימורים לחתולים לה ק,,,שימורים לחתולים לה קט פאונץ טונה בגלי,גרמים,85.00,100 גרם,false,1,4.90,5.7647,true,1,210260
7290113660052,false,נר נשמה 24 שעות,,,נר נשמה 24 שעות,Unknown,0.00,Unknown,false,1,1.90,0.0000,true,1,204105
7290113660076,false,נר נשמה שבועי בכוס ז,,,נר נשמה שבועי בכוס זכוכית,Unknown,0.00,Unknown,false,1,11.90,0.0000,true,1,204106
7290113660083,false,להבונים נרות בשקית 5,,,להבונים נרות בשקית 50 יח,Unknown,0.00,Unknown,false,1,11.90,0.0000,true,1,204104
7290113660441,false,שקיות אשפה שרוך 75/9,אור שני,,שקיות אשפה שרוך 75/90 40 יח,Unknown,0.00,Unknown,false,1,29.90,0.0000,true,1,205292
7290113660526,false,שקיות אשפה שחורות 75,אור שני,,שקיות אשפה שחורות 75*90 25 יח,Unknown,0.00,Unknown,false,1,15.90,0.0000,true,1,205291
7290113660540,false,שקיות אשפה 75/90 עם,,,שקיות אשפה 75/90 עם ידיות 25 יח,Unknown,0.00,Unknown,false,1,11.90,0.0000,true,1,204352
7290113660571,false,אשפח שקיות נשלפות שר,אור שני,,אשפח שקיות נשלפות שרוך 60 יח,Unknown,0.00,Unknown,false,1,14.90,0.0000,true,1,205293
7290113660854,false,מטליות לחות לניקוי כ,,,מטליות לחות לניקוי כללי דלי 400 יח,Unknown,0.00,Unknown,false,1,25.90,0.0000,true,1,204107
7290113660977,false,מפת שולחן ויסקוזה לב,א.מ.פ.ק,,מפת שולחן ויסקוזה לבן,Unknown,0.00,Unknown,false,1,5.90,0.0000,true,1,211323
7290113661042,false,צלחת 7 קטן צבעוני 25,Rainbow,,"צלחת 7"" קטן צבעוני 25 יח",Unknown,0.00,Unknown,false,1,6.90,0.0000,true,1,203106
7290113661059,false,צלחת 9 גדול צבעוני 2,Rainbow,,"צלחת 9"" גדול צבעוני 25 יח",Unknown,0.00,Unknown,false,1,10.90,0.0000,true,1,203107
7290113661066,false,צלחת 10 ענק צבעוני 2,Rainbow,,"צלחת 10"" ענק צבעוני 25 יח",Unknown,0.00,Unknown,false,1,16.90,0.0000,true,1,203108
7290113661141,false,צלחת 9 בייסיק 100 יח,בנדע,,"צלחת 9"" בייסיק 100 יח",Unknown,0.00,Unknown,false,1,34.80,0.0000,true,1,203102
7290113661813,false,תבנית אלומיניום גדול,,,תבנית אלומיניום גדול 18 יח,Unknown,0.00,Unknown,false,1,19.90,0.0000,true,1,206342
7290113661820,false,תבנית אלומיניום עמוק,,,תבנית אלומיניום עמוק 18 יח,Unknown,0.00,Unknown,false,1,19.90,0.0000,true,1,206343
7290113662001,false,ניילון נצמד 30/150+פ,,,ניילון נצמד 30/150+פס לחיתוך קל,Unknown,0.00,Unknown,false,1,15.90,0.0000,true,1,206337
7290113662100,false,רדיד אלומיניום כוכבי,,,רדיד אלומיניום כוכבים עבה במיוחד 30/30,Unknown,0.00,Unknown,false,1,21.90,0.0000,true,1,206338
7290113662117,false,רדיד אלומיניום כוכבי,,,רדיד אלומיניום כוכבים עבה במיוחד 30/45,Unknown,0.00,Unknown,false,1,29.90,0.0000,true,1,206339
7290113662377,false,נייר אפיה 50 דף,,,נייר אפיה 50 דף,Unknown,0.00,Unknown,false,1,9.90,0.0000,true,1,222270
7290113662841,false,כוסות מעוטרות דוגמת,,,כוסות מעוטרות דוגמת שיש 40 יח,Unknown,0.00,Unknown,false,1,9.90,0.0000,true,1,222269
7290113662896,false,"צלחת 9"" בייסיק 50 יח",,,"צלחת 9"" בייסיק 50 יח",Unknown,0.00,Unknown,false,1,19.90,0.0000,true,1,225405
7290114310215,false,שמנת מתוקה 38% 250 מ,,IL,שמנת מתוקה 38% 250 מל בקבוק,מיליליטרים,250.00,"100 מ""ל",false,12,6.47,2.5880,true,1,211792
7290114310222,false,חלב מועשר בסידן 3% 1,,,חלב מועשר בסידן 3% 1.5 ל,ליטרים,1.50,ליטר,false,1,12.90,8.6000,true,1,212891
7290114310239,false,חלב נטול לקטוז מועשר,,,חלב נטול לקטוז מועשר בויטמין 2% 1.5 ל,ליטרים,1.50,ליטר,false,1,12.90,8.6000,true,1,212892
7290114310246,false,גרנה פדנו צאנק 125 ג,,,גרנה פדנו צאנק 125 גר,גרמים,125.00,100 גרם,false,1,19.90,15.9200,true,1,215766
7290114310536,false,יוגורט לייט מעושר חל,,,יוגורט לייט מעושר חלבון בטעם וניל 200 גר,גרמים,200.00,100 גרם,false,1,5.90,2.9500,true,1,216901
7290114310567,false,לאבנה עיזים 5% 200 ג,,,לאבנה עיזים 5% 200 גר,גרמים,200.00,100 גרם,false,1,14.90,7.4500,true,1,220071
7290114310574,false,גבינת קרם שמנת עיזים,,,גבינת קרם שמנת עיזים 5% 200 גר,גרמים,200.00,100 גרם,false,1,14.90,7.4500,true,1,220070
7290114310895,false,שמיניית יוגורט סימפל,,,שמיניית יוגורט סימפלי מנגו תות 1.5% מולר,גרמים,1200.00,100 גרם,false,1,29.90,2.4917,true,1,222217
7290114310901,false,גבינה לבנה מהדרין 5%,,,גבינה לבנה מהדרין 5% 250 גר,גרמים,250.00,100 גרם,false,12,4.90,1.9600,true,1,221586
7290114310963,false,יוגורט מחלב עיזים מל,,,יוגורט מחלב עיזים מלא כ-3.8% שומן 500 גר,גרמים,500.00,100 גרם,false,1,14.90,2.9800,true,1,223577
7290114311014,false,משקה חלב אייס קפוצינ,,,משקה חלב אייס קפוצינו 250 מל,מיליליטרים,250.00,"100 מ""ל",false,1,5.90,2.3600,true,1,226242
7290114311052,false,יוגורט סימפלי פרוט מ,,,יוגורט סימפלי פרוט מנדרינה 0% מולר 150 ג,גרמים,150.00,100 גרם,false,1,5.50,3.6667,true,1,225540
7290114311069,false,יוגורט מולר אקטיב 0%,,,יוגורט מולר אקטיב 0% מועשר בחלבון 150 גר,גרמים,150.00,100 גרם,false,24,5.90,3.9333,true,1,225542
7290114311151,false,גבינת מה עז כמהין מש,,,גבינת מה עז כמהין משק צוריאל 150 גר,גרמים,150.00,100 גרם,false,40,21.90,14.6000,true,1,226104
7290114311205,false,תום ביין עיזים משק צ,,,תום ביין עיזים משק צוריאל 160 גר,גרמים,160.00,100 גרם,false,1,25.90,16.1875,true,1,226239
7290114311298,false,יוגורט מולר פרופ תות,,,יוגורט מולר פרופ תות בננה מלון 150 גר,מיליליטרים,150.00,"100 מ""ל",false,1,4.90,3.2667,true,1,227153
7290114311304,false,יוגורט מולר פרופ מנג,,,יוגורט מולר פרופ מנגו פסיפלורה בננה 150,מיליליטרים,150.00,"100 מ""ל",false,1,4.90,3.2667,true,1,227154
7290114311328,false,חלב מועשר 2% נטול לק,,,חלב מועשר 2% נטול לקטוז 1 ל,ליטרים,1.00,ליטר,false,1,7.90,7.9000,true,1,228104
7290114311458,false,חלב מועשר 3% ויטמין,,,חלב מועשר 3% ויטמין די 1 ל,ליטרים,1.00,ליטר,false,12,7.70,7.7000,true,1,228509
7290114600996,false,רוטב שום מאסטר שף 25,קפה לנדוור,,רוטב שום מאסטר שף 250 מל,מיליליטרים,250.00,"100 מ""ל",false,1,9.90,3.9600,true,1,213289
7290114602778,false,פרי סלייסים ציפס ירק,,,פרי סלייסים ציפס ירקות שורש 90 גר,גרמים,90.00,100 גרם,false,1,12.90,14.3333,true,1,220627
7290114602785,false,פרי סלייסים ציפס בננ,,,פרי סלייסים ציפס בננה מלוח 90 גר,גרמים,90.00,100 גרם,false,1,12.90,14.3333,true,1,220626
7290114604864,false,קוסקוס דק מאסטר שף 3,,,קוסקוס דק מאסטר שף 350 גר,גרמים,350.00,100 גרם,false,1,5.90,1.6857,true,1,215987
7290114604871,false,קוסקוס בינוני מאסטר,,,קוסקוס בינוני מאסטר שף 350 גר,גרמים,350.00,100 גרם,false,1,5.90,1.6857,true,1,215986
7290114604895,false,ממרח ספייסי לחיץ מאס,,,ממרח ספייסי לחיץ מאסטר שף 446 גר,גרמים,446.00,100 גרם,false,1,14.90,3.3408,true,1,220115
7290114604949,false,רוטב ברביקיו מאסטר ש,,,רוטב ברביקיו מאסטר שף 524 גר,גרמים,524.00,100 גרם,false,1,12.90,2.4618,true,1,220120
7290114604963,false,פירורים מתובלים מאסט,מנה,IL,פירורים מתובלים מאסטר שף 230 גר,גרמים,230.00,100 גרם,false,20,6.90,3.0000,true,1,216433
7290114606530,false,רוטב בטעם מיונז וקטש,,,רוטב בטעם מיונז וקטשופ מאסטר שף 515 גר,גרמים,515.00,100 גרם,false,1,14.90,2.8932,true,1,220118
7290114606547,false,מיונז עם פטריות כמהי,,,מיונז עם פטריות כמהין מאסטר שף 242 גר,גרמים,242.00,100 גרם,false,1,14.90,6.1570,true,1,220117
7290114606578,false,שקדי מרק מאסטר שף 40,,,שקדי מרק מאסטר שף 400 גר,גרמים,400.00,100 גרם,false,1,9.90,2.4750,true,1,221841
7290114608640,false,קרוטונים לסלט כוסמין,EinatFood,IL,קרוטונים לסלט כוסמין מאסטר שף 260 גר,גרמים,260.00,100 גרם,false,12,18.90,7.2692,true,1,221524
7290114608664,false,סילאן לחיץ מאסטר שף,,,סילאן לחיץ מאסטר שף 680 גר,גרמים,680.00,100 גרם,false,1,21.90,3.2206,true,1,221838
7290115190014,false,מרלבורו רד,,,מרלבורו רד,Unknown,0.00,Unknown,false,1,36.00,0.0000,false,1,214939
7290115190090,false,מרלבורו גולד,,,מרלבורו גולד,Unknown,0.00,Unknown,false,1,36.00,0.0000,false,1,214928
7290115190137,false,מרלבורו פיין טאץ,,,מרלבורו פיין טאץ,Unknown,0.00,Unknown,false,1,31.00,0.0000,false,1,214938
7290115190151,false,מרלבורו טאץ,,,מרלבורו טאץ,Unknown,0.00,Unknown,false,1,31.00,0.0000,false,1,214935
7290115190212,false,פרלמנט בלו ארוך,,,פרלמנט בלו,Unknown,0.00,Unknown,false,1,41.00,0.0000,false,1,214930
7290115190236,false,פרלמנט בלו,,,פרלמנט בלו,Unknown,0.00,Unknown,false,1,41.00,0.0000,false,1,214929
7290115190250,false,פרלמנט רגיל קצר,,,פרלמנט רגיל קצר,Unknown,0.00,Unknown,false,1,41.00,0.0000,false,1,214330
7290115190335,false,ל.מ כחול לייבל ארוך,,,ל.מ כחול לייבל ארוך,Unknown,0.00,Unknown,false,1,30.00,0.0000,false,1,220251
7290115190359,false,ל.מ כחול לייבל קצר,,,ל.מ כחול לייבל קצר,Unknown,0.00,Unknown,false,1,31.00,0.0000,false,1,214328
7290115190397,false,ל.מ אדום לייבל קצר,,,ל.מ אדום לייבל קצר,Unknown,0.00,Unknown,false,1,31.00,0.0000,false,1,214325
7290115190434,false,ל.מ. וויב סלימס,,,ל.מ. וויב סלימס,Unknown,0.00,Unknown,false,1,31.00,0.0000,false,1,214331
7290115190472,false,סיגריות נקסט פיין אד,,,סיגריות נקסט פיין אדג,Unknown,0.00,Unknown,false,1,27.00,0.0000,false,1,216218
7290115190496,false,נקסט לייט ארוך,,,נקסט לייט ארוך,Unknown,0.00,Unknown,false,1,30.00,0.0000,false,1,219028
7290115190533,false,סיגריות נקסט ריסס 10,,,סיגריות נקסט ריסס 100,Unknown,0.00,Unknown,false,1,28.00,0.0000,false,1,215817
7290115190595,false,נקסט אורגינל,,,נקסט אורגינל,Unknown,0.00,Unknown,false,1,30.00,0.0000,false,1,214927
7290115190977,false,מרלבורו טאץ אדום,,,מרלבורו טאץ אדום,Unknown,0.00,Unknown,false,1,31.00,0.0000,false,1,227794
7290115200003,false,פתי בר פינוקי וניל 2,אסם,PL,פתי בר פינוקי וניל 220 גרם,גרמים,220.00,100 גרם,false,16,9.90,4.5000,true,1,213402
7290115200027,false,פתי בר פינוקי שוקו 2,אסם,PL,פתי בר פינוקי שוקו 220 גרם,גרמים,220.00,100 גרם,false,16,9.90,4.5000,true,1,213403
7290115201727,false,ביסלי בצל 200 גר,אסם,IL,ביסלי בצל 200 גר,גרמים,200.00,100 גרם,false,25,7.90,3.9500,true,1,215401
7290115202786,false,מנה חמה פאוצ אטריות,,,מנה חמה פאוצ אטריות בטעם בקר 70 גר,גרמים,70.00,100 גרם,false,1,4.90,7.0000,true,1,219694
7290115202816,false,מנה חמה פאוצ אטריות,,,מנה חמה פאוצ אטריות בטעם עוף 70 גר,גרמים,70.00,100 גרם,false,1,4.90,7.0000,true,1,219695
7290115203295,false,פרפקטו פסטה ריציאולי,,IT,פרפקטו פסטה ריציאולי 500 גר,גרמים,500.00,100 גרם,false,12,9.90,1.9800,true,1,219658
7290115203486,false,פירורית בטעם ביסלי ג,עינת,,פירורית בטעם ביסלי גריל 200 גר,גרמים,200.00,100 גרם,false,1,6.50,3.2500,true,1,220370
7290115204612,false,ערגליות מיקס שוקותות,אסם,,ערגליות מיקס שוקותות 300 גר,גרמים,300.00,100 גרם,false,1,9.90,3.3000,true,1,220923
7290115208009,false,ויטמינציק ענבים 1 ל,בית השיטה,,ויטמינציק ענבים 1 ל,ליטרים,1.00,ליטר,false,1,19.90,19.9000,true,1,225147
7290115208047,false,ויטמינציק פטל 1 ל,בית השיטה,,ויטמינציק פטל 1 ל,ליטרים,1.00,ליטר,false,1,19.90,19.9000,true,1,225142
7290115254129,false,סוכריות בת הים 120 ג,,,סוכריות בת הים 120 גר,גרמים,120.00,100 גרם,false,12,19.90,16.5833,true,1,223675
7290115254563,false,טבלאות צמקאו ורוד 20,,,טבלאות צמקאו ורוד 200 גר,גרמים,200.00,100 גרם,false,12,13.90,6.9500,true,1,223682
7290115254594,false,סוכריות צבעוניות קלא,,,סוכריות צבעוניות קלאסי 120 גר,גרמים,120.00,100 גרם,false,12,19.90,16.5833,true,1,223671
7290115254600,false,סוכריות קשת מטאלי 12,,,סוכריות קשת מטאלי 120 גר,גרמים,120.00,100 גרם,false,12,19.90,16.5833,true,1,223679
7290115670578,false,ממרח בטעם שוקולד ממר,STRAUSS-ISRAEL,,ממרח בטעם שוקולד ממרחית 500 גר,גרמים,500.00,100 גרם,false,12,9.90,1.9800,true,1,215731
7290115671223,false,מסטיק מאסט פאן אבטיח,STRAUSS-ISRAEL,,מסטיק מאסט פאן אבטיח מנגו 58 גר,גרמים,58.00,100 גרם,false,12,9.90,17.0690,true,1,224698
7290115671612,false,שוקולד פרפקט בייט אג,,,שוקולד פרפקט בייט אגוז קרמל בייגלה 234 ג,גרמים,234.00,100 גרם,false,15,17.90,7.6496,true,1,223298
7290115675702,false,קוואקר פירות 375 גר,,,קוואקר פירות 375 גר,גרמים,375.00,100 גרם,false,6,19.90,5.3067,true,1,221279
7290115675986,false,דנונה בר עם אגוזים מ,STRAUSS-ISRAEL,,דנונה בר עם אגוזים מקורמלים 173 גר,גרמים,173.00,100 גרם,false,12,4.50,2.6012,true,1,216733
7290115676020,false,דנונה בר בזוקה 173 ג,STRAUSS-ISRAEL,,דנונה בר בזוקה 173 גר,גרמים,173.00,100 גרם,false,12,4.50,2.6012,true,1,224635
7290115676051,false,משקה אקטיביה מתיקות,,,משקה אקטיביה מתיקות מעודנת 265 גר,גרמים,265.00,100 גרם,false,12,4.90,1.8491,true,1,223310
7290115676273,false,קקאו בתוספת 10% 550,STRAUSS-ISRAEL,,קקאו עלית 500 גר+10%,גרמים,550.00,100 גרם,false,10,23.90,4.3455,true,1,220058
7290115676341,false,דבש טהור 18 יח 9 גר,,,דבש טהור 18 יח 9 גר 162 גר,גרמים,162.00,100 גרם,false,1,19.90,12.2840,true,1,227763
7290115678376,false,מעדן הגולן שוקולד 12,,,מעדן הגולן שוקולד 125 גר,גרמים,125.00,100 גרם,false,24,2.90,2.3200,true,1,221629
7290116531496,false,קינמונים 375 גר,אתר שפע,,קינמונים 375 גר,גרמים,375.00,100 גרם,false,10,16.90,4.5067,true,1,225574
7290116532264,false,מאגדת גלידות גודיז י,שטראוס,IL,מאגדת גלידות גודיז יוגורט אפרסק 342 גר,גרמים,300.00,100 גרם,false,8,23.90,7.9667,true,1,225714
7290116532271,false,מאגדת גלידות גודיז מ,שטראוס,IL,מאגדת גלידות גודיז מיני סנדוויץ 320 גר,גרמים,270.00,100 גרם,false,6,26.90,9.9630,true,1,225717
7290116532462,false,גלידה קליק שוקולד בנ,,,גלידה קליק שוקולד בננה 384 גר,גרמים,384.00,100 גרם,false,1,19.90,5.1823,true,1,227128
7290116532479,false,גלידה קליק שוקולד לב,,,גלידה קליק שוקולד לבן עוגיות 384 גר,גרמים,384.00,100 גרם,false,1,19.90,5.1823,true,1,227127
7290116533063,false,דגני בוקר שוגי בטעם,יוניליוור,IL,דגני בוקר שוגי בטעם קרטיב ענבים 400 גר,גרמים,400.00,100 גרם,false,12,16.90,4.2250,true,1,228032
7290116721340,true,חטיף דוריטוס צילי לי,,,חטיף דוריטוס צילי לי,,0.00,,false,,3.20,0.0000,true,1,162017
7290116930282,false,ארוחה בקטנה לאבנה עם,,,ארוחה בקטנה לאבנה עם קרקרים 150 גר,גרמים,150.00,100 גרם,false,1,7.90,5.2667,true,1,228439
7290116930329,false,יוגורט יופלה וניל שכ,,,יוגורט יופלה וניל שכבה פירות יער 150 גר,גרמים,150.00,100 גרם,false,24,4.90,3.2667,true,1,225269
7290116930435,false,יוגורט גו במרקם סמיך,,,יוגורט גו במרקם סמיך 0% דובדבן 200 גר,גרמים,200.00,100 גרם,false,12,5.90,2.9500,true,1,226183
7290116930442,false,יופלה שייק בננה מנגו,,,יופלה סנייק בננה מנגו תפוז גזר 230 מל,מיליליטרים,230.00,"100 מ""ל",false,1,7.90,3.4348,true,1,227411
7290116930459,false,יופלה שייק בננה אננס,,,יופלה סנייק בננה אננס וקוקוס 230 מל,מיליליטרים,230.00,"100 מ""ל",false,1,7.90,3.4348,true,1,227414
7290116930466,false,יופלה שייק מנגו בננה,,,יופלה סנייק מנגו בננה פסיפלורה הל 230 מל,מיליליטרים,230.00,"100 מ""ל",false,1,7.90,3.4348,true,1,227413
7290116930480,false,יופלה שייק בננה קיוו,,,יופלה סנייק בננה קיווי תפוח 230 מל,מיליליטרים,230.00,"100 מ""ל",false,1,7.90,3.4348,true,1,227412
7290116930626,false,ארוחה בקטנה ציזיקי ע,,,ארוחה בקטנה ציזיקי עם קרקרים 150 גר,גרמים,150.00,100 גרם,false,1,7.90,5.2667,true,1,228440
7290116930756,false,קופון 15% משקאות שיב,,,קופון 15% משקאות שיבולת שועל תנובה,Unknown,0.00,Unknown,false,1,0.01,0.0000,true,1,226187
7290116931081,false,מעדן סויה בטעם טופי,,,מעדן סויה בטעם טופי קרמל 125 גר,גרמים,125.00,100 גרם,false,1,3.90,3.1200,true,1,228441
7290117380147,false,רוטב חרדל ודבש מאסטר,,NL,רוטב חרדל ודבש מאסטר שף 260 גר,גרמים,260.00,100 גרם,false,6,9.90,3.8077,true,1,226230
7290117380154,false,רוטב אסייתי סויה ושו,,NL,רוטב אסייתי סויה ושומשום מאסטר שף 264 גר,גרמים,264.00,100 גרם,false,6,9.90,3.7500,true,1,226231
7290117380215,false,חטיף פוף קראנץ בטעם,מנה,,חטיף פוף קראנץ בטעם טאקו 60 גרם,גרמים,60.00,100 גרם,false,1,4.90,8.1667,true,1,223615
7290117380871,false,חטיף מרבה סלים דליס,מרבה,,חטיף מרבה סלים דליס פייבר אוכמניות 120 ג,גרמים,120.00,100 גרם,false,1,11.90,9.9167,true,1,226792
7290117381182,false,רוטב סרירצה מאסטר שף,,,רוטב סרירצה מאסטר שף 360 מל,מיליליטרים,360.00,"100 מ""ל",false,1,14.90,4.1389,true,1,229451
7290117381205,false,שמן שומשום מאסטר שף,,,שמן שומשום מאסטר שף 370 מל,מיליליטרים,370.00,"100 מ""ל",false,1,24.90,6.7297,true,1,229450
7290117381229,false,פריכיות מצופות שוקול,,,פריכיות מצופות שוקולד חלב פוף 70 גר,גרמים,70.00,100 גרם,false,1,7.90,11.2857,true,1,228389
7290117381236,false,פריכיות מצופות שוקול,,,פריכיות מצופות שוקולד מריר פוף 70 גר,גרמים,70.00,100 גרם,false,1,7.90,11.2857,true,1,228388
7290117381243,false,פריכיות מצופות שוקול,,,פריכיות מצופות שוקולד חלב ותות פוף 70 גר,גרמים,70.00,100 גרם,false,1,7.90,11.2857,true,1,228386
7290117381250,false,פריכיות מצופות שוקול,,,פריכיות מצופות שוקולד מריר ותפוז פוף 70,גרמים,70.00,100 גרם,false,1,7.90,11.2857,true,1,228387
7290117560013,true,קופון ציפר,,,קופון ציפר,Unknown,0.00,Unknown,false,1,0.01,0.0000,true,1,222442
7290117560020,true,קופון ציפר,,,קופון ציפר,Unknown,0.00,Unknown,false,1,0.01,0.0000,true,1,222443
7290117560037,true,קופון ציפר,,,קופון ציפר,Unknown,0.00,Unknown,false,1,0.01,0.0000,true,1,222444
7290117560051,true,קופון ציפר,,,קופון ציפר,Unknown,0.00,Unknown,false,1,0.01,0.0000,true,1,222446
7290117560068,true,קופון ציפר,,,קופון ציפר,Unknown,0.00,Unknown,false,1,0.01,0.0000,true,1,222447
7290117560136,true,קופון ציפר,,,קופון ציפר,Unknown,0.00,Unknown,false,1,0.01,0.0000,true,1,222454
7290117560167,true,קופון ציפר,,,קופון ציפר,Unknown,0.00,Unknown,false,1,0.01,0.0000,true,1,222457
7290117560174,true,קופון ציפר,,,קופון ציפר,Unknown,0.00,Unknown,false,1,0.01,0.0000,true,1,222458
7290117560198,true,קופון ציפר,,,קופון ציפר,Unknown,0.00,Unknown,false,1,0.01,0.0000,true,1,222460
7290117560242,true,קופון ציפר,,,קופון ציפר,Unknown,0.00,Unknown,false,1,0.01,0.0000,true,1,222465
7290117560297,true,קופון ציפר,,,קופון ציפר,Unknown,0.00,Unknown,false,1,0.01,0.0000,true,1,222470
7290117560310,true,קופון ציפר,,,קופון ציפר,Unknown,0.00,Unknown,false,1,0.01,0.0000,true,1,222472
7290117560334,true,קופון ציפר,,,קופון ציפר,Unknown,0.00,Unknown,false,1,0.01,0.0000,true,1,222474
7290117560341,true,קופון ציפר,,,קופון ציפר,Unknown,0.00,Unknown,false,1,0.01,0.0000,true,1,222475
7290117560358,true,קופון ציפר,,,קופון ציפר,Unknown,0.00,Unknown,false,1,0.01,0.0000,true,1,222476
7290117560365,true,קופון ציפר,,,קופון ציפר,Unknown,0.00,Unknown,false,1,0.01,0.0000,true,1,222477
7290117560372,true,קופון ציפר,,,קופון ציפר,Unknown,0.00,Unknown,false,1,0.01,0.0000,true,1,222478
7290117560389,true,קופון ציפר,,,קופון ציפר,Unknown,0.00,Unknown,false,1,0.01,0.0000,true,1,222479
7290117560396,true,קופון ציפר,,,קופון ציפר,Unknown,0.00,Unknown,false,1,0.01,0.0000,true,1,222480
7290117560402,true,קופון ציפר,,,קופון ציפר,Unknown,0.00,Unknown,false,1,0.01,0.0000,true,1,222481
7290117560419,true,קופון ציפר,,,קופון ציפר,Unknown,0.00,Unknown,false,1,0.01,0.0000,true,1,222482
7290117560426,true,קופון ציפר,,,קופון ציפר,Unknown,0.00,Unknown,false,1,0.01,0.0000,true,1,222483
7290117560433,true,קופון ציפר,,,קופון ציפר,Unknown,0.00,Unknown,false,1,0.01,0.0000,true,1,222484
7290117560457,true,קופון ציפר,,,קופון ציפר,Unknown,0.00,Unknown,false,1,0.01,0.0000,true,1,222486
7290117560471,true,קופון ציפר,,,קופון ציפר,Unknown,0.00,Unknown,false,1,0.01,0.0000,true,1,222488
7290117560488,true,קופון ציפר,,,קופון ציפר,Unknown,0.00,Unknown,false,1,0.01,0.0000,true,1,222489
7290117560518,true,קופון ציפר,,,קופון ציפר,Unknown,0.00,Unknown,false,1,0.01,0.0000,true,1,222492
7290117560525,true,קופון ציפר,,,קופון ציפר,Unknown,0.00,Unknown,false,1,0.01,0.0000,true,1,222493
7290117560532,true,קופון ציפר,,,קופון ציפר,Unknown,0.00,Unknown,false,1,0.01,0.0000,true,1,222494
7290117560549,true,קופון ציפר,,,קופון ציפר,Unknown,0.00,Unknown,false,1,0.01,0.0000,true,1,222495
7290117560556,true,קופון ציפר,,,קופון ציפר,Unknown,0.00,Unknown,false,1,0.01,0.0000,true,1,222496
7290117560563,true,קופון ציפר,,,קופון ציפר,Unknown,0.00,Unknown,false,1,0.01,0.0000,true,1,222497
7290117560570,true,קופון ציפר,,,קופון ציפר,Unknown,0.00,Unknown,false,1,0.01,0.0000,true,1,222498
7290117560587,true,קופון ציפר,,,קופון ציפר,Unknown,0.00,Unknown,false,1,0.01,0.0000,true,1,222499
7290117560594,true,קופון ציפר,,,קופון ציפר,Unknown,0.00,Unknown,false,1,0.01,0.0000,true,1,222500
7290117560624,true,קופון ציפר,,,קופון ציפר,Unknown,0.00,Unknown,false,1,0.01,0.0000,true,1,222503
7290117560631,true,קופון ציפר,,,קופון ציפר,Unknown,0.00,Unknown,false,1,0.01,0.0000,true,1,222504
7290117560655,true,קופון ציפר,,,קופון ציפר,Unknown,0.00,Unknown,false,1,0.01,0.0000,true,1,222505
7290117560662,true,קופון ציפר,,,קופון ציפר,Unknown,0.00,Unknown,false,1,0.01,0.0000,true,1,222507
7290117560686,true,קופון ציפר,,,קופון ציפר,Unknown,0.00,Unknown,false,1,0.01,0.0000,true,1,222512
7290117560693,true,קופון ציפר,,,קופון ציפר,Unknown,0.00,Unknown,false,1,0.01,0.0000,true,1,222506
7290117560709,true,קופון ציפר,,,קופון ציפר,Unknown,0.00,Unknown,false,1,0.01,0.0000,true,1,222509
7290117560716,true,קופון ציפר,,,קופון ציפר,Unknown,0.00,Unknown,false,1,0.01,0.0000,true,1,222511
7290117560723,true,קופון ציפר,,,קופון ציפר,Unknown,0.00,Unknown,false,1,0.01,0.0000,true,1,222513
7290117560730,true,קופון ציפר,,,קופון ציפר,Unknown,0.00,Unknown,false,1,0.01,0.0000,true,1,223167
7290117560747,true,קופון ציפר,,,קופון ציפר,Unknown,0.00,Unknown,false,1,0.01,0.0000,true,1,223191
7290117560754,true,קופון ציפר,,,קופון ציפר,Unknown,0.00,Unknown,false,1,0.01,0.0000,true,1,223192
7290117560761,true,קופון ציפר,,,קופון ציפר,Unknown,0.00,Unknown,false,1,0.01,0.0000,true,1,223193
7290117560778,true,קופון ציפר,,,קופון ציפר,Unknown,0.00,Unknown,false,1,0.01,0.0000,true,1,223194
7290117560785,true,קופון ציפר,,,קופון ציפר,Unknown,0.00,Unknown,false,1,0.01,0.0000,true,1,223195
7290117560792,true,קופון ציפר,,,קופון ציפר,Unknown,0.00,Unknown,false,1,0.01,0.0000,true,1,223196
7290117560808,true,קופון ציפר,,,קופון ציפר,Unknown,0.00,Unknown,false,1,0.01,0.0000,true,1,223197
7290117560846,true,קופון ציפר,,,קופון ציפר,Unknown,0.00,Unknown,false,1,0.01,0.0000,true,1,223201
7290117560884,true,קופון ציפר,,,קופון ציפר,Unknown,0.00,Unknown,false,1,0.01,0.0000,true,1,223205
7290117560891,true,קופון ציפר,,,קופון ציפר,Unknown,0.00,Unknown,false,1,0.01,0.0000,true,1,223206
7290117560914,true,קופון ציפר,,,קופון ציפר,Unknown,0.00,Unknown,false,1,0.01,0.0000,true,1,223208
7290117560921,true,קופון ציפר,,,קופון ציפר,Unknown,0.00,Unknown,false,1,0.01,0.0000,true,1,223209
7290117560952,true,קופון ציפר,,,קופון ציפר,Unknown,0.00,Unknown,false,1,0.01,0.0000,true,1,223302
7290117560983,true,קופון ציפר,,,קופון ציפר,Unknown,0.00,Unknown,false,1,0.01,0.0000,true,1,223305
7290117560990,true,קופון ציפר,,,קופון ציפר,Unknown,0.00,Unknown,false,1,0.01,0.0000,true,1,223306
7290117561003,true,קופון ציפר,,,קופון ציפר,Unknown,0.00,Unknown,false,1,0.01,0.0000,true,1,223307
7290117561010,true,קופון ציפר,,,קופון ציפר,Unknown,0.00,Unknown,false,1,0.01,0.0000,true,1,223480
7290117561027,true,קופון ציפר,,,קופון ציפר,Unknown,0.00,Unknown,false,1,0.01,0.0000,true,1,223481
7290117561041,true,קופון ציפר,,,קופון ציפר,Unknown,0.00,Unknown,false,1,0.01,0.0000,true,1,223483
7290117561065,true,קופון ציפר,,,קופון ציפר,Unknown,0.00,Unknown,false,1,0.01,0.0000,true,1,223485
7290117561089,true,קופון ציפר,,,קופון ציפר,Unknown,0.00,Unknown,false,1,0.01,0.0000,true,1,223487
7290117561096,true,קופון ציפר,,,קופון ציפר,Unknown,0.00,Unknown,false,1,0.01,0.0000,true,1,223488
7290117561102,true,קופון ציפר,,,קופון ציפר,Unknown,0.00,Unknown,false,1,0.01,0.0000,true,1,223489
7290117561126,true,קופון ציפר,,,קופון ציפר,Unknown,0.00,Unknown,false,1,0.01,0.0000,true,1,223491
7290117561133,true,קופון ציפר,,,קופון ציפר,Unknown,0.00,Unknown,false,1,0.01,0.0000,true,1,223492
7290117561140,true,קופון ציפר,,,קופון ציפר,Unknown,0.00,Unknown,false,1,0.01,0.0000,true,1,223493
7290117561164,true,קופון ציפר,,,קופון ציפר,Unknown,0.00,Unknown,false,1,0.01,0.0000,true,1,223495
7290117561201,true,קופון ציפר,,,קופון ציפר,Unknown,0.00,Unknown,false,1,0.01,0.0000,true,1,223499
7290117561218,true,קופון ציפר,,,קופון ציפר,Unknown,0.00,Unknown,false,1,0.01,0.0000,true,1,223500
7290117561225,true,קופון ציפר,,,קופון ציפר,Unknown,0.00,Unknown,false,1,0.01,0.0000,true,1,223501
7290117561232,true,קופון ציפר,,,קופון ציפר,Unknown,0.00,Unknown,false,1,0.01,0.0000,true,1,223502
7290117561249,true,קופון ציפר,,,קופון ציפר,Unknown,0.00,Unknown,false,1,0.01,0.0000,true,1,223503
7290117561256,true,קופון ציפר,,,קופון ציפר,Unknown,0.00,Unknown,false,1,0.01,0.0000,true,1,224235
7290117561263,true,קופון ציפר,,,קופון ציפר,Unknown,0.00,Unknown,false,1,0.01,0.0000,true,1,224236
7290117561270,true,קופון ציפר,,,קופון ציפר,Unknown,0.00,Unknown,false,1,0.01,0.0000,true,1,224237
7290117561287,true,קופון ציפר,,,קופון ציפר,Unknown,0.00,Unknown,false,1,0.01,0.0000,true,1,224238
7290117561294,true,קופון ציפר,,,קופון ציפר,Unknown,0.00,Unknown,false,1,0.01,0.0000,true,1,224239
7290117561331,true,קופון ציפר,,,קופון ציפר,Unknown,0.00,Unknown,false,1,0.01,0.0000,true,1,224243
7290117561348,true,קופון ציפר,,,קופון ציפר,Unknown,0.00,Unknown,false,1,0.01,0.0000,true,1,224244
7290117564622,true,קופון ציפר,,,קופון ציפר,Unknown,0.00,Unknown,false,1,0.01,0.0000,true,1,226416
7290117564936,true,קופון ציפר,,,קופון ציפר,Unknown,0.00,Unknown,false,1,0.01,0.0000,true,1,226444
7290117565728,true,קופון ציפר,,,קופון ציפר,Unknown,0.00,Unknown,false,1,0.01,0.0000,true,1,226914
7290117566107,true,קופון ציפר,,,קופון ציפר,Unknown,0.00,Unknown,false,1,0.01,0.0000,true,1,227657
7290117566138,true,קופון ציפר,,,קופון ציפר,Unknown,0.00,Unknown,false,1,0.01,0.0000,true,1,227660
7290117566206,true,קופון ציפר,,,קופון ציפר,Unknown,0.00,Unknown,false,1,0.01,0.0000,true,1,227667
7290117566220,true,קופון ציפר,,,קופון ציפר,Unknown,0.00,Unknown,false,1,0.01,0.0000,true,1,227668
7290117566251,true,קופון ציפר,,,קופון ציפר,Unknown,0.00,Unknown,false,1,0.01,0.0000,true,1,227670
7290117566398,true,קופון ציפר,,,קופון ציפר,Unknown,0.00,Unknown,false,1,0.01,0.0000,true,1,227731
7290117566404,true,קופון ציפר,,,קופון ציפר,Unknown,0.00,Unknown,false,1,0.01,0.0000,true,1,227702
7290117566442,true,קופון ציפר,,,קופון ציפר,Unknown,0.00,Unknown,false,1,0.01,0.0000,true,1,227648
7290117566480,true,קופון ציפר,,,קופון ציפר,Unknown,0.00,Unknown,false,1,0.01,0.0000,true,1,227723
7290117566565,true,קופון ציפר,,,קופון ציפר,Unknown,0.00,Unknown,false,1,0.01,0.0000,true,1,227735
7290117566633,true,קופון ציפר,,,קופון ציפר,Unknown,0.00,Unknown,false,1,0.01,0.0000,true,1,227748
7290117566688,true,קופון ציפר,,,קופון ציפר,Unknown,0.00,Unknown,false,1,0.01,0.0000,true,1,227743
7290117566701,true,קופון ציפר,,,קופון ציפר,Unknown,0.00,Unknown,false,1,0.01,0.0000,true,1,227745
7290117566848,true,קופון ציפר,,,קופון ציפר,Unknown,0.00,Unknown,false,1,0.01,0.0000,true,1,227733
7290117566879,true,קופון ציפר,,,קופון ציפר,Unknown,0.00,Unknown,false,1,0.01,0.0000,true,1,227695
7290117566886,true,קופון ציפר,,,קופון ציפר,Unknown,0.00,Unknown,false,1,0.01,0.0000,true,1,227692
7290117566923,true,קופון ציפר,,,קופון ציפר,Unknown,0.00,Unknown,false,1,0.01,0.0000,true,1,227772
7290117566954,true,קופון ציפר,,,קופון ציפר,Unknown,0.00,Unknown,false,1,0.01,0.0000,true,1,227783
7290117567050,true,קופון ציפר,,,קופון ציפר,Unknown,0.00,Unknown,false,1,0.01,0.0000,true,1,228279
7290117567142,true,קופון ציפר,,,קופון ציפר,Unknown,0.00,Unknown,false,1,0.01,0.0000,true,1,228301
7290117567395,true,קופון ציפר,,,קופון ציפר,Unknown,0.00,Unknown,false,1,0.01,0.0000,true,1,228361
7290117567562,true,קופון ציפר,,,קופון ציפר,Unknown,0.00,Unknown,false,1,0.01,0.0000,true,1,228321
7290117567845,true,קופון ציפר,,,קופון ציפר,Unknown,0.00,Unknown,false,1,0.01,0.0000,true,1,228336
7290117568248,false,קופון ציפר,,,קופון ציפר,Unknown,0.00,Unknown,false,1,0.01,0.0000,true,1,228764
7290117568316,false,קופון ציפר,,,קופון ציפר,Unknown,1.00,Unknown,false,1,0.01,0.0100,true,1,228771
7290117568347,false,קופון ציפר,,,קופון ציפר,Unknown,1.00,Unknown,false,1,0.01,0.0100,true,1,228774
7290117568354,false,קופון ציפר,,,קופון ציפר,Unknown,1.00,Unknown,false,1,0.01,0.0100,true,1,228775
7290117568439,false,קופון ציפר,,,קופון ציפר,Unknown,1.00,Unknown,false,1,0.01,0.0100,true,1,228783
7290117568552,false,קופון ציפר,,,קופון ציפר,Unknown,1.00,Unknown,false,1,0.01,0.0100,true,1,228795
7290117568675,false,קופון ציפר,,,קופון ציפר,Unknown,1.00,Unknown,false,1,0.01,0.0100,true,1,228807
7290117568743,false,קופון ציפר,,,קופון ציפר,Unknown,1.00,Unknown,false,1,0.01,0.0100,true,1,228814
7290117568781,false,קופון ציפר,,,קופון ציפר,Unknown,1.00,Unknown,false,1,0.01,0.0100,true,1,228818
7290117568835,false,קופון ציפר,,,קופון ציפר,Unknown,1.00,Unknown,false,1,0.01,0.0100,true,1,228822
7290117568842,false,קופון ציפר,,,קופון ציפר,Unknown,1.00,Unknown,false,1,0.01,0.0100,true,1,228823
7290117568934,false,קופון ציפר,,,קופון ציפר,Unknown,1.00,Unknown,false,1,0.01,0.0100,true,1,228832
7290117568958,false,קופון ציפר,,,קופון ציפר,Unknown,1.00,Unknown,false,1,0.01,0.0100,true,1,228834
7290117569030,false,קופון ציפר,,,קופון ציפר,Unknown,0.00,Unknown,false,1,0.01,0.0000,true,1,228858
7290117569047,false,קופון ציפר,,,קופון ציפר,Unknown,0.00,Unknown,false,1,0.01,0.0000,true,1,228859
7290117569122,false,קופון ציפר,,,קופון ציפר,Unknown,0.00,Unknown,false,1,0.01,0.0000,true,1,229281
7290117569146,false,קופון ציפר,,,קופון ציפר,Unknown,0.00,Unknown,false,1,0.01,0.0000,true,1,229367
7290117569153,false,קופון ציפר,,,קופון ציפר,Unknown,0.00,Unknown,false,1,0.01,0.0000,true,1,229368
7290117569160,false,קופון ציפר,,,קופון ציפר,Unknown,0.00,Unknown,false,1,0.01,0.0000,true,1,229369
7290117569177,false,קופון ציפר,,,קופון ציפר,Unknown,0.00,Unknown,false,1,0.01,0.0000,true,1,229283
7290117569207,false,קופון ציפר,,,קופון ציפר,Unknown,0.00,Unknown,false,1,0.01,0.0000,true,1,229286
7290117569238,false,קופון ציפר,,,קופון ציפר,Unknown,0.00,Unknown,false,1,0.01,0.0000,true,1,229289
7290117569269,false,קופון ציפר,,,קופון ציפר,Unknown,0.00,Unknown,false,1,0.01,0.0000,true,1,229292
7290117569276,false,קופון ציפר,,,קופון ציפר,Unknown,0.00,Unknown,false,1,0.01,0.0000,true,1,229293
7290117569283,false,קופון ציפר,,,קופון ציפר,Unknown,0.00,Unknown,false,1,0.01,0.0000,true,1,229294
7290117569290,false,קופון ציפר,,,קופון ציפר,Unknown,0.00,Unknown,false,1,0.01,0.0000,true,1,229295
7290117569313,false,קופון ציפר,,,קופון ציפר,Unknown,0.00,Unknown,false,1,0.01,0.0000,true,1,229297
7290117569320,true,קופון ציפר,,,קופון ציפר,Unknown,0.00,Unknown,false,1,0.01,0.0000,true,1,230060
7290117569351,false,קופון ציפר,,,קופון ציפר,Unknown,0.00,Unknown,false,1,0.01,0.0000,true,1,229300
7290117569368,false,קופון ציפר,,,קופון ציפר,Unknown,0.00,Unknown,false,1,0.01,0.0000,true,1,229301
7290117569382,false,קופון ציפר,,,קופון ציפר,Unknown,0.00,Unknown,false,1,0.01,0.0000,true,1,229303
7290117569399,false,קופון ציפר,,,קופון ציפר,Unknown,0.00,Unknown,false,1,0.01,0.0000,true,1,229304
7290117569436,false,קופון ציפר,,,קופון ציפר,Unknown,0.00,Unknown,false,1,0.01,0.0000,true,1,229308
7290117569443,false,קופון ציפר,,,קופון ציפר,Unknown,0.00,Unknown,false,1,0.01,0.0000,true,1,229309
7290117569474,false,קופון ציפר,,,קופון ציפר,Unknown,0.00,Unknown,false,1,0.01,0.0000,true,1,229312
7290117569511,false,קופון ציפר,,,קופון ציפר,Unknown,0.00,Unknown,false,1,0.01,0.0000,true,1,229316
7290117569528,false,קופון ציפר,,,קופון ציפר,Unknown,0.00,Unknown,false,1,0.01,0.0000,true,1,229317
7290117569535,false,קופון ציפר,,,קופון ציפר,Unknown,0.00,Unknown,false,1,0.01,0.0000,true,1,229318
7290117569542,false,קופון ציפר,,,קופון ציפר,Unknown,0.00,Unknown,false,1,0.01,0.0000,true,1,229319
7290117569603,false,קופון ציפר,,,קופון ציפר,Unknown,0.00,Unknown,false,1,0.01,0.0000,true,1,229325
7290117569672,true,קופון ציפר,,,קופון ציפר,Unknown,0.00,Unknown,false,1,0.01,0.0000,true,1,230061
7290117569764,false,קופון ציפר,,,729קופון ציפר,Unknown,0.00,Unknown,false,1,0.01,0.0000,true,1,229340
7290117569788,false,קופון ציפר,,,729קופון ציפר,Unknown,0.00,Unknown,false,1,0.01,0.0000,true,1,229342
7290117569801,false,קופון ציפר,,,729קופון ציפר,Unknown,0.00,Unknown,false,1,0.01,0.0000,true,1,229344
7290117569849,false,קופון ציפר,,,729קופון ציפר,Unknown,0.00,Unknown,false,1,0.01,0.0000,true,1,229348
7290117569863,true,קופון ציפר,,,קופון ציפר,Unknown,0.00,Unknown,false,1,0.01,0.0000,true,1,229363
7290117569962,false,קופון ציפר,,,729קופון ציפר,Unknown,0.00,Unknown,false,1,0.01,0.0000,true,1,229359
7290117900987,false,אגוז פקאן קלוף 140 ג,,,אגוז פקאן קלוף 140 גר,גרמים,140.00,100 גרם,false,1,16.90,12.0714,true,1,226350
7290117901007,false,פיסטוק קלוי 130 גר,,,פיסטוק קלוי 130 גר,גרמים,130.00,100 גרם,false,1,14.90,11.4615,true,1,226352
7290117901038,false,אגוזי מלך קלופים 190,,,אגוזי מלך קלופים 190 גר,גרמים,190.00,100 גרם,false,1,14.90,7.8421,true,1,226357
7290165588748,true,לחם ליטאי עם תוספות,,,לחם ליטאי עם תוספות,פריט,0.00,פריט,false,,16.99,0.0000,true,1,133475
7290166887215,false,לחם שיפון מיוחד פרוס,,,לחם שיפון מיוחד פרוס 350 גר,גרמים,350.00,100 גרם,false,1,9.90,2.8286,true,1,224543
7290166887239,false,לחם שיפון מיוחד גרעי,,,לחם שיפון מיוחד גרעיני חמניות פרוס 350 ג,גרמים,350.00,100 גרם,false,1,11.90,3.4000,true,1,224544
7296051099015,false,מצית גז בשלל צבעים,,,מצית גז בשלל צבעים,Unknown,0.00,Unknown,false,1,8.90,0.0000,false,1,198230
7296150000028,false,עלי גפן ממולאים 425,,,עלי גפן ממולאים 425 גר,גרמים,425.00,100 גרם,false,12,14.90,3.5059,true,1,189298
7310790088830,false,תחבושות ליברס אולטרה,,,תחבושות ליברס אולטרה טין נורמל 28 יח,Unknown,0.00,Unknown,false,1,16.90,0.0000,true,1,208723
7312040017683,false,וודקה אבסולוט 700 מל,,,וודקה אבסולוט 0.7 ל,מיליליטרים,700.00,"100 מ""ל",false,1,69.90,9.9857,true,1,137872
7501013101348,false,נקטר גומקס מנגו 473,,,"נקטר גומקס מנגו 473 מ""ל",מיליליטרים,473.00,"100 מ""ל",false,12,8.90,1.8816,true,1,208436
7501013101362,false,משקה גומקס קוקוס אננ,,,"משקה גומקס קוקוס אננס 473 מ""ל",מיליליטרים,473.00,"100 מ""ל",false,12,8.90,1.8816,true,1,208437
7501013101393,false,משקה גומקס אננס 473,,,"משקה גומקס אננס 473 מ""ל",מיליליטרים,473.00,"100 מ""ל",false,12,8.90,1.8816,true,1,208435
7501013122039,false,נקטר גיומקס מנגו קרט,COMERCIALIZADORA ELO,,נקטר גיומקס מנגו קרטונית 1 ל,ליטרים,1.00,ליטר,false,12,9.90,9.9000,true,1,208442
7501013122114,false,משקה גיומקס אננס קרט,COMERCIALIZADORA ELO,,משקה גיומקס אננס קרטונית 1 ל,ליטרים,1.00,ליטר,false,12,9.90,9.9000,true,1,208441
7501013122190,false,משקה גיומקס תפוחים ק,COMERCIALIZADORA ELO,,משקה גיומקס תפוחים קרטונית 1 ל,ליטרים,1.00,ליטר,false,12,9.90,9.9000,true,1,208444
7501013122992,false,משקה גיומקס קוקוס אנ,,,משקה גיומקס קוקוס אננס קרטונית 1 ל,ליטרים,1.00,ליטר,false,12,9.90,9.9000,true,1,208443
7501035012219,false,טקילה קוארבו טראדיסי,,,"טקילה קוארבו טראדיסיונל 700 מ""ל",מיליליטרים,700.00,"100 מ""ל",false,1,129.90,18.5571,true,1,184561
7501049936945,false,בירה סול 330 מל שישי,,,שישיית בירה סול 0.33,ליטרים,1.98,ליטר,false,1,39.90,20.1515,true,1,153402
7501064191398,false,בירה קורונה 355 מל ש,סובסריה מודלו,,"בירה קורונה 355 מ""ל שישייה",מיליליטרים,2130.00,"100 מ""ל",false,1,34.90,1.6385,true,1,206753
7501065912886,true,"מרכך ""הד אנד שולדרס""",,,"מרכך ""הד אנד שולדרס""",פריט,0.00,פריט,false,,22.99,0.0000,true,1,126933
7501065913296,true,"מרכך ""הד אנד שולדרס""",,,"מרכך ""הד אנד שולדרס""",פריט,0.00,פריט,false,,22.99,0.0000,true,1,126934
7509546666846,false,משחת שיניים קולגייט,קולגייט פלמוליב,MX,משחת שיניים קולגייט טוטל פחם 75 מל,מיליליטרים,75.00,"100 מ""ל",false,48,19.90,26.5333,true,1,220610
7509546678702,false,משחת שיניים טוטאל אנ,,,משחת שיניים טוטאל אנטי טרטר 100 מל,מיליליטרים,100.00,"100 מ""ל",false,48,15.90,15.9000,true,1,228256
7610008059073,false,שוק רגוזה פרלין ואגו,,,שוק רגוזה פרלין ואגוזי לוז קלאסי 100 גר,גרמים,100.00,100 גרם,false,1,19.90,19.9000,true,1,214343
7610008713500,false,בונבוניירה טורינו חל,,,בונבוניירה טורינו חלב 300 גר,גרמים,300.00,100 גרם,false,1,49.90,16.6333,true,1,225610
7610100034084,false,מיונז טומי 265 גר,,,מיונז טומי 265 גר,גרמים,265.00,100 גרם,false,1,10.90,4.1132,true,1,221592
7610113000175,false,בקרדי מוחיטו 700 מל,,,"בקרדי מוחיטו 700 מ""ל",מיליליטרים,700.00,"100 מ""ל",false,1,74.90,10.7000,true,1,199484
7610113011652,false,בקרדי בריזר תפוח בק,,,בקרדי בריזר תפוח בק 275 מל,מיליליטרים,275.00,"100 מ""ל",false,24,14.90,5.4182,true,1,212163
7610243004463,false,מסיר אבנית דורגול 50,,,"מסיר אבנית דורגול 500 מ""ל",מיליליטרים,500.00,"100 מ""ל",false,1,19.90,3.9800,true,1,193985
7610400010481,false,שוקולד לינדט אקסלנס,לינדט,FR,"שוקולד ""לינדט אקסלנס",גרמים,100.00,100 גרם,false,20,15.90,15.9000,true,1,126952
7610400014632,false,שוקולד לינדור לבן לי,לינדט,,"שוקולד ""לינדור"" לבן",גרמים,100.00,100 גרם,false,1,15.90,15.9000,true,1,126958
7610400068505,false,בונבוניירה לינדור מי,לינדט,,בונבוניירות לינדור,גרמים,200.00,100 גרם,false,1,29.90,14.9500,true,1,126962
7610400070577,false,שוקולד לינדט אקסלנס,לינדט,,"שוקולד ""לינדט אקסלנס",גרמים,100.00,100 גרם,false,1,15.90,15.9000,true,1,163519
7610400075770,false,שוקולד לינדט לה גרנד,לינדט,,שוקולד לינדט לה גרנד מריר אגוזים 150 גר,גרמים,150.00,100 גרם,false,1,24.90,16.6000,true,1,126973
7610400075794,false,שוקולד לינדט לה גרנד,לינדט,,שוקולד לינדט לה גרנד לבן שקדים 150 גר,גרמים,150.00,100 גרם,false,1,24.90,16.6000,true,1,126975
7610400082556,false,לינדור זהב 200 גר,,,לינדור זהב 200 גר,גרמים,200.00,100 גרם,false,1,29.90,14.9500,true,1,227622
7610400086202,false,שוקולד לינדט לגרנד ב,לינדט,,שוקולד לינדט לגרנד בלו 150 גר,גרמים,150.00,100 גרם,false,1,24.90,16.6000,true,1,195810
7612400013318,true,ווג סופרסלימס כחול פ,,,ווג סופרסלימס כחול פ,פריט,0.00,פריט,false,,250.00,0.0000,true,1,126987
7612400013356,true,ווג סופרסלימס מנטול,,,ווג סופרסלימס מנטול,פריט,0.00,פריט,false,,250.00,0.0000,true,1,126988
7612400013363,true,ווג מנטול פקט,,,ווג מנטול פקט,פריט,0.00,פריט,false,,250.00,0.0000,true,1,126989
7613030979647,false,דגני בוקר טריקס 480,ג.נרל מילס,,דגני בוקר טריקס 480 גר,גרמים,480.00,100 גרם,false,1,21.90,4.5625,true,1,198887
7613031530496,true,"חטיף ""קיט קאט"" שלישי",,,"חטיף ""קיט קאט"" שלישי",פריט,0.00,פריט,false,,14.99,0.0000,true,1,126990
7613032045753,false,פיטנס שוקולד 375 גרם,נסטלה צרפת איטנקורט,,פיטנס שוקולד,גרמים,375.00,100 גרם,false,1,19.90,5.3067,true,1,126995
7613033548192,false,דגני בוקר פיטנס שוקו,נסטלה צרפת איטנקורט,,"דגני בוקר ""פיטנס"" שו",גרמים,375.00,100 גרם,false,1,19.90,5.3067,true,1,127009
7613035387867,false,תבלין מיבינה בטעם עו,,,תבלין מיבינה בטעם עוף 80 גר,גרמים,80.00,100 גרם,false,1,2.90,3.6250,true,1,188418
7613035548374,false,דגני בוקר גולדן מיני,נסטלה צרפת איטנקורט,,דגני בוקר גולדן מיניס 570 גר,גרמים,570.00,100 גרם,false,1,21.90,3.8421,true,1,183170
7613035809109,false,רוטב פרפקטו עגבניות,נסטלה ספרד קפה,,רוטב פרפקטו עגבניות ובזיליקום 400 גר,גרמים,400.00,100 גרם,false,1,8.90,2.2250,true,1,186939
7613036737623,false,דגני בוקר קראנץ מקס,,,דגני בוקר קראנץ מקס 450 גר,גרמים,450.00,100 גרם,false,1,21.90,4.8667,true,1,202513
7613037204797,false,סטארבקס פולי קפה בלו,,,סטארבקס פולי קפה בלונד אספרסו 450 גר,גרמים,450.00,100 גרם,false,1,49.90,11.0889,true,1,219691
7613037686906,false,פיטנס שקדים ודבש 355,נסטלה צרפת איטנקורט,,פיטנס שקדים ודבש 355 גר,גרמים,355.00,100 גרם,false,1,19.90,5.6056,true,1,210139
7613038268262,false,האני נאט ציריוס 410,נסטלה פולין דגני בוק,FR,האני נאט ציריוס 410 גר,גרמים,410.00,100 גרם,false,14,19.90,4.8537,true,1,211943
7613287109514,false,ליאון שוקו חמישייה 1,,,ליאון שוקו חמישייה 150 גר,גרמים,150.00,100 גרם,false,1,12.90,8.6000,true,1,227621
7613287155832,false,מחית תפוע פאוץ 90 גר,,IL,"מחית תפו""ע פאוץ 90 גר",גרמים,90.00,100 גרם,false,16,5.90,6.5556,true,1,219259
7613287182326,false,מחית ויטמינציק בננה,,,מחית ויטמינציק בננה תפוח 110 גר,גרמים,110.00,100 גרם,false,1,5.90,5.3636,true,1,221864
7613287182357,false,מחית ויטמינציק אגס ת,,,מחית ויטמינציק אגס תפוח פירות יער 110 גר,גרמים,110.00,100 גרם,false,1,5.90,5.3636,true,1,221868
7613287186928,false,קפסולות סטארבקס ברקפ,נסטלה שוויץ - קפה,CH,קפסולות סטארבקס ברקפסט רוסט 56 גר,גרמים,56.00,100 גרם,false,12,21.90,39.1071,true,1,221153
7613287325952,false,רוטב ברביקיו לחיץ 34,אסם,,רוטב ברביקיו לחיץ 345 גר,גרמים,345.00,100 גרם,false,1,12.90,3.7391,true,1,222704
7613287325983,false,רוטב סלסה לחיץ 335 ג,אסם,,רוטב סלסה לחיץ 335 גר,גרמים,335.00,100 גרם,false,1,12.90,3.8507,true,1,222703
7613287476678,false,דגני בוקר סיני מיניס,ג.נרל מילס,PT,דגני בוקר סיני מיניס צורוס 360 גר,גרמים,360.00,100 גרם,false,12,21.90,6.0833,true,1,221609
7614500010013,false,טובלרון חלב 100 גר,,,"טובלרון חלב 100 ג""ר",גרמים,100.00,100 גרם,false,1,9.90,9.9000,true,1,127017
7614500010310,false,בר טובלרון לבן 100 ג,,,"בר טובלרון לבן 100 ג""ר",גרמים,100.00,100 גרם,false,20,9.90,9.9000,true,1,133917
7622200009084,false,שוקולד מילקה שוקו בי,,,שוקולד מילקה שוקו ביסקוויט 300 גר,גרמים,300.00,100 גרם,false,1,15.90,5.3000,true,1,215803
7622201120931,false,שוקולד אוראו לבן מיל,,,שוקולד אוראו לבן מילקה 100 גר,גרמים,100.00,100 גרם,false,1,5.90,5.9000,true,1,227055
7622201401900,false,עוגיות סנסיישן אוראו,,,עוגיות סנסיישן אוראו מילקה 156 גר,גרמים,156.00,100 גרם,false,1,9.90,6.3462,true,1,214534
7622201500733,false,אוראו רמיקס דאבל קרם,,,אוראו רמיקס דאבל קרם קרמל וניל 157 גר,גרמים,157.00,100 גרם,false,1,8.90,5.6688,true,1,228272
7622201801809,false,שוקולד מילקה חלב שבר,,,שוקולד מילקה חלב שברי אגוזים 100 גר,גרמים,100.00,100 גרם,false,1,5.90,5.9000,true,1,222026
7622201802363,false,שוקולד מילקה צימוקים,,,שוקולד מילקה צימוקים ואגוזים 100 גר,גרמים,100.00,100 גרם,false,1,5.90,5.9000,true,1,222025
7622201813390,false,וופל מילקה במילוי קר,,,וופל מילקה במילוי קרם קקאו 150 גר,גרמים,150.00,100 גרם,false,1,9.90,6.6000,true,1,220011
7622210063113,false,עוגיות מילקה שוקולד,,,עוגיות מילקה שוקולד 184 גר,גרמים,184.00,100 גרם,false,10,11.90,6.4674,true,1,215996
7622210117762,false,בונ קוטדור בושה חלב,,,בונ קוטדור 200 גר,גרמים,200.00,100 גרם,false,12,17.90,8.9500,true,1,215805
7622210240200,false,שוקולד מילקה אוראו 3,,,שוקולד מילקה אוראו 300 גר,גרמים,300.00,100 גרם,false,1,15.90,5.3000,true,1,212269
7622210413147,false,עוגיות מילקה סנדוויץ,,,עוגיות מילקה סנדוויץ שוק אנד שוק 150 גר,גרמים,150.00,100 גרם,false,12,11.90,7.9333,true,1,188581
7622210453327,false,עוגיות מילקה סנסיישן,מונדולז,,עוגיות מילקה סנסיישן 156 גר,גרמים,156.00,100 גרם,false,1,9.90,6.3462,true,1,195864
7622210635105,false,עוגיות אוראו בטעם תו,,,עוגיות אוראו בטעם תות 154 גר,גרמים,154.00,100 גרם,false,1,7.90,5.1299,true,1,207806
7622210690883,false,שוקולד מילקה מונדיאל,,,שוקולד מילקה מונדיאל 270 גר,גרמים,270.00,100 גרם,false,1,15.90,5.8889,true,1,230106
7622210748737,false,אבקת אוראו 300 גר,,,אבקת אוראו 300 גר,גרמים,300.00,100 גרם,false,1,9.90,3.3000,true,1,227625
7622210826053,false,שוקולד מילקה אוראו ס,,,שוקולד מילקה אוראו סנדוויץ 92 גר,גרמים,92.00,100 גרם,false,1,5.90,6.4130,true,1,214535
7622210835338,false,עוגיות אוראו בראוניז,מונדולז,,עוגיות אוראו בראוניז 176 גר,גרמים,176.00,100 גרם,false,1,8.90,5.0568,true,1,199272
7622300270506,false,עוגיות שיבולת שועל ש,,,"עוגיות ""מילקה גריינס",גרמים,168.00,100 גרם,false,1,9.90,5.8929,true,1,137908
7622300489427,false,עוגיות אוראו בציפוי,,,עוגיות אוראו בציפוי שוקולד לבן 246 גר,גרמים,246.00,100 גרם,false,1,17.90,7.2764,true,1,198296
7622300489434,false,עוגיות אוראו בציפוי,,,עוגיות אוראו בציפוי שוקולד חלב 246 גר,גרמים,246.00,100 גרם,false,1,17.90,7.2764,true,1,198295
7622300495046,false,שוקולד מילקה אקסטרה,,,"שוקולד ""מילקה"" אקסטרה קקאו 100 גר",גרמים,100.00,100 גרם,false,1,5.90,5.9000,true,1,135848
7622300498429,false,שוקולד מילקה יוגורט,,,"שוקולד ""מילקה"" יוגורט תות 100 גר",גרמים,100.00,100 גרם,false,1,5.90,5.9000,true,1,137914
7622300503079,false,ביסקוויט מצופה שוקול,,,"עוגיות ""מילקה מו"" מצ",גרמים,200.00,100 גרם,false,1,9.90,4.9500,true,1,136410
7622300617820,false,שוקולד מילקה אוראו 1,,,"שוקולד ""מילקה"" אוראו 100 גר",גרמים,100.00,100 גרם,false,1,5.90,5.9000,true,1,135847
7630477891592,false,קפסולות סטארבקס האוס,נסטלה שוויץ - קפה,CH,קפסולות סטארבקס האוס בלנד 57 גרם,גרמים,57.00,100 גרם,false,12,21.90,38.4211,true,1,213405
7702018321582,false,דאודורנט סטיק לגבר ק,,,"דאודורנט ""ג""ילט"" סטיק",Unknown,0.00,Unknown,false,1,19.90,0.0000,true,1,137055
7702018471423,false,סכיני גילוח 5 להבים,,,גילט פיוזן סטארט רביעייה,Unknown,0.00,Unknown,false,1,39.90,0.0000,true,1,209465
7702018910328,true,"דאודורנט ""קליר"" ג""ל",,,"דאודורנט ""קליר"" ג""ל",פריט,0.00,פריט,false,,25.99,0.0000,true,1,130742
7702018980833,false,גל גילוח סירייס מעוש,,,"גל גילוח סירייס מעושר בלחות 200 מ""ל",מיליליטרים,200.00,"100 מ""ל",false,1,15.90,7.9500,true,1,187378
7702024074625,false,חטיפי קרקר פיטנס חיט,אסם,,חטיפי קרקר פיטנס חיטה מלאה 234 גר,גרמים,234.00,100 גרם,false,1,10.90,4.6581,true,1,200287
7702860617796,true,פותחן ליין + חולץ פק,,,פותחן ליין + חולץ פק,פריט,0.00,פריט,false,,16.99,0.0000,true,1,130758
7791875005353,false,ריבת חלב הוואנה 450,,,ריבת חלב הוואנה 450 גר,גרמים,450.00,100 גרם,false,1,18.90,4.2000,true,1,225640
7792860006218,false,לקקן בייבי דול 20 גר,לרטייר,,"לקקן בייבי דול 20 ג""",גרמים,24.00,100 גרם,false,1,2.90,12.0833,true,1,130787
7794450008077,false,יין אלאמוס שרדנה 750,קאטנה זפאטה,,יין קאטנה זאפאטה שרדנה 0.75ל,מיליליטרים,750.00,"100 מ""ל",false,1,44.90,5.9867,true,1,158851
7798074860233,false,יין פורטילו קברנה סו,,,יין פורטילו קברנה סוביניון 750 מל,מיליליטרים,750.00,"100 מ""ל",false,1,39.90,5.3200,true,1,227150
7798074860257,false,יין פורטילו מרלו 750,,,יין פורטילו מרלו 750 מל,מיליליטרים,750.00,"100 מ""ל",false,1,39.90,5.3200,true,1,227149
7798130463187,false,יין ארגנטו קלאסיק רו,,,יין ארגנטו קלאסיק רוזה יבש 750 מל,מיליליטרים,750.00,"100 מ""ל",false,1,39.90,5.3200,true,1,211790
7798159560102,false,יין ארגנטו קלאסיק שר,,,יין ארגנטו קלאסיק שרדונה סוביניון לבן יב,מיליליטרים,750.00,"100 מ""ל",false,6,39.90,5.3200,true,1,213948
7798159560126,false,יין ארגנטו קלאסיק מל,,,יין ארגנטו קלאסיק מלבן אדום יבש 750 מל,מיליליטרים,750.00,"100 מ""ל",false,1,39.90,5.3200,true,1,211788
7798159560157,false,יין ארגנטו קלאסיק פי,,,יין ארגנטו קלאסיק פינו גריגין לבן יבש,מיליליטרים,750.00,"100 מ""ל",false,1,39.90,5.3200,true,1,211789
7799011032607,true,"פחם דחוס 3 ק""""ג",,,"פחם דחוס 3 ק""""ג",פריט,0.00,פריט,false,,29.99,0.0000,true,1,119138
7802105003220,true,מרטיני ביאנקו 0.995,,,מרטיני ביאנקו 0.995,מיליליטרים,995.00,"100 מ""ל",false,,49.99,5.0241,true,1,130795
7804310104891,true,"יין ""גרנד ריזרב"" קבר",,,"יין ""גרנד ריזרב"" קבר",פריט,0.00,פריט,false,,53.99,0.0000,true,1,130796
7804320256900,false,יין קסילרו דל דיאבלו,קונצ'ה אי טורו,,"יין קסילרו דל דיאבלו שרדונה 750 מ""ל",מיליליטרים,750.00,"100 מ""ל",false,1,54.90,7.3200,true,1,193628
7804320746555,false,יין קסילרו דל דיאבלו,קונצ'ה אי טורו,,"יין קסילרו דל דיאבלו רד בלנד 750 מ""ל",מיליליטרים,750.00,"100 מ""ל",false,1,54.90,7.3200,true,1,208793
7804414000655,true,יין פופיה שרדונה,,,יין פופיה שרדונה,פריט,0.00,פריט,false,,28.99,0.0000,true,1,130806
7804414000860,false,יין דון חוליו קברנה,לואיס פליפה אדוארדס,,קברנה דון חולין אדוא,מיליליטרים,750.00,"100 מ""ל",false,1,29.90,3.9867,true,1,130807
7804414000877,false,יין דון חוליו צרלו 7,לואיס פליפה אדוארדס,,יין מרלו דון חוליו א,מיליליטרים,750.00,"100 מ""ל",false,1,29.90,3.9867,true,1,130808
7804414000884,false,יין דון חוליו שרדונה,לואיס פליפה אדוארדס,,דון חוליו שרדונה,מיליליטרים,750.00,"100 מ""ל",false,1,29.90,3.9867,true,1,130809
7804414001614,false,יין דון חוליו שיראז,לואיס פליפה אדוארדס,,דון חוליו שיראז,מיליליטרים,750.00,"100 מ""ל",false,1,29.90,3.9867,true,1,130810
7804414012351,false,יין דון חולין מלבק 7,לואיס פליפה אדוארדס,,יין דון חולין מלבק,מיליליטרים,750.00,"100 מ""ל",false,1,29.90,3.9867,true,1,193217
7804414012368,false,יין דון חולין רוזה 7,לואיס פליפה אדוארדס,,יין דון חולין רוזה,מיליליטרים,750.00,"100 מ""ל",false,1,29.90,3.9867,true,1,193218
7890202101116,false,שלישיית כדורים כחול,,,שלישיית כדורים כחול מט 15 סמ לקישוט,Unknown,0.00,Unknown,false,1,49.90,0.0000,true,1,222825
7890202102779,false,עץ אשוח מקושט פופיון,,IL,עץ אשוח מקושט פופיון זהב בראש העץ 40 סמ,Unknown,0.00,Unknown,false,1,29.90,0.0000,true,1,222092
7890202102830,false,מארז 1 סנטה קלאוס אד,,,מארז 1 סנטה קלאוס אדום לקישוט,Unknown,0.00,Unknown,false,1,8.90,0.0000,true,1,222096
7890305606525,false,מטריה לבבות בינונית,,,מטריה לבבות בינונית 55 סמ,Unknown,0.00,Unknown,false,1,29.90,0.0000,true,1,222686
7891024030974,false,משחת שיניים קולגייט,CP-Poland swidnica,,"משחת שיניים קולגייט טריפל אקשן 75 מ""ל",מיליליטרים,75.00,"100 מ""ל",false,1,6.90,9.2000,true,1,184539
7891024124826,false,משחת שיניים קולגייט,Colgate - Brazil,,"משחת שיניים ""קולגייט"" אופטיק וייט 75 מל",מיליליטרים,75.00,"100 מ""ל",false,1,19.90,26.5333,true,1,158896
7896003702828,true,ביסקווית סנדוויץ מרי,,,ביסקווית סנדוויץ מרי,גרמים,84.00,100 גרם,false,,2.90,3.4524,true,1,165047
8000020000365,false,וורמוט צינזנו ביאנקו,,,"צ""ינזנו ורמוט ביאנקו",מיליליטרים,750.00,"100 מ""ל",false,1,34.90,4.6533,true,1,123469
8000020000372,false,וורמוט צינזנו רוסו 7,,,"צ""ינזנו ורמוט רוסו",מיליליטרים,750.00,"100 מ""ל",false,1,34.90,4.6533,true,1,137508
8000040630269,false,ויסקי גלן גראנט סקוט,,,"ויסקי גלן גראנט סקוטי 12 שנים 700 מ""ל",מיליליטרים,700.00,"100 מ""ל",false,1,159.90,22.8429,true,1,199314
8000070010680,false,קפסולות קפה לוואצה ו,,IT,קפסולות קפה לוואצה ויגורוסו 10 יח,Unknown,0.00,Unknown,false,1,16.90,0.0000,true,1,219323
8000070081000,false,קפסולות קפה לוואצה ה,,,קפסולות קפה לוואצה הרמוניקו 8,Unknown,0.00,Unknown,false,1,16.90,0.0000,true,1,207849
8000070081154,false,קפסולות קפה לוואצה ל,,,קפסולות קפה לוואצה לגרו 4,Unknown,0.00,Unknown,false,1,16.90,0.0000,true,1,207851
8000300162929,false,שוקולד נסטלה חלב 150,,,שוקולד נסטלה חלב 150 גר,גרמים,150.00,100 גרם,false,1,14.90,9.9333,true,1,227780
8000300187762,true,"פנתוני דולצ""ה טרטופא",,,"פנתוני דולצ""ה טרטופא",פריט,0.00,פריט,false,,79.99,0.0000,true,1,134921
8000350001124,false,חטיף עוגיה פריכה קרם,,,חטיף עוגיה פריכה קרם אגוז וישנזי 125 גר,גרמים,125.00,100 גרם,false,1,9.90,7.9200,true,1,226829
8000350004781,false,עוגיות ביס קרם שוקול,,,עוגיות ביס קרם שוקולד וישנזי 125 גר,גרמים,125.00,100 גרם,false,1,9.90,7.9200,true,1,226825
8000350005351,false,עוגיות פרחים עם מחית,,,עוגיות פרחים עם מחית פטל וישנזי 120 גר,גרמים,120.00,100 גרם,false,1,9.90,8.2500,true,1,226824
8000353006386,false,ליקר לוקסרדו לימונצל,,,ליקר לוקסרדו לימונצלו 700מל,מיליליטרים,700.00,"100 מ""ל",false,1,99.90,14.2714,true,1,163523
8000353007116,false,ליקר לוקסרדו תפוח חמ,לוקסרדו,,"ליקר לוקסרדו תפוח חמוץ 700 מ""ל",מיליליטרים,700.00,"100 מ""ל",false,1,69.90,9.9857,true,1,180779
8000368043000,true,ורמוט ריקדונה,,,ורמוט ריקדונה,פריט,0.00,פריט,false,,22.99,0.0000,true,1,123487
8000380003723,false,וופל אגוז גרנד פטיסר,,,וופל שוקולד גרנד פטי,גרמים,100.00,100 גרם,false,1,11.90,11.9000,true,1,123489
8000380003754,false,גרנד פטיסרי קפוצינו,,,גרנד פטיסרי קפוצינו 100 גר,גרמים,100.00,100 גרם,false,1,11.90,11.9000,true,1,150677
8000380004669,false,ופל קוביות קקאו לואק,,,"וופל ""לואקר"" בטעם קק",גרמים,200.00,100 גרם,false,1,10.90,5.4500,true,1,123492
8000380004881,false,קואדרטיני טרמיסו 250,,,קואדרטיני טרמיסו 250,גרמים,220.00,100 גרם,false,1,13.90,6.3182,true,1,123496
8000380004966,false,קואדרטיני קקאו 250 ג,,,קואדרטיני קקאו 250 ג,גרמים,250.00,100 גרם,false,1,13.90,5.5600,true,1,123499
8000380007257,false,וופל גרדנה אגוז 200,,,"וופל גרדנה 200 ג""ר",גרמים,200.00,100 גרם,false,1,13.90,6.9500,true,1,123502
8000380007264,false,וופל לואקר קקאו 175,,,וופל לואקר קקאו 175,גרמים,175.00,100 גרם,false,1,10.90,6.2286,true,1,123503
8000380007271,false,וופל לואקר חלב 175 ג,,,וופל לואקר חלב 175 ג,גרמים,175.00,100 גרם,false,1,10.90,6.2286,true,1,123504
8000380144044,false,וופל גרדנה שוקולד 20,,,"גרדנה שוקולד 200 ג""ר",גרמים,200.00,100 גרם,false,1,13.90,6.9500,true,1,123508
8000380153534,false,עוגיות שוקולד טורטינ,,,עוגיות שוקולד טורטינה שוקולד לבן,גרמים,125.00,100 גרם,false,1,15.90,12.7200,true,1,159654
8000380156573,false,שוקולד ורד הדולמיטים,,,שוקולד ורד הדולמיטים 150גר,גרמים,150.00,100 גרם,false,1,21.90,14.6000,true,1,162405
8000380180745,false,וופל קוואדרטיני שוקו,LOACKER,,וופל קוואדרטיני שוקו חלב 250 גר,גרמים,250.00,100 גרם,false,1,13.90,5.5600,true,1,185075
8000380180943,false,בונ לואקר רוז דולומי,,,בונ לואקר רוז דולומיטים 300 גר,גרמים,300.00,100 גרם,false,1,39.90,13.3000,true,1,194068
8000380192199,false,וופל לואקר דאבל שוקו,,IT,וופל לואקר דאבל שוקולד 175 גר,גרמים,175.00,100 גרם,false,18,10.90,6.2286,true,1,206323
8000380205523,false,וופל לואקר קלאסיק חמ,,,וופל לואקר קלאסיק חמאת בוטנים 175 גר,גרמים,175.00,100 גרם,false,18,10.90,6.2286,true,1,226161
8000380206896,false,וופל גרדנה חמאת בוטנ,,,וופל גרדנה חמאת בוטנים 200 גר,גרמים,200.00,100 גרם,false,10,13.90,6.9500,true,1,226159
8000380207183,false,עוגיות טורטינה חמאת,,,עוגיות טורטינה חמאת בוטנים 126 גר,גרמים,126.00,100 גרם,false,24,15.90,12.6190,true,1,226160
8000420019158,false,יין מבעבע יבש מאוד ג,,,יין מבעבע יבש מאוד גאנציה פרוסקו רוזה,מיליליטרים,750.00,"100 מ""ל",false,1,49.90,6.6533,true,1,220838
8000420201300,false,וורמונט גנציה ביאנק,GANCIA,,וורמונט גנציה ביאנק לבן 700 מל,מיליליטרים,700.00,"100 מ""ל",false,1,39.90,5.7000,true,1,135418
8000420501295,false,וורמונט רוסו אדום מת,GANCIA,,וורמונט רוסו אדום מתוק 1ל,ליטרים,1.00,ליטר,false,1,39.90,39.9000,true,1,162966
8000420864321,false,וורמונט דרי אקסטרה ל,GANCIA,,וורמונט דרי אקסטרה לבן יבש 1ל,ליטרים,1.00,ליטר,false,1,39.90,39.9000,true,1,162967
8000500032237,false,בונבוניירה פררו רושר,,,בונבוניירה פררו רושר 375 גר,גרמים,375.00,100 גרם,false,1,44.90,11.9733,true,1,123526
8000500037874,false,בונבוניירה פררו רושר,,,בונבוניירה פררו רושר 200 גר,גרמים,200.00,100 גרם,false,1,25.90,12.9500,true,1,123528
8000500071083,false,שוקולד אצבעות קינדר,,,שוקולד אצבעות קינדר 200 גר,גרמים,200.00,100 גרם,false,1,13.90,6.9500,true,1,123531
8000500075708,false,ביצה קינדר גוי כחול,,,"ביצה קינדר ג""וי כחול שלישייה",גרמים,60.00,100 גרם,false,1,15.90,26.5000,true,1,160875
8000500127728,false,עוגת ספוג במילוי קינ,,,עוגת ספוג במילוי קינדר מילק סלייס 112 גר,גרמים,112.00,100 גרם,false,1,11.90,10.6250,true,1,220647
8000500167656,false,שוקולד עם דגנים קינד,,,שוקולד עם דגנים קינדר רביעייה 94 גר,גרמים,94.00,100 גרם,false,24,8.90,9.4681,true,1,209252
8000500227848,false,חטיף עוגיות נוטלה בי,,,חטיף עוגיות נוטלה בי ראדי,גרמים,132.00,100 גרם,false,1,11.90,9.0152,true,1,193639
8000500249352,false,חטיף קינדר בואנו מינ,,,חטיף קינדר בואנו מיני מיקס 205 גר,גרמים,205.00,100 גרם,false,1,19.90,9.7073,true,1,194368
8000500267103,false,עוגיות קינדר דליס 42,,,עוגיות קינדר דליס 420 גר,גרמים,390.00,100 גרם,false,1,19.90,5.1026,true,1,193715
8000500269169,false,מארז פררו קינדר קארד,,,מארז פררו קינדר קארד 128 גר,גרמים,128.00,100 גרם,false,1,13.90,10.8594,true,1,221083
8000500350768,false,שוקולד לב קינדר קריס,,,שוקולד לב קינדר קריסמס עם הפתעה 53 גר,גרמים,53.00,100 גרם,false,1,18.90,35.6604,true,1,229687
8000500359815,false,שוקולד מריר קרם אגוז,,,שוקולד מריר קרם אגוזים פררו רושר 90 גר,גרמים,90.00,100 גרם,false,14,16.90,18.7778,true,1,225758
8000570283607,false,יין מבעבע מרטיני אסט,,,"יין מבעבע מרטיני מתוק 750 מ""ל",מיליליטרים,750.00,"100 מ""ל",false,1,64.90,8.6533,true,1,203127
8000698018242,true,סוכ שוקולד סורינטה 1,,,סוכ שוקולד סורינטה 1,פריט,0.00,פריט,false,,39.99,0.0000,true,1,133070
8000698036642,false,בונבוניירת אלינור 45,HDI FELETTI,,בונבוניירת אלינור 450גר,גרמים,450.00,100 גרם,false,1,69.90,15.5333,true,1,133409
8000698463295,false,בונבוניירה אלודי פיל,,,בונבוניירה אלודי פילטי 250 גר,גרמים,250.00,100 גרם,false,6,64.90,25.9600,true,1,216029
8000735005563,true,"לקריץ חתוך ""גונץ"" 30",,,"לקריץ חתוך ""גונץ"" 30",גרמים,300.00,100 גרם,false,,12.99,4.3300,true,1,123537
8000942087574,true,יין מרלו אדום יבש 0.,,,יין מרלו אדום יבש 0.,פריט,0.00,פריט,false,,29.99,0.0000,true,1,123548
8000942087598,true,"יין ""קברנה סוביניון""",,,"יין ""קברנה סוביניון""",פריט,0.00,פריט,false,,29.99,0.0000,true,1,123549
8000942087611,true,יין קברנה סוביניון א,,,יין קברנה סוביניון א,פריט,0.00,פריט,false,,29.99,0.0000,true,1,123550
8000942087628,true,"יין ""נרו ד""אבולה"" אד",,,"יין ""נרו ד""אבולה"" אד",פריט,0.00,פריט,false,,29.99,0.0000,true,1,123551
8000942087635,true,"יין ""מולטפולצ""אנו ד""",,,"יין ""מולטפולצ""אנו ד""",פריט,0.00,פריט,false,,29.99,0.0000,true,1,123552
8000942087642,true,"יין ""שרדונה"" לבן יבש",,,"יין ""שרדונה"" לבן יבש",פריט,0.00,פריט,false,,29.99,0.0000,true,1,123553
8000942087659,true,"יין ""סוביניון"" לבן ח",,,"יין ""סוביניון"" לבן ח",פריט,0.00,פריט,false,,29.99,0.0000,true,1,123554
8001090016003,false,טבליות למדיח כלים פי,,,טבליות למדיח כלים פיירי 84 יח,גרמים,1135.00,100 גרם,false,1,54.90,4.8370,true,1,188692
8001090184375,false,סבון כלים פיירי אורי,,,סבון כלים פיירי אוריגינל 900 מל,מיליליטרים,900.00,"100 מ""ל",false,1,12.90,1.4333,true,1,226251
8001090184412,false,סבון כלים פיירי לימו,,,סבון כלים פיירי לימון 900 מל,מיליליטרים,900.00,"100 מ""ל",false,1,12.90,1.4333,true,1,226252
8001090222756,false,מרכך הרבל אסנסס שמן,,,"מרכך הרבל אסנסס שמן מורינגה 400 מ""ל",מיליליטרים,400.00,"100 מ""ל",false,1,19.90,4.9750,true,1,206916
8001090290939,false,משחת שיניים אורל בי,,,משחת שיניים אורל בי לבן בוהק,מיליליטרים,75.00,"100 מ""ל",false,1,24.90,33.2000,true,1,221071
8001090316103,false,קפסולות לכביסה אריאל,,FR,קפסולות לכביסה אריאל כתמים קשים 45 יח,גרמים,1303.00,100 גרם,false,2,59.90,4.5971,true,1,228328
8001090458353,false,נוזל כלים פיירי אנטי,P&G,,"נוזל כלים פיירי אנטי בקטריאלי 515 מ""ל",מיליליטרים,515.00,"100 מ""ל",false,1,9.90,1.9223,true,1,193542
8001090721129,false,קפסולות לכביסה קולור,,,קפסולות לכביסה קולור אריאל 27 יח,גרמים,729.00,100 גרם,false,1,31.90,4.3759,true,1,200031
8001090734044,false,מגן תחתון אולוויז מג,,,מגן תחתון אולוויז מגה פק לארג פרש 64 יח,Unknown,0.00,Unknown,false,1,18.90,0.0000,true,1,197855
8001090745903,false,אבקת כביסה טייד אלפי,פרוקטר אנד גמבל,,"אבקת כביסה טייד אלפיין פרש 4 ק""ג",קילוגרמים,4.00,"ק""ג",false,1,29.90,7.4750,true,1,209469
8001090748607,false,מרכך כביסה לנור מרוכ,,,מרכך כביסה לנור מרוכז מיסתרי 1 ל,ליטרים,1.00,ליטר,false,1,24.90,24.9000,true,1,206917
8001090802385,false,קפסולות גל כביסה טיי,,,קפסולות גל כביסה טייד בניחוח לנור 26 יח,גרמים,645.00,100 גרם,false,1,26.90,4.1705,true,1,206142
8001090832450,false,פנטן שמפו נוסחה קלאס,,,פנטן שמפו נוסחה קלאסית 660 מל,מיליליטרים,660.00,"100 מ""ל",false,1,19.90,3.0152,true,1,215788
8001090832535,false,פנטן שמפו שמן מרוקאי,,,פנטן שמפו שמן מרוקאי משקם 660 מל,מיליליטרים,660.00,"100 מ""ל",false,1,19.90,3.0152,true,1,215789
8001090832573,false,פנטן שמפו שמן לחות מ,,,פנטן שמפו שמן לחות מוגברת 660 מל,מיליליטרים,660.00,"100 מ""ל",false,1,19.90,3.0152,true,1,215790
8001090832818,false,פנטן מרכך נוסחה קלאס,,,פנטן מרכך נוסחה קלאסית 660 מל,מיליליטרים,660.00,"100 מ""ל",false,1,19.90,3.0152,true,1,215795
8001090832856,false,פנטן מרכך מרוקאי משק,,,פנטן מרכך מרוקאי משקם 660 מל,מיליליטרים,660.00,"100 מ""ל",false,1,19.90,3.0152,true,1,215796
8001090832979,false,פנטן מרכך לתלתלים מו,,,פנטן מרכך לתלתלים מושלמים 660 מל,מיליליטרים,660.00,"100 מ""ל",false,1,19.90,3.0152,true,1,215799
8001090833136,false,גל כביסה אריאל בייבי,,FR,גל כביסה אריאל בייבי 2.25 ל,ליטרים,2.25,ליטר,false,4,29.90,13.2889,true,1,203600
8001090833167,false,גל כביסה אריאל ניחוח,,FR,גל כביסה אריאל ניחוח הרים 2.36 ל,ליטרים,2.36,ליטר,false,4,29.90,12.6695,true,1,203598
8001090833228,false,גל כביסה אריאל קולור,,FR,גל כביסה אריאל קולור 2.36 ל,ליטרים,2.36,ליטר,false,4,29.90,12.6695,true,1,203599
8001100011752,true,וופל באלוקו בטעם קקא,,,וופל באלוקו בטעם קקא,פריט,0.00,פריט,false,,8.90,0.0000,true,1,159775
8001100011769,true,וופל באלוקו בטעם אגו,,,וופל באלוקו בטעם אגו,פריט,0.00,פריט,false,,8.90,0.0000,true,1,159773
8001100011776,true,וופל באלוקו בטעם וני,,,וופל באלוקו בטעם וני,פריט,0.00,פריט,false,,8.90,0.0000,true,1,159774
8001110016303,false,ליקר אמרטו דיסרונו 7,,,"ליקר אמרטו דיסרונו 700 מ""ל",מיליליטרים,700.00,"100 מ""ל",false,1,79.90,11.4143,true,1,150706
8001335010469,true,יין למברוסקו לבן,,,יין למברוסקו לבן,פריט,0.00,פריט,false,,25.99,0.0000,true,1,123558
8001335010476,true,יין למברוסקו רוזה,,,יין למברוסקו רוזה,פריט,0.00,פריט,false,,25.99,0.0000,true,1,123559
8001620011935,false,מים מוגזים עדין סאן,,,"מים מוגז עדין ""סאן ב",ליטרים,3.00,ליטר,false,1,13.90,4.6333,true,1,123569
8001620017449,false,מים מינרלים פקק ספור,,,"מים סאן בנדטו 500 מ""ל",מיליליטרים,500.00,"100 מ""ל",false,1,3.90,0.7800,true,1,201542
8001620017456,false,מים מינרלים סאן בנדט,,,"מים מינרל סאן בנדטו ספורט 500 מ""ל שישייה",מיליליטרים,3000.00,"100 מ""ל",false,1,15.90,0.5300,true,1,201267
8001620018248,false,מים מינרליים סאן בנד,,,"מים מינרליים סאן בנדטו ספורט 750 מ""ל",מיליליטרים,750.00,"100 מ""ל",false,1,3.90,0.5200,true,1,206420
8001660126750,false,יין רופינו אורבייטו,,,יין רופינו אורבייטו קלאסיקו 0.75לי,מיליליטרים,750.00,"100 מ""ל",false,1,44.90,5.9867,true,1,139369
8001720021018,true,"פנתוני 500 גר""",,,"פנתוני 500 גר""",פריט,0.00,פריט,false,,42.99,0.0000,true,1,123572
8001720414551,true,"פנתוני ""באולי"" סנט ה",,,"פנתוני ""באולי"" סנט ה",פריט,0.00,פריט,false,,79.99,0.0000,true,1,123574
8001720645818,true,"קוראסון ""באולי"" עם מ",,,"קוראסון ""באולי"" עם מ",פריט,0.00,פריט,false,,19.99,0.0000,true,1,123580
8001720645832,true,"קוראסון ""באולי"" עם מ",,,"קוראסון ""באולי"" עם מ",פריט,0.00,פריט,false,,19.99,0.0000,true,1,123581
8001720645887,true,"קוראסון ""באולי"" עם מ",,,"קוראסון ""באולי"" עם מ",פריט,0.00,פריט,false,,19.99,0.0000,true,1,123582
8001841062624,false,מגבוני פמפרס פרש 52,,,מגבוני פמפרס פרש 52 יח רביעייה,Unknown,0.00,Unknown,false,3,19.90,0.0000,true,1,215960
8001841077949,false,מגבונים פמפרס פרש 52,,,מגבונים פמפרס פרש 52 יח רביעייה,Unknown,0.00,Unknown,false,1,19.90,0.0000,true,1,207805
8001841669465,false,קפסולות אריאל בניחוח,,,קפסולות אריאל בניחוח לנור 24 יח,Unknown,0.00,Unknown,false,1,31.90,0.0000,true,1,216659
8001841716312,false,גל רחצה ושמפו שולדרס,,,גל רחצה ושמפו שולדרס ספורט 360 מל,מיליליטרים,360.00,"100 מ""ל",false,1,19.90,5.5278,true,1,221074
8001841716596,false,גל רחצה ושמפו שולדרס,,,גל רחצה ושמפו שולדרס מרענן 360 מל,מיליליטרים,360.00,"100 מ""ל",false,1,19.90,5.5278,true,1,221076
8001841941929,false,תחבושות אולוייז וליו,פרוקטר אנד גמבל,,תחבושות אולוייז וליו פק לילה אקסטרא 16 י,Unknown,0.00,Unknown,false,8,19.90,0.0000,true,1,221123
8001929228492,false,בלה טבולה - רוסו 1 ל,cantin riunit,,בלה טבולה - רוסו 1 ל,מיליליטרים,750.00,"100 מ""ל",false,1,35.90,4.7867,true,1,123605
8001931120944,false,פסטה קן לציפור דק 50,GUACCI,,פסטה קן לציפור דק 500 גר,גרמים,500.00,100 גרם,false,1,8.90,1.7800,true,1,193980
8001931120982,false,פסטה קן לציפור עבה 5,GUACCI,,פסטה קן לציפור עבה 500 גר,גרמים,500.00,100 גרם,false,1,8.90,1.7800,true,1,193979
8001931121002,false,פסטה קן לציפור עבה ב,GUACCI,,פסטה קן לציפור עבה במיוחד 500 גר,גרמים,500.00,100 גרם,false,1,8.90,1.7800,true,1,202417
8001935221401,false,יין איטלקי וילה אדום,אנטינורי,,יין איטלקי וילה אדום,Unknown,0.00,Unknown,false,1,79.90,0.0000,true,1,137891
8001935353201,false,יין וילה אנטינורי לב,אנטינורי,,יין וילה אנטינורי לבן 0.75ל,מיליליטרים,750.00,"100 מ""ל",false,1,59.90,7.9867,true,1,158849
8002200145675,false,קפסולות קפה קימבו אר,,,קפסולות קפה קימבו ארמוניה 10 יח,Unknown,0.00,Unknown,false,1,17.90,0.0000,true,1,211784
8002200145682,false,קפסולות קפה קימבו אי,,,קפסולות קפה קימבו אינטנסו 10 יח,Unknown,0.00,Unknown,false,1,17.90,0.0000,true,1,211785
8002235039918,false,יין זונין פרוסקו רוז,,,יין זונין פרוסקו רוזה 750 מל,מיליליטרים,750.00,"100 מ""ל",false,1,39.90,5.3200,true,1,225622
8002267002270,false,חטיפי קרח פולרט 400,,,חטיפי קרח פולרט 400 מל,מיליליטרים,400.00,"100 מ""ל",false,1,8.90,2.2250,true,1,165717
8002267016673,false,ביצת שוקולד עם הפתעה,,,ביצת שוקולד עם הפתעה ברבי 110 גר,גרמים,110.00,100 גרם,false,1,15.90,14.4545,true,1,224931
8002270866524,false,מים מינרלים סן פלגרי,,,מים מינרלים סן פלגרינו 1ל,ליטרים,1.00,ליטר,false,1,9.90,9.9000,true,1,165605
8002371000360,false,קרואסון במילוי קרם פ,,,קרואסון במילוי קרם פטיסייר 400 גר,גרמים,400.00,100 גרם,false,1,18.90,4.7250,true,1,123615
8002371000469,false,קרואסון אנטונלי דובד,,,קרואסון אנטונלי דובדבן 300 גר,גרמים,300.00,100 גרם,false,1,12.90,4.3000,true,1,194702
8002371000728,false,קרואסון במילוי כפול,,,קרואסון במילוי כפול 400 גר,גרמים,400.00,100 גרם,false,1,18.90,4.7250,true,1,123620
8002371001602,true,פגוטיני עם מילוי קרם,,,פגוטיני עם מילוי קרם,פריט,0.00,פריט,false,,16.99,0.0000,true,1,123621
8002371003606,true,פגוטיני עם מילוי קרם,,,פגוטיני עם מילוי קרם,פריט,0.00,פריט,false,,16.99,0.0000,true,1,123622
8002371004009,false,קרואסון אנטונלי קרם,,,קרואסון אנטונלי קרם וניל 300 גר,גרמים,300.00,100 גרם,false,1,12.90,4.3000,true,1,194703
8002371006201,true,"דולצ""די עם מילוי ריב",,,"דולצ""די עם מילוי ריב",פריט,0.00,פריט,false,,11.99,0.0000,true,1,123623
8002371007123,true,"טרצ""ינה עם ריבת משמש",,,"טרצ""ינה עם ריבת משמש",פריט,0.00,פריט,false,,16.99,0.0000,true,1,123624
8002371007888,false,קוראסון עם קרם שוקול,,,קוראסון במילוי קרם שוקולד ללא סוכר 300 ג,גרמים,300.00,100 גרם,false,1,18.90,6.3000,true,1,123625
8002371007895,false,קוראסון במילוי ריבת,,,קוראסון במילוי ריבת משמש ללא סוכר 300 גר,גרמים,300.00,100 גרם,false,1,18.90,6.3000,true,1,123626
8002371007901,false,קוראסון עם קרם פטיסי,,,קוראסון עם מילוי קרם,גרמים,300.00,100 גרם,false,1,18.90,6.3000,true,1,123627
8002450202005,false,משקה כהלי מוגז ורדי,בוסקה,,משקה כהלי ורדי אסאי בוסקה 750מל,מיליליטרים,750.00,"100 מ""ל",false,1,24.90,3.3200,true,1,164786
8002450205006,false,משקה כהלי מוגז ורדי,בוסקה,,משקה כהלי מוגז ורדי אפרסק 750 מל,מיליליטרים,750.00,"100 מ""ל",false,1,24.90,3.3200,true,1,190946
8002670504279,false,גרנרולו בורגר צמחי 2,,,גרנרולו בורגר צמחי 2*110 גר,גרמים,220.00,100 גרם,false,8,24.90,11.3182,true,1,224983
8002734000075,true,"עוגת קריסמס ""פאנדורו",,,"עוגת קריסמס ""פאנדורו",גרמים,900.00,100 גרם,false,,59.99,6.6656,true,1,134922
8002734000082,true,"עוגת קריסמס ""פאנטונה",,,"עוגת קריסמס ""פאנטונה",גרמים,900.00,100 גרם,false,,44.99,4.9989,true,1,134923
8002734000891,true,"עוגת קריסמס ""פאנטונה",,,"עוגת קריסמס ""פאנטונה",גרמים,750.00,100 גרם,false,,59.99,7.9987,true,1,134927
8002734001027,true,"עוגת קריסמס ""פאנטונה",,,"עוגת קריסמס ""פאנטונה",גרמים,750.00,100 גרם,false,,59.99,7.9987,true,1,134926
8002793007435,false,יין ממורו רוזאטו 750,,,יין ממורו רוזאטו 750 מל,מיליליטרים,750.00,"100 מ""ל",false,1,49.90,6.6533,true,1,186544
8002793015164,false,יין פיציני אפסימנטו,,,"יין פיציני אפסימנטו פולייה 750 מ""ל",מיליליטרים,750.00,"100 מ""ל",false,1,59.90,7.9867,true,1,208548
8002793959789,false,יין פינו גריגיו 750,,,יין פינו גריגיו 750 מל,מיליליטרים,750.00,"100 מ""ל",false,1,34.90,4.6533,true,1,186541
8002910020446,true,קולון 2 ב-1 ורוד 3 ל,,,קולון 2 ב-1 ורוד 3 ל,ליטרים,3.00,ליטר,false,,31.99,10.6633,true,1,123639
8002910020453,true,קולון 2 ב-1 כחול 3 ל,,,קולון 2 ב-1 כחול 3 ל,ליטרים,3.00,ליטר,false,,31.99,10.6633,true,1,123640
8002910028381,true,"ג""ל למדיח ""פיניש"" בנ",,,"ג""ל למדיח ""פיניש"" בנ",מיליליטרים,650.00,"100 מ""ל",false,,44.99,6.9215,true,1,123641
8003115852047,false,פנתוני סוויט איטלי 9,BISCOTTIFICIO PRIMAV,,פנתוני סוויט איטלי 908 גר,גרמים,908.00,100 גרם,false,1,59.90,6.5969,true,1,215451
8003405002558,false,וודקה רוברטו קוואלי,מזקקה פרנקולי,,"וודקה רוברטו קוואלי 700 מ""ל",מיליליטרים,700.00,"100 מ""ל",false,1,129.90,18.5571,true,1,185662
8003405006051,false,וודקה קאוולי אסאי 1,,IT,וודקה קאוולי אסאי 1 ל,ליטרים,1.00,ליטר,false,6,159.90,159.9000,true,1,210853
8003405006853,false,וודקה רוברטו קאוולי,,IT,וודקה רוברטו קאוולי מוחיטו 1 ל,ליטרים,1.00,ליטר,false,6,159.90,159.9000,true,1,224782
8003740003050,false,ספגטי אריגי קפליני 5,,,ספגטי אריגי קפליני 500 גר,גרמים,500.00,100 גרם,false,1,6.50,1.3000,true,1,211958
8003740005054,false,ספגטי אריגי 500 גר,,,ספגטי אריגי 500 גר,גרמים,500.00,100 גרם,false,1,6.50,1.3000,true,1,210319
8003740005801,false,ספגטי חיטה מלאה אריג,,,ספגטי חיטה מלאה אריגי 500 גר,גרמים,500.00,100 גרם,false,1,6.50,1.3000,true,1,199277
8003740009052,false,פסטה אריגי פטוציני 5,,,פסטה אריגי פטוציני 500 גר,גרמים,500.00,100 גרם,false,1,6.50,1.3000,true,1,227116
8003740024079,false,פסטה אריגי טורטיליונ,,,פסטה אריגי טורטיליוני 500 גר,גרמים,500.00,100 גרם,false,1,6.50,1.3000,true,1,210315
8003740031077,false,פסטה אריגי פנה ריגטה,,,פסטה אריגי פנה ריגטה 500 גר,גרמים,500.00,100 גרם,false,1,6.50,1.3000,true,1,210312
8003740031886,false,פסטה אריגי פנה חיטה,,,פסטה פאנה רגטה מלאה אריגאי איטליה 500 גר,גרמים,500.00,100 גרם,false,1,6.50,1.3000,true,1,199278
8003740037079,false,פסטה אריגי פוזליני 5,,IT,פסטה אריגי פוזליני 500 גר,גרמים,500.00,100 גרם,false,1,6.50,1.3000,true,1,210313
8003740047078,false,פסטה אריגי קרסטה 500,,,פסטה אריגי קרסטה 500 גר,גרמים,500.00,100 גרם,false,1,6.50,1.3000,true,1,211952
8003740058081,false,ספגטי אריגי פרפלה 50,,,ספגטי אריגי פרפלה 500 גר,גרמים,500.00,100 גרם,false,1,6.50,1.3000,true,1,210320
8003740067199,false,רביולי עם גבינה אריג,,,רביולי עם גבינה אריגי 250 גר,גרמים,250.00,100 גרם,false,1,12.90,5.1600,true,1,228982
8003740067281,false,קנלוני אריגי 250 גר,,,קנלוני אריגי 250 גר,גרמים,250.00,100 גרם,false,1,8.90,3.5600,true,1,212093
8003740077075,false,פסטה אריגי ביאווטה 5,,,פסטה אריגי ביאווטה 500 גר,גרמים,500.00,100 גרם,false,1,6.50,1.3000,true,1,211957
8003740079079,false,פסטה אריגי סטליני 50,,,פסטה אריגי סטליני 500 גר,גרמים,500.00,100 גרם,false,1,6.50,1.3000,true,1,211956
8003740088088,false,פסטה אריגי טליאטלה 5,,,פסטה טליאטלה אריגאי איטליה 500 גר,גרמים,500.00,100 גרם,false,1,8.90,1.7800,true,1,199282
8003740660765,false,פסטו ירוק 190 גר,,,פסטו ירוק 190 גר,גרמים,190.00,100 גרם,false,1,12.90,6.7895,true,1,210326
8003740662462,false,עגבניות מרוסקות אריג,,,עגבניות מרוסקות אריגי 680 גר,גרמים,680.00,100 גרם,false,1,10.90,1.6029,true,1,228985
8003740667467,false,רוטב פסטה בזיליקום א,,,רוטב פסטה בזיליקום אריגי 320 גר,גרמים,320.00,100 גרם,false,1,9.90,3.0938,true,1,210323
8003740667566,false,רוטב פסטה ארבייאטה א,,,רוטב פסטה ארבייאטה אריגי 320 גר,גרמים,320.00,100 גרם,false,1,9.90,3.0938,true,1,210324
8003753158617,false,קפסולות אילי אספרסו,,,קפסולות אילי אספרסו לונגו קלאסיקו 10 יח,גרמים,57.00,100 גרם,false,1,23.90,41.9298,true,1,220043
8003753158648,false,קפסולות אילי אספרסו,,,קפסולות אילי אספרסו אינטנסו 10 יח,גרמים,57.00,100 גרם,false,1,23.90,41.9298,true,1,220041
8003753900438,false,קפה אילי אספרסו טחון,קפה לנדוור,,קפה אילי-אספרסו טחון,גרמים,250.00,100 גרם,false,1,39.90,15.9600,true,1,123661
8003896000309,true,"פאנטונה ""סנטאנג""לו""",,,"פאנטונה ""סנטאנג""לו""",גרמים,800.00,100 גרם,false,,27.99,3.4987,true,1,123667
8003896001276,true,קרואסון במילוי קרם ו,,,קרואסון במילוי קרם ו,גרמים,250.00,100 גרם,false,,13.90,5.5600,true,1,123668
8003896001337,true,קרואסון במילוי קרם ש,,,קרואסון במילוי קרם ש,גרמים,250.00,100 גרם,false,,13.90,5.5600,true,1,123669
8003896001344,true,קרואסון במילוי ריבת,,,קרואסון במילוי ריבת,גרמים,250.00,100 גרם,false,,13.90,5.5600,true,1,123670
8003896001740,true,קרואסון במילוי ריבת,,,קרואסון במילוי ריבת,גרמים,250.00,100 גרם,false,,13.90,5.5600,true,1,123671
8003896011169,true,"פאנטונה 800 גר""",,,"פאנטונה 800 גר""",גרמים,800.00,100 גרם,false,,27.99,3.4987,true,1,123672
8003896080011,true,פאנונה מיני אורגינל,,,פאנונה מיני אורגינל,גרמים,90.00,100 גרם,false,,8.99,9.9889,true,1,123673
8003896080028,false,פאנטונה סאנטאנגלו בק,SANTANGELO,,פאנטונה סאנטאנגלו בקופסא 500 גר,גרמים,500.00,100 גרם,false,1,32.90,6.5800,true,1,171761
8004160660304,false,ליקר פרנגליקו 700 מל,,,"ליקר פרנגליקו 700 מ""ל",מיליליטרים,700.00,"100 מ""ל",false,1,109.80,15.6857,true,1,138665
8004800002389,true,אלדי וופל קוביות קפו,,,אלדי וופל קוביות קפו,פריט,0.00,פריט,false,,12.90,0.0000,true,1,123725
8004800002471,true,"וופל עם קרם קקאו ""אל",,,"וופל עם קרם קקאו ""אל",פריט,0.00,פריט,false,,9.99,0.0000,true,1,123728
8004800002488,true,וופל עם קרם וניל וקק,,,וופל עם קרם וניל וקק,פריט,0.00,פריט,false,,9.99,0.0000,true,1,123729
8004800002495,true,"וופל עם קרם אגוזים """,,,"וופל עם קרם אגוזים """,פריט,0.00,פריט,false,,9.99,0.0000,true,1,123730
8004800004307,true,"פלזיר ""אלדי"" מריר ""ק",,,"פלזיר ""אלדי"" מריר ""ק",פריט,0.00,פריט,false,,9.99,0.0000,true,1,123731
8004800004314,true,"פלזיר ""אלדי"" חלב ""קי",,,"פלזיר ""אלדי"" חלב ""קי",פריט,0.00,פריט,false,,9.99,0.0000,true,1,123732
8004800006110,true,"עוגיות ""אלדי"" פרולינ",,,"עוגיות ""אלדי"" פרולינ",פריט,0.00,פריט,false,,10.99,0.0000,true,1,123733
8004800006134,true,"עוגיות ""אלדי"" פרולקא",,,"עוגיות ""אלדי"" פרולקא",פריט,0.00,פריט,false,,10.99,0.0000,true,1,123734
8004800006158,true,"עוגיות ""אלדי"" נובלני",,,"עוגיות ""אלדי"" נובלני",פריט,0.00,פריט,false,,11.99,0.0000,true,1,123735
8004800035158,true,אלדי קרוסטהטיני משמש,,,אלדי קרוסטהטיני משמש,פריט,0.00,פריט,false,,10.99,0.0000,true,1,123737
8004800035165,true,אלדי קרוסטהטיני דובד,,,אלדי קרוסטהטיני דובד,פריט,0.00,פריט,false,,10.99,0.0000,true,1,123738
8004800035172,true,אלדי קרוסטהטיני קקאו,,,אלדי קרוסטהטיני קקאו,פריט,0.00,פריט,false,,10.99,0.0000,true,1,123739
8005200256587,false,תה קר נסטי אפרסק 1.5,סן-פלגרינו,,תה קר נסטי אפרסק 1.5 ל,ליטרים,1.50,ליטר,false,1,8.90,5.9333,true,1,224069
8005200316588,false,תה קר נסטי דיאט אפרס,סן-פלגרינו,,תה קר נסטי דיאט אפרסק 1.5 ל,ליטרים,1.50,ליטר,false,1,8.90,5.9333,true,1,224071
8005380010092,true,"עוגה אישית ""פיק ניק""",,,"עוגה אישית ""פיק ניק""",פריט,0.00,פריט,false,,9.99,0.0000,true,1,123762
8005380010108,true,"עוגה אישית ""פיק ניק""",,,"עוגה אישית ""פיק ניק""",פריט,0.00,פריט,false,,9.99,0.0000,true,1,123763
8005380010122,true,"עוגה אישית ""פיק ניק""",,,"עוגה אישית ""פיק ניק""",פריט,0.00,פריט,false,,9.99,0.0000,true,1,123764
8005380050012,true,"עוגות אישיות ""או מאמ",,,"עוגות אישיות ""או מאמ",פריט,0.00,פריט,false,,14.99,0.0000,true,1,123766
8005380050043,true,"עוגות אישיות ""או מאמ",,,"עוגות אישיות ""או מאמ",פריט,0.00,פריט,false,,14.99,0.0000,true,1,123767
8005380070010,true,"עוגה אישית ""פיק ניק""",,,"עוגה אישית ""פיק ניק""",פריט,0.00,פריט,false,,9.99,0.0000,true,1,123768
8005709300057,true,"פסטה ספגטי 500 ג""ר",,,"פסטה ספגטי 500 ג""ר",פריט,0.00,פריט,false,,5.99,0.0000,true,1,123787
8005709300712,true,"פסטה פנה זיטי 500 ג""",,,"פסטה פנה זיטי 500 ג""",פריט,0.00,פריט,false,,5.99,0.0000,true,1,123788
8005709304123,true,פסטה פנה ריגטי 500 ג,,,פסטה פנה ריגטי 500 ג,פריט,0.00,פריט,false,,5.99,0.0000,true,1,123789
8006227000405,false,לחם פרוס חיטה מלאה ס,,,לחם פרוס חיטה מלאה סמנצאטו 400 גר,גרמים,400.00,100 גרם,false,1,14.90,3.7250,true,1,220166
8006227000870,false,סמנצאטו כיכר לחם חיט,,,סמנצאטו כיכר לחם חיטת דורום 350 גר,גרמים,350.00,100 גרם,false,1,14.90,4.2571,true,1,220165
8006290803521,false,מים מינרליים מוגזים,,,מים מינרליים מוגזים פררלה 750 מל,מיליליטרים,750.00,"100 מ""ל",false,1,8.90,1.1867,true,1,215079
8006423277526,true,"שוקולד ""שוקולייט"" חל",,,"שוקולד ""שוקולייט"" חל",פריט,0.00,פריט,false,,10.99,0.0000,true,1,123807
8006423301856,false,בונבוניירה דפילה סור,HDI SORINI,,"בונבוניירות ""דפילה""",גרמים,450.00,100 גרם,false,1,79.90,17.7556,true,1,123808
8006423304475,true,שוק. סורינטה ביו אדו,,,שוק. סורינטה ביו אדו,פריט,0.00,פריט,false,,39.99,0.0000,true,1,133049
8006423305373,true,שוק. סורינטה מיקס 1ק,,,שוק. סורינטה מיקס 1ק,פריט,0.00,פריט,false,,39.99,0.0000,true,1,133052
8006423310339,true,בונבוניירות פרטה חלב,,,בונבוניירות פרטה חלב,פריט,0.00,פריט,false,,39.99,0.0000,true,1,123809
8006423310988,true,סוכ שוקולד סורינטה 1,,,סוכ שוקולד סורינטה 1,פריט,0.00,פריט,false,,39.99,0.0000,true,1,133066
8006423311787,true,סוכ שוקולד סורינטה 1,,,סוכ שוקולד סורינטה 1,פריט,0.00,פריט,false,,39.99,0.0000,true,1,133067
8006423360808,true,שוק. טופ טוויסט 1קג,,,שוק. טופ טוויסט 1קג,פריט,0.00,פריט,false,,39.99,0.0000,true,1,133045
8006423361119,true,שוק. טופ טוויסט כסף,,,שוק. טופ טוויסט כסף,פריט,0.00,פריט,false,,39.99,0.0000,true,1,133048
8006423460034,false,בונבוניירה סוריני קר,,,בונבוניירה סוריני קרימי 184 גר,גרמים,184.00,100 גרם,false,1,59.90,32.5543,true,1,205563
8006423460409,true,"בונבוניירות ""סוריני",,,"בונבוניירות ""סוריני",פריט,0.00,פריט,false,,31.99,0.0000,true,1,123812
8006423461000,true,בונבוניירות סוריני 1,,,בונבוניירות סוריני 1,פריט,0.00,פריט,false,,18.99,0.0000,true,1,123817
8006423461321,true,"בונבוניירת ""דיוה"" 19",,,"בונבוניירת ""דיוה"" 19",פריט,0.00,פריט,false,,29.99,0.0000,true,1,123821
8006423462090,true,בונבוניירות מרובע כח,,,בונבוניירות מרובע כח,פריט,0.00,פריט,false,,19.99,0.0000,true,1,123823
8006423462779,true,"בונבוניירה ""דולציה""",,,"בונבוניירה ""דולציה""",פריט,0.00,פריט,false,,34.99,0.0000,true,1,123831
8006423463066,false,בונ ולנטיין 195 גר,,,בונ ולנטיין 195 גר,גרמים,195.00,100 גרם,false,1,54.90,28.1538,true,1,210521
8006423464353,true,בונבוניירות לב ענק 4,,,בונבוניירות לב ענק 4,פריט,0.00,פריט,false,,63.99,0.0000,true,1,123832
8006423464902,true,"בונבוניירות ""סוריני""",,,"בונבוניירות ""סוריני""",פריט,0.00,פריט,false,,63.99,0.0000,true,1,123836
8006423465602,true,בונבוניירות מארי קלי,,,בונבוניירות מארי קלי,פריט,0.00,פריט,false,,72.99,0.0000,true,1,123839
8006423466463,false,בונ סוריני מאיה מאיו,,,בונ מאיה מאיוליקה 270 גר סוריני,גרמים,270.00,100 גרם,false,8,49.90,18.4815,true,1,213343
8006423466951,true,בונבוניירות אונדה 54,,,בונבוניירות אונדה 54,פריט,0.00,פריט,false,,56.99,0.0000,true,1,123840
8006423468832,true,בונבוניירות כדור,,,בונבוניירות כדור,פריט,0.00,פריט,false,,30.99,0.0000,true,1,123844
8006540009512,false,לנור מרכך כביסה בייב,,,לנור מרכך כביסה בייבי 897 מל,מיליליטרים,897.00,"100 מ""ל",false,,16.90,1.8841,true,1,220008
8006540112793,false,מרכך כביסה לנור מרוכ,,,מרכך כביסה לנור מרוכז בניחוח יסמין 900 מ,מיליליטרים,900.00,"100 מ""ל",false,1,16.90,1.8778,true,1,220006
8006540112823,false,מרכך כביסה לנור מרוכ,,,מרכך כביסה לנור מרוכז בניחוח האוקיינוס,מיליליטרים,900.00,"100 מ""ל",false,1,16.90,1.8778,true,1,220005
8006540425930,false,קפסולות אריאל לכתמים,פרוקטר אנד גמבל,FR,קפסולות אריאל לכתמים קשים 24 יח,Unknown,0.00,Unknown,false,3,31.90,0.0000,true,1,224013
8006540463550,false,טבליות למדיח כלים פי,,BE,טבליות למדיח כלים פיירי פלטינום 63 יח,Unknown,0.00,Unknown,false,4,54.90,0.0000,true,1,227711
8006540566701,false,גל כביסה אריאל כתמים,,IT,גל כביסה אריאל כתמים קשים 1.925 ל,ליטרים,1.93,ליטר,false,4,29.90,15.4922,true,1,228329
8006837002738,false,לחמניות נקניקייה מור,,,לחמניות נקניקייה מורטו 250 גר,גרמים,250.00,100 גרם,false,14,19.90,7.9600,true,1,224892
8006922019078,false,מעדן בטעם קרמל מלוח,,,מעדן בטעם קרמל מלוח 1 קג,קילוגרמים,1.00,"ק""ג",false,1,44.90,44.9000,true,1,227486
8006922019399,false,מעדן בטעם פיסטוק שוק,,,מעדן בטעם פיסטוק שוקולד וקפה 1 קג,קילוגרמים,1.00,"ק""ג",false,1,44.90,44.9000,true,1,230218
8006922084410,false,מעדן בטעם פיסטוק 1 ק,,,"גלידה חלבית בטעם פיסטוק 1 ק""ג",קילוגרמים,1.00,"ק""ג",false,1,44.90,44.9000,true,1,197326
8006922085073,false,מעדן בטעם עוגיות ושק,,,מעדן בטעם עוגיות ושקדים 1 קג,קילוגרמים,1.00,"ק""ג",false,1,44.90,44.9000,true,1,227487
8006922085363,false,מעדן בטעם שוקולד עם,,,מעדן קפוא בטעם שוקולד עם חתיכות שוקולד 1 קג,קילוגרמים,1.00,"ק""ג",false,1,44.90,44.9000,true,1,199836
8007116011106,false,יין קיאנטי קנטינה לא,,,"יין לאונרדו דה וינצ""י קיאנטי",מיליליטרים,750.00,"100 מ""ל",false,1,39.90,5.3200,true,1,150863
8007153006943,false,שמן זית כתית מעולה 7,,,שמן זית כתית מעולה 750 מל,מיליליטרים,750.00,"100 מ""ל",false,1,34.90,4.6533,true,1,214098
8007153006950,false,שמן זית כתית מעולה 1,,,שמן זית כתית מעולה 1 ל,ליטרים,1.00,ליטר,false,1,44.90,44.9000,true,1,214079
8007153007117,false,שמן זית כתית מעולה פ,,,שמן זית כתית מעולה פירותי וארומטי 1 ל,ליטרים,1.00,ליטר,false,1,44.90,44.9000,true,1,223228
8007153034113,false,שמן זרעי ענבים פרציו,,,שמן זרעי ענבים פרציוני 1 ל,ליטרים,1.00,ליטר,false,1,29.90,29.9000,true,1,215949
8007153034120,false,שמן זרעי ענבים פרציו,,,שמן זרעי ענבים פרציוני 500 מל,מיליליטרים,500.00,"100 מ""ל",false,1,15.90,3.1800,true,1,215948
8007178223547,false,קרם בלסמי מצומצם גקו,,,קרמ בלסמי מצומצם 250מל,מיליליטרים,250.00,"100 מ""ל",false,1,25.90,10.3600,true,1,165585
8007290137173,true,"פסטה איטלקית ""דונה ק",,,"פסטה איטלקית ""דונה ק",פריט,0.00,פריט,false,,3.99,0.0000,true,1,123861
8007681009997,true,שלישיית ביצי הפתעה מ,,,שלישיית ביצי הפתעה מ,גרמים,60.00,100 גרם,false,,10.99,18.3167,true,1,123928
8008164002580,false,גלידה גלטי ריבת חלב,,,גלידה גלטי ריבת חלב 1 קג,קילוגרמים,1.00,"ק""ג",false,1,39.90,39.9000,true,1,215950
8008245004861,false,ממרח אגוזי לוז עם חל,,,ממרח אגוזי לוז עם חלב 300 גר,גרמים,300.00,100 גרם,false,1,16.90,5.6333,true,1,216759
8008429029123,true,שקית שוקולדים ללא סו,,,שקית שוקולדים ללא סו,פריט,0.00,פריט,false,,26.99,0.0000,true,1,123934
8008429299120,false,בונ פירמידה כריסמס 2,,,בונ פירמידה כריסמס 200 גר,גרמים,200.00,100 גרם,false,8,36.90,18.4500,true,1,202579
8008440249425,false,בירה אסהי בק 330 מל,,,"בירה אסהי בק 330 מ""ל",מיליליטרים,330.00,"100 מ""ל",false,1,9.90,3.0000,true,1,207758
8008440522016,false,בירה פרוני 5.1% 330,,,בירה פרוני 5.1% 330 מל שישייה,מיליליטרים,1980.00,"100 מ""ל",false,1,39.90,2.0152,true,1,223995
8008620005056,false,וופל במילוי קרם וניל,,,וופל במילוי קרם וניל חמישייה,גרמים,225.00,100 גרם,false,1,9.90,4.4000,true,1,226388
8008660210038,false,מעדן ריבת תות שדה 30,מנז אנד גאסר,,מעדן ריבת תות שדה 300 גר,גרמים,300.00,100 גרם,false,1,13.90,4.6333,true,1,185470
8008660210045,false,מעדן ריבת פירות יער,מנז אנד גאסר,,מעדן ריבת פירות יער 300 גר,גרמים,300.00,100 גרם,false,1,13.90,4.6333,true,1,185469
8008660210052,false,מעדן פרי תפוז 320 גר,מנז אנד גאסר,,מעדן פרי תפוז 320 גר,גרמים,320.00,100 גרם,false,12,13.90,4.3438,true,1,202679
8008857601052,false,דפי עלי לזניה 500 גר,,,"עלי לזניה 500גר""",גרמים,500.00,100 גרם,false,1,13.90,2.7800,true,1,123964
8008900007763,false,יין צלו אבסיומנטה 75,,IT,"יין צלו אבסיומנטה 750 מ""ל",מיליליטרים,750.00,"100 מ""ל",false,6,64.90,8.6533,true,1,210867
8009470009010,false,אוכל כלבים סימבה בשר,אמ.או.אן.ג'י.אי.אמונ,,אוכל כלבים סימבה בשר 415 גר,גרמים,415.00,100 גרם,false,1,4.90,1.1807,true,1,193449
8009470009041,false,אוכל לחתולים סימבה ב,אמ.או.אן.ג'י.אי.אמונ,,"אוכל לחתולים סימבה בקר 2 ק""ג",קילוגרמים,2.00,"ק""ג",false,1,34.90,17.4500,true,1,193457
8009470009072,false,אוכל לחתולים סימבה ע,אמ.או.אן.ג'י.אי.אמונ,,אוכל לחתולים סימבה עוף 415 גר,גרמים,415.00,100 גרם,false,1,4.90,1.1807,true,1,193455
8009470009225,false,אוכל לחתולים סימבה ע,,,אוכל לחתולים סימבה עוף 100 גר,גרמים,100.00,100 גרם,false,1,4.90,4.9000,true,1,198952
8009470009379,false,סימבה פאוץ סלמון 100,חטיפים מן הטבע,,סימבה פאוץ סלמון 100 גר,גרמים,100.00,100 גרם,false,1,4.90,4.9000,true,1,227564
8009470009423,false,מעדן לחתול להשאט ירו,,,מעדן לחתול להשאט ירוק טונה וגזר 80 גר,גרמים,80.00,100 גרם,false,48,6.90,8.6250,true,1,220328
8009470009430,false,מעדן לחתול להשאט ורו,,,מעדן לחתול להשאט ורוד טונה וסורימי 80 גר,גרמים,80.00,100 גרם,false,48,6.90,8.6250,true,1,220329
8009470009461,false,מעדן לחתול להשאט צהו,,,מעדן לחתול להשאט צהוב טונה ועוף 80 גר,גרמים,80.00,100 גרם,false,48,6.90,8.6250,true,1,220331
8009470009560,false,אוכל כלבים סימבה בקר,אמ.או.אן.ג'י.אי.אמונ,,"אוכל כלבים סימבה בקר 4 ק""ג",קילוגרמים,4.00,"ק""ג",false,1,39.90,9.9750,true,1,193448
8009470016063,false,אוכל לחתולים סימבה ע,אמ.או.אן.ג'י.אי.אמונ,,"אוכל לחתולים סימבה עוף 2 ק""ג",קילוגרמים,2.00,"ק""ג",false,1,34.90,17.4500,true,1,193458
8011033011279,false,קוסקוס 1 קג,,,קוסקוס 1 קג,קילוגרמים,1.00,"ק""ג",false,1,15.90,15.9000,true,1,227483
8013656211005,false,כף אשפה עם גומי איטל,,,כף אשפה עם גומי איטל,Unknown,0.00,Unknown,false,1,6.90,0.0000,true,1,123975
8015997000911,false,בישקוטים מאריני 200,Biscottificio Verona,,בישקוטים מאריני 200 גר,גרמים,200.00,100 גרם,false,1,6.90,3.4500,true,1,180570
8016017000072,true,חומץ בלסמי מודנה 500,,,חומץ בלסמי מודנה 500,מיליליטרים,500.00,"100 מ""ל",false,,19.90,3.9800,true,1,127110
8016419400012,true,"פסטה ""דיסניי"" מיקי מ",,,"פסטה ""דיסניי"" מיקי מ",פריט,0.00,פריט,false,,14.99,0.0000,true,1,127111
8016419400036,true,"פסטה ""דיסניי"" פו הדב",,,"פסטה ""דיסניי"" פו הדב",פריט,0.00,פריט,false,,14.99,0.0000,true,1,127112
8016419400050,true,"פסטה ""דיסניי"" פרינסס",,,"פסטה ""דיסניי"" פרינסס",פריט,0.00,פריט,false,,14.99,0.0000,true,1,127113
8017746202010,false,יין קיאנטי פוגיו סו,,,"יין קיאנטי פוגיו סו וינצי 750 מ""ל",מיליליטרים,750.00,"100 מ""ל",false,1,39.90,5.3200,true,1,197366
8018075001237,false,יין מתובל מבעבע חצי,,IT,יין מתובל מבעבע חצי מתוק פרגולינו מוחיטו,מיליליטרים,330.00,"100 מ""ל",false,24,11.90,3.6061,true,1,225369
8018075001299,false,יין מתובל מבעבע פרגו,,IT,יין מתובל מבעבע פרגולינו קוקטייל שפריץ,מיליליטרים,330.00,"100 מ""ל",false,24,11.90,3.6061,true,1,225370
8018075001312,false,יין מתובל מבעבע פרגו,,IT,יין מתובל מבעבע פרגולינו פינה קולדה 330,מיליליטרים,330.00,"100 מ""ל",false,24,11.90,3.6061,true,1,225371
8022470213386,false,דרגיה פריסקו שקד חלב,ITALIANA CONFETTI-PR,,דרגיה פריסקו שקד חלב 500גר,גרמים,500.00,100 גרם,false,1,34.90,6.9800,true,1,159248
8022470213423,false,דרגיה פריסקו לוז מרי,ITALIANA CONFETTI-PR,,דרגיה פריסקו לוז מריר 500גר,גרמים,500.00,100 גרם,false,1,34.90,6.9800,true,1,159246
8022470213485,false,דרגיה פריסקו דובדבן,ITALIANA CONFETTI-PR,,דרגיה פריסקו דובדבן מריר 500גר,גרמים,500.00,100 גרם,false,1,34.90,6.9800,true,1,159249
8022470213515,false,דרגיה פריסקו צימוקים,ITALIANA CONFETTI-PR,,דרגיה פריסקו צימוקים מריר 500גר,גרמים,500.00,100 גרם,false,1,34.90,6.9800,true,1,159256
8022470226379,false,דרזה מקסטרים קשיו מר,ITALIANA CONFETTI-PR,,"דרזה ""מקסטרים"" קשיו מריר 500גר",גרמים,500.00,100 גרם,false,1,34.90,6.9800,true,1,162081
8023114000515,false,יין איטלקי קיאנטי קל,,,יין איטלקי קיאנטי קלאסיקו ווראזנו 750 מל,מיליליטרים,750.00,"100 מ""ל",false,1,99.90,13.3200,true,1,127142
8023114100413,true,יין איטלקי ורנזו קיא,,,יין איטלקי ורנזו קיא,פריט,0.00,פריט,false,,169.99,0.0000,true,1,153549
8023114220418,true,יין איטלקי ורנזו בוט,,,יין איטלקי ורנזו בוט,פריט,0.00,פריט,false,,269.99,0.0000,true,1,153551
8023788003461,true,"קונוס קריסמס 80 גר""",,,"קונוס קריסמס 80 גר""",פריט,0.00,פריט,false,,9.99,0.0000,true,1,127145
8025218041197,true,"חומוס 400 ג""ר",,,"חומוס 400 ג""ר",Unknown,0.00,Unknown,false,,6.99,0.0000,true,1,127146
8032523530452,false,ממרח פיסטוק 200 גר,,,ממרח פיסטוק 200 גרם,גרמים,200.00,100 גרם,false,1,34.90,17.4500,true,1,220221
8032523531015,false,ממרח פסטו פיסטוק אלת,,,ממרח פסטו פיסטוק אלת הבטנה 190 גר,גרמים,190.00,100 גרם,false,1,39.90,21.0000,true,1,220220
8033116407502,false,יין מתובל מבעבע חצי,,,יין מתובל מבעבע חצי מתוק פרגולינו ביאנקו,מיליליטרים,330.00,"100 מ""ל",false,24,11.90,3.6061,true,1,213890
8033116407519,false,יין מתובל מבעבע חצי,,,יין מתובל מבעבע חצי מתוק פרגולינו רוסו,מיליליטרים,330.00,"100 מ""ל",false,24,11.90,3.6061,true,1,213891
8033120559310,false,פרופיטרולים במילוי ק,,,פרופיטרולים במילוי קרם קקאו קפוא 500 גר,גרמים,500.00,100 גרם,false,1,48.90,9.7800,true,1,214085
8033413430708,false,ליקר לימונצלו וילה מ,וילה מסה,,ליקר לימונצלו וילה מסה 700מל,מיליליטרים,700.00,"100 מ""ל",false,1,99.90,14.2714,true,1,162533
8034023209272,false,ארטישוק א-לה רומנה ב,,,ארטישוק א-לה רומנה בשמן חמניות 510 גר,גרמים,510.00,100 גרם,false,1,34.90,6.8431,true,1,189837
8034141060106,false,וורמוט ביאנקו גראן ט,,,"וורמוט ""גראן טורינו""",מיליליטרים,1000.00,"100 מ""ל",false,1,34.90,3.4900,true,1,127163
8034141060212,false,אבסנט קסנטה 700 מל,,,אבסנט XENTA,מיליליטרים,700.00,"100 מ""ל",false,1,169.90,24.2714,true,1,127167
8050705430062,false,מאפה קרואסון קורנטו,,,מאפה קרואסון קורנטו מילוי שוקןלד 300 גר,גרמים,300.00,100 גרם,false,1,11.90,3.9667,true,1,210782
8050705431120,false,עוגיות במילוי קרם בט,,,עוגיות במילוי קרם בטעם תות שדה 300 גר,גרמים,300.00,100 גרם,false,1,18.90,6.3000,true,1,222614
8050705432202,false,עוגיות בטעם שוקולד ע,,,עוגיות בטעם שוקולד עם פתיתי קוקוס 300 גר,גרמים,300.00,100 גרם,false,1,18.90,6.3000,true,1,210787
8050705432677,false,עוגיות במילוי קרם בט,,,עוגיות במילוי קרם בטעם תות שדה 300 גר,גרמים,300.00,100 גרם,false,1,16.90,5.6333,true,1,210776
8050705434459,false,מאפה קרואסון קורנטו,,,מאפה קרואסון קורנטו מילוי שוקןלד 300 גר,גרמים,300.00,100 גרם,false,1,14.90,4.9667,true,1,222609
8050705434466,false,מאפה קרואסון קורנטו,,,מאפה קרואסון קורנטו מילוי פירות 300 גר,גרמים,300.00,100 גרם,false,1,14.90,4.9667,true,1,222610
8050705434756,false,עוגה ממולאת קרם טירמ,,,עוגה ממולאת קרם טירמיסו 300 גר,גרמים,300.00,100 גרם,false,1,16.90,5.6333,true,1,225860
8050705434763,false,עוגה ממולאת קרם חלב,,,עוגה ממולאת קרם חלב 300 גר,גרמים,300.00,100 גרם,false,1,16.90,5.6333,true,1,225861
8050705434770,false,עוגה ממולאת קרם קקאו,,,עוגה ממולאת קרם קקאו 300 גר,גרמים,300.00,100 גרם,false,1,16.90,5.6333,true,1,225859
8050705435913,false,עוגה עם קרם שוקולד 3,,,עוגה עם קרם שוקולד 300 גר,גרמים,300.00,100 גרם,false,1,22.90,7.6333,true,1,225856
8050705435944,false,עוגת רולדה קרם קקאו,,,עוגת רולדה קרם קקאו ואגוז לוז 300 גר,גרמים,300.00,100 גרם,false,1,16.90,5.6333,true,1,225866
8050705436200,false,עוגת פאי מאסימו במיל,,,עוגת פאי מאסימו במילוי ריבת דובדבן 350 גר,גרמים,350.00,100 גרם,false,1,16.90,4.8286,true,1,225850
8050705436255,false,טארטלט מאסימו במילוי,,,טארטלט מאסימו במילוי קרם קקאו אגוז 240 ג,גרמים,240.00,100 גרם,false,1,14.90,6.2083,true,1,225855
8050705436262,false,טארטלט מאסימו במילוי,,,טארטלט מאסימו במילוי ריבת דובדבן 240 גר,גרמים,240.00,100 גרם,false,1,14.90,6.2083,true,1,225854
8050705436279,false,טארטלט מאסימו במילוי,,,טארטלט מאסימו במילוי ריבת משמש 240 גר,גרמים,240.00,100 גרם,false,1,14.90,6.2083,true,1,225853
8051407911170,false,יין מבעבע פרוסקו לבן,,,"יין מבעבע פרוסקו לבן יבש 700 מ""ל",מיליליטרים,700.00,"100 מ""ל",false,1,44.90,6.4143,true,1,201901
8051407911217,false,יין קאבוטה רוביקונדו,קאבוטה,IT,יין קאבוטה רוביקונדו רוסו וורונה אדום יב,מיליליטרים,750.00,"100 מ""ל",false,6,54.90,7.3200,true,1,202744
8064010004542,true,חומץ אורז,,,חומץ אורז,מיליליטרים,900.00,"100 מ""ל",false,,16.99,1.8878,true,1,127185
8076800195019,false,פסטה ברילה 500 גר,BARILLA,,פסטה ברילה 500,גרמים,500.00,100 גרם,false,1,6.90,1.3800,true,1,127190
8076800195033,false,ספגטיני ברילה 500 גר,BARILLA,,ספגטיני ברילה 500 גר,גרמים,500.00,100 גרם,false,1,6.90,1.3800,true,1,127191
8076800195057,false,ספגטי ברילה מס 5 500,BARILLA,,ספגטי ברילה מס 5 500 גר,גרמים,500.00,100 גרם,false,1,6.90,1.3800,true,1,127192
8076800195132,false,ספגטי ברילה 500 גר,BARILLA,,ספגטי ברילה,גרמים,500.00,100 גרם,false,1,6.90,1.3800,true,1,127193
8076800315097,false,ספגטי בוקטיני מספר 9,BARILLA,,"פסטה ""ברילה"" בוקטיני",גרמים,500.00,100 גרם,false,1,6.90,1.3800,true,1,127194
8076802085936,false,פסטה קונצילי ריגטה ב,BARILLA,,"פסטה ""ברילה"" קונצילי",גרמים,500.00,100 גרם,false,1,6.90,1.3800,true,1,127200
8076802085981,false,פסטה ברילה פוזילי 50,BARILLA,,פסטה ברילה פוזילי 500 גר,גרמים,500.00,100 גרם,false,1,6.90,1.3800,true,1,127201
8076808050440,false,פסטה מקרוני מספר 44,BARILLA,,"פסטה ""ברילה"" מקרוני",גרמים,500.00,100 גרם,false,1,6.90,1.3800,true,1,127203
8076808060654,false,פסטה פרפלה מספר 64 ב,BARILLA,,"פסטה ""ברילה"" פרפלה",גרמים,500.00,100 גרם,false,1,6.90,1.3800,true,1,127204
8076808150072,false,פסטה ספגטי מספר 7 בר,BARILLA,,"ספגטי ""ברילה"" עבה מס",גרמים,500.00,100 גרם,false,1,6.90,1.3800,true,1,127206
8076809512268,false,פסטה גירנדולה מספר 3,BARILLA,,"פסטה ""ברילה"" גירנדול",גרמים,500.00,100 גרם,false,1,6.90,1.3800,true,1,127208
8076809513388,false,רוטב עגבניות ארביאטה,BARILLA,,"רוטב ""ברילה"" ארביאטה",גרמים,400.00,100 גרם,false,1,12.90,3.2250,true,1,127209
8076809513654,false,בסיס לרוטב עגבניות ל,BARILLA,,"רוטב ""ברילה"" בסיס עג",גרמים,400.00,100 גרם,false,1,12.90,3.2250,true,1,127211
8076809513692,false,רוטב ברילה נפוליטנה,BARILLA,,"רוטב ""ברילה"" נפוליטנ",גרמים,400.00,100 גרם,false,1,12.90,3.2250,true,1,127212
8076809513739,false,רוטב ברילה בזיליקום,BARILLA,,"רוטב ""ברילה"" בזיליקו",גרמים,400.00,100 גרם,false,1,12.90,3.2250,true,1,127213
8076809523561,false,רוטב ברילה בטעם פיצה,BARILLA,,"400 רוטב ""ברילה"" בטעם פי",גרמים,400.00,100 גרם,false,1,12.90,3.2250,true,1,127216
8076809545440,false,ברילה ספגטי ללא גלוט,ברילה ג'.אי.אר פרטלי,,פסטה ברילה אטריות ללא גלוטן 400 גר,גרמים,400.00,100 גרם,false,1,14.90,3.7250,true,1,182314
8076809545457,false,פסטה ברילה פנה ללא ג,ברילה ג'.אי.אר פרטלי,,פסטה ברילה צינורות ללא גלוטן 400 גר,גרמים,400.00,100 גרם,false,1,14.90,3.7250,true,1,182315
8076809545464,false,פסטה ברילה פוזילי לל,ברילה ג'.אי.אר פרטלי,,פסטה ברילה ספירלי ללא גלוטן 400 גר,גרמים,400.00,100 גרם,false,1,14.90,3.7250,true,1,182316
8076809547956,false,פסטה ברילה קיפרי 500,ברילה ג'.אי.אר פרטלי,IT,פסטה ברילה קיפרי 500 גר,גרמים,500.00,100 גרם,false,14,6.90,1.3800,true,1,211491
8410028228706,false,ברנדי מרקיז דה מיסה,ויליאמס אנד המברט,,ברנדי מרקיז דה מיסה,מיליליטרים,700.00,"100 מ""ל",false,1,79.90,11.4143,true,1,127233
8410104022877,true,"קליה מולטי ג""ל 1 ליט",,,"קליה מולטי ג""ל 1 ליט",ליטרים,1.00,ליטר,false,,36.99,36.9900,true,1,127243
8410104039134,false,פיניש מנקה ומחדש מדי,,,פיניש מנקה ומחדש מדי,מיליליטרים,250.00,"100 מ""ל",false,1,14.90,5.9600,true,1,127245
8410104045111,false,מלח למדיח פיניש 2 קג,,,"מלח למדיח פיניש 2 ק""",קילוגרמים,2.00,"ק""ג",false,1,14.90,7.4500,true,1,153601
8410104133085,true,קלגון נגד אבנית 500,,,קלגון נגד אבנית 500,גרמים,500.00,100 גרם,false,,24.99,4.9980,true,1,127247
8410128650018,true,משקה סויה ומיץ תפוז,,,משקה סויה ומיץ תפוז,פריט,0.00,פריט,false,,9.99,0.0000,true,1,127251
8410128650117,true,משקה סויה ומיץ אננס,,,משקה סויה ומיץ אננס,פריט,0.00,פריט,false,,9.99,0.0000,true,1,127252
8410128650216,true,משקה סויה ומיץ אפרסק,,,משקה סויה ומיץ אפרסק,פריט,0.00,פריט,false,,9.99,0.0000,true,1,127253
8410128651312,true,משקה סויה ומיץ פפאיה,,,משקה סויה ומיץ פפאיה,פריט,0.00,פריט,false,,9.99,0.0000,true,1,127254
8410128667092,true,משקה סויה צמחי 100%,,,משקה סויה צמחי 100%,פריט,0.00,פריט,false,,9.99,0.0000,true,1,127255
8410161202861,false,ברנדי קרדנל מנדוזה 7,רומטה,,ברנדי קרדנל מנדוזה מארז מהודר+כוס,מיליליטרים,700.00,"100 מ""ל",false,1,149.90,21.4143,true,1,196855
8410179002651,false,זיתים שחורים מגולעני,,,"זיתים שחורים בלי חרצנים 350 מ""ל",גרמים,314.00,100 גרם,false,1,9.90,3.1529,true,1,195964
8410179002767,false,זיתים ירוקים עם אנשו,,,זיתים ירוקים עם אנשובי 300 גר,מיליליטרים,300.00,"100 מ""ל",false,12,9.90,3.3000,true,1,127259
8410179002798,false,זיתים ירוקים ממולאים,,,זיתים ירוקים עם לימון 314 מל,גרמים,314.00,100 גרם,false,1,9.90,3.1529,true,1,136643
8410179002880,false,זיתים ירוקים ממולאים,,,זיתים ירוקים ממולאים בלובסטר 300 גר,מיליליטרים,300.00,"100 מ""ל",false,12,9.90,3.3000,true,1,127265
8410261151625,false,יין סנגריה 1.5 ל,,,"יין ""סנגריה"" 1.5 ליט",מיליליטרים,1500.00,"100 מ""ל",false,1,22.90,1.5267,true,1,127286
8410300102939,false,קוביות למרק גלינה בל,,,"קוביות למרק ""גלינה בלנקה"" בטעם בקר 8 יח",Unknown,0.00,Unknown,false,1,12.90,0.0000,true,1,135727
8410300104612,false,קוביות למרק גלינה בל,,,"קוביות למרק ""גלינה בלנקה"" בטעם פטריות 8",Unknown,0.00,Unknown,false,1,12.90,0.0000,true,1,135728
8410300207665,false,קוביות למרק גלינה בל,,,"קוביות למרק ""גלינה בלנקה"" בטעם עוף 8 יח",Unknown,0.00,Unknown,false,1,12.90,0.0000,true,1,135730
8410300233954,false,מרק גלינה בלנקה להכנ,,,"מרק ""גלינה בלנקה"" להכנה מהירה בטעם עוף",גרמים,15.00,100 גרם,false,1,3.90,26.0000,true,1,135680
8410300233961,false,מרק גלינה בלנקה להכנ,,,"מרק ""גלינה בלנקה"" להכנה מהירה בטעם עוף",גרמים,15.00,100 גרם,false,1,3.90,26.0000,true,1,135681
8410300233978,false,מרק גלינה בלנקה להכנ,,,"מרק ""גלינה בלנקה"" להכנה מהירה בטעם שמפני",גרמים,15.00,100 גרם,false,1,3.90,26.0000,true,1,135682
8410300233985,false,מרק גלינה בלנקה להכנ,,,"מרק ""גלינה בלנקה"" להכנה מהירה בטעם פטריו",גרמים,15.00,100 גרם,false,1,3.90,26.0000,true,1,135683
8410300233992,false,מרק פירה אפונה גלינה,,,"מרק ""גלינה בלנקה"" פירה להכנה מהירה בטעם",גרמים,17.00,100 גרם,false,1,3.90,22.9412,true,1,135684
8410300234005,false,מרק גלינה בלנקה להכנ,,,"מרק ""גלינה בלנקה"" להכנה מהירה בטעם בשר",גרמים,15.00,100 גרם,false,1,3.90,26.0000,true,1,135685
8410300238164,false,קוביות למרק גלינה בל,,,"קוביות למרק ""גלינה בלנקה"" בטעם עוף עם יר",Unknown,0.00,Unknown,false,1,12.90,0.0000,true,1,135729
8410300351382,false,קוביות מרק עוף ללא מ,יורופוד,,קוביות מרק עוף ללא מלח 8 גר,גרמים,8.00,100 גרם,false,1,12.90,161.2500,true,1,187415
8410310602689,true,ייו קסטלו דה לירה לב,,,ייו קסטלו דה לירה לב,פריט,0.00,פריט,false,,23.99,0.0000,true,1,127294
8410310602702,true,גנדיה קסטלו דה ליריה,,,גנדיה קסטלו דה ליריה,פריט,0.00,פריט,false,,23.99,0.0000,true,1,127295
8410342004796,false,שוקולד מריר טוראס 85,,,שוקולד מריר טוראס 85% ללא סוכר 100 גר,גרמים,100.00,100 גרם,false,12,14.90,14.9000,true,1,208226
8410342007063,false,שוקולד מריר טוראס 95,,,שוקולד מריר טוראס 95% ללא סוכר 100 גר,גרמים,100.00,100 גרם,false,12,16.90,16.9000,true,1,221418
8410376006070,false,ביסקוויט גולון מריה,,,"ביסקוויט ""גולון"" מר""",גרמים,800.00,100 גרם,false,10,12.90,1.6125,true,1,127304
8410376008326,true,"מגה דואו ""גולון"" 170",,,"מגה דואו ""גולון"" 170",גרמים,170.00,100 גרם,false,,6.90,4.0588,true,1,127307
8410376010701,false,ביסקוויט מריה ללא תו,GULLON,,גולון ביסקוויט מרי ל,גרמים,400.00,100 גרם,false,1,16.90,4.2250,true,1,127311
8410376012743,true,"קרקר פיק ""גולון"" בשק",,,"קרקר פיק ""גולון"" בשק",גרמים,100.00,100 גרם,false,,6.99,6.9900,true,1,127313
8410376013672,true,גולון קרקר פיק קוקטי,,,גולון קרקר פיק קוקטי,גרמים,250.00,100 גרם,false,,13.99,5.5960,true,1,127317
8410376017298,true,"גולון עוגיות פנצ""יטו",,,"גולון עוגיות פנצ""יטו",גרמים,190.00,100 גרם,false,,11.90,6.2632,true,1,127320
8410376019766,true,גולון עוגיות עם שיבו,,,גולון עוגיות עם שיבו,גרמים,216.00,100 גרם,false,,16.99,7.8657,true,1,127324
8410376023831,false,גולן ביסקוויט מחיטה,GULLON,,גולן ביסקוויט מחיטה,גרמים,400.00,100 גרם,false,1,15.90,3.9750,true,1,127325
8410376028416,false,ביסקוויט סנדוויץ גול,,,ביסקוויט סנדוויץ גולון 252 גר,גרמים,252.00,100 גרם,false,1,9.90,3.9286,true,1,219126
8410376032581,false,עוגיות גולון באטר פל,GULLON,,עוגיות גולון באטרפליי 495 גר,גרמים,495.00,100 גרם,false,10,10.90,2.2020,true,1,186051
8410376033267,false,ביסקוויט גולון דגנים,,,ביסקוויט גולון דגנים ללא סוכר 410 גר,גרמים,410.00,100 גרם,false,15,16.90,4.1220,true,1,203404
8410376036862,false,עוגיות גולון מגה סנד,GULLON,,גולון מגה דואו וניל 500 גר,גרמים,500.00,100 גרם,false,20,10.90,2.1800,true,1,208358
8410376042481,false,ביסקוויט קרם יוגורט,GULLON,,ביסקוויט גולון קרם יוגורט ללא סוכר,גרמים,220.00,100 גרם,false,1,14.90,6.7727,true,1,182768
8410376044393,false,עוגיות שוקולד גולון,,,עוגיות שוקולד גולון ללא סוכר 210 גר,גרמים,210.00,100 גרם,false,10,18.90,9.0000,true,1,203402
8410376059380,false,גולון וופל וניל ללא,,,גולון וופל וניל ללא תוספת סוכר 180 גר,גרמים,180.00,100 גרם,false,12,16.90,9.3889,true,1,215868
8410376059397,false,גולון וופל שוקולד לל,,,גולון וופל שוקולד ללא תוספת סוכר 180 גר,גרמים,180.00,100 גרם,false,12,16.90,9.3889,true,1,215870
8410529102116,true,פטריות שמפיון,,,פטריות שמפיון,פריט,0.00,פריט,false,,8.90,0.0000,true,1,150903
8410644611210,false,יין מבעבע קאווה וידה,,,יין מבעבע קאווה וידה לבן,מיליליטרים,750.00,"100 מ""ל",false,1,32.90,4.3867,true,1,127335
8410702005012,false,יין סנגריה פניאסול 1,ספרד פליקס סוליס,,יין סינגריה פניאסול 1ל,ליטרים,1.00,ליטר,false,1,14.90,14.9000,true,1,161281
8410702039802,false,יין סנגריה לבן פניאס,ספרד פליקס סוליס,,יין סינגריה לבן פניאסול 1ל,ליטרים,1.00,ליטר,false,1,14.90,14.9000,true,1,191065
8410707001286,false,נקטר מנגו ללא תוספת,,,נקטר מנגו ללא תוספת סוכר 1 ל,ליטרים,1.00,ליטר,false,1,9.90,9.9000,true,1,226768
8411037007009,true,"מאפינס""לאזרו"" קרם שו",,,"מאפינס""לאזרו"" קרם שו",גרמים,225.00,100 גרם,false,,6.99,3.1067,true,1,134207
8411037007108,true,"מאפינס""לאזרו"" ממולא",,,"מאפינס""לאזרו"" ממולא",גרמים,225.00,100 גרם,false,,6.99,3.1067,true,1,134208
8411037007207,true,"מאפינס""לאזרו"" ממולא",,,"מאפינס""לאזרו"" ממולא",גרמים,225.00,100 גרם,false,,6.99,3.1067,true,1,134209
8411037009300,true,"מאפינס""לאזרו"" 180 גר",,,"מאפינס""לאזרו"" 180 גר",גרמים,180.00,100 גרם,false,,6.99,3.8833,true,1,134210
8411514802608,false,חול לחתולים סניקאט 4,טולסה,,חול לחתולים סניקאט 4 ל,ליטרים,4.00,ליטר,false,1,21.90,5.4750,true,1,201899
8414771861630,true,ברנדי מונה 0.7 ליטר,,,ברנדי מונה 0.7 ליטר,פריט,0.00,פריט,false,,29.99,0.0000,true,1,127385
8423207206495,false,חטיף מרבה סלים דליס,Biocentury,,חטיף מרבה סלים דליס שוקולד מריר,גרמים,120.00,100 גרם,false,1,11.90,9.9167,true,1,164152
8423207207362,false,חטיף מרבה סלים דליס,Biocentury,,חטיף מרבה סלים דליס,גרמים,120.00,100 גרם,false,1,11.90,9.9167,true,1,164157
8423207208697,false,חטיף מרבה סלים דליס,Merba BV,,חטיף מרבה סלים דליס חלב לילדים,גרמים,120.00,100 גרם,false,1,11.90,9.9167,true,1,183958
8423207208703,false,חטיף סלים דליס שוקול,Biocentury,,חטיף סלים דליס שוקולד מריר,גרמים,120.00,100 גרם,false,1,11.90,9.9167,true,1,184321
8423207209885,false,חטיף סלים דליס מהדור,Biocentury,,חטיף סלים דליס מהדורה מיוחדת שוקולד חלב,גרמים,120.00,100 גרם,false,1,11.90,9.9167,true,1,196875
8423207210928,false,חטיף סלים דליס טופינ,מרבה,ES,חטיף סלים דליס טופינג אגוזי לוז 90 גר,גרמים,90.00,100 גרם,false,16,11.90,13.2222,true,1,213618
8423207210942,false,חטיף סלים דליס טופינ,מרבה,ES,חטיף סלים דליס טופינג פירות יער 90 גר,גרמים,90.00,100 גרם,false,16,11.90,13.2222,true,1,213619
8423207210966,false,חטיף סלים דליס טופינ,מרבה,ES,חטיף סלים דליס טופינג קוקוס לימון 90 גר,גרמים,90.00,100 גרם,false,16,11.90,13.2222,true,1,213617
8423207210980,false,חטיף סלים דליס טופינ,מרבה,ES,חטיף סלים דליס טופינג קליפת תפוז 90 גר,גרמים,90.00,100 גרם,false,16,11.90,13.2222,true,1,213620
8423371002749,false,בוטנים ושקדים מקורמל,,,בוטנים ושקדים מקורמלים 135 גר,גרמים,135.00,100 גרם,false,1,9.90,7.3333,true,1,213780
8423453905654,false,בירה ווילדר לאגר בק,ווילדר,ES,"בירה ווילדר לאגר בק 330 מ""ל",מיליליטרים,330.00,"100 מ""ל",false,24,5.90,1.7879,true,1,204702
8423453905692,false,בירה ווילדר לאגר פחי,ווילדר,ES,"בירה ווילדר לאגר פחית 500 מ""ל",מיליליטרים,500.00,"100 מ""ל",false,24,6.90,1.3800,true,1,204700
8423453905739,false,בירה ווילדר לאגר בק,ווילדר,ES,"בירה ווילדר לאגר בק 330 מ""ל שישייה",מיליליטרים,1980.00,"100 מ""ל",false,4,34.90,1.7626,true,1,204704
8425206000142,false,ריבת חלב בקבוק לחיץ,,,ריבת חלב בקבוק לחיץ 370 גר,גרמים,370.00,100 גרם,false,1,19.90,5.3784,true,1,212488
8425206000272,false,סירופ בטעם ריבת חלב,,,סירופ בטעם ריבת חלב 550 גר,גרמים,550.00,100 גרם,false,1,19.90,3.6182,true,1,212489
8436024290042,false,זיתים עם שקדים 300 ג,,,זיתים עם שקדים 300 גר,גרמים,300.00,100 גרם,false,12,10.90,3.6333,true,1,219790
8436024290073,false,זיתים עם שרימפס 300,,,זיתים עם שרימפס 300 גר,גרמים,300.00,100 גרם,false,1,10.90,3.6333,true,1,219793
8436024290097,false,זיתים עם סלמון 300 ג,,,זיתים עם סלמון 300 גרם,גרמים,300.00,100 גרם,false,12,10.90,3.6333,true,1,223620
8436024290103,false,זיתים עם גבינה 300 ג,,,זיתים עם גבינה 300 גר,גרמים,300.00,100 גרם,false,1,10.90,3.6333,true,1,219794
8436024298703,false,זיתים שחורים עם גבינ,,,זיתים שחורים עם גבינת פטה 280 גר,גרמים,280.00,100 גרם,false,1,10.90,3.8929,true,1,227120
8437000906209,false,טורטייה קמח חיטה 320,Azteca foods europe,,טורטייה קמח חיטה 320 גר,גרמים,320.00,100 גרם,false,1,6.90,2.1563,true,1,127412
8437001240500,true,יין טינטו אדום יבש 0,,,יין טינטו אדום יבש 0,פריט,0.00,פריט,false,,19.99,0.0000,true,1,127414
8437001240524,true,"קליוס רוזה 750 מ""ל",,,"קליוס רוזה 750 מ""ל",פריט,0.00,פריט,false,,19.99,0.0000,true,1,127415
8437008915456,false,עלי טורטיה 5 דגנים 8,יכין,,עלי טורטיה 5 דגנים 8 יח,גרמים,320.00,100 גרם,false,1,6.90,2.1563,true,1,197999
8591036551007,true,"בירה ""ברז""ניאק"" אורי",,,"בירה ""ברז""ניאק"" אורי",פריט,0.00,פריט,false,,7.99,0.0000,true,1,127445
8591036551502,true,"בירה ""ברז""ניאק"" דארק",,,"בירה ""ברז""ניאק"" דארק",פריט,0.00,פריט,false,,7.99,0.0000,true,1,127446
8593868000050,false,בירה סטארופרמן פרמיו,,,בירה סטרופראמן לאגר,מיליליטרים,500.00,"100 מ""ל",false,1,8.90,1.7800,true,1,127449
8593868000302,false,בירה סטארופרמן פרמיו,,,בירה סטרופראמן בקבוק,מיליליטרים,500.00,"100 מ""ל",false,1,10.90,2.1800,true,1,127450
8593868002368,false,בירה סטארופראמן אנפי,,,בירה סטארופראמן אנפילטר בק 500 מל,מיליליטרים,500.00,"100 מ""ל",false,1,10.90,2.1800,true,1,211690
8593868006014,false,בירה בלו מון פחית 50,,,בירה בלו מון פחית 500 מל,מיליליטרים,500.00,"100 מ""ל",false,24,12.90,2.5800,true,1,216676
8593870000420,true,"בירה ""פרז""צקה"" צ""כיה",,,"בירה ""פרז""צקה"" צ""כיה",פריט,0.00,פריט,false,,6.99,0.0000,true,1,127452
8593870000444,true,"בירה ""צ""רנובר בהיר""",,,"בירה ""צ""רנובר בהיר""",פריט,0.00,פריט,false,,7.99,0.0000,true,1,127453
8593870000468,true,"בירה ""צ""רנובר כהה"" צ",,,"בירה ""צ""רנובר כהה"" צ",פריט,0.00,פריט,false,,7.99,0.0000,true,1,127454
8593875216611,true,"בירה ""זובר"" לימון בק",,,"בירה ""זובר"" לימון בק",מיליליטרים,500.00,"100 מ""ל",false,,6.90,1.3800,true,1,139486
8593875411115,true,"בירה ""זובר"" ללא אלכו",,,"בירה ""זובר"" ללא אלכו",מיליליטרים,500.00,"100 מ""ל",false,,6.90,1.3800,true,1,139487
8593875510214,true,"בירה ""ליטובל"" קלאסיק",,,"בירה ""ליטובל"" קלאסיק",מיליליטרים,500.00,"100 מ""ל",false,,6.90,1.3800,true,1,163489
8594009923429,false,בירה קרושוביצה בהירה,,,"בירה קרושוביצה בהירה פח 500 מ""ל",מיליליטרים,500.00,"100 מ""ל",false,1,9.90,1.9800,true,1,127462
8594071650292,false,עוגיות דבש מרלנקה 23,Marlenka,,עוגיות דבש מרלנקה 235 גר,גרמים,235.00,100 גרם,false,1,34.90,14.8511,true,1,161590
8594071650308,false,עוגיות דבש מרלנקה בט,Marlenka,,עוגיות דבש מרלנקה בטעם קקאו 235 גר,גרמים,235.00,100 גרם,false,1,34.90,14.8511,true,1,161592
8594071650483,false,עוגיות דבש מרלנקה בט,Marlenka,,עוגיות דבש מרלנקה בטעם לימון 235 גר,גרמים,235.00,100 גרם,false,1,34.90,14.8511,true,1,161591
8594403150827,false,בירה באדוויזר דארק ל,BUDVIZER BUDVAR,,בירה באדוויזר דארק לאגר 500 מל,מיליליטרים,500.00,"100 מ""ל",false,1,10.90,2.1800,true,1,127467
8594403707977,false,בירה באדוויזר לאגר פ,Bud?jovick? Budvar,,בירה באדוויזר לאגר פחית 500 מל,מיליליטרים,500.00,"100 מ""ל",false,24,7.90,1.5800,true,1,227010
8594404001418,false,בירה קוזל כהה בק 500,Plznsky,,בירה קוזל כהה בק 500 מל,מיליליטרים,500.00,"100 מ""ל",false,1,8.50,1.7000,true,1,127470
8595014411260,true,"בירה ""אגנברג"" 3.7% 0",,,"בירה ""אגנברג"" 3.7% 0",פריט,0.00,פריט,false,,7.99,0.0000,true,1,127476
8595014412267,true,"בירה ""אגנברג"" בהירה",,,"בירה ""אגנברג"" בהירה",פריט,0.00,פריט,false,,7.99,0.0000,true,1,127477
8595014413264,true,"בירה ""אגנברג"" כהה 4.",,,"בירה ""אגנברג"" כהה 4.",פריט,0.00,פריט,false,,7.99,0.0000,true,1,127478
8606109023623,false,מיץ פרוויטה תפוע ולי,,,"מיץ פרוויטה תפו""ע ולימון ליים 750 מל",מיליליטרים,750.00,"100 מ""ל",false,1,10.90,1.4533,true,1,213370
8681823380054,false,כוסות לשתיה חמה 50 י,,,כוסות לשתיה חמה 50 יח,Unknown,0.00,Unknown,false,1,9.90,0.0000,true,1,206614
8683130008935,false,קטשיונז הלמנס 425 גר,יוניליוור,TR,קטשיונז הלמנס 425 גר,גרמים,425.00,100 גרם,false,8,12.90,3.0353,true,1,224951
8683130025581,false,מרכך כביסה בדין אקסט,יונילוור - תורכיה,TR,מרכך כביסה בדין אקסטרה ענבר 960 מל,מיליליטרים,960.00,"100 מ""ל",false,16,14.90,1.5521,true,1,228033
8690481002000,true,ביסקוויט פתיבר 800 ג,,,ביסקוויט פתיבר 800 ג,גרמים,800.00,100 גרם,false,,13.90,1.7375,true,1,127493
8690481002024,true,"ביסקוויטים ""פינגר"" 6",,,"ביסקוויטים ""פינגר"" 6",גרמים,650.00,100 גרם,false,,10.99,1.6908,true,1,127495
8690481002291,true,ביסקוויט פינגר 240 ג,,,ביסקוויט פינגר 240 ג,גרמים,240.00,100 גרם,false,,5.90,2.4583,true,1,127496
8690481003229,true,ביסקוויט פתיבר 150 ג,,,ביסקוויט פתיבר 150 ג,גרמים,150.00,100 גרם,false,,3.99,2.6600,true,1,127498
8690504081913,false,עוגיות מקוויטיס טינס,,,עוגיות מקוויטיס טינס מצופה שוקולד חלב,גרמים,150.00,100 גרם,false,1,9.90,6.6000,true,1,198933
8690530212220,false,ממחטות בוטיק,,,ממחטות טישו סלפאק 48 יח בקופסא,Unknown,0.00,Unknown,false,1,4.90,0.0000,true,1,200841
8690558014837,true,מיץ אננס 1 ליטר,,,מיץ אננס 1 ליטר,פריט,0.00,פריט,false,,9.99,0.0000,true,1,127525
8690558019528,true,"מיץ ""דימוס"" 100% פרי",,,"מיץ ""דימוס"" 100% פרי",פריט,0.00,פריט,false,,9.99,0.0000,true,1,127526
8690558020005,true,מיץ דובדבנים 1 ליטר,,,מיץ דובדבנים 1 ליטר,פריט,0.00,פריט,false,,9.99,0.0000,true,1,127527
8690558020036,false,נקטר רימונים דימס 1,,,נקטר רימונים 1 ליטר,ליטרים,1.00,ליטר,false,1,8.90,8.9000,true,1,174990
8690558020074,true,מיץ משמש 1 ליטר,,,מיץ משמש 1 ליטר,פריט,0.00,פריט,false,,9.99,0.0000,true,1,127528
8690558020180,true,מיץ אדום מיקס 1 ליטר,,,מיץ אדום מיקס 1 ליטר,פריט,0.00,פריט,false,,9.99,0.0000,true,1,127529
8690637073434,false,תה ליפטון ארל גריי 2,,,"תה ""ליפטון"" ארל גריי",גרמים,200.00,100 גרם,false,1,21.90,10.9500,true,1,127554
8690637842399,false,מיני מגנום דאבל פרי,,,שלגון שמנת בטעם וניל מצופה עם פירות יער,גרמים,379.00,100 גרם,false,1,27.90,7.3615,true,1,198217
8690637865589,false,סבון ידיים דאב מלפפו,,,"סבון ידיים דאב מלפפון 500 מ""ל",מיליליטרים,500.00,"100 מ""ל",false,1,14.90,2.9800,true,1,205020
8690637866685,false,סיף קרם לניקוי בריח,יונילוור - תורכיה,,"סיף קרם לניקוי בריח לימון 500 מ""ל",מיליליטרים,500.00,"100 מ""ל",false,1,10.90,2.1800,true,1,199165
8690637871245,false,מיונז הלמנס אמיתי לח,יוניליוור,TR,מיונז הלמנס אמיתי לחיץ 395 גר,גרמים,395.00,100 גרם,false,8,12.90,3.2658,true,1,206041
8690637890666,false,מאגדת מגנום דאבל פיס,,,מאגדת מגנום דאבל פיסטוק 282 גר,גרמים,282.00,100 גרם,false,4,27.90,9.8936,true,1,205777
8690637946301,false,מרכך כביסה בדין אקסט,יונילוור - תורכיה,TR,מרכך כביסה בדין אקסטרה בייבי כחל 960 מל,מיליליטרים,960.00,"100 מ""ל",false,16,14.90,1.5521,true,1,212041
8690637989612,false,מאגדת מיני מגנום דאב,,TR,מאגדת מיני מגנום דאבל דולצה גולד 246 גר,גרמים,246.00,100 גרם,false,4,27.90,11.3415,true,1,219646
8690766156374,false,שוקולד גודיבה מריר מ,,,שוקולד גודיבה מריר מעולה 72% 90 גר,גרמים,90.00,100 גרם,false,1,14.90,16.5556,true,1,210200
8690766156381,false,שוקולד גודיבה מריר מ,,,שוקולד גודיבה מריר מעולה 90% 90 גר,גרמים,90.00,100 גרם,false,1,14.90,16.5556,true,1,210201
8690766156398,false,שוקולד גודיבה חלב מע,,,שוקולד גודיבה חלב מעולה עם שקדים דבש,גרמים,90.00,100 גרם,false,1,14.90,16.5556,true,1,210203
8690766156404,false,שוקולד גודיבה מריר מ,,,שוקולד גודיבה מריר מעולה בטעם תפוז אדום,גרמים,90.00,100 גרם,false,1,14.90,16.5556,true,1,210199
8690766156411,false,שוקולד גודיבה מריר מ,,,שוקולד גודיבה מריר מעולה בטעם פלפל תות,גרמים,90.00,100 גרם,false,1,14.90,16.5556,true,1,210202
8690770322598,false,שמרים יבשים 125 גר,,,שמרים יבשים 125 גרם,גרמים,125.00,100 גרם,false,1,4.90,3.9200,true,1,127587
8690777204071,false,פלפל חריף 640 גר,קורהאן,,"פלפל חריף 640 גר""",גרמים,640.00,100 גרם,false,1,11.90,1.8594,true,1,127591
8690777206051,false,חציל קלוי על האש 650,קורהאן,,חציל קלוי על האש 650,גרמים,650.00,100 גרם,false,1,11.90,1.8308,true,1,127593
8690777221405,false,פלפל אדום קלוי על הא,קורהאן,,פלפל אדום קלוי על הא,גרמים,650.00,100 גרם,false,1,11.90,1.8308,true,1,127595
8690784516440,false,גל לניקוי מתקדם בניח,SC Jonson,,"דאק גל לניקוי מתקדם בניחוח לבנדר 750 מ""ל",מיליליטרים,750.00,"100 מ""ל",false,1,9.90,1.3200,true,1,197271
8690784516778,false,גל לניקוי דאק עם אקו,אס.סי.גונסון,,גל לניקוי דאק עם אקונומיקה בניחוח ים 750,מיליליטרים,750.00,"100 מ""ל",false,1,12.90,1.7200,true,1,199803
8690784711777,false,סבון נוזלי אקטי דאק,,,סבון נוזלי אקטי דאק ניקוי אסלה בניחוח ים,Unknown,0.00,Unknown,false,1,5.90,0.0000,true,1,206961
8690799020192,false,ממתק צורקחלה 80 גר,בוזטופרק גידה סאנאי,,ממתק צורקחלה 80 גר,גרמים,80.00,100 גרם,false,1,6.90,8.6250,true,1,182215
8690799021595,false,ריבת תות 1 קג,בוזטופרק גידה סאנאי,,"ריבת תות 1 ק""ג",קילוגרמים,1.00,"ק""ג",false,1,22.90,22.9000,true,1,133452
8690799021847,false,ריבת משמש 1 קג,בוזטופרק גידה סאנאי,,"ריבת משמש 1 ק""ג",קילוגרמים,1.00,"ק""ג",false,6,22.90,22.9000,true,1,157465
8690799022875,false,ריבת שזיפים 1 קג,בוזטופרק גידה סאנאי,,"ריבת שזיפים 1 ק""ג",קילוגרמים,1.00,"ק""ג",false,6,22.90,22.9000,true,1,206971
8690799022905,false,ריבת אפרסק 1 קג,בוזטופרק גידה סאנאי,,"ריבת אפרסק 1 ק""ג",קילוגרמים,1.00,"ק""ג",false,6,22.90,22.9000,true,1,209165
8690983030723,false,שמן תירס מזוכך סול 3,יונקה גידה יאנאסי א.,,"שמן תירס מזוכך ""סוליטר"" 3 ל",ליטרים,3.00,ליטר,false,1,44.90,14.9667,true,1,127625
8691707095936,true,"חטיף נאטי מקס 52 ג""ר",,,"חטיף נאטי מקס 52 ג""ר",פריט,0.00,פריט,false,,3.99,0.0000,true,1,156414
8693495052177,false,סבון נוזלי פלמוליב ז,,,"סבון נוזלי פלמוליב זיתים 750 מ""ל",מיליליטרים,750.00,"100 מ""ל",false,1,18.90,2.5200,true,1,196871
8693638984754,false,קונפיטורה דובדבנים 1,,,קונפיטורה דובדבנים 1 קג,קילוגרמים,1.00,"ק""ג",false,1,19.90,19.9000,true,1,220024
8697040108975,false,סבון נוזלי אסותא להי,,,"סבון נוזלי אסותא להיגיינה אישית 400 מ""ל",מיליליטרים,400.00,"100 מ""ל",false,1,21.90,5.4750,true,1,187341
8697040109323,false,סבון אסותא 100 גר,אטש סונמז,,סבון אסוטא 100 גר,גרמים,100.00,100 גרם,false,1,5.90,5.9000,true,1,182101
8697431460378,false,קונפיטורה שזיפים 70%,Barhan gida sanayi v,,קונפיטורה שזיפים 70%,גרמים,450.00,100 גרם,false,1,12.90,2.8667,true,1,130987
8697431921701,false,קונפיטורה תות שדה פר,Barhan gida sanayi v,,קונפיטורה תות70%,גרמים,450.00,100 גרם,false,1,12.90,2.8667,true,1,162221
8697431921718,false,קונפיטורה דובדבן 70%,Barhan gida sanayi v,,קונפיטורה דובדבן70%,גרמים,450.00,100 גרם,false,1,12.90,2.8667,true,1,162217
8697431925143,false,קונפיטורה פירות יער,Barhan gida sanayi v,,קונפיטורה פירות יער 450 גר,גרמים,450.00,100 גרם,false,1,12.90,2.8667,true,1,162329
8697530910743,false,פאל מאל כחול,,,פאל מאל כחול,Unknown,0.00,Unknown,false,1,30.00,0.0000,false,1,131007
8697530910750,false,פאל מאל כחול ארוך,,,פאל מאל כחול ארוך,Unknown,0.00,Unknown,false,1,30.00,0.0000,false,1,131008
8697659229818,false,מטהר אוויר יעקובי פר,ATAK,,מטהר אוויר יעקובי פרש מור פטל ותאנה,מיליליטרים,250.00,"100 מ""ל",false,1,12.90,5.1600,true,1,201506
8697659244521,false,ספריי מטהר אוויר בני,,,ספריי מטהר אוויר בניחוח לבנדר אסותא 300,מיליליטרים,300.00,"100 מ""ל",false,1,9.90,3.3000,true,1,221832
8697704011924,true,צבע חום לנעליים 75 מ,,,צבע חום לנעליים 75 מ,פריט,0.00,פריט,false,,5.99,0.0000,true,1,131028
8698313596529,false,גלידת שמנת סירופ קקא,,,גלידת שמנת סירופ קקאו וחתיכות פיסטוק 102,גרמים,102.00,100 גרם,false,1,9.90,9.7059,true,1,225727
8698313596635,false,גלידה שמנת עם חתיכות,,,גלידה שמנת עם חתיכות פיסטוק 500 מל,מיליליטרים,500.00,"100 מ""ל",false,1,26.90,5.3800,true,1,213329
8698313596666,false,גלידת שמנת עם חתיכות,,,גלידת שמנת עם חתיכות פיסטוק 555 גר,גרמים,555.00,100 גרם,false,1,35.90,6.4685,true,1,225726
8699025780015,true,משקה אפרסק 1 ל,,,משקה אפרסק 1 ל,פריט,0.00,פריט,false,,8.99,0.0000,true,1,133845
8699025780022,true,משקה משמש 1 ל,,,משקה משמש 1 ל,פריט,0.00,פריט,false,,8.99,0.0000,true,1,133844
8699025780053,true,משקה פירות 1 ל,,,משקה פירות 1 ל,פריט,0.00,פריט,false,,8.99,0.0000,true,1,133848
8699025780060,true,משקה תפוחים 1 ל,,,משקה תפוחים 1 ל,פריט,0.00,פריט,false,,8.99,0.0000,true,1,133847
8699025780350,true,משקה אננס 1 ל,,,משקה אננס 1 ל,פריט,0.00,פריט,false,,8.99,0.0000,true,1,133842
8699025780503,true,משקה תפוזים 1 ל,,,משקה תפוזים 1 ל,פריט,0.00,פריט,false,,8.99,0.0000,true,1,133843
8699025780510,true,משקה דובדבן 1 ל,,,משקה דובדבן 1 ל,פריט,0.00,פריט,false,,8.99,0.0000,true,1,133846
8710418111213,false,עוגיות טעם חמאה ספרי,CONTINENTAL BAKERIES,,עוגיות טעם חמאה ספריטס 400 גר,גרמים,400.00,100 גרם,false,1,9.90,2.4750,true,1,131065
8710486104056,true,"נוגט ""מארנדי"" רך עם",,,"נוגט ""מארנדי"" רך עם",גרמים,200.00,100 גרם,false,,11.99,5.9950,true,1,131070
8710486104094,true,"נוגט ""מארנדי"" רך עם",,,"נוגט ""מארנדי"" רך עם",גרמים,200.00,100 גרם,false,,11.99,5.9950,true,1,131071
8710486118589,true,"נוגט ""מארנדי"" רך עם",,,"נוגט ""מארנדי"" רך עם",גרמים,200.00,100 גרם,false,,11.99,5.9950,true,1,131072
8710486118688,true,"נוגט ""מארנדי"" רך בטע",,,"נוגט ""מארנדי"" רך בטע",גרמים,200.00,100 גרם,false,,11.99,5.9950,true,1,131073
8710502100864,false,עוגיות מרבה פטיסרי מ,,GR,עוגיות מרבה פטיסרי מאפין רכות 210 גר,גרמים,200.00,100 גרם,false,1,10.90,5.4500,true,1,226876
8710502139017,false,עוגיות מרבה טריפל שו,Merba BV,,"עוגיות מרבה""טריפל שוקולד צ""יפס 180 גר",גרמים,180.00,100 גרם,false,1,8.90,4.9444,true,1,137909
8710502194801,false,עוגיות מרבה שוקולד צ,מרבה,,עוגיות מרבה שוקולד ציפס פירות יער 175 גר,מיליליטרים,175.00,"100 מ""ל",false,1,8.90,5.0857,true,1,186999
8710502405204,false,עוגיות מרבה ממולאות,Merba BV,,"עוגיות ""מרבה"" ממולאות קרם שוקולד 225 גר",גרמים,175.00,100 גרם,false,1,8.90,5.0857,true,1,157966
8710739489428,true,"וופל טוסט ""גינסן"" 30",,,"וופל טוסט ""גינסן"" 30",גרמים,300.00,100 גרם,false,,14.90,4.9667,true,1,159725
8710800027573,false,מיני מנטוס שקית 178,,,מיני מנטוס שקית,גרמים,178.00,100 גרם,false,1,14.90,8.3708,true,1,131087
8711000371176,false,קפסולות קפה גייקובס,JDE,FR,קפסולות קפה גייקובס אספרסו קלאסיקו 52 ג,גרמים,52.00,100 גרם,false,10,14.90,28.6538,true,1,203608
8711000371183,false,קפסולות קפה גייקובס,JDE,FR,קפסולות קפה גייקובס אספרסו אינטנסו 52 ג,גרמים,52.00,100 גרם,false,10,14.90,28.6538,true,1,203609
8711000371206,false,קפסולות קפה גייקובס,JDE,FR,קפסולות קפה גייקובס אספרסו ריסטרטו 52 ג,גרמים,52.00,100 גרם,false,10,14.90,28.6538,true,1,203610
8711000371244,false,קפסולות קפה גייקובס,JDE,FR,קפסולות קפה לור אספרסו לונגו 10 יח,Unknown,0.00,Unknown,false,10,14.90,0.0000,true,1,210035
8711000495933,false,קפסולות קפה גייקובס,JDE,FR,קפסולות קפה גייקובס בריסטה קלייה כהה 52,גרמים,52.00,100 גרם,false,10,16.90,32.5000,true,1,227718
8711000497050,false,קפסולות קפה גייקובס,JDE,FR,קפסולות קפה גייקובס בריסטה קולומביה 52 ג,גרמים,52.00,100 גרם,false,10,16.90,32.5000,true,1,227717
8711327475618,false,מגנום פיינט וניל קלא,,,מגנום פיינט וניל קלאסיק 440 מל,מיליליטרים,440.00,"100 מ""ל",false,1,21.90,4.9773,true,1,216487
8711327475663,false,מגנום פיינט וניל שוק,,,מגנום פיינט וניל שוקולד לבן 440 מל,מיליליטרים,440.00,"100 מ""ל",false,1,21.90,4.9773,true,1,216485
8711327475717,false,מגנום פיינט וניל שקד,,,מגנום פיינט וניל שקדים 440 מל,מיליליטרים,440.00,"100 מ""ל",false,1,21.90,4.9773,true,1,216486
8711327475762,false,מגנום פיינט שוקולד ל,,,מגנום פיינט שוקולד ךבן עוגיות 440 מל,מיליליטרים,440.00,"100 מ""ל",false,1,21.90,4.9773,true,1,216488
8711406137192,false,בירה לה טראפ טריפל 7,,,בירה לה טראפ טריפל 750מל,מיליליטרים,750.00,"100 מ""ל",false,1,29.90,3.9867,true,1,165264
8711700665834,false,סבון מוצק דאב מלפפונ,יוניליוור גרמניה (בו,,סבון מוצק דאב מלפפונים שישייה,יחידה,1.00,יחידה,false,1,19.90,19.9000,true,1,132713
8712000051099,false,בירה היינקן 0% 330 מ,,,"בירה היינקן 0%330 מ""ל שישייה",מיליליטרים,1980.00,"100 מ""ל",false,1,32.90,1.6616,true,1,198058
8712561594608,false,תחליב רחצה דאב להזנה,,,"תחליב רחצה דאב להזנה עמוקה 750 מ""ל",מיליליטרים,750.00,"100 מ""ל",false,1,19.90,2.6533,true,1,180799
8712561611411,false,תחליב רחצה דאב תה יר,,,"תחליב רחצה דאב תה ירוק ומלפפון 750 מ""ל",מיליליטרים,750.00,"100 מ""ל",false,1,19.90,2.6533,true,1,180800
8714599412336,false,קפה גייקובס בריסטה 1,,,קפה גייקובס בריסטה 160 גר,גרמים,160.00,100 גרם,false,1,27.90,17.4375,true,1,221505
8714599513781,false,גייקובס גולד מיובש ב,,,"יעקובס גולד מיובש בהקפאה 200 גר כשל""פ",גרמים,200.00,100 גרם,false,1,24.90,12.4500,true,1,183857
8714599513835,false,קפה גייקובס נטול קופ,,,קפה יעקובס נטול קופאין 200 גר,גרמים,200.00,100 גרם,false,1,32.90,16.4500,true,1,186363
8714599513866,false,גייקובס קרוננג מיובש,,,"יעקובס קרוננג מיובש בהקפאה 200 גר כשל""פ",גרמים,200.00,100 גרם,false,1,26.90,13.4500,true,1,183856
8714789177229,false,מברשת שיניים קולגייט,CP- China-SH,,"מברשת שיניים ""קולגיי",Unknown,0.00,Unknown,false,1,9.90,0.0000,true,1,131163
8714789218465,false,מברשת שיניים 360 סופ,CP- China-SH,,"מברשת שיניים ""קולגיי",Unknown,0.00,Unknown,false,1,29.90,0.0000,true,1,131168
8714789402970,false,נוזל לניקוי כללי אגק,Colgate - Greece,,"נוזל לניקוי כללי ""אג",ליטרים,1.50,ליטר,false,1,17.90,11.9333,true,1,131180
8714789450315,false,נוזל כלים פלמוליב לי,Colgate - Greece,,נוזל כלים פלמוליב לימון 1.5ל,ליטרים,1.50,ליטר,false,1,14.90,9.9333,true,1,163848
8714789834467,false,נוזל כלים פלמוליב קל,Colgate - Greece,,נוזל כלים פלמוליב קלאסי 1.5ל,ליטרים,1.50,ליטר,false,1,14.90,9.9333,true,1,163847
8714789930848,false,משחת שיניים קולגייט,CP-Poland swidnica,,"משחת שיניים ""קולגייט"" אופטיק וייט 75 מל",מיליליטרים,75.00,"100 מ""ל",false,1,19.90,26.5333,true,1,162213
8715700110141,false,ממרח היינץ צנצנת 460,היינץ,,ממרח היינץ צנצנת 460 גר,גרמים,460.00,100 גרם,false,1,11.90,2.5870,true,1,195865
8715700110158,false,ממרח היינץ לייט צנצנ,היינץ,,ממרח היינץ לייט צנצנת 490 גר,גרמים,490.00,100 גרם,false,1,11.90,2.4286,true,1,195866
8715700117805,false,מתבל עגבניות היינץ ל,היינץ,NL,"מתבל עגבניות היינץ ללא סוכר ומלח 425 מ""ל",מיליליטרים,425.00,"100 מ""ל",false,10,9.90,2.3294,true,1,210969
8715700120874,false,קטשופ היינץ שום 460,,,קטשופ היינץ שום 460 גר,גרמים,460.00,100 גרם,false,1,9.90,2.1522,true,1,221506
8715700419732,false,קטשופ היינץ 700 גר,,,קטשופ היינץ 700 גר,גרמים,700.00,100 גרם,false,1,9.90,1.4143,true,1,160516
8715700421322,false,רוטב היינץ ברביקיו צ,,,רוטב היינץ ברביקיו צילי 490 גר,גרמים,490.00,100 גרם,false,1,16.90,3.4490,true,1,195862
8715700422473,false,ממרח היינץ לחיץ 395,היינץ,,ממרח היינץ לחיץ 395 גר,גרמים,395.00,100 גרם,false,1,14.90,3.7722,true,1,189249
8715700423906,false,מתבל עגבניות היינץ 5,היינץ,,מתבל עגבניות היינץ 50% פחות סוכר 555 גר,גרמים,555.00,100 גרם,false,1,9.90,1.7838,true,1,197871
8717163607305,false,סבון מוצק עם גרגרים,יוניליוור גרמניה (בו,,רביעיית סבון דאב גרג,גרמים,400.00,100 גרם,false,1,12.90,3.2250,true,1,131215
8717163711668,false,דאודורנט רקסונה ספרי,יוניליוור,,דאודורנט רקסונה ספריי טלק 150 מל,מיליליטרים,150.00,"100 מ""ל",false,1,11.90,7.9333,true,1,212062
8717644390566,false,סבון מוצק דאב ירוק 4,יוניליוור גרמניה (בו,,"סבון מוצק ""דאב"" ירוק",גרמים,400.00,100 גרם,false,1,12.90,3.2250,true,1,131217
8717677336630,false,שוקולד חלב עם שקדים,,,שוקולד חלב עם שקדים ודבש טוניס 180 גר,גרמים,180.00,100 גרם,false,1,19.90,11.0556,true,1,225438
8717677336654,false,שוקולד חלב מעולה קרמ,,,שוקולד חלב מעולה קרמל מלוח טוניס 180 גר,גרמים,180.00,100 גרם,false,1,19.90,11.0556,true,1,228592
8717677338436,false,שוקולד חלב עם אגוזי,,,שוקולד חלב עם אגוזי לוז טוניס 180 גר,גרמים,180.00,100 גרם,false,1,19.90,11.0556,true,1,225437
8717896003023,true,אבקת חלב הולנדיה 400,,,אבקת חלב הולנדיה 400,גרמים,400.00,100 גרם,false,,24.90,6.2250,true,1,133353
8718700493078,true,"גבינה ""ארו"" פונדו 40",,,"גבינה ""ארו"" פונדו 40",גרמים,400.00,100 גרם,false,,49.99,12.4975,true,1,136564
8718700495515,true,בסגנון צדר פרוס 150,,,בסגנון צדר פרוס 150 גר,גרמים,150.00,100 גרם,false,1,8.90,5.9333,true,1,199584
8718700495522,true,בסגנון גאודה פרוס 15,,,בסגנון גאודה פרוס 150 גר,גרמים,150.00,100 גרם,false,1,8.90,5.9333,true,1,200719
8718951236790,false,משחת שיניים קולגייט,,,משחת שיניים קולגייט קלין מינט לפה בריא י,מיליליטרים,100.00,"100 מ""ל",false,48,15.90,15.9000,true,1,203961
8718951236813,false,משחת שיניים קולגייט,,,משחת שיניים קולגייט טוטל ניקוי מתקדם 100,מיליליטרים,100.00,"100 מ""ל",false,48,15.90,15.9000,true,1,203959
8718951240742,false,משחת שיניים קולגייט,,,משחת שיניים קולגייט פסים מרעננים לפה ברי,מיליליטרים,100.00,"100 מ""ל",false,48,15.90,15.9000,true,1,203962
8718951289833,false,סבון מוצק פלמוליב לו,,,סבון מוצק פלמוליב לומינוס רביעייה,גרמים,360.00,100 גרם,false,18,15.90,4.4167,true,1,209668
8718951314023,false,תחליב רחצה פלמוליב נ,,,תחליב רחצה פלמוליב נטורלס אפרסק 750 מל,מיליליטרים,750.00,"100 מ""ל",false,1,18.90,2.5200,true,1,223619
8718951315303,false,משחת שיניים עם פלואו,,,משחת שיניים קולגייט זוג,Unknown,0.00,Unknown,false,1,19.90,0.0000,true,1,212514
8718951333048,false,סבון ידיים פלמוליב ל,,,סבון ידיים פלמוליב למטבח 300 מל,מיליליטרים,300.00,"100 מ""ל",false,1,10.90,3.6333,true,1,219278
8718951334151,false,מרכך כביסה סופלין מר,,GR,מרכך כביסה סופלין מרוכז היפואלרגני 650 מ,מיליליטרים,650.00,"100 מ""ל",false,12,10.90,1.6769,true,1,226871
8718951338128,false,ליידי ספיד סטיק רול,Colgate - Mexico,,ליידי ספיד סטיק רול און שאוור פרש 50 מל,מיליליטרים,50.00,"100 מ""ל",false,1,13.80,27.6000,true,1,221521
8718951382718,false,גל רחצה פלמוליב חימר,קולגייט פלמוליב,TR,גל רחצה פלמוליב חימר התחדשות 750 מל,מיליליטרים,750.00,"100 מ""ל",false,12,18.90,2.5200,true,1,213625
8718951385290,false,נוזל לניקוי כללי אגק,Colgate - Greece,,נוזל לניקוי כללי אגקס 2 ל,ליטרים,2.00,ליטר,false,1,21.90,10.9500,true,1,216624
8718951415836,false,מי פה קולגייט פלאקס,Colgate - Brazil,,מי פה קולגייט פלאקס פחם 500 מל,מיליליטרים,500.00,"100 מ""ל",false,1,29.90,5.9800,true,1,220882
8718951431614,false,סבון רחצה פלמוליב סו,CP - Turkey+60,TR,סבון רחצה פלמוליב סו פירם מינרלים 750 מל,מיליליטרים,750.00,"100 מ""ל",false,12,18.90,2.5200,true,1,222147
8718951470323,false,מברשות שיניים סופט פ,קולגייט פלמוליב,CN,מברשות שיניים סופט פואם פחם זוג,Unknown,0.00,Unknown,false,12,29.90,0.0000,true,1,227509
8718951477384,false,משחת שיניים קולגייט,קולגייט פלמוליב,PL,משחת שיניים קולגייט טוטל גל 75 מל,מיליליטרים,75.00,"100 מ""ל",false,48,19.90,26.5333,true,1,224925
8718951498754,false,מברשת שיניים קולגייט,,GR,מברשת שיניים קולגייט שישייה,Unknown,0.00,Unknown,false,1,19.90,0.0000,true,1,226872
8719128117263,false,סירופ מירינדה 440 מל,,,סירופ מירינדה 440 מל,מיליליטרים,440.00,"100 מ""ל",false,1,22.90,5.2045,true,1,220337
8719200998001,false,מרגרינה בלובנד בלי מ,יוניליוור,IL,בלובנד בלי מלח 200 גרם,גרמים,200.00,100 גרם,false,60,4.50,2.2500,true,1,209844
8720181046605,false,דאו ספריי דאב אוריגי,דאב,,דאו ספריי דאב אוריגינל 150 מל,מיליליטרים,150.00,"100 מ""ל",false,1,15.90,10.6000,true,1,220871
8721200060107,false,בקרסלנד סטרופ וופל ה,VAN DER BREGGEN,,בקרסלנד סטרופ וופל 2,גרמים,250.00,100 גרם,false,1,12.90,5.1600,true,1,131229
8724800004489,true,מלבורו גולד קצר סופט,,,מלבורו גולד קצר סופט,פריט,0.00,פריט,false,,265.00,0.0000,true,1,131264
8801055708772,false,מארז קפה טסטר צויס 2,נסטלה קוריאה - קפה,,מארז קפה טסטר צויס 200 גר+50 גר,גרמים,200.00,100 גרם,false,8,29.90,14.9500,true,1,207192
8801055709441,false,נסקפה טסטרס צויס סומ,,,נסקפה טסטרס צויס סומטרה 100 גר,גרמים,100.00,100 גרם,false,1,24.90,24.9000,true,1,221780
8801055709465,false,נס קפה קפוצינו בטעם,נסטלה קוריאה - קפה,,נס קפה קפוצינו בטעם וניל 185 גר,גרמים,185.00,100 גרם,false,1,19.90,10.7568,true,1,226032
8801055709472,false,נס קפה קפוצינו קלאסי,נסטלה קוריאה - קפה,,נס קפה קפוצינו קלאסיק 125 גר,גרמים,125.00,100 גרם,false,1,19.90,15.9200,true,1,226033
8801055709489,false,נסקפה קפוצינו בטעם א,נסטלה קוריאה - קפה,,נסקפה קפוצינו בטעם אגוזים 180 גר,גרמים,180.00,100 גרם,false,1,19.90,11.0556,true,1,226034
8801085020301,false,אטריות נאמן אודון 20,Alpha international,,אטריות נאמן אודון 200גר,גרמים,200.00,100 גרם,false,1,6.90,3.4500,true,1,159839
8801558103128,true,וואסבי חזרת יפנית שפ,,,וואסבי חזרת יפנית שפ,גרמים,35.00,100 גרם,false,,8.90,25.4286,true,1,131284
8850058007689,true,"רוטב צ""ילי חריף 850",,,"רוטב צ""ילי חריף 850",גרמים,850.00,100 גרם,false,,14.99,1.7635,true,1,131302
8850175014867,true,גלייד פנינים הדרים,,,גלייד פנינים הדרים,פריט,0.00,פריט,false,,8.90,0.0000,true,1,131311
8850180040028,false,טמפורה 500 גר,Malinee Food Product,,טמפורה 500גר,גרמים,500.00,100 גרם,false,1,10.90,2.1800,true,1,159861
8850206250592,false,רוטב צילי סיראצה 540,,,רוטב צילי סיראצה 530 גר,גרמים,540.00,100 גרם,false,1,19.90,3.6852,true,1,194594
8850206280049,false,רוטב צילי חריף 250 ג,,,רוטב צילי חריף 250 גר,גרמים,250.00,100 גרם,false,12,17.90,7.1600,true,1,223317
8850291105531,false,חטיף אצות ים עם שקדי,,,חטיף אצות ים עם שקדים פרוסים 40 גר,גרמים,40.00,100 גרם,false,1,12.90,32.2500,true,1,219779
8850291105548,false,חטיף אצות ים עם שקדי,,,חטיף אצות ים עם שקדים פרוסים פיקנטי 40 ג,גרמים,40.00,100 גרם,false,1,12.90,32.2500,true,1,219782
8850291105562,false,חטיף אצות ים עם שומש,,,חטיף אצות ים עם שומשום 40 גר,גרמים,40.00,100 גרם,false,1,12.90,32.2500,true,1,219780
8850367992980,false,נוזל קוקוס 5%-7% מופ,Celebes coconut corp,,"נוזל קוקוס 5%-7% מופחת שומן 400 מ""ל",מיליליטרים,400.00,"100 מ""ל",false,1,6.90,1.7250,true,1,189129
8850389105825,false,משקה סאפה בטעם ענבים,SAPPE PUBLIC COMPANY,,משקה סאפה בטעם ענבים 1ל,ליטרים,1.00,ליטר,false,1,13.90,13.9000,true,1,163795
8850389105832,false,משקה סאפה בטעם תפוחי,SAPPE PUBLIC COMPANY,,משקה סאפה בטעם תפוחים 1ל,ליטרים,1.00,ליטר,false,1,13.90,13.9000,true,1,163798
8850389115336,false,נקטר סאפה בטעם מלון,SAPPE PUBLIC COMPANY,,נקטר סאפה בטעם מלון 1 ל,ליטרים,1.00,ליטר,false,1,13.90,13.9000,true,1,197895
8850521950535,true,אטריות אורז 454 גר,,,אטריות אורז 454 גר,גרמים,454.00,100 גרם,false,,10.90,2.4009,true,1,134003
8850632603689,true,ממתק מקלות בטעם קולה,,,ממתק מקלות בטעם קולה,גרמים,40.00,100 גרם,false,,3.99,9.9750,true,1,131362
8853484008817,false,אנשובי מיובשים 130 ג,טורקה,,"אנשובי 130 גר""",גרמים,130.00,100 גרם,false,1,14.90,11.4615,true,1,131387
8853602001263,false,קמח אורז דביק 500 גר,,,קמח אורז דביק 500 גר,גרמים,500.00,100 גרם,false,10,10.90,2.1800,true,1,208779
8855301214395,false,שימורי סרדינים טבעי,גולדן פריזה קנינג,,שימורי סרדינים טבעי בתוספת שמן 240 גר,גרמים,240.00,100 גרם,false,1,8.90,3.7083,true,1,214480
8855301214418,false,סרדינים בשמן צמחי 24,גולדן פריזה קנינג,,שימורי סרדינים בשמן צמחי 240 גר,גרמים,240.00,100 גרם,false,1,8.90,3.7083,true,1,214481
8855301214425,false,שימורי דג מקרל ברוטב,גולדן פריזה קנינג,,שימורי דג מקרל ברוטב עגבניות 240 גר,גרמים,240.00,100 גרם,false,24,8.90,3.7083,true,1,214479
8858271002870,false,רוטב פאד תאי מקסצא 2,Yan Wal Yun Corpora,,"רוטב פאד תאי מקסצ""א 250 מ""ל",מיליליטרים,250.00,"100 מ""ל",false,1,12.90,5.1600,true,1,131430
8858271002887,false,רוטב טריאקי מקסצאפ 2,Yan Wal Yun Corpora,,"רוטב טריאקי מקסצ""אפ 250 מ""ל",מיליליטרים,250.00,"100 מ""ל",false,1,12.90,5.1600,true,1,131431
8858271003938,false,רוטב קארי ירוק מקסצא,Yan Wal Yun Corpora,,"רוטב קארי ירוק מקסצןפ 250 מ""ל",מיליליטרים,250.00,"100 מ""ל",false,1,12.90,5.1600,true,1,131440
8858271003945,false,רוטב קארי צהוב מקסצא,Yan Wal Yun Corpora,,רוטב קארי צהוב מקסצאפ 250 מל,מיליליטרים,250.00,"100 מ""ל",false,12,12.90,5.1600,true,1,216015
8858271004034,false,רוטב צילי חריף מקסצו,Yan Wal Yun Corpora,,"רוטב ציילי חריף מקסצופ 700 מ""ל",מיליליטרים,700.00,"100 מ""ל",false,1,15.90,2.2714,true,1,131441
8858271004423,false,רוטב בישול בטעם טום,Yan Wal Yun Corpora,,"רוטב ""טום ם"" מקסציאפ 250 מל",מיליליטרים,250.00,"100 מ""ל",false,1,12.90,5.1600,true,1,133550
8858271004799,false,רוטב צילי מתוק 700 מ,Yan Wal Yun Corpora,,"רוטב צילי מתוק 700 מ""ל",מיליליטרים,700.00,"100 מ""ל",false,1,12.90,1.8429,true,1,159372
8858271005772,false,רוטב סויה ללא גלוטן,,,"רוטב סויה ללא גלוטן 300 מ""ל",מיליליטרים,300.00,"100 מ""ל",false,1,16.90,5.6333,true,1,194596
8858744800033,false,מחית קארי פאנאנג 50,,,מחית קארי פאנאנג 50 גר,גרמים,50.00,100 גרם,false,12,6.90,13.8000,true,1,211098
8858744800057,false,מחית טום יאם 30 גר,קיי.אר.אס.ספייסי פוד,,מחית טום יאם 30 גר,גרמים,30.00,100 גרם,false,12,6.90,23.0000,true,1,205215
8858768007647,true,קרם קוקוס 22% 400 מל,,,קרם קוקוס 22% 400 מל,מיליליטרים,400.00,"100 מ""ל",false,,9.99,2.4975,true,1,139458
8859103400697,false,דג בברית צנינית צהוב,,,דג בברית צנינית צהובה פסים מיובש 100 גר,גרמים,100.00,100 גרם,false,1,13.90,13.9000,true,1,185230
8859103400734,false,דג צנינון מלוח מיובש,,,דג צנינון מלוח מיובש 100 גר,גרמים,100.00,100 גרם,false,1,13.90,13.9000,true,1,185229
8888021200256,false,סוללות אנרגייזר שמינ,אנרג'ייזר,,סוללות אנרגייזר שמינייה AA,Unknown,0.00,Unknown,false,1,24.90,0.0000,true,1,131450
8888021300086,true,סוללת מצלמה,,,סוללת מצלמה,פריט,0.00,פריט,false,,25.90,0.0000,true,1,131452
8888111555013,false,משקה אננס 100% פח 24,פילפק,,"משקה אננס 100% פח 240 מ""ל",מיליליטרים,240.00,"100 מ""ל",false,1,4.90,2.0417,true,1,188855
8901259100584,true,"קפה נמס 50 גר""",,,"קפה נמס 50 גר""",פריט,0.00,פריט,false,,5.90,0.0000,true,1,132549
8901537024014,false,אורז בסמטי דאווט 1 ק,lt foods,,"אורז בסמטי ""דאווט"" 1",קילוגרמים,1.00,"ק""ג",false,1,12.90,12.9000,true,1,132553
8906118240388,false,קורנישונים כבושים 68,אנגל קמצ'ו אלימנטסיו,,קורנישונים כבושים 680 גר,גרמים,680.00,100 גרם,false,1,11.90,1.7500,true,1,226844
8934878081736,false,אטריות אורז 450 גר,Chanh Khang Company,,אטריות אורז 450גר,מיליליטרים,450.00,"100 מ""ל",false,1,10.90,2.4222,true,1,159847
8934878081811,false,דפי אורז 400 גר,Chanh Khang Company,,דפי אורז 400 גר,גרמים,400.00,100 גרם,false,1,16.90,4.2250,true,1,139459
8936018435164,false,דג יבש פרפר 90 גר,,,דג יבש פרפר 90 גר,גרמים,90.00,100 גרם,false,1,9.90,11.0000,true,1,196047
8936018435256,false,דג ירח מלוח מיובש תכ,,,דג ירח מלוח מיובש תכלת 100 גר,גרמים,100.00,100 גרם,false,30,13.90,13.9000,true,1,211802
8936018435287,false,דג ברקודה צילי מלוח,,,דג ברקודה צילי מלוח חום 100 גר,גרמים,100.00,100 גרם,false,30,13.90,13.9000,true,1,211805
9000403790165,true,"תה ורד היער 12 שק""",,,"תה ורד היער 12 שק""",פריט,0.00,פריט,false,,5.99,0.0000,true,1,124042
9001395052057,true,מיקס צורות שוקולד לק,,,מיקס צורות שוקולד לק,גרמים,68.00,100 גרם,false,,9.99,14.6912,true,1,124043
9001508084920,true,בונבוניירות מוצרט כד,,,בונבוניירות מוצרט כד,גרמים,297.00,100 גרם,false,,39.99,13.4646,true,1,124045
9002859031427,true,"בוגי ג""לי שחור אדום",,,"בוגי ג""לי שחור אדום",גרמים,250.00,100 גרם,false,,17.99,7.1960,true,1,124051
9002859032646,true,"""גונץ"" ביסקויט בציפו",,,"""גונץ"" ביסקויט בציפו",גרמים,180.00,100 גרם,false,,12.99,7.2167,true,1,124053
9002859032653,true,"""גונץ"" ביסקויט בציפו",,,"""גונץ"" ביסקויט בציפו",גרמים,180.00,100 גרם,false,,12.99,7.2167,true,1,124054
9002859033360,true,פרליני שוקולד בצורת,,,פרליני שוקולד בצורת,גרמים,250.00,100 גרם,false,,24.99,9.9960,true,1,124057
9002859033407,true,"מקלות אפויים ""סטירטי",,,"מקלות אפויים ""סטירטי",גרמים,120.00,100 גרם,false,,9.90,8.2500,true,1,134874
9002859033421,true,"מקלות אפויים ""סטירטי",,,"מקלות אפויים ""סטירטי",גרמים,120.00,100 גרם,false,,9.90,8.2500,true,1,134873
9002859033629,true,"וופל ""גונץ"" רול במיל",,,"וופל ""גונץ"" רול במיל",גרמים,250.00,100 גרם,false,,12.99,5.1960,true,1,124058
9002859033643,true,"וופל ""גונץ"" רול במיל",,,"וופל ""גונץ"" רול במיל",גרמים,250.00,100 גרם,false,,12.99,5.1960,true,1,124059
9002859034336,true,כדורי וופל במילוי קר,,,כדורי וופל במילוי קר,גרמים,125.00,100 גרם,false,,12.99,10.3920,true,1,124060
9002859034350,true,כדורי וופל במילוי קר,,,כדורי וופל במילוי קר,גרמים,120.00,100 גרם,false,,10.99,9.1583,true,1,124061
9002859034589,true,"עוגיות ספוג ""גונץ"" ב",,,"עוגיות ספוג ""גונץ"" ב",גרמים,250.00,100 גרם,false,,12.99,5.1960,true,1,124063
9002859034626,true,"עוגיות ספוג ""גונץ"" ב",,,"עוגיות ספוג ""גונץ"" ב",גרמים,250.00,100 גרם,false,,12.99,5.1960,true,1,124064
9002859034701,true,"עוגיות ספוג ""גונץ"" ב",,,"עוגיות ספוג ""גונץ"" ב",גרמים,250.00,100 גרם,false,,12.99,5.1960,true,1,124065
9002859035005,true,"עוגיות עם שוקולד צ""י",,,"עוגיות עם שוקולד צ""י",גרמים,135.00,100 גרם,false,,11.99,8.8815,true,1,124066
9002859035661,true,"איטריות ביצים ""מולבא",,,"איטריות ביצים ""מולבא",גרמים,500.00,100 גרם,false,,15.99,3.1980,true,1,124068
9002859035685,true,"איטריות ביצים ""מולבא",,,"איטריות ביצים ""מולבא",גרמים,500.00,100 גרם,false,,15.99,3.1980,true,1,124069
9002859035708,true,"איטריות ביצים ""מולבא",,,"איטריות ביצים ""מולבא",גרמים,500.00,100 גרם,false,,15.99,3.1980,true,1,124070
9002859035722,true,"איטריות ביצים ""מולבא",,,"איטריות ביצים ""מולבא",גרמים,500.00,100 גרם,false,,15.99,3.1980,true,1,124071
9002859035746,true,"איטריות ביצים ""מולבא",,,"איטריות ביצים ""מולבא",גרמים,500.00,100 גרם,false,,15.99,3.1980,true,1,124072
9002859035760,true,"איטריות ביצים ""מולבא",,,"איטריות ביצים ""מולבא",גרמים,500.00,100 גרם,false,,15.99,3.1980,true,1,124073
9002859035784,true,"איטריות ביצים ""מולבא",,,"איטריות ביצים ""מולבא",גרמים,500.00,100 גרם,false,,15.99,3.1980,true,1,124074
9002859035807,true,"איטריות ביצים ""מולבא",,,"איטריות ביצים ""מולבא",גרמים,500.00,100 גרם,false,,15.99,3.1980,true,1,124075
9002859036682,true,"שוקולד חלב ""גונץ"" במ",,,"שוקולד חלב ""גונץ"" במ",גרמים,100.00,100 גרם,false,,8.99,8.9900,true,1,124079
9002859037948,true,"מארז פרלינים ""גונץ""",,,"מארז פרלינים ""גונץ""",גרמים,165.00,100 גרם,false,,24.99,15.1455,true,1,124086
9002859037962,true,"שוקולד אגוז ""גונץ"" ב",,,"שוקולד אגוז ""גונץ"" ב",גרמים,165.00,100 גרם,false,,24.99,15.1455,true,1,124087
9002859038723,true,"טרופל זהב אורגינל ""ג",,,"טרופל זהב אורגינל ""ג",גרמים,200.00,100 גרם,false,,21.90,10.9500,true,1,124090
9002859038747,true,"טרופל זהב אגוז ""גונץ",,,"טרופל זהב אגוז ""גונץ",גרמים,200.00,100 גרם,false,,21.90,10.9500,true,1,124091
9002859038761,true,"טרופל זהב קפה ""גונץ""",,,"טרופל זהב קפה ""גונץ""",גרמים,200.00,100 גרם,false,,21.90,10.9500,true,1,124092
9002859038853,true,"מארז פרלינים ""גונץ""",,,"מארז פרלינים ""גונץ""",גרמים,175.00,100 גרם,false,,24.99,14.2800,true,1,124095
9002859039201,true,"מקלות צ""יפס ""גונץ"" ע",,,"מקלות צ""יפס ""גונץ"" ע",גרמים,125.00,100 גרם,false,,9.99,7.9920,true,1,124096
9002859039225,true,"מקלות צ""יפס ""גונץ"" ע",,,"מקלות צ""יפס ""גונץ"" ע",גרמים,125.00,100 גרם,false,,9.99,7.9920,true,1,124097
9002859042652,true,שוקולד זהב חלב עם אג,,,שוקולד זהב חלב עם אג,גרמים,300.00,100 גרם,false,,20.99,6.9967,true,1,124103
9002859043765,true,"עלי לזניה ""פיאצ""לי""",,,"עלי לזניה ""פיאצ""לי""",גרמים,500.00,100 גרם,false,,13.99,2.7980,true,1,124106
9002859043789,true,"קנלוני ""פיאצ""לי"" 250",,,"קנלוני ""פיאצ""לי"" 250",גרמים,250.00,100 גרם,false,,11.99,4.7960,true,1,124107
9002859044717,true,"קרוטונים למרק ""ניקו""",,,"קרוטונים למרק ""ניקו""",גרמים,300.00,100 גרם,false,,9.99,3.3300,true,1,124108
9002859044809,true,חטיף בוטנים ואגוזים,,,חטיף בוטנים ואגוזים,גרמים,80.00,100 גרם,false,,5.99,7.4875,true,1,124109
9002859045264,true,בונבוניירות לבבות מר,,,בונבוניירות לבבות מר,גרמים,175.00,100 גרם,false,,21.99,12.5657,true,1,134871
9002859046087,true,פלפל קלוי בצנצנת 370,,,פלפל קלוי בצנצנת 370,גרמים,370.00,100 גרם,false,,12.90,3.4865,true,1,134849
9002859046209,true,אייסקונפקט פלינסטון,,,אייסקונפקט פלינסטון,גרמים,180.00,100 גרם,false,,10.99,6.1056,true,1,124110
9002859047473,true,"מרשמלו מיקס ""גונץ""""",,,"מרשמלו מיקס ""גונץ""""",גרמים,200.00,100 גרם,false,,10.99,5.4950,true,1,124111
9002859049200,false,תבלין פרובנס במטחנה,Gunz,,תבלין פרובנס במטחנה גונץ ניקו מיקס 40 גר,גרמים,40.00,100 גרם,false,1,12.90,32.2500,true,1,186053
9002859049224,false,תבלין פלפלים במטחנה,Gunz,,תבלין פלפלים במטחנה גונץ ניקו מיקס 45 גר,גרמים,45.00,100 גרם,false,1,14.90,33.1111,true,1,186052
9002859049248,false,תבלין פלפל שחור במטח,Gunz,,תבלין פלפל שחור במטחנה גונץ ניקו 50 גר,גרמים,50.00,100 גרם,false,1,14.90,29.8000,true,1,186057
9002859049262,false,מלח ים עם יוד במטחנה,Gunz,,מלח ים עם יוד במטחנה גונץ 100 גר,גרמים,100.00,100 גרם,false,1,12.90,12.9000,true,1,186055
9002859049422,false,תיבול לפיצה במטחנה ג,Gunz,,תיבול לפיצה במטחנה גונץ ניקו 35 גר,גרמים,35.00,100 גרם,false,1,12.90,36.8571,true,1,186060
9002859049460,true,"שוקולד שוויצרי ""גונץ",,,"שוקולד שוויצרי ""גונץ",גרמים,100.00,100 גרם,false,,7.99,7.9900,true,1,124115
9002859049484,true,"שוקולד שוויצרי ""גונץ",,,"שוקולד שוויצרי ""גונץ",גרמים,100.00,100 גרם,false,,7.99,7.9900,true,1,124116
9002859049507,true,"שוקולד שוויצרי ""גונץ",,,"שוקולד שוויצרי ""גונץ",גרמים,100.00,100 גרם,false,,7.99,7.9900,true,1,124117
9002859050657,true,גרגירים למשקה פירות,,,גרגירים למשקה פירות,גרמים,350.00,100 גרם,false,,14.99,4.2829,true,1,124122
9002859050909,true,גרגירים למשקה פירות,,,גרגירים למשקה פירות,גרמים,350.00,100 גרם,false,,14.99,4.2829,true,1,124124
9002859050923,true,גרגירים למשקה לימון,,,גרגירים למשקה לימון,גרמים,350.00,100 גרם,false,,14.99,4.2829,true,1,124125
9002859051326,true,רוטב צילי חריף מתוק,,,רוטב צילי חריף מתוק,מיליליטרים,700.00,"100 מ""ל",false,,18.90,2.7000,true,1,134852
9002859051340,true,ממרח סמבל אולק חריף,,,ממרח סמבל אולק חריף,גרמים,200.00,100 גרם,false,,12.90,6.4500,true,1,124126
9002859051739,true,"רוטב סויה ""גונץ"" 150",,,"רוטב סויה ""גונץ"" 150",גרמים,150.00,100 גרם,false,,10.99,7.3267,true,1,124127
9002859054150,true,"ג""לי ""גונץ"" 200 גרם",,,"ג""לי ""גונץ"" 200 גרם",גרמים,200.00,100 גרם,false,,10.99,5.4950,true,1,124132
9002859054174,true,"ג""לי ""גונץ"" 200 גרם",,,"ג""לי ""גונץ"" 200 גרם",גרמים,200.00,100 גרם,false,,10.99,5.4950,true,1,124133
9002859054198,true,"ג""לי ""גונץ"" 200 גרם",,,"ג""לי ""גונץ"" 200 גרם",גרמים,200.00,100 גרם,false,,10.99,5.4950,true,1,124134
9002859054211,true,"ג""לי ""גונץ"" 200 גרם",,,"ג""לי ""גונץ"" 200 גרם",גרמים,200.00,100 גרם,false,,10.99,5.4950,true,1,124135
9002859056963,false,אנשי שלג גונץ שוקולד,GUNZ WARENHANDELS,,אנשי שלג גונץ שוקולד ברשת 100גר,גרמים,100.00,100 גרם,false,1,10.90,10.9000,true,1,162477
9002859058172,false,אצבעות בננה גונץ בצי,GUNZ WARENHANDELS,,"אצבעות בננה ""גונץ"" בציפוי שוקולד מריר",גרמים,300.00,100 גרם,false,1,16.90,5.6333,true,1,133347
9002859058219,true,אצבעות שוקולד במילוי,,,אצבעות שוקולד במילוי,גרמים,100.00,100 גרם,false,,8.90,8.9000,true,1,133894
9002859062810,true,"קרואסון ""גונץ"" במילו",,,"קרואסון ""גונץ"" במילו",גרמים,200.00,100 גרם,false,,10.99,5.4950,true,1,133336
9002859062834,true,"קרואסון ""גונץ"" במילו",,,"קרואסון ""גונץ"" במילו",גרמים,200.00,100 גרם,false,,10.99,5.4950,true,1,133335
9002859063398,true,"חטיפי שוקולד ""גונץ""",,,"חטיפי שוקולד ""גונץ""",גרמים,200.00,100 גרם,false,,16.90,8.4500,true,1,134870
9002859063572,true,"עוגיות ספוג ""גונץ""",,,"עוגיות ספוג ""גונץ""",גרמים,200.00,100 גרם,false,,9.99,4.9950,true,1,133340
9002859063596,true,"עוגיות ספוג ""גונץ""",,,"עוגיות ספוג ""גונץ""",גרמים,200.00,100 גרם,false,,9.99,4.9950,true,1,133341
9002859063619,true,"עוגיות ספוג חלב ""גונ",,,"עוגיות ספוג חלב ""גונ",גרמים,200.00,100 גרם,false,,9.99,4.9950,true,1,133339
9002859063633,true,"עוגיות ספוג ""גונץ""",,,"עוגיות ספוג ""גונץ""",גרמים,200.00,100 גרם,false,,9.99,4.9950,true,1,133342
9002859064104,false,סוכריות בוגי בטעם מנ,GUNZ WARENHANDELS,,"סוכריות ""בוגי"" בטעם מנטה פחי 200 גר",גרמים,200.00,100 גרם,false,1,10.90,5.4500,true,1,134844
9002859065415,true,"דרז""ה שוקו מנטה ""גונ",,,"דרז""ה שוקו מנטה ""גונ",גרמים,200.00,100 גרם,false,,10.90,5.4500,true,1,134872
9002859066054,true,"אריזת מתנה ""גונץ"" שט",,,"אריזת מתנה ""גונץ"" שט",גרמים,200.00,100 גרם,false,,35.90,17.9500,true,1,134845
9002859066078,true,"אריזת מתנה ""גונץ"" שט",,,"אריזת מתנה ""גונץ"" שט",גרמים,200.00,100 גרם,false,,35.90,17.9500,true,1,134846
9002859066801,true,"שוקו קאפס ""גונץ"" נוג",,,"שוקו קאפס ""גונץ"" נוג",גרמים,150.00,100 גרם,false,,20.90,13.9333,true,1,134868
9002859066825,true,"קאפס מוס ""גונץ"" שוקו",,,"קאפס מוס ""גונץ"" שוקו",גרמים,150.00,100 גרם,false,,18.90,12.6000,true,1,134867
9002859090530,false,סוכריות בוגי גונץ תפ,Gunz,,סוכריות בוגי גונץ תפוז בפח 200 גר,גרמים,200.00,100 גרם,false,1,10.90,5.4500,true,1,186048
9002859103117,false,גונץ מקלות בייגלה עם,,,גונץ מקלות בייגלה עם מלח 200 גר,גרמים,200.00,100 גרם,false,1,8.90,4.4500,true,1,213219
9002859110139,false,גונץ ארומה מיקס תבלי,,,גונץ ארומה מיקס תבלינים 300 גר,גרמים,300.00,100 גרם,false,1,9.90,3.3000,true,1,213217
9002859110153,false,עוגיות גונץ קרם תות,Gunz,,עוגיות גונץ קרם תות 380 גר,גרמים,380.00,100 גרם,false,9,15.90,4.1842,true,1,216829
9003100120037,false,בירה קייזר פחית 500,,,בירה קייזר פחית 500 מל+,מיליליטרים,500.00,"100 מ""ל",false,1,9.90,1.9800,true,1,150959
9005835312602,false,טבליות למדיח קלרו לל,,,טבליות למדיח קלרו ללא פוספטים 30 טבליות,Unknown,0.00,Unknown,false,1,29.90,0.0000,true,1,208350
9005835313661,false,קלרו טבליות ניקוי וח,רלוי,,קלרו טבליות ניקוי וחיטוי למדיח 99.9% 30,Unknown,0.00,Unknown,false,1,29.90,0.0000,true,1,221465
9007829022023,false,סוכר לבן 1 קג,,,"סוכר לבן 1 ק""ג",קילוגרמים,1.00,"ק""ג",false,1,3.90,3.9000,true,1,196949
9008700111546,false,נקטר דובדבן 1 ל,Rauch fruchtsafte gm,,נקטר דובדבן 1 ליטר,ליטרים,1.00,ליטר,false,1,12.90,12.9000,true,1,124141
9008700128575,false,נקטר ראוך פסיפלורה 1,,,נקטר ראוך פסיפלורה 1 ליטר,ליטרים,1.00,ליטר,false,1,12.90,12.9000,true,1,138682
9008700146982,false,נקטר פירות אדומים רא,Rauch fruchtsafte gm,,"מיץ ""ראוך"" מולטיוויט",Unknown,0.00,Unknown,false,1,12.90,0.0000,true,1,124144
9008700170666,false,נקטר ראוך תפוח פטל 1,Rauch fruchtsafte gm,,נקטר ראוך תפוח פטל 1 ל,ליטרים,1.00,ליטר,false,1,12.90,12.9000,true,1,212862
9028800139493,false,בירה זיפפר פחית 500,,,בירה זיפפר פחית 500 מל,מיליליטרים,500.00,"100 מ""ל",false,1,9.90,1.9800,true,1,228701
9028800627679,false,בירה אדלוויס פחית 50,,,בירה אדלוויס פחית 500 מל,מיליליטרים,500.00,"100 מ""ל",false,1,9.90,1.9800,true,1,227179
9028800639962,false,בירה אדלווייס 500 מל,,,"בירה אדלווייס 500 מ""ל",מיליליטרים,500.00,"100 מ""ל",false,1,10.90,2.1800,true,1,159388
9044400231009,true,"סוכריות ""פז"" שמינייה",,,"סוכריות ""פז"" שמינייה",פריט,0.00,פריט,false,,10.99,0.0000,true,1,127646
9044400820562,true,"סוכריות ""פז"" דיסני",,,"סוכריות ""פז"" דיסני",פריט,0.00,פריט,false,,13.99,0.0000,true,1,127647
9044400820654,true,"סוכריות ""פז"" בראץ",,,"סוכריות ""פז"" בראץ",פריט,0.00,פריט,false,,13.99,0.0000,true,1,127648
9310072028743,false,חטיף שוקולד ביסקוויט,ארנולטס,,חטיף ביסקוויט טים טם,גרמים,200.00,100 גרם,false,1,19.90,9.9500,true,1,184897
9310072028750,false,חטיף שוקולד טים טם ד,ארנולטס,,חטיף ביסקוויט טים טם,גרמים,200.00,100 גרם,false,1,19.90,9.9500,true,1,184435
9312631143737,false,תה ירוק דילמח 100 שק,דילמח,,"תה ירוק 100 שק""",גרמים,150.00,100 גרם,false,12,24.90,16.6000,true,1,127701
9324054906394,false,מגבוני כלורוקס אקספר,,,מגבוני כלורוקס אקספרט פלופטק 30 יח,Unknown,0.00,Unknown,false,1,10.90,0.0000,true,1,222321
9414897010904,false,מול ניו זילנדי על חצ,,,מול ניו זילנדי על חצי צדף 1 קג,קילוגרמים,1.00,"ק""ג",false,1,64.90,64.9000,true,1,127713
9720188050109,false,ממרח טופו 225 גר,,,ממרח טופו 225 גר,גרמים,225.00,100 גרם,false,1,19.90,8.8444,true,1,156731
9720188060108,false,ממרח טופו טעם שמנת 3,,,ממרח טופו טעם שמנת 2,גרמים,340.00,100 גרם,false,1,19.90,5.8529,true,1,131471
9725095108059,true,"בשר קורנביף ""לונא"" 3",,,"בשר קורנביף ""לונא"" 3",פריט,0.00,פריט,false,,12.99,0.0000,true,1,130690
9770793927006,false,גלובוס,,,גלובוס,Unknown,0.00,Unknown,false,1,10.00,0.0000,true,1,131473
9771565165008,false,נובוסטי סופש,,,"נובוסטי סופ""ש",Unknown,0.00,Unknown,false,1,14.00,0.0000,true,1,131505
9771565189004,false,עיתון סקרט,,,עיתון סקרט,Unknown,0.00,Unknown,false,1,14.00,0.0000,true,1,131506
9771565190000,false,עיתון אכו,,,עיתון אכו,Unknown,0.00,Unknown,false,1,14.00,0.0000,true,1,131507
9771565201003,false,ט.ו. קלאב,,,ט.ו. קלאב,Unknown,0.00,Unknown,false,1,8.50,0.0000,true,1,131510
9771565359001,false,מיג,,,מיג,יחידה,1.00,יחידה,false,1,5.90,5.9000,true,1,134715
9771565380005,false,לוץ+ט.ו,,,"לוץ""+ט.ו",Unknown,0.00,Unknown,false,1,14.00,0.0000,true,1,131514
9771565759009,false,עיתון מה? איפה? מתי,,,"עיתון ""מה? איפה? מתי",Unknown,0.00,Unknown,false,1,10.00,0.0000,true,1,131526
9771565774002,false,ידען,,,ידען,Unknown,0.00,Unknown,false,,29.00,0.0000,true,1,131528
9781968129002,false,ספר/לוח שנה 12.90,,,ספר 12.90,Unknown,0.00,Unknown,false,1,12.90,0.0000,true,1,186472
9781968149901,false,ספר 14.90,,,ספר 14.90,Unknown,0.00,Unknown,false,1,14.90,0.0000,true,1,157526
9781968199906,false,ספר 19.90,,,ספר 19.90,Unknown,0.00,Unknown,false,1,19.90,0.0000,true,1,157527
9781968249002,false,ספר 24.90,,,ספר 24.90,Unknown,0.00,Unknown,false,1,24.90,0.0000,true,1,227281
9781968299002,false,ספר 29.90,,,ספר 29.90,Unknown,0.00,Unknown,false,1,29.90,0.0000,true,1,227282
