code,internal_code,name,manufacturer_name,manufacture_country,manufacturer_item_description,unit_qty,quantity,unit_of_measure,weighted,qty_in_package,price,unit_of_measure_price,allow_discount,status,item_id
32147230,false,"מיץ לימון משומר 200 מ""ל",סידג,CH,מיץ לימון משומר,מיליליטרים,200.00,"100 מ""ל",false,0,7.50,3.75,true,1,
42102021,false,מסטיק אורביט פרופשונל10י,ריגלי,PL,מסטיק אורביט,יחידה,1.00,יחידה,false,0,3.60,3.60,true,1,
42123873,false,אורביט פרופשיונל ספירמיט,ריגלי,PL,מסטיק אורביט,יחידה,1.00,יחידה,false,0,3.60,3.60,true,1,
42154655,false,אורביט פפרמינט אר' מעטפה,ריגלי,FR,אורביט פפרמינט,גרמים,27.00,100 גרם,false,0,6.40,23.70,true,1,
42154662,false,אורביט בטעם ספירמינט 27ג,ריגלי,FR,מסטיק אורביט,גרמים,27.00,100 גרם,false,0,6.40,23.70,true,1,
42182108,false,5 בטעם מנטה 31 גרם,ריגלי,FR,5 בטעם מנטה,גרמים,31.00,100 גרם,false,0,6.90,22.26,true,1,
42182115,false,5 בטעם מנטה עדינה 31 גרם,ריגלי,FR,5 מנטה עדינה,גרמים,31.00,100 גרם,false,0,6.90,22.26,true,1,
42188889,false,מסטיק 5 בטעם אבטיח 31גרם,ריגלי,FR,מסטיק 5 אבטיח,גרמים,31.00,100 גרם,false,0,6.90,22.26,true,1,
42247388,false,אורביט בליסטר באבל מינט,ריגלי,PL,אורביט בליסטר,גרמים,14.00,100 גרם,false,0,3.60,25.71,true,1,
42268253,false,אורביט בליסטר אוכמניות14,ריגלי,PL,אורביט בליסטר,גרמים,14.00,100 גרם,false,0,3.60,25.71,true,1,
46024817,false,נקסט חפיסה,פיליפ מוריס,,נקסט חפיסה,יחידה,1.00,יחידה,false,0,28.00,28.00,false,1,
46024824,false,נקסט חפיסה,פיליפ מוריס,,נקסט חפיסה,יחידה,1.00,יחידה,false,0,28.00,28.00,false,1,
50204649,false,גלייד מוצק לבנדר 150גרם,ג'ונסון,GB,גלייד מטהר מוצק,גרמים,150.00,100 גרם,false,0,9.80,6.53,true,1,
72917367,false,חטיף טעמי 40 גרם,עלית,IL,חטיף טעמי,גרמים,40.00,100 גרם,false,0,4.50,11.25,true,1,
72918104,false,טעמי מגדים 40 גרם,עלית,IL,טעמי מגדים,גרמים,40.00,100 גרם,false,0,4.50,11.25,true,1,
72918388,false,חטיף טויסט 28 גרם,עלית,IL,חטיף טוויסט,גרמים,28.00,100 גרם,false,0,4.50,16.07,true,1,
72940754,false,"מילקי בטעם וניל 170 מ""ל",שטראוס,IL,מילקי טעם וניל,מיליליטרים,170.00,"100 מ""ל",false,0,2.80,1.65,true,1,
72940761,false,"מילקי בטעם שוקולד 170מ""ל",שטראוס,IL,מילקי טעם שוקולד,מיליליטרים,170.00,"100 מ""ל",false,0,2.80,1.65,true,1,
72940952,false,"מילקי אקסטרה קצפת 170מ""ל",שטראוס,IL,מילקי אקסטרה,מיליליטרים,170.00,"100 מ""ל",false,0,3.80,2.24,true,1,
72945308,false,קוביות שמרים לחים אפיה50,פאקא,IL,קוביות שמרים לחים אפיה50,גרמים,50.00,100 גרם,false,0,3.40,6.80,true,1,
72961209,false,"שמנית חמוצה 15% 200 מ""ל",תנובה,IL,שמנית תנובה 15%,מיליליטרים,200.00,"100 מ""ל",false,0,2.28,1.14,true,1,
72961216,false,"אשד 200 מ""ל",תנובה,IL,"אשד 200 מ""ל",מיליליטרים,200.00,"100 מ""ל",false,0,1.59,0.80,true,1,
72961223,false,גילה 3%,,IL,גילה 3%,מיליליטרים,200.00,"100 מ""ל",false,0,1.44,0.72,true,1,
72961506,false,פרילי תות 1.5% 125 גרם,תנובה,IL,פרילי תות,גרמים,125.00,100 גרם,false,0,3.50,2.80,true,1,
72961513,false,"פרילי משמש 125 מ""ל",תנובה,IL,פרילי משמש,מיליליטרים,125.00,"100 מ""ל",false,0,3.50,2.80,true,1,
72961520,false,פרילי אננס 1.5% 125 גרם,תנובה,IL,פרילי אננס 1.5%,גרמים,125.00,100 גרם,false,0,3.50,2.80,true,1,
72963104,false,חמאה 100 גרם,תנובה,IL,חמאה 100 גרם,גרמים,100.00,100 גרם,false,0,3.92,3.92,true,1,
72963753,false,שמ.של פעם חמוצה27% 200ג,תנובה,IL,שמנת חמוצה תנובה,גרמים,200.00,100 גרם,false,0,3.90,1.95,true,1,
72963920,false,דנובה גביע 200 גרם,תנובה,IL,יוגורט דנובה,גרמים,200.00,100 גרם,false,0,3.40,1.70,true,1,
72964422,false,"יוגורט תנובה 4.5% 200מ""ל",תנובה,IL,יוגורט תנובה4.5%,מיליליטרים,200.00,"100 מ""ל",false,0,2.70,1.35,true,1,
72982457,false,מילקי קל טעם שוקולד170מל,שטראוס,IL,מילקי קל שוקולד,מיליליטרים,170.00,"100 מ""ל",false,0,3.80,2.24,true,1,
72983225,false,מעדן מילקי הפוך 11% 170מ,שטראוס,IL,מעדן מילקי הפוך,מיליליטרים,170.00,"100 מ""ל",false,0,3.80,2.24,true,1,
72983416,false,ל.מ. בלו ארוך בוקס חפ,פיליפ מוריס,,ל.מ. בלו ארוך בוקס חפ,יחידה,1.00,יחידה,false,0,32.00,32.00,false,1,
72986233,false,באדי וניל 2%שומן 125 גרם,תנובה,IL,מעדן באדי וניל,גרמים,125.00,100 גרם,false,0,2.70,2.16,true,1,
72991374,false,טיים RED חפיסה,,IL,טיים RED חפיסה,יחידה,1.00,יחידה,false,0,28.00,28.00,false,1,
72991381,false,טיים RED 100 חפיסה,,IL,טיים RED 100 חפיסה,יחידה,1.00,יחידה,false,0,28.00,28.00,false,1,
72991398,false,טיים BLUE חפיסה,,IL,טיים BLUE חפיסה,יחידה,1.00,יחידה,false,0,28.00,28.00,false,1,
72991459,false,גולף חפיסה,,IL,גולף חפיסה,יחידה,1.00,יחידה,false,0,29.00,29.00,false,1,
72991466,false,גולף GOLD 100 חפיסה,,IL,גולף GOLD 100 חפיסה,יחידה,1.00,יחידה,false,0,29.00,29.00,false,1,
72991473,false,שרתון יחידה,,IL,שרתון יחידה,יחידה,1.00,יחידה,false,0,28.00,28.00,false,1,
72991497,false,נובלס פילטר חבילה,"דובק בע""מ",IL,נובלס פילטר חבילה,יחידה,1.00,יחידה,false,0,27.50,27.50,false,1,
72991503,false,נובלס בלנד חפיסה,"דובק בע""מ",IL,נובלס בלנד חפיסה,יחידה,1.00,יחידה,false,0,27.50,27.50,false,1,
72991510,false,מונטנה פילטר חפיסה,"דובק בע""מ",IL,מונטנה פילטר חפיסה,יחידה,1.00,יחידה,false,0,29.00,29.00,false,1,
72991527,false,מוסטנג רד חפיסה,"דובק בע""מ",IL,מוסטנג רד חפיסה,יחידה,1.00,יחידה,false,0,23.50,23.50,false,1,
72993637,false,דני שוקולד 1.5% 125 גרם,שטראוס,IL,דני שוקולד 1.5%,גרמים,125.00,100 גרם,false,0,2.50,2.00,true,1,
72993750,false,נובלס גולדן וירג'ניה חפ.,"דובק בע""מ",,נובלס גולדן וירג'ניה חפ.,יחידה,1.00,יחידה,false,0,27.50,27.50,false,1,
72993927,false,נקסט 100 חפיסה,פיליפ מוריס,,נקסט 100 חפיסה,יחידה,1.00,יחידה,false,0,28.00,28.00,false,1,
80050124,false,טיק טק סוכריות מנטה16גרם,פררו - אלבה,EC,סוכריות טיק טק,גרמים,16.00,100 גרם,false,0,3.50,21.88,true,1,
80052760,false,קינדר בואנו 2 * 21.5 גרם,פררו - אלבה,IT,קינדר בואנו 2 * 21.5 גרם,גרמים,43.00,100 גרם,false,0,4.80,11.16,true,1,
80176800,false,נוטלה ממרח שוקולד 750 גר,פררו - אלבה,PL,נוטלה ממרח שוקולד 750 גר,גרמים,750.00,100 גרם,false,0,23.90,3.19,true,1,
80177173,false,ממרח נוטלה 350 גרם,פררו - אלבה,IT,ממרח נוטלה 350 גרם,גרמים,350.00,100 גרם,false,0,14.90,4.26,true,1,
80177616,false,אצבעות שוקולד קינדר100גר,פררו - אלבה,IT,אצבעות שוקולד קינדר100גר,גרמים,100.00,100 גרם,false,0,8.20,8.20,true,1,
80765790,false,מסטיק מנטוס3D אניגמה33ג,פרפטי ואן מלה,TR,מסטיק מנטוס3D אניגמה33ג,גרמים,33.00,100 גרם,false,0,7.60,23.03,true,1,
80923480,false,מסטיק מנטוס מנטה 28 גרם,פרפטי ואן מלה,TR,מסטיק מנטוס מנטה 28 גרם,גרמים,28.00,100 גרם,false,0,5.70,20.36,true,1,
87108651,false,מנטוס מנטה 4יח37.5X'גרם,פרפטי ואן מלה ברדה,NL,מנטוס מנטה 4 יח',גרמים,150.00,100 גרם,false,0,10.40,6.93,true,1,
87311396,false,מנטוס ריינבאו גליל 37.50,פרפטי ואן מלה ברדה,NL,מנטוס ריינבאו גליל 37.50,גרמים,37.00,100 גרם,false,0,3.70,10.00,true,1,
11210000094,false,"רוטב טבסקו 60 מ""ל",ניצן,US,רוטב טבסקו,מיליליטרים,60.00,"100 מ""ל",false,0,12.80,21.33,true,1,
13495113506,false,קליק ביסקוויט 75 גרם,יוניליוור,IL,קליק ביסקוויט,גרמים,75.00,100 גרם,false,0,6.30,8.40,true,1,
13495113513,false,קליק שוקולד חלב 75 גרם,יוניליוור,IL,קליק שוקולד,גרמים,75.00,100 גרם,false,0,6.30,8.40,true,1,
13495113520,false,קליק קורנפלקס 75 גרם,יוניליוור,IL,קליק קורנפלקס,גרמים,75.00,100 גרם,false,0,6.30,8.40,true,1,
13495113537,false,קליק חום לבן מעורב 75 גר,יוניליוור,IL,קליק מעורב,גרמים,75.00,100 גרם,false,0,6.30,8.40,true,1,
13495113551,false,קליק עוגי 75 גרם,יוניליוור,IL,קליק עוגי,גרמים,75.00,100 גרם,false,0,6.30,8.40,true,1,
13495113582,false,קליק כריות 75 גרם,יוניליוור,IL,קליק כריות,גרמים,75.00,100 גרם,false,0,6.30,8.40,true,1,
16000281684,false,חטיף נייטשר ואלי פקאן5יח,ג'נרל מילס,US,חטיף נייטשר ואלי,גרמים,210.00,100 גרם,false,0,21.20,10.10,true,1,
16000548404,false,חטיף נייטשר ואלי ש.שועל5,ג'נרל מילס,US,חטיף נייטשר ואלי,גרמים,210.00,100 גרם,false,0,21.20,10.10,true,1,
16000548602,false,נייטשר וואלי קינמון 5יח,ג'נרל מילס,US,חטיף נייטשר ואלי,גרמים,210.00,100 גרם,false,0,21.20,10.10,true,1,
16000548909,false,נייטשר וואלי גרנולה 5יח',ג'נרל מילס,US,חטיף נייטשר ואלי,גרמים,210.00,100 גרם,false,0,21.20,10.10,true,1,
18000703494,false,תערובת לעוגת וניל 500גרם,ג'נרל מילס,IL,תערובת לעוגת וניל 500גרם,גרמים,500.00,100 גרם,false,0,17.60,3.52,true,1,
18000766413,false,תערובת לעוגה בראוניס550ג,ג'נרל מילס,IL,תערובת לעוגה בראוניס550ג,גרמים,550.00,100 גרם,false,0,17.60,3.20,true,1,
18176784105,false,שוקולד לבן משובח 100 גרם,,IL,שוקולד לבן משובח 100 גרם,גרמים,100.00,100 גרם,false,0,11.20,11.20,true,1,
18176787007,false,שוקולד טורינו פרווה100גר,,IL,שוקולד טורינו פרווה100גר,גרמים,100.00,100 גרם,false,0,11.70,11.70,true,1,
22200956932,false,ספיד סטיק ג'ל 24/7 כחול,קולגייט-פלמוליב,US,דאודורנט ג'ל,גרמים,85.00,100 גרם,false,0,32.60,38.35,true,1,
25675120044,false,םרג100 חופת םעטב םיצוצמח,ירוג,IL,חמצוצים טעם תפוח,גרמים,100.00,100 גרם,false,0,8.60,8.60,true,1,
28200133502,false,מרלבורו רד קצר בוקס 10יח,פיליפ מוריס,IL,מרלבורו רד קצר בוקס 10יח,יחידה,1.00,יחידה,false,0,330.00,330.00,false,1,
29424000298,false,וופל ללא סוכר שוקולד180ג,מנעמים,IL,וופל ללא סוכר,גרמים,180.00,100 גרם,false,0,6.90,3.83,true,1,
29424000762,false,מארז וופל שוקו 250*4 גרם,מנעמים,IL,מארז וופל שוקו,קילוגרמים,1.00,"ק""ג",false,0,14.50,14.50,true,1,
29424007907,false,וופלים מצופים 20גרם40Xיח,מנעמים,IL,וופלים מצופים,גרמים,800.00,100 גרם,false,0,18.00,2.25,true,1,
33200147701,false,דפים למייבש,,US,דפים למייבש,יחידה,1.00,יחידה,false,0,31.30,31.30,true,1,
35000764522,false,משחה קולגייט מקס פרש100מ,קולגייט-פלמוליב,PL,משחת שיניים,מיליליטרים,100.00,"100 מ""ל",false,0,22.40,22.40,true,1,
36000258295,false,קלינקס לושן,,IL,קלינקס לושן,יחידה,1.00,יחידה,false,0,11.30,11.30,true,1,
36000258660,false,קלינקס לושן,,IL,קלינקס לושן,יחידה,1.00,יחידה,false,0,17.00,17.00,true,1,
38000844966,false,חטיף פרינגלס אורגינל161ג,פרוקטר & גמבל,IL,חטיף פרינגלס,גרמים,161.00,100 גרם,false,0,10.90,6.77,true,1,
38000844973,false,חטיף פרינגלס ברביקיו169ג,פרוקטר & גמבל,IL,חטיף פרינגלס ברביקיו169ג,גרמים,169.00,100 גרם,false,0,10.90,6.45,true,1,
38000845000,false,פרינגלס שמנת בצל 169 גר,פרוקטר & גמבל,US,פרינגלס שמנת בצל,גרמים,169.00,100 גרם,false,0,10.90,6.45,true,1,
38527591053,false,דגנים מרובעים קינמון412ג,קואקר אוטס,,דגנים מרובעים קינמון412ג,גרמים,412.00,100 גרם,false,0,23.40,5.68,true,1,
41390000904,false,"רוטב סויה קיקומן 444 מ""ל",קיקומן פודז אינק,US,רוטב סויה קיקומן,מיליליטרים,444.00,"100 מ""ל",false,0,29.90,6.73,true,1,
46214731552,false,עוגיות שוקולד צ'יפס225גר,מרבה,NL,עוגיות ש.צ'יפס,גרמים,225.00,100 גרם,false,0,12.00,5.33,true,1,
50000100316,false,פריסקיז מעדן לחתול2.86קג,נסטלה פורינה,US,פריסקיז לחתול,קילוגרמים,2.86,"ק""ג",false,0,62.70,21.92,true,1,
50702510017,false,עוג.סנדויץ שוקולד 300ג,,IL,עוג.סנדויץ שוקולד 300ג,גרמים,300.00,100 גרם,false,0,6.90,2.30,true,1,
50702530022,false,עוגיות סנדויץ וניל300גר,,IL,עוגיות סנדויץ וניל300גר,גרמים,300.00,100 גרם,false,0,6.90,2.30,true,1,
64144090020,false,תרסיס שמן זית 141 גרם,קונגרה,US,תרסיס שמן זית 141 גרם,גרמים,141.00,100 גרם,false,0,21.00,14.89,true,1,
73490129094,false,"עוגיות חמאה ""הדר"" 250גרם",הדר,IL,עוגיות חמאה הדר,גרמים,250.00,100 גרם,false,0,4.70,1.88,true,1,
73490129100,false,"עוגיות וניל ""הדר"" 250גרם",הדר,IL,"עוגיות וניל ""הדר"" 250גרם",גרמים,250.00,100 גרם,false,0,4.50,1.80,true,1,
75442100229,false,פרליני שוקולד,,IL,פרליני שוקולד,גרמים,135.00,100 גרם,false,0,16.60,12.30,true,1,
75442100250,false,פרליני שוקולד,,IL,פרליני שוקולד,גרמים,135.00,100 גרם,false,0,16.60,12.30,true,1,
77245110597,false,סוכריות מאסט לימון 80גרם,עלית,PL,סוכריות מאסט,גרמים,80.00,100 גרם,false,0,7.90,9.88,true,1,
77245110610,false,סוכריות מאסט מנטה 80 גרם,עלית,PL,סוכריות מאסט,גרמים,80.00,100 גרם,false,0,7.90,9.88,true,1,
77245111136,false,סוכ.מאסט ריבת חלב 80 גרם,עלית,PL,סוכריות מאסט,גרמים,80.00,100 גרם,false,0,7.90,9.88,true,1,
77245111402,false,סוכ.מאסט בטעם אניס 80גרם,עלית,PL,סוכריות מאסט,גרמים,80.00,100 גרם,false,0,7.90,9.88,true,1,
645692556604,false,קרקר זעתר 300 גרם,מגדנית הדר,IL,קרקר זעתר 300 גרם,גרמים,300.00,100 גרם,false,0,8.60,2.87,true,1,
712963001467,false,שוק.חלב עם שברי אגוז100ג,,GB,שוק.חלב עם שברי אגוז100ג,גרמים,100.00,100 גרם,false,0,8.20,8.20,true,1,
712963001474,false,שוק.חלב ממול.קרם אגוז100,,GB,שוק.חלב ממול.קרם אגוז100,גרמים,100.00,100 גרם,false,0,8.20,8.20,true,1,
712963001481,false,שוקולד מריר 100 גרם,,GB,שוקולד מריר 100 גרם,גרמים,100.00,100 גרם,false,0,6.90,6.90,true,1,
712963001528,false,"שוק.לבן+אגוזים בד""ץ 100ג",,,"שוק.לבן+אגוזים בד""ץ 100ג",גרמים,100.00,100 גרם,false,0,8.20,8.20,true,1,
712963001832,false,עלי שוקולד חלב גרוס 125ג,,IL,עלי שוקולד חלב גרוס 125ג,גרמים,125.00,100 גרם,false,0,14.90,11.92,true,1,
712963002808,false,שוקולד חלב 100 גר',,IL,שוקולד חלב 100 גר',גרמים,100.00,100 גרם,false,0,5.40,5.40,true,1,
712963002815,false,שוקולד מריר 52% 100 גר',,IL,שוקולד מריר 52% 100 גר',גרמים,100.00,100 גרם,false,0,5.40,5.40,true,1,
712963002822,false,שוקולד מריר 64% 100 גר',,IL,שוקולד מריר 64% 100 גר',גרמים,100.00,100 גרם,false,0,5.40,5.40,true,1,
712963002839,false,שוקולד לבן 100 גר',,IL,שוקולד לבן 100 גר',גרמים,100.00,100 גרם,false,0,5.40,5.40,true,1,
712963002938,false,נפוליטנים מריר 150 גר',,IL,נפוליטנים מריר 150 גר',גרמים,150.00,100 גרם,false,0,16.90,11.27,true,1,
712963003584,false,ש. חלב פצפוצי אורז 90גר,,FR,ש. חלב פצפוצי אורז 90גר,גרמים,90.00,100 גרם,false,0,4.90,5.44,true,1,
712963003591,false,שוקולד מריר פיצפוצי אורז,,FR,שוקולד מריר פיצפוצי אורז,גרמים,90.00,100 גרם,false,0,4.90,5.44,true,1,
768668000212,false,תות שדה מוקפא,,IL,תות שדה מוקפא,גרמים,454.00,100 גרם,false,0,23.90,5.26,true,1,
768668000335,false,לקט ירקות קפוא,,IL,לקט ירקות קפוא,גרמים,900.00,100 גרם,false,0,26.90,2.99,true,1,
768668000359,false,תרד חתוך,,IL,תרד חתוך,גרמים,907.00,100 גרם,false,0,26.90,2.97,true,1,
768668000557,false,אוכמניות קפואות,,IL,אוכמניות קפואות,גרמים,340.00,100 גרם,false,0,25.90,7.62,true,1,
768668001455,false,לקט מאודה,,IL,לקט מאודה,גרמים,907.00,100 גרם,false,0,26.90,2.97,true,1,
835811005896,false,כפיות מתכלים 25יחידות,,IL,כפיות מתכלים 25יחידות,יחידה,1.00,יחידה,false,0,5.90,5.90,true,1,
835811007494,false,ג'לטין טהור מדגים14X2גרם,הנמל,IL,ג'לטין טהור,גרמים,28.00,100 גרם,false,0,9.30,33.21,true,1,
835811008248,false,טחינה גולמית ירושלמית500,הנמל,IL,טחינה ירושלים,גרמים,500.00,100 גרם,false,0,15.70,3.14,true,1,
840762018017,false,תבנית לפאי 170גר,,,תבנית לפאי 170גר,גרמים,170.00,100 גרם,false,0,8.90,5.24,true,1,
856591000062,false,עוגיות מזרחיות מלח400גרם,עבאדי,IL,עוגיות מזרחיות מלח400גרם,גרמים,400.00,100 גרם,false,0,17.10,4.28,true,1,
856591000109,false,עוגיות מזרחיות פריכות400,עבאדי,IL,עוגיות מזרחיות,גרמים,400.00,100 גרם,false,0,17.10,4.28,true,1,
856591000123,false,עוגיות מזרחיות עבאדי700ג,עבאדי,IL,עוגיות מזרחיות עבאדי700ג,גרמים,700.00,100 גרם,false,0,21.30,3.04,true,1,
856591000444,false,מיני מזרח.חריף בקטנה200ג,עבאדי,IL,עוגיות מזרחיות,גרמים,200.00,100 גרם,false,0,9.90,4.95,true,1,
856591000451,false,מיני מזרח.מעורב ירושלמי,עבאדי,IL,עוגיות מזרחיות,גרמים,200.00,100 גרם,false,0,9.90,4.95,true,1,
856591000833,false,קרקר'ס עשבי תיבול 140גרם,עבאדי,,קרקר'ס עשבי תבול,גרמים,140.00,100 גרם,false,0,14.20,10.14,true,1,
3014260022730,false,2מברשות אדוונטג' מדיום40,פרוקטר & גמבל,IL,2מברשות אדוונטג' מדיום40,יחידה,1.00,יחידה,false,0,30.50,30.50,true,1,
3014260262228,false,מברשת אורל בי גילאי 2-4,פרוקטר & גמבל,IE,מברשת אורל בי גילאי 2-4,יחידה,1.00,יחידה,false,0,18.20,18.20,true,1,
3014260262709,false,סכיני גילוח ונוס 4 יח',פרוקטר & גמבל,US,סכיני גילוח ונ,יחידה,1.00,יחידה,false,0,55.20,55.20,true,1,
3014260288570,false,מברשת קומפליט+משחה מארז,פרוקטר & גמבל,IL,מברשת קומפליט+משחה מארז,יחידה,1.00,יחידה,false,0,15.10,15.10,true,1,
3014260826598,false,מברשת שיניים 3 יח,פרוקטר & גמבל,IN,מברשת שיניים 3 יח,יחידה,1.00,יחידה,false,0,12.90,12.90,true,1,
3059943015128,false,אירוויק נטול גז לבנדר345,רקיט בנקיזר,PL,אירוויק נטול גז לבנדר345,מיליליטרים,345.00,"100 מ""ל",false,0,15.90,4.61,true,1,
3387390525960,false,קראנץ' דגני בוקר 500 גרם,נסטלה,FR,קראנץ דגני בוקר,גרמים,500.00,100 גרם,false,0,25.00,5.00,true,1,
3574660089547,false,טמפוני או בה נורמל 32 יח,ג'ונסון,DE,טמפוני או בה נורמל 32 יח,יחידה,1.00,יחידה,false,0,37.10,37.10,true,1,
3574660115154,false,32 טמפוני או בה סופר,ג'ונסון,DE,טמפוני או בה,יחידה,1.00,יחידה,false,0,37.10,37.10,true,1,
3574660235197,false,32 או בה פרוקומפורט סופר,ג'ונסון,AT,טמפוני או בה,יחידה,1.00,יחידה,false,0,37.40,37.40,true,1,
3574660239973,false,32או בה פרוקומפורט נורמל,ג'ונסון,DE,טמפוני או בה,יחידה,1.00,יחידה,false,0,37.40,37.40,true,1,
3574660292794,false,שמן לתינוק ג'ונסון 500מל,ג'ונסון,IL,שמן לתינוק,מיליליטרים,500.00,"100 מ""ל",false,0,35.90,7.18,true,1,
3574660322576,false,קרפרי רגיל 58 יחידות,ג'ונסון,IT,קרפרי רגיל 58 יחידות,יחידה,1.00,יחידה,false,0,20.70,20.70,true,1,
3574660322613,false,קרפרי אוורירי מבושם 58יח,ג'ונסון,IT,קרפרי מגן תחתו,יחידה,1.00,יחידה,false,0,20.70,20.70,true,1,
3574660322712,false,קרפרי מקסיL מבושם 48 יח',ג'ונסון,IT,קרפרי מגן תחתון,יחידה,1.00,יחידה,false,0,20.70,20.70,true,1,
3574660333466,false,32טמפ. או-בה פרוקומפ.מינ,ג'ונסון,DE,32טמפ. או-בה פרוקומפ.מינ,יחידה,1.00,יחידה,false,0,37.40,37.40,true,1,
3574660536829,false,ג'ונסון בייבי טלק 500גרם,ג'ונסון,IT,טלק ג'ונסון,גרמים,500.00,100 גרם,false,0,33.80,6.76,true,1,
3574660620436,false,אלסב.ג'ונסון לפני שינ750,ג'ונסון,IT,אל סבון ג'ונסון,מיליליטרים,750.00,"100 מ""ל",false,0,23.40,3.12,true,1,
3574661069456,false,שמפו גונסונס משאבה750מ,ג'ונסון,IL,שמפו גונסונס,מיליליטרים,750.00,"100 מ""ל",false,0,28.80,3.84,true,1,
3600522468813,false,שמפו אלביב קצוות מפוצ700,kozmetik canan,TR,שמפו אלביב וונדי,מיליליטרים,700.00,"100 מ""ל",false,0,25.00,3.57,true,1,
3600522469216,false,מרכך אלביב קצוות מפוצ700,kozmetik canan,TR,מרכך אלביב קצוות מפוצ700,מיליליטרים,700.00,"100 מ""ל",false,0,25.00,3.57,true,1,
3661163990781,false,דאו.אדידס A3 פרולול 200מ,COLEPCCL,GB,דאו.אדידס A3 פרולול 200מ,מיליליטרים,200.00,"100 מ""ל",false,0,22.10,11.05,true,1,
4002448017684,false,"סיליט באנג ספריי 750 מ""ל",רקיט בנקיזר,IL,סיליט באנג ספריי,מיליליטרים,750.00,"100 מ""ל",false,0,15.90,2.12,true,1,
4009300522935,false,תה ירוק לימונית+לואיזה20,טייקנה,DE,תה ירוק לימונית+לואיזה20,גרמים,30.00,100 גרם,false,0,19.60,65.33,true,1,
4009300522966,false,תה ירוק עם נענע 20 שק',טייקנה,DE,תה ירוק עם נענע 20 שק',גרמים,30.00,100 גרם,false,0,19.60,65.33,true,1,
4009900013581,false,מארז סטיקס ספירמינט 5 יח,ריגלי,FR,מארז אורביט,גרמים,65.00,100 גרם,false,0,10.00,15.38,true,1,
4009900360937,false,איירווייז מיני אקליפטו42,ריגלי,PL,איירווייז מיני,גרמים,42.00,100 גרם,false,0,5.90,14.05,true,1,
4009900376600,false,איירווייז מיני אוכמניו42,ריגלי,PL,איירווייז מיני אוכמניו42,גרמים,42.00,100 גרם,false,0,5.90,14.05,true,1,
4009900385824,false,מארז סטיקס פפרמינט 5 יח',ריגלי,FR,מארז אורביט,גרמים,65.00,100 גרם,false,0,10.00,15.38,true,1,
4009900402965,false,אורביט וויט פירות בקבו64,ריגלי,PL,אורביט בקבוקון,גרמים,64.00,100 גרם,false,0,9.90,15.47,true,1,
4009900403023,false,אורביט וויט מנטה בקבוק64,ריגלי,PL,אורביט בקבוקון,גרמים,64.00,100 גרם,false,0,9.90,15.47,true,1,
4009900405713,false,איירווייז מיני אניס+מנ42,ריגלי,PL,איירווייז מיני,גרמים,42.00,100 גרם,false,0,5.90,14.05,true,1,
4009900479998,false,אורביט אוכמניות בקבוק64ג,ריגלי,PL,אורביט בקבוקון,גרמים,64.00,100 גרם,false,0,9.90,15.47,true,1,
4009900484060,false,אורביט בקבוק M פפרמינט 8,ריגלי,PL,אורביט בקבוק,גרמים,84.00,100 גרם,false,0,14.00,16.67,true,1,
4009900484305,false,אורביט בקבוקMסוויטמינט84,ריגלי,PL,אורביט בקבוק,גרמים,84.00,100 גרם,false,0,14.00,16.67,true,1,
4009900487283,false,אורביט סטיקס פירות 5יח',ריגלי,FR,מארז אורביט,גרמים,65.00,100 גרם,false,0,10.00,15.38,true,1,
4009900488709,false,מיני וויט מנטה3י14*גרם,ריגלי,PL,אורביט מיני וויט,גרמים,42.00,100 גרם,false,0,5.90,14.05,true,1,
4009900504218,false,אורביט תפוז בקבוקון64ג,ריגלי,PL,אורביט בקבוקון,גרמים,64.00,100 גרם,false,1,9.90,15.47,true,1,
4015000280372,false,דאו.רול און FA פור מא50מ,הנקל סוד,DE,דאודורנט FA,מיליליטרים,50.00,"100 מ""ל",false,0,11.50,23.00,true,1,
4015000527231,false,דאו.ספריי 200SPEEDSTE FA,הנקל סוד,DE,דאודורנט FA,מיליליטרים,200.00,"100 מ""ל",false,0,11.20,5.60,true,1,
4015400057369,false,12 אולוויז עבה לילה,פרוקטר & גמבל,DE,תחבושות אולוויז,יחידה,1.00,יחידה,false,0,16.90,16.90,true,1,
4015400264491,false,43 פמפרס ניו בייבי שלב1,פרוקטר & גמבל,PL,חיתולי פמפרס,יחידה,1.00,יחידה,false,0,34.40,34.40,true,1,
4015400397625,false,פמפרס אקטיב שלב3- 56*2,פרוקטר & גמבל,IL,פמפרס זוג,יחידה,1.00,יחידה,false,0,95.00,95.00,true,1,
4015400428657,false,15 אולוויז עבה לונג+,פרוקטר & גמבל,DE,15 אולוויז עבה לונג+,יחידה,1.00,יחידה,false,0,16.90,16.90,true,1,
4015400428688,false,16 אולוויז עבה נורמל+,פרוקטר & גמבל,DE,תחבושות אולוויז,יחידה,1.00,יחידה,false,0,16.90,16.90,true,1,
4015400556916,false,80מגני תח.אולוייז מגה פק,פרוקטר & גמבל,DE,מגן תחתון אולויז,יחידה,1.00,יחידה,false,0,32.30,32.30,true,1,
4015400564034,false,מגן תח.אולוייז מגה פק +L,פרוקטר & גמבל,IL,מגן תחתון אולויז,יחידה,1.00,יחידה,false,0,32.30,32.30,true,1,
4015400564454,false,68מגני תח.אולוייז מגה L,פרוקטר & גמבל,IL,מגן תחתון אולויז,יחידה,1.00,יחידה,false,0,32.30,32.30,true,1,
4015400565383,false,80מגני תח.אולוויז מגה פר,פרוקטר & גמבל,IL,מגן תחתון אולווי,יחידה,1.00,יחידה,false,0,32.30,32.30,true,1,
4015400598329,false,56אולוויז קוואטרו נורמל+,פרוקטר & גמבל,IL,56אולוויז קוואטרו נורמל+,יחידה,1.00,יחידה,false,0,42.10,42.10,true,1,
4015400598381,false,48 אולוויז קוואטרו לונג+,פרוקטר & גמבל,IL,תחבושות אולוויז,יחידה,1.00,יחידה,false,0,42.10,42.10,true,1,
4015400598411,false,40 אולוויז קוואטרו לילה,פרוקטר & גמבל,IL,תחבושות אולוויז,יחידה,1.00,יחידה,false,0,42.10,42.10,true,1,
4015400649649,false,66פמפרס ניו בייבי מידה2,פרוקטר & גמבל,IL,חיתולי פמפרס,יחידה,1.00,יחידה,false,0,49.90,49.90,true,1,
4015400657149,false,72אולוויז טוויטס מגה N,פרוקטר & גמבל,IL,מגן תחתון אולויז,יחידה,1.00,יחידה,false,0,27.90,27.90,true,1,
4015400699811,false,28תח.אולוייז דואו נורמל+,,,תחבושות אולוייז,יחידה,1.00,יחידה,false,0,24.90,24.90,true,1,
4015400700111,false,24 תח.אולוייז דואו לונג,,,תחבושות אולוייז,יחידה,1.00,יחידה,false,0,24.90,24.90,true,1,
4015400737070,false,90פמפרס אקטיב בייבי שלב4,פרוקטר & גמבל,PL,חיתולי פמפרס,יחידה,1.00,יחידה,false,1,95.00,95.00,true,1,
4015400737117,false,78פמפרס אקטיב בייבי שלב5,פרוקטר & גמבל,PL,חיתולי פמפרס,יחידה,1.00,יחידה,false,1,95.00,95.00,true,1,
4015400737155,false,66פמפרס אקטיב בייבי שלב6,פרוקטר & גמבל,PL,חיתולי פמפרס,יחידה,1.00,יחידה,false,1,95.00,95.00,true,1,
4015400737315,false,96פמפרס אקטיב בייב שלב+4,פרוקטר & גמבל,PL,חיתולי פמפרס,יחידה,1.00,יחידה,false,1,95.00,95.00,true,1,
4015400742913,false,מגן תחתון אולויז,,,מגן תחתון אולויז,יחידה,1.00,יחידה,false,0,32.30,32.30,true,1,
4015400824749,false,טמפקס פלאש סופר פלוס30יח,פרוקטר & גמבל,UA,טמפקס פלאש,יחידה,1.00,יחידה,false,0,32.30,32.30,true,1,
4015600515492,false,פיירי פלטינום לימון720מל,פרוקטר & גמבל,CZ,נוזל לכלים פיירי,מיליליטרים,720.00,"100 מ""ל",false,0,9.90,1.38,true,1,
4015600581848,false,26טבליות למדיח הכל באחד,פרוקטר & גמבל,GB,טבליות למדיח,יחידה,1.00,יחידה,false,0,26.90,26.90,true,1,
4015600717346,false,"אבקת כביסה ביומט 5 ק""ג",פרוקטר & גמבל,IL,"אבקת כביסה ביומט 5 ק""ג",קילוגרמים,5.00,"ק""ג",false,0,40.00,8.00,true,1,
4015600763251,false,שמפו הד&שולדרס קלאסי 600,פרוקטר & גמבל,IL,שמפו הד&שולדרס קלאסי 600,מיליליטרים,600.00,"100 מ""ל",false,0,28.00,4.67,true,1,
4015600763299,false,"הד&שולדרס 2ב1- 600 מ""ל",פרוקטר & גמבל,IL,"הד&שולדרס 2ב1- 600 מ""ל",מיליליטרים,600.00,"100 מ""ל",false,0,28.00,4.67,true,1,
4015600763459,false,שמפו הד&שולדרס תפוח 600,פרוקטר & גמבל,IL,שמפו הד&שולדרס,מיליליטרים,600.00,"100 מ""ל",false,0,28.00,4.67,true,1,
4015600763534,false,הד&שולדרס מגע משי 600מ,פרוקטר & גמבל,IL,שמפו הד&שולדרס,מיליליטרים,600.00,"100 מ""ל",false,0,28.00,4.67,true,1,
4015600766658,false,שמפו הד&שולדרס 2ב1- 600,פרוקטר & גמבל,IL,שמפו הד&שולדרס,מיליליטרים,600.00,"100 מ""ל",false,0,28.00,4.67,true,1,
4015600768010,false,שמפו הד&שולדרס טוטאל600,פרוקטר & גמבל,IL,שמפו הד&שולדרס,מיליליטרים,600.00,"100 מ""ל",false,0,28.00,4.67,true,1,
4015600768966,false,הד&שולדרס עם לחות 600מ,פרוקטר & גמבל,IL,שמפו הד&שולדרס,מיליליטרים,600.00,"100 מ""ל",false,0,28.00,4.67,true,1,
4015600770228,false,פנטן שמפו שמן משקם 600 מ,פרוקטר & גמבל,FR,שמפו פנטן שמן,מיליליטרים,600.00,"100 מ""ל",false,0,24.90,4.15,true,1,
4015600815233,false,פנטן שמפו לחות מוגברת600,פרוקטר & גמבל,IL,פנטן שמפו,מיליליטרים,600.00,"100 מ""ל",false,0,24.90,4.15,true,1,
4015600815356,false,מרכך פנטן למגע משי 600 מ,פרוקטר & גמבל,FR,מרכך פנטן,מיליליטרים,600.00,"100 מ""ל",false,0,24.90,4.15,true,1,
4015600815516,false,שמפ.פנטן נוסחה קלאסית600,פרוקטר & גמבל,FR,שמפו פנטן,מיליליטרים,600.00,"100 מ""ל",false,0,24.90,4.15,true,1,
4015600815677,false,"מרכך פנטן טבע 600 מ""ל",פרוקטר & גמבל,FR,מרכך פנטן טבע,מיליליטרים,600.00,"100 מ""ל",false,0,24.90,4.15,true,1,
4084500088917,false,פיירי לכלים לימון650מל,פרוקטר & גמבל,IL,פיירי נוזל לכלים,מיליליטרים,650.00,"100 מ""ל",false,0,10.90,1.68,true,1,
4084500089037,false,"פיירי ורדים ומשי 650 מ""ל",פרוקטר & גמבל,GB,פיירי נוזל כלים,מיליליטרים,650.00,"100 מ""ל",false,0,11.90,1.83,true,1,
4084500371422,false,"אבקת כביסה אריאל 8 ק""ג",פרוקטר & גמבל,IL,אריאל שושן צחור,קילוגרמים,8.00,"ק""ג",false,0,74.90,9.36,true,1,
4084500371453,false,"אבקת כביסה טייד 8 ק""ג",פרוקטר & גמבל,CH,"אבקת כביסה טייד 8 ק""ג",קילוגרמים,8.00,"ק""ג",false,0,67.90,8.49,true,1,
4084500513570,false,אריאל נח.הרים2.47ל,פרוקטר & גמבל,IL,אריאל ג'ל,ליטרים,2.47,ליטר,false,0,35.20,14.25,true,1,
4084500514027,false,אריאל ג'ל נח.הרים 3.95ל,פרוקטר & גמבל,IL,אריאל ג'ל נח.הרים 3.95ל,ליטרים,3.95,ליטר,false,0,47.90,12.13,true,1,
4600682011903,false,"בירה בלטיקה 9 500 מ""ל",מבשלת בלטיקה,RU,בירה בלטיקה,מיליליטרים,500.00,"100 מ""ל",false,0,11.00,2.20,true,1,
4606203001293,false,נקסט 10 יח',פיליפ מוריס,,נקסט 10 יח',יחידה,1.00,יחידה,false,0,270.00,270.00,false,1,
4800888148933,false,דאו.רקסונה רולאון כותנה,יוניליוור,PH,דאודורנט רקסונה,מיליליטרים,50.00,"100 מ""ל",false,0,21.20,42.40,true,1,
4800888148957,false,דאו.רקסונה רול און טלק50,יוניליוור,PH,דאודורנט רקסונה,מיליליטרים,50.00,"100 מ""ל",false,0,21.20,42.40,true,1,
4800888150103,false,דאו.דאב רול און כחול 50,יוניליוור,IL,דאודורנט דאב,מיליליטרים,50.00,"100 מ""ל",false,0,23.70,47.40,true,1,
4800888164940,false,דאו.רקסונה קול רולאון50מ,יוניליוור,IL,דאו.רקסונה,מיליליטרים,50.00,"100 מ""ל",false,0,21.20,42.40,true,1,
4800888183149,false,דאב דאו' רולאון ביוטי50מ,יוניליוור,IL,דאו.דאב רול און,מיליליטרים,50.00,"100 מ""ל",false,0,23.70,47.40,true,1,
4800888542854,false,רקסונה רול און לינן דר50,יוניליוור,TR,דאו.רקסונה,מיליליטרים,50.00,"100 מ""ל",false,0,21.20,42.40,true,1,
4801234145125,false,גלייד נ.גז אושן בריז400מ,ג'ונסון,IL,מטהר אוויר גלייד,מיליליטרים,400.00,"100 מ""ל",false,0,18.30,4.58,true,1,
5000146400288,false,הרפיק נ.אסלה מסיר אבנ750,רקיט בנקיזר,PL,הרפיק נוזל לאסלה,מיליליטרים,750.00,"100 מ""ל",false,0,12.20,1.63,true,1,
5000146401568,false,וולייט 10 דפים שומרי צבע,רקיט בנקיזר,US,וולייט דפים,יחידה,1.00,יחידה,false,0,16.30,16.30,true,1,
5000394203389,false,סוללות דורסל AAA 12 יח',פרוקטר & גמבל,BE,סוללות דורסל,יחידה,1.00,יחידה,false,0,41.90,41.90,true,1,
5010182996799,false,טואלט דאק ג'ל אסלה פ.בר,DEOFLOR,IL,טואלט דאק ג'ל,מיליליטרים,55.00,"100 מ""ל",false,0,13.50,24.55,true,1,
5010182997338,false,ט.דאק ג'ל אסלה ירוק55מל,DEOFLOR,IT,ט.דאק ג'ל אסלה ירוק55מל,מיליליטרים,55.00,"100 מ""ל",false,0,13.50,24.55,true,1,
5010182997680,false,"רייד קוטל זוחלים 300 מ""ל",ג'ונסון,NL,"רייד קוטל זוחלים 300 מ""ל",מיליליטרים,300.00,"100 מ""ל",false,0,21.40,7.13,true,1,
5010182997918,false,ט.דאק ג'ל אסלה נ.ים 55מל,DEOFLOR,IT,טואלט דאק ג'ל,מיליליטרים,55.00,"100 מ""ל",false,0,13.50,24.55,true,1,
5010677554398,false,"בקרדי בריזר אבטיח 275מ""ל","בקרדי בע""מ",IL,"בקרדי בריזר אבטיח 275מ""ל",מיליליטרים,275.00,"100 מ""ל",false,0,13.90,5.05,true,1,
5011157630281,false,"אורז טילדה המשלי 1 ק""ג",טילדה,GB,"אורז טילדה המשלי 1 ק""ג",קילוגרמים,1.00,"ק""ג",false,0,21.60,21.60,true,1,
5011417552247,false,אירוויק נטול גז לילך345מ,רקיט בנקיזר,PL,אירוויק מבשם,מיליליטרים,345.00,"100 מ""ל",false,0,15.90,4.61,true,1,
5014271310428,false,מעדן דובדבן שחור 284 גרם,סאן דלפור - שמבור,FR,מעדן דובדבן שחור,גרמים,284.00,100 גרם,false,0,20.90,7.36,true,1,
5014271330426,false,מעדן אוכמניות כחולות284ג,סאן דלפור - שמבור,FR,מעדן אוכמניות כחולות284ג,גרמים,284.00,100 גרם,false,0,20.90,7.36,true,1,
5014271390420,false,מע.פטל ללא תוספת סוכר284,סאן דלפור - שמבור,FR,מע.פטל ללא תוספת סוכר284,גרמים,284.00,100 גרם,false,0,20.90,7.36,true,1,
5014271400426,false,מעדן תות שדה 284 גרם,סאן דלפור - שמבור,FR,מעדן תות שדה 284 גרם,גרמים,284.00,100 גרם,false,0,20.90,7.36,true,1,
5029053510811,false,28 תח.קוטקס נורמל כנפיים,חוגלה קימברלי,IL,תחבושות קוטקס,יחידה,1.00,יחידה,false,0,21.00,21.00,true,1,
5029053510828,false,24 תח.קוטקס אולטרא סופר,חוגלה קימברלי,IL,תחבושות קוטקס,יחידה,1.00,יחידה,false,0,21.00,21.00,true,1,
5029053527574,false,10תח.ספיגה לילה בנים4-7,חוגלה קימברלי,IL,10 תחתוני ספיגה,יחידה,1.00,יחידה,false,0,38.60,38.60,true,1,
5029053527598,false,9תח.ספיגה לילה בנים8-15,חוגלה קימברלי,IL,תחתוני ספיגה האג,יחידה,1.00,יחידה,false,0,38.60,38.60,true,1,
5029053527604,false,9תח.ספיגה לילה בנות8-15,חוגלה קימברלי,IL,תחתוני ספיגה האג,יחידה,1.00,יחידה,false,0,38.60,38.60,true,1,
5029053531267,false,14תח.גמילה בנים מידה 5,חוגלה קימברלי,IL,האגיס פול אפס,יחידה,1.00,יחידה,false,0,41.80,41.80,true,1,
5050083559709,false,קלוגס קוקו פופס 550 גרם,קלוג'ס,,קלוגס קוקו פופס,גרמים,550.00,100 גרם,false,0,25.70,4.67,true,1,
5099864004991,false,סימילאק טופ 3 א.חסכון900,אבוט,IE,סימילאק טופ 3,גרמים,900.00,100 גרם,false,0,76.20,8.47,true,1,
5099864006377,false,סימילאק שלב 1 מהדרין900ג,אבוט,IE,סימילאק שלב 1,גרמים,900.00,100 גרם,false,0,86.80,9.64,true,1,
5099864006384,false,סימילאק שלב 2 מהדרין900ג,אבוט,IE,סימילאק שלב 2,גרמים,900.00,100 גרם,false,0,86.80,9.64,true,1,
5099864006391,false,סימילאק שלב 3 מהדרין900ג,אבוט,IE,סימילאק שלב 3,יחידה,1.00,יחידה,false,0,86.80,86.80,true,1,
5099864006780,false,סימילאק טופ2 א.חיסכון900,אבוט,IE,סימילאק טופ 2,גרמים,900.00,100 גרם,false,0,76.20,8.47,true,1,
5201178801047,false,"קרם לחות ניוואה 150 מ""ל",ביירסדורץ,DE,"קרם לחות ניוואה 150 מ""ל",מיליליטרים,150.00,"100 מ""ל",false,0,38.90,25.93,true,1,
5319990256744,false,ממתק ממולא 90 גר,,MK,ממתק ממולא 90 גר,גרמים,90.00,100 גרם,false,0,2.50,2.78,true,1,
5410033851459,false,תה ליפטון מעטפה 1.5*100ג,יוניליוור,IN,תה ליפטון מעטפה,גרמים,150.00,100 גרם,false,0,22.00,14.67,true,1,
5410076353057,false,אב.כביסה תינוקלין 3קג,פרוקטר & גמבל,TR,אב.כביסה תינוקלין 3קג,קילוגרמים,3.00,"ק""ג",false,0,50.70,16.90,true,1,
5410076663279,false,משחת אורל בי 123 100*2מל,פרוקטר & גמבל,IL,זוג משחת אורל בי,מיליליטרים,200.00,"100 מ""ל",false,0,20.20,10.10,true,1,
5410076722464,false,פיירי פלטינום אורגינל650,פרוקטר & גמבל,GB,פיירי פלטינום,מיליליטרים,650.00,"100 מ""ל",false,0,10.90,1.68,true,1,
5410126106183,false,ביסקוויט לוטוס ארוז 50יח,לוטוס ביקרי,BE,ביסקוויט לוטוס,גרמים,312.00,100 גרם,false,0,18.50,5.93,true,1,
5410126116953,false,ממרח ביסקוויט לוטוס 400ג,לוטוס ביקרי,BE,ממרח ביסקוויט,גרמים,400.00,100 גרם,false,0,22.10,5.53,true,1,
5410126716016,false,ביסקוויט לוטוס ט.קרמל250,לוטוס ביקרי,BE,ביסקויט לוטוס,גרמים,250.00,100 גרם,false,0,13.10,5.24,true,1,
5411188094159,false,אלפרו מעדן ט.שוקולד125X4,אלפרו,BE,אלפרו מעדן ט.שוקולד125X4,גרמים,500.00,100 גרם,false,0,18.90,3.78,true,1,
5411188106159,false,אלפרו סויה לייט טבעי 1 ל,אלפרו,BE,אלפרו סויה לייט טבעי 1 ל,ליטרים,1.00,ליטר,false,0,13.90,13.90,true,1,
5411188110835,false,אלפרו משקה שקדים 1 ליטר,אלפרו,BE,אלפרו משקה שקדים 1 ליטר,ליטרים,1.00,ליטר,false,0,15.90,15.90,true,1,
5411188110842,false,אלפרו משקה אגוזים 1 ליטר,אלפרו,BE,אלפרו משקה אגוזים 1 ליטר,ליטרים,1.00,ליטר,false,0,15.90,15.90,true,1,
5413149695986,false,"אבקת תינוקלין 1.25 ק""ג",פרוקטר & גמבל,CH,אבקת כביסה,קילוגרמים,1.25,"ק""ג",false,0,26.10,20.88,true,1,
5413149922907,false,א.כ אריאל קולור וסטייל5ק,פרוקטר & גמבל,TR,"אריאל קולור 5ק""ג",קילוגרמים,5.00,"ק""ג",false,1,61.80,12.36,true,1,
5413149922938,false,אבקת אריאל שושן צחור 5קג,פרוקטר & גמבל,TR,אבקת כביסה אריאל,קילוגרמים,5.00,"ק""ג",false,1,61.80,12.36,true,1,
5413548280189,false,קינדר שוקובון 125 גרם,פררו - אלבה,BE,קינדר שוקובון 125 גרם,גרמים,125.00,100 גרם,false,0,12.70,10.16,true,1,
5701092108708,false,פיניש קוואנטום לימון20טב,רקיט בנקיזר,PL,טבליות קוואנטום,יחידה,1.00,יחידה,false,0,40.90,40.90,true,1,
5701932026964,false,הוט פופ טעם מלוח 100X6גר,פופז,US,הוט פופ טעם מלוח 100X6גר,גרמים,600.00,100 גרם,false,0,18.00,3.00,true,1,
5701932026971,false,הוט פופ טעם חמאה 100X6גר,פופז,US,הוט פופ טעם חמאה 100X6גר,גרמים,600.00,100 גרם,false,0,18.00,3.00,true,1,
5701932026995,false,פופקורן לייט הוט פופ510ג,פופז,IL,פופקורן למיקרו,גרמים,510.00,100 גרם,false,0,18.00,3.53,true,1,
5900020012814,false,נסקוויק דגני בוקר 500גרם,נסטלה,PL,דגני נסקוויק,גרמים,500.00,100 גרם,false,0,25.90,5.18,true,1,
5900020015174,false,פיטנס חטיף דגנים שוק6.יח,נסטלה,PL,חטיפי פיטנס 6 יח,גרמים,141.00,100 גרם,false,0,18.10,12.84,true,1,
5900627040104,false,ג'ל לאסלה פאוור 750מל,רקיט בנקיזר,PL,ג'ל לאסלה הרפיק,מיליליטרים,750.00,"100 מ""ל",false,0,15.20,2.03,true,1,
5904941751302,false,"משקה אנרגיה בלו 250 מ""ל",אקו ביט,PL,משקה אנרגיה,מיליליטרים,250.00,"100 מ""ל",false,0,3.90,1.56,true,1,
5906485301012,false,משקה אנרגיה XL,,IL,משקה אנרגיה XL,מיליליטרים,250.00,"100 מ""ל",false,0,4.00,1.60,true,1,
5906485301067,false,משקה אנרגיה 6 יח,,IL,משקה אנרגיה 6 יח,ליטרים,1.50,ליטר,false,0,25.90,17.27,true,1,
5906485301098,false,משקה אנרגיה,,IL,משקה אנרגיה,מיליליטרים,250.00,"100 מ""ל",false,0,4.00,1.60,true,1,
5906485301326,false,"XL ספורט מאניה 250 מ""ל",,IL,"XL ספורט מאניה 250 מ""ל",מיליליטרים,250.00,"100 מ""ל",false,0,4.00,1.60,true,1,
5906485301456,false,"XL אפטר פארטי 250 מ""ל",,IL,"XL אפטר פארטי 250 מ""ל",מיליליטרים,250.00,"100 מ""ל",false,0,4.00,1.60,true,1,
5906485301470,false,"XL דאבל קיק 250 מ""ל",,IL,"XL דאבל קיק 250 מ""ל",מיליליטרים,250.00,"100 מ""ל",false,0,4.00,1.60,true,1,
5907782910556,false,קרמבו קרמבולי בננה 12 יח,גלידות אריזונה,IL,קרמבו בננה,גרמים,240.00,100 גרם,false,0,10.00,4.17,true,1,
5907782910648,false,קרמבו קרמבולי מוקה 12 יח,גלידות אריזונה,IL,קרמבו מוקה,גרמים,240.00,100 גרם,false,0,10.00,4.17,true,1,
5907782910914,false,קרמבו קרמבולי וניל 12 יח,גלידות אריזונה,IL,קרמבו וניל,גרמים,240.00,100 גרם,false,0,10.00,4.17,true,1,
6001067017523,false,מברשת שיניים ילדים ברבי,קולגייט-פלמוליב,IL,מברשת שיניים,יחידה,1.00,יחידה,false,0,20.10,20.10,true,1,
6001067025122,false,קולגייט מקס פרש וויט100מ,קולגייט-פלמוליב,BR,משחת שיניים,מיליליטרים,100.00,"100 מ""ל",false,0,22.40,22.40,true,1,
6001298987916,false,גלייד מבשם מילוי 269מל,vaill aerosol coster,IL,גלייד מילוי,מיליליטרים,269.00,"100 מ""ל",false,0,27.00,10.04,true,1,
6001298987930,false,גלייד לבנדר מילוי 269מל,vaill aerosol coster,IL,גלייד מילוי,מיליליטרים,269.00,"100 מ""ל",false,0,27.00,10.04,true,1,
6008165271192,false,פאל מאל ארוך אדום,bat,TR,פאל מאל ארוך אדום,יחידה,1.00,יחידה,false,0,27.50,27.50,false,1,
6939901700723,false,חנוכיה מודפסת,שלהבת,IL,חנוכיה מודפסת,יחידה,1.00,יחידה,false,0,4.90,4.90,true,1,
7290000000022,true,עגבניות חממה,קטיף,IL,עגבניות חממה,קילוגרמים,0.00,"ק""ג",true,0,9.90,9.90,true,1,
7290000000046,true,מלפפונים,קטיף,IL,מלפפונים,קילוגרמים,0.00,"ק""ג",true,0,6.90,6.90,true,1,
7290000000053,true,קשואים,קטיף,IL,קשואים,קילוגרמים,0.00,"ק""ג",true,0,9.90,9.90,true,1,
7290000000084,true,פלפל בהיר,שותפות מזרחי,IL,פלפל בהיר,קילוגרמים,0.00,"ק""ג",true,0,9.90,9.90,true,1,
7290000000091,true,פלפל אדום,קטיף,IL,פלפל אדום,קילוגרמים,0.00,"ק""ג",true,0,9.90,9.90,true,1,
7290000000107,true,פלפל כהה,קטיף,IL,פלפל כהה,קילוגרמים,0.00,"ק""ג",true,0,9.90,9.90,true,1,
7290000000114,true,חצילים,קטיף,IL,חצילים,קילוגרמים,0.00,"ק""ג",true,0,6.90,6.90,true,1,
7290000000121,true,גזר ארוז,קטיף,IL,גזר ארוז,קילוגרמים,0.00,"ק""ג",true,0,6.90,6.90,true,1,
7290000000138,true,כרוב לבן,קטיף,IL,כרוב לבן,קילוגרמים,0.00,"ק""ג",true,0,7.90,7.90,true,1,
7290000000145,true,כרוב אדום,קטיף,IL,כרוב אדום,קילוגרמים,0.00,"ק""ג",true,0,8.90,8.90,true,1,
7290000000176,true,כרובית,קטיף,IL,כרובית,קילוגרמים,0.00,"ק""ג",true,0,9.90,9.90,true,1,
7290000000183,true,סלק,קטיף,IL,סלק,קילוגרמים,0.00,"ק""ג",true,0,7.90,7.90,true,1,
7290000000206,true,צנון,קטיף,IL,צנון,קילוגרמים,0.00,"ק""ג",true,0,7.90,7.90,true,1,
7290000000220,true,קולורבי,קטיף,IL,קולורבי,קילוגרמים,0.00,"ק""ג",true,0,11.90,11.90,true,1,
7290000000299,true,חסה עגולה-יח',קטיף,IL,חסה עגולה-יח',יחידה,1.00,יחידה,false,0,6.90,6.90,true,1,
7290000000374,true,שמפניון-יח',קטיף,IL,שמפניון-יח',יחידה,1.00,יחידה,false,0,9.90,9.90,true,1,
7290000000411,true,שום - רביעייה במארז,קטיף,XX,שום - רביעייה במארז,יחידה,1.00,יחידה,false,0,7.00,7.00,true,1,
7290000000428,true,בטטות מובחר,קטיף,IL,בטטות מובחר,קילוגרמים,0.00,"ק""ג",true,0,10.90,10.90,true,1,
7290000000435,true,סלרי עלים -יח',קטיף,IL,סלרי עלים -יח',יחידה,1.00,יחידה,false,0,6.90,6.90,true,1,
7290000000442,true,נבטים סיניים-יח',קטיף,IL,נבטים סיניים-יח',יחידה,1.00,יחידה,false,0,6.00,6.00,true,1,
7290000000459,true,נבטי אלפלפא-יח',קטיף,IL,נבטי אלפלפא-יח',יחידה,1.00,יחידה,false,0,6.00,6.00,true,1,
7290000000466,true,בצל ירוק יח',קטיף,IL,בצל ירוק-יח',יחידה,1.00,יחידה,false,0,5.90,5.90,true,1,
7290000000480,true,בצל יבש,קטיף,IL,בצל יבש,קילוגרמים,0.00,"ק""ג",true,0,5.90,5.90,true,1,
7290000000510,true,פטרוזיליה יח',קטיף,IL,פטרוזיליה-יח',יחידה,1.00,יחידה,false,0,4.90,4.90,true,1,
7290000000527,true,שמיר יח',קטיף,IL,שמיר יח',יחידה,1.00,יחידה,false,0,4.90,4.90,true,1,
7290000000534,true,סלרי ראש יח',קטיף,IL,סלרי ראש-יח',יחידה,1.00,יחידה,false,0,7.90,7.90,true,1,
7290000000558,true,כוסברה יח',קטיף,IL,כוסברה יח',יחידה,1.00,יחידה,false,0,4.90,4.90,true,1,
7290000000565,true,נענע יח',קטיף,IL,נענע יח',יחידה,1.00,יחידה,false,0,4.90,4.90,true,1,
7290000000572,true,שומר,קטיף,IL,שומר,קילוגרמים,0.00,"ק""ג",true,0,9.90,9.90,true,1,
7290000000619,true,פלפל חריף,שותפות מזרחי,IL,פלפל חריף,קילוגרמים,0.00,"ק""ג",true,0,9.90,9.90,true,1,
7290000000732,true,דלורית,קטיף,IL,דלורית,קילוגרמים,0.00,"ק""ג",true,0,9.90,9.90,true,1,
7290000000848,true,תירס קלוף ארוז,קטיף,IL,תירס קלוף ארוז,קילוגרמים,0.00,"ק""ג",true,0,14.90,14.90,true,1,
7290000000855,true,פלפל צהוב,קטיף,IL,פלפל צהוב,קילוגרמים,0.00,"ק""ג",true,0,9.90,9.90,true,1,
7290000000886,true,שרי אשכולות-ק'ג,קטיף,IL,שרי אשכולות-ק'ג,קילוגרמים,0.00,"ק""ג",true,0,15.90,15.90,true,1,
7290000000978,true,ח.ערבית כשר יחידה,קטיף,IL,חסה ערבית חסלט,יחידה,1.00,יחידה,false,0,6.90,6.90,true,1,
7290000000985,true,פטרוזליה-כשר-יח,קטיף,IL,פטרוזליה חסלט-יח,יחידה,1.00,יחידה,false,0,5.90,5.90,true,1,
7290000001036,true,בצל יבש אדום,קטיף,XX,בצל יבש אדום,קילוגרמים,0.00,"ק""ג",true,0,6.90,6.90,true,1,
7290000001043,true,כ.לבן כשר-קג,קטיף,IL,כ.לבן כשר-קג,קילוגרמים,0.00,"ק""ג",true,0,11.90,11.90,true,1,
7290000001579,true,סלרי עלים/כשר-יח,קטיף,IL,סלרי עלים/כשר-יח,יחידה,1.00,יחידה,false,0,6.90,6.90,true,1,
7290000001586,true,שמיר כשר-יח,קטיף,IL,שמיר כשר-יח',יחידה,1.00,יחידה,false,0,5.90,5.90,true,1,
7290000001616,true,כוסברה כשר-יח,קטיף,IL,כוסברה כשר-יח',יחידה,1.00,יחידה,false,0,5.90,5.90,true,1,
7290000001692,true,תפוח אדמה אדום ארוז,קטיף,IL,תפוח אדמה אדום ארוז,קילוגרמים,0.00,"ק""ג",true,0,7.90,7.90,true,1,
7290000001715,true,תפוא לבן ארוז,קטיף,IL,תפוא לבן ארוז,קילוגרמים,0.00,"ק""ג",true,0,6.90,6.90,true,1,
7290000001722,true,תפוח אדמה אדום תפזורת,קטיף,IL,"תפו""א אדום תפז'",קילוגרמים,0.00,"ק""ג",true,0,8.90,8.90,true,1,
7290000002026,true,לחם אחיד 750 גרם,מאפית ברמן,IL,לחם אחיד 750 גרם,גרמים,750.00,100 גרם,false,0,4.70,0.63,true,1,
7290000002040,true,חלה רגילה 500 גרם,מאפית ברמן,IL,חלה רגילה,גרמים,500.00,100 גרם,false,0,4.90,0.98,true,1,
7290000011622,true,גבינה מגורדת** במשקל,,IL,גבינה מגורדת** במשקל,קילוגרמים,0.00,"ק""ג",true,0,33.00,33.00,true,1,
7290000023083,false,ערק אשקלון,,IL,ערק אשקלון,מיליליטרים,700.00,"100 מ""ל",false,0,72.90,10.41,true,1,
7290000023571,false,"וורמוט אדום מובחר 750מ""ל",יקבי ברקן,IL,וורמוט אדום,מיליליטרים,750.00,"100 מ""ל",false,0,32.80,4.37,true,1,
7290000023809,false,"ברקן קלאסיק קברנה 750מ""ל",יקבי ברקן,IL,"ברקן קלאסיק קברנה 750מ""ל",מיליליטרים,750.00,"100 מ""ל",false,0,31.90,4.25,true,1,
7290000023977,false,"ברקן קלאסיק מרלו 750 מ""ל",יקבי ברקן,IL,"ברקן קלאסיק מרלו 750 מ""ל",מיליליטרים,750.00,"100 מ""ל",false,0,31.90,4.25,true,1,
7290000024202,false,"ברקן רזרב קברנה 750 מ""ל",יקבי ברקן,IL,"ברקן רזרב קברנה 750 מ""ל",מיליליטרים,750.00,"100 מ""ל",false,0,49.90,6.65,true,1,
7290000024264,false,"ברקן רזרב מרלו 750 מ""ל",יקבי ברקן,IL,"ברקן רזרב מרלו 750 מ""ל",מיליליטרים,750.00,"100 מ""ל",false,0,49.90,6.65,true,1,
7290000024905,false,וודקה קגלביץ קלסיקה700מל,יקבי ברקן,IL,וודקה קגלביץ,מיליליטרים,700.00,"100 מ""ל",false,0,65.90,9.41,true,1,
7290000032757,false,תירס פרי זה 550X3ג,זנלכל,IL,תירס 3 יח',קילוגרמים,1.65,"ק""ג",false,0,14.90,9.03,true,1,
7290000032856,false,אפונה פרי זה 550X3,זנלכל,IL,אפונת גינה 3 יח,קילוגרמים,1.65,"ק""ג",false,0,16.60,10.06,true,1,
7290000034256,false,ביסקוויט תירוש 175 גרם,מגדנית הדר,IL,ביסקוויט תירוש 175 גרם,גרמים,175.00,100 גרם,false,0,8.10,4.63,true,1,
7290000040066,false,יופלה דובדבן3% 150 גרם,תנובה,IL,יופלה דובדבן3%,גרמים,150.00,100 גרם,false,0,4.90,3.27,true,1,
7290000040301,false,עין גדי קממבר24% 125 גר,תנובה,IL,עין גדי קממבר24% 125 גר,גרמים,125.00,100 גרם,false,0,18.90,15.12,true,1,
7290000040974,false,חלב טרי 2% דל לקטוז 1 ל,תנובה,IL,חלב טרי 2% דל לקטוז 1 ל,ליטרים,1.00,ליטר,false,0,6.90,6.90,true,1,
7290000041407,false,"גיל בד""ץ מועשר 3% 125מל",תנובה,IL,גיל מועשר 3%,מיליליטרים,125.00,"100 מ""ל",false,0,0.90,0.72,true,1,
7290000041445,false,גבינת קוטג5'%מהדרין250גר,תנובה,IL,גבינת קוטג5'%מהדרין250גר,גרמים,250.00,100 גרם,false,0,5.50,2.20,true,1,
7290000041452,false,קוטג' מהדרין9% 250 גרם,תנובה,IL,קוטג' מהדרין9% 250 גרם,גרמים,250.00,100 גרם,false,0,5.50,2.20,true,1,
7290000041858,false,שמנת חמוצה15% מועשרת200,שטראוס,IL,שמנת חמוצה יטבתה,מיליליטרים,200.00,"100 מ""ל",false,0,2.40,1.20,true,1,
7290000041865,false,לבן יטבתה 4.5% שומן 200מ,יטבתה,IL,לבן יטבתה4.5%,מיליליטרים,200.00,"100 מ""ל",false,0,2.00,1.00,true,1,
7290000041872,false,"לבן יטבתה 3% 200 מ""ל",יטבתה,IL,לבן יטבתה 3%,מיליליטרים,200.00,"100 מ""ל",false,0,2.00,1.00,true,1,
7290000042015,false,חלב 3% מהדרין שקית 1 ל',תנובה,IL,חלב 3% שקית,ליטרים,1.00,ליטר,false,0,5.00,5.00,true,1,
7290000042404,false,חלב מועשר3% יטבתה שקית1ל,שטראוס,IL,חלב מועשר3% יטבתה שקית1ל,ליטרים,1.00,ליטר,false,0,5.70,5.70,true,1,
7290000042435,false,חלב מפוסטר 1% בקרטון 1 ל,תנובה,IL,חלב מפוסטר 1% בקרטון 1 ל,ליטרים,1.00,ליטר,false,0,5.55,5.55,true,1,
7290000042466,false,חלב מועשר 1% בקרטון 1 ל',תנובה,IL,חלב מועשר 1% בקרטון 1 ל',ליטרים,1.00,ליטר,false,0,9.10,9.10,true,1,
7290000042541,false,חלב עמיד 1% הומוגני 1 ל',תנובה,IL,חלב עמיד 1% הומוגני 1 ל',ליטרים,1.00,ליטר,false,0,7.90,7.90,true,1,
7290000042640,false,"חלב עמיד 3% שומן 250 מ""ל",תנובה,IL,"חלב עמיד 3% שומן 250 מ""ל",מיליליטרים,250.00,"100 מ""ל",false,0,2.70,1.08,true,1,
7290000042671,false,חלב עמיד 3% שומן 1 ליטר,,IL,חלב עמיד 3% שומן 1 ליטר,ליטרים,1.00,ליטר,false,0,6.90,6.90,true,1,
7290000042732,false,שוקו תנובה כד 2 ליטר,תנובה,IL,שוקו כד 2 ליטר,ליטרים,2.00,ליטר,false,0,21.60,10.80,true,1,
7290000042855,false,"שוקו בשקית יוטבתה 225מ""ל",יטבתה,IL,שוקו בשקית,מיליליטרים,225.00,"100 מ""ל",false,0,2.40,1.07,true,1,
7290000043012,false,"שוקו שוק עמיד 250 מ""ל",תנובה,IL,שוקו עמיד,מיליליטרים,250.00,"100 מ""ל",false,0,4.30,1.72,true,1,
7290000043159,false,חמאה מלוחה 200 גרם,תנובה,IL,חמאה מלוחה 200 גרם,גרמים,200.00,100 גרם,false,0,9.20,4.60,true,1,
7290000043890,false,רויון 1.5% בקרטון 1ל,תנובה,IL,רויון בקרטון1.5%,ליטרים,1.00,ליטר,false,0,10.70,10.70,true,1,
7290000044088,false,שלי קלאסיק 3%שומן 200 ג,תנובה,IL,שלי קלאסיק 3%לבן,גרמים,200.00,100 גרם,false,0,3.00,1.50,true,1,
7290000044712,false,פרילי+תות שדה1.5% 500ג,תנובה,IL,פרילי תות-שדה,גרמים,500.00,100 גרם,false,0,10.40,2.08,true,1,
7290000044880,false,באדי מעדן תות 3% 500 גרם,תנובה,IL,מעדן באדי תות 3%,גרמים,500.00,100 גרם,false,0,9.00,1.80,true,1,
7290000045771,false,יוגורט בכד 4.5% 3 ל',תנובה,IL,יוגורט בכד4.5%,ליטרים,3.00,ליטר,false,0,28.10,9.37,true,1,
7290000046006,false,גב.עמק 28% במשקל,תנובה,IL,גב.עמק 28% במשקל,קילוגרמים,0.00,"ק""ג",true,0,42.93,42.93,true,1,
7290000046020,false,גב.גלבוע 22% במשקל,תנובה,IL,גב.גלבוע 22% במשקל,קילוגרמים,0.00,"ק""ג",true,0,40.80,40.80,true,1,
7290000046181,false,גב.טיראן 28% במשקל,טנא נוגה,IL,גבינת טיראן,קילוגרמים,0.00,"ק""ג",true,0,42.93,42.93,true,1,
7290000046501,false,"גב.טל העמק 1 ק""ג במשקל",תנובה,IL,"גב.טל העמק 1 ק""ג במשקל",גרמים,0.00,"ק""ג",true,0,58.00,58.00,true,1,
7290000046563,false,גב.קולאז' פרמזן 23%במשקל,תנובה,IL,גב.קולאז' פרמזן 23%במשקל,גרמים,0.00,"ק""ג",true,0,107.00,107.00,true,1,
7290000046662,false,גב.קשה סקנדינבית31%משקל,תנובה,IL,גב.קשה סקנדינבית31%משקל,קילוגרמים,0.00,"ק""ג",true,0,72.00,72.00,true,1,
7290000047485,false,גב.בולגרית 24%במשקל,תנובה,IL,גב.בולגרית 24%במשקל,קילוגרמים,0.00,"ק""ג",true,0,58.00,58.00,true,1,
7290000047546,false,גב.כנען 5% 500 גרם,תנובה,IL,גב.כנען 5% 500 גרם,גרמים,500.00,100 גרם,false,0,22.30,4.46,true,1,
7290000047621,false,גב5%.שומן כשר מהדרין250ג,תנובה,IL,גב5%.שומן כשר מהדרין250ג,גרמים,250.00,100 גרם,false,0,4.80,1.92,true,1,
7290000047942,false,גב9%.שומן כשר מהדרין250ג,תנובה,IL,גבינה9%מהדרין,גרמים,250.00,100 גרם,false,0,5.10,2.04,true,1,
7290000048192,false,גב.לבנה רכה 9% 250 גרם,תנובה,IL,גב.לבנה רכה 9% 250 גרם,גרמים,250.00,100 גרם,false,0,5.10,2.04,true,1,
7290000048307,false,קוטג' 5% עם זיתים 250 גר,תנובה,IL,קוטג' 5% עם זיתים 250 גר,גרמים,250.00,100 גרם,false,0,5.80,2.32,true,1,
7290000048413,false,גב.חמד פיראוס16% 250 גר,תנובה,IL,גב.חמד פיראוס16% 250 גר,גרמים,250.00,100 גרם,false,0,17.00,6.80,true,1,
7290000048437,false,גבי. צפתית פיראוס5% 200ג,תנובה,IL,גבי. צפתית פיראוס5% 200ג,גרמים,200.00,100 גרם,false,0,15.60,7.80,true,1,
7290000050065,false,"יופלה 360 קלאסי 100*6מ""ל",תנובה,IL,יופלה 360 קלאסי,מיליליטרים,600.00,"100 מ""ל",false,0,12.60,2.10,true,1,
7290000050270,false,פיראוס צפתית עיזים5% 200,תנובה,IL,פיראוס צפתית עיזים5% 200,גרמים,200.00,100 גרם,false,0,18.90,9.45,true,1,
7290000050447,false,יופלה תות 500 גרם,תנובה,IL,יופלה תות,גרמים,500.00,100 גרם,false,0,13.60,2.72,true,1,
7290000051024,false,יופלה שטוזים תות 100*4גר,תנובה,IL,יופלה שטוזים תות 100*4גר,גרמים,400.00,100 גרם,false,0,10.40,2.60,true,1,
7290000051710,false,לבנה+שמן זית וזעתר 263גר,תנובה,IL,לאבנה פיראוס,גרמים,263.00,100 גרם,false,0,13.90,5.29,true,1,
7290000051772,false,מעדן דיאט שוק.קוקוס 150ג,תנובה,IL,מעדן תנובה דיאט,גרמים,150.00,100 גרם,false,0,3.80,2.53,true,1,
7290000052298,false,משקה מוקה בקבוק 1 ליטר,תנובה,,משקה מוקה בקבוק,מיליליטרים,1000.00,"100 מ""ל",false,0,12.80,1.28,true,1,
7290000052311,false,עמק 15% פרוס בקופסא 200,תנובה,IL,עמק 15% פרוס בקופסא 200,גרמים,200.00,100 גרם,false,0,15.40,7.70,true,1,
7290000052649,false,פיראוס לבנה 5% 500 גרם,תנובה,IL,פיראוס לבנה 5%,גרמים,500.00,100 גרם,false,0,19.90,3.98,true,1,
7290000052717,false,קוטג' עם שום שמיר5% 250ג,,IL,קוטג' עם שום שמיר5% 250ג,גרמים,250.00,100 גרם,false,0,5.80,2.32,true,1,
7290000052946,false,יופלה מעודן 150*8 גרם,תנובה,IL,יופלה מעודן 8 יח,קילוגרמים,1.20,"ק""ג",false,0,19.90,16.58,true,1,
7290000053127,false,עמק חריץ 15% שומן במשקל,,IL,עמק חריץ 15% שומן במשקל,קילוגרמים,0.00,"ק""ג",true,0,66.00,66.00,true,1,
7290000053981,false,יופלה פרי 150*8 גרם,תנובה,IL,יופלה פרי 8 יח,קילוגרמים,1.20,"ק""ג",false,0,28.20,23.50,true,1,
7290000053998,false,יופלה לבן 1.5% 150*8 גרם,תנובה,IL,יופלה לבן 8 יח,קילוגרמים,1.20,"ק""ג",false,0,17.20,14.33,true,1,
7290000055206,false,גבינה לבנה טעם בצל5% 250,,IL,גבינה לבנה טעם בצל5% 250,גרמים,250.00,100 גרם,false,0,5.30,2.12,true,1,
7290000055336,false,משקה יוגורט בננ.אפרסק250,תנובה,IL,משקה יוגורט,גרמים,250.00,100 גרם,false,0,5.30,2.12,true,1,
7290000055565,false,שלגונים מצופים 10 כשלפ,נסטלה,IL,שלגונים מצופים 10 כשלפ,גרמים,600.00,100 גרם,false,0,30.50,5.08,true,1,
7290000055893,false,חמאה מהדרין 200 גרם,תנובה,IL,חמאה מהדרין200גר,גרמים,200.00,100 גרם,false,0,7.50,3.75,true,1,
7290000056081,false,פרילי טבע 6 * 200גרם,תנובה,IL,מארז פרילי טבע,קילוגרמים,1.20,"ק""ג",false,0,22.30,18.58,true,1,
7290000056272,false,גבינה לבנה+זיתים 5% 250ג,,,גבינה לבנה+זיתים 5% 250ג,גרמים,250.00,100 גרם,false,0,5.30,2.12,true,1,
7290000056753,false,גבינה עמק 200 גר,,IL,גבינה עמק 200 גר,גרמים,200.00,100 גרם,false,0,15.40,7.70,true,1,
7290000056760,false,גבינה עמק 400 גר,,IL,גבינה עמק 400 גר,גרמים,400.00,100 גרם,false,0,27.90,6.98,true,1,
7290000056777,false,גבינה צהובה עמק 9% 200 ג,,IL,גבינה צהובה עמק 9% 200 ג,גרמים,200.00,100 גרם,false,0,16.20,8.10,true,1,
7290000056883,false,יופלה 3% טעמים 150*8גרם,תנובה,IL,יופלה 8 יח במארז,קילוגרמים,1.20,"ק""ג",false,0,31.20,26.00,true,1,
7290000056944,false,זוג שוקו 1 ליטר,,IL,זוג שוקו 1 ליטר,ליטרים,2.00,ליטר,false,0,20.00,10.00,true,1,
7290000057088,false,גבינת עמק דק 28% 200 גרם,תנובה,IL,גבינת עמק דק 28%,גרמים,200.00,100 גרם,false,0,15.40,7.70,true,1,
7290000057118,false,גבינת עמק פרוסה,,,גבינת עמק פרוסה,גרמים,400.00,100 גרם,false,0,20.90,5.23,true,1,
7290000057453,false,גבינה עמק 28%,,IL,גבינה עמק 28%,קילוגרמים,0.00,"ק""ג",true,0,42.93,42.93,true,1,
7290000057477,false,חלב טרי הומוגני3% 1.5ל',תנובה,IL,חלב טרי הומוגני3% 1.5ל',ליטרים,1.50,ליטר,false,0,8.80,5.87,true,1,
7290000057828,false,מיני קרלו 16 יח,,IL,מיני קרלו 16 יח,קילוגרמים,1.60,"ק""ג",false,0,19.90,12.44,true,1,
7290000058047,false,"שמנת +38%פקק 500 מ""ל",,IL,"שמנת +38%פקק 500 מ""ל",מיליליטרים,500.00,"100 מ""ל",false,0,12.40,2.48,true,1,
7290000058276,false,מארז מיני קרלו,,IL,מארז מיני קרלו,גרמים,800.00,100 גרם,false,0,13.10,1.64,true,1,
7290000058979,false,גיל בטעם תות125ג,,IL,גיל בטעם תות125ג,גרמים,125.00,100 גרם,false,0,1.60,1.28,true,1,
7290000060071,false,חטיפ.פריכונים ט.טבעי80גר,"פרח תעשיות מזון בע""מ",IL,חטיפי פריכונים,גרמים,80.00,100 גרם,false,0,7.60,9.50,true,1,
7290000060088,false,בייגלה מקלות מלוחים400גר,אסם,IL,בייגלה מקלות,גרמים,400.00,100 גרם,false,0,10.00,2.50,true,1,
7290000060156,false,אטריות ביצים דקות 200 גר,אסם,IL,אטריות ביצים,גרמים,200.00,100 גרם,false,0,10.60,5.30,true,1,
7290000060163,false,אטריות דקות 400 גרם,אסם,IL,אטריות דקות,גרמים,400.00,100 גרם,false,0,6.90,1.73,true,1,
7290000060200,false,פתיתים אפויים קוסקוס500ג,אסם,IL,פתיתים אפויים,גרמים,500.00,100 גרם,false,0,6.90,1.38,true,1,
7290000060217,false,פסטה מקרוני 7 500 גרם,זארה,IT,פסטה מקרוני 7,גרמים,500.00,100 גרם,false,0,5.80,1.16,true,1,
7290000060248,false,פסטה אסם תלתלים 500 גרם,זארה,IT,פסטה תלתלים,גרמים,500.00,100 גרם,false,0,5.80,1.16,true,1,
7290000060316,false,ספגטי פרפקטו 500 גרם,זארה,IT,ספגטי פרפקטו,גרמים,500.00,100 גרם,false,0,7.60,1.52,true,1,
7290000060323,false,ספגטיני פרפקטו 500 גרם,זארה,IT,ספגטיני פרפקטו,גרמים,500.00,100 גרם,false,0,7.60,1.52,true,1,
7290000060408,false,פתיתים טבעות 500 גרם,אסם,IL,פתיתים טבעות,גרמים,500.00,100 גרם,false,0,6.90,1.38,true,1,
7290000060415,false,לזניה פרפקטו 500 גרם,פסטה לנסי,IT,לזניה פרפקטו,גרמים,500.00,100 גרם,false,0,17.90,3.58,true,1,
7290000060491,false,פרפקטו קיפרי ריגאטי 500ג,זארה,IT,פסטה קיפרי ריגטי,גרמים,500.00,100 גרם,false,0,7.60,1.52,true,1,
7290000060781,false,פסטה מסולסלת אסם 500 גרם,זארה,IT,פסטה מסולסלת,גרמים,500.00,100 גרם,false,0,5.80,1.16,true,1,
7290000060828,false,פסטה קרניים בינוניות500ג,זארה,IT,פסטה קרניים,גרמים,500.00,100 גרם,false,0,5.80,1.16,true,1,
7290000060842,false,פסטה צדפים גדולים 500 גר,זארה,IT,פסטה צדפים אסם,גרמים,500.00,100 גרם,false,0,5.80,1.16,true,1,
7290000060859,false,פסטה צדפים אסם 500 גרם,זארה,IT,פסטה צדפים,גרמים,500.00,100 גרם,false,0,5.80,1.16,true,1,
7290000060880,false,פסטה ספגטי מס 8 אסם 500ג,זארה,IT,ספגטי מס' 8,גרמים,500.00,100 גרם,false,0,5.80,1.16,true,1,
7290000060903,false,פתיתים אפויים אורז 500 ג,אסם,IL,פתיתים אפויים,גרמים,500.00,100 גרם,false,0,6.90,1.38,true,1,
7290000060958,false,אטריות בינוניות 400 גרם,אסם,IL,אטריות בינוניות,גרמים,400.00,100 גרם,false,0,6.90,1.73,true,1,
7290000060965,false,אטריות רחבות 400 גרם,אסם,IL,אטריות רחבות,גרמים,400.00,100 גרם,false,0,6.90,1.73,true,1,
7290000060972,false,אטריות דקיקות אסם 400 גר,זארה,IT,אטריות דקיקות,גרמים,400.00,100 גרם,false,0,6.90,1.73,true,1,
7290000061108,false,"רוטב טריאקי אסם 290 מ""ל",אסם,IL,רוטב טריאקי,מיליליטרים,290.00,"100 מ""ל",false,0,11.70,4.03,true,1,
7290000061245,false,עוג.שוקוצ'יפס ממולאות220,אסם,IL,עוגיות ש.צ'יפס,גרמים,220.00,100 גרם,false,0,10.90,4.95,true,1,
7290000061450,false,פתיתים אפויים 3צבעים500ג,אסם,IL,פתיתים אפויים,גרמים,500.00,100 גרם,false,0,6.90,1.38,true,1,
7290000061764,false,נסקפה רד מאג 200 גרם,נסטלה,ES,נסקפה רד מאג,גרמים,200.00,100 גרם,false,0,25.50,12.75,true,1,
7290000061917,false,נסקפה רד מאג נטול200גר,נסטלה,ES,נסקפה רד מאגנטול,גרמים,200.00,100 גרם,false,0,34.70,17.35,true,1,
7290000062129,false,"אינסטנט פודינג וניל 1ק""ג",אסם,IL,"אינסטנט פודינג וניל 1ק""ג",קילוגרמים,1.00,"ק""ג",false,0,29.70,29.70,true,1,
7290000062242,false,דובונים שמנת בצל 40 גרם,אסם,IL,דובונים שמנת בצל,גרמים,40.00,100 גרם,false,0,4.50,11.25,true,1,
7290000062709,false,לחמית שיפון 920 גרם,אסם,IL,קרקר לחמית שיפון,גרמים,920.00,100 גרם,false,0,25.90,2.82,true,1,
7290000063027,false,"לחמית ללא גלוטן 1 ק""ג",אסם,IL,לחמית ללא גלוטן,קילוגרמים,1.00,"ק""ג",false,0,33.10,33.10,true,1,
7290000063096,false,קטשופ בקב.לחיץ 750*2 גרם,אסם,IL,קטשופ זוג,קילוגרמים,1.50,"ק""ג",false,0,20.80,13.87,true,1,
7290000063140,false,שקדי מרק רכיבים טבעי400ג,אסם,IL,שקדי מרק אסם,גרמים,400.00,100 גרם,false,0,11.50,2.88,true,1,
7290000063157,false,"קמח תופח מאליו 1 ק""ג",אסם,IL,קמח תופח מאליו,קילוגרמים,1.00,"ק""ג",false,0,9.30,9.30,true,1,
7290000063294,false,סירופ ויטמינצ'יק ענבים2ל,בית השיטה,IL,ויטמינצ'יק ענבים,ליטרים,2.00,ליטר,false,0,22.50,11.25,true,1,
7290000063300,false,סירופ ויטמינצ'יק פטל 2ל',בית השיטה,IL,ויטמינצ'יק פטל,ליטרים,2.00,ליטר,false,0,22.50,11.25,true,1,
7290000064505,false,תבשיל פתיתים+ירקות 130גר,אסם,IL,תבשיל פתיתים,גרמים,130.00,100 גרם,false,0,12.10,9.31,true,1,
7290000064758,false,קוסקוס בינוני 350 גרם,קוסקוס מזון,IL,קוסקוס בינוני,גרמים,350.00,100 גרם,false,0,7.90,2.26,true,1,
7290000065090,false,מיני קרוטונים מתובל400 ג,עינת,IL,מיני קרוטונים,גרמים,400.00,100 גרם,false,0,26.40,6.60,true,1,
7290000065557,false,מ.חמה קוסקוס עם ירקות 84,אסם,IL,מנה חמה קוסקוס,גרמים,84.00,100 גרם,false,0,6.90,8.21,true,1,
7290000065724,false,סירופ ויטמינצ'יק לימון1ל,בית השיטה,IL,ויטמינצ'יק לימון,ליטרים,1.00,ליטר,false,0,12.90,12.90,true,1,
7290000065748,false,סירופ ויטמינצ'יק אננס 1ל,בית השיטה,IL,ויטמינצ'יק אננס,ליטרים,1.00,ליטר,false,0,12.90,12.90,true,1,
7290000066134,false,ביסלי פלאפל 70 גרם,אסם,IL,ביסלי פלאפל 70 גרם,גרמים,70.00,100 גרם,false,0,3.80,5.43,true,1,
7290000066141,false,ביסלי גריל 70 גרם,אסם,IL,ביסלי גריל 70 גרם,גרמים,70.00,100 גרם,false,0,3.80,5.43,true,1,
7290000066158,false,ביסלי בצל 67 גרם,אסם,IL,ביסלי בצל 67 גרם,גרמים,67.00,100 גרם,false,0,3.80,5.67,true,1,
7290000066165,false,ביסלי ברביקיו 67 גרם,אסם,IL,ביסלי ברביקיו 67 גרם,גרמים,67.00,100 גרם,false,0,3.80,5.67,true,1,
7290000066172,false,ביסלי פיצה 70 גרם,אסם,IL,ביסלי פיצה,גרמים,70.00,100 גרם,false,0,3.80,5.43,true,1,
7290000066189,false,ביסלי פלאפל 200 גרם,אסם,IL,ביסלי פלאפל 200 גרם,גרמים,200.00,100 גרם,false,0,6.90,3.45,true,1,
7290000066202,false,ביסלי בצל 190 גרם,אסם,IL,ביסלי בצל 190 גרם,גרמים,190.00,100 גרם,false,0,6.90,3.63,true,1,
7290000066219,false,ביסלי ברביקיו 190 גרם,אסם,IL,ביסלי ברביקיו 190 גרם,גרמים,190.00,100 גרם,false,0,6.90,3.63,true,1,
7290000066226,false,ביסלי פיצה 200 גרם,אסם,IL,ביסלי פיצה 200 גרם,גרמים,200.00,100 גרם,false,0,6.90,3.45,true,1,
7290000066264,false,דובונים-חטיפים מלוחים40ג,אסם,IL,חטיפי דובונים,גרמים,40.00,100 גרם,false,0,4.50,11.25,true,1,
7290000066295,false,במבה מתוקה 30 גרם,אסם,IL,במבה מתוקה,גרמים,30.00,100 גרם,false,0,2.50,8.33,true,1,
7290000066332,false,אפרופו 50 גרם,אסם,IL,חטיף אפרופו,גרמים,50.00,100 גרם,false,0,5.20,10.40,true,1,
7290000066431,false,פופקו בטעם חמאה ודבש80גר,אסם,IL,חטיף פופקו,גרמים,80.00,100 גרם,false,0,5.50,6.88,true,1,
7290000066943,false,סירופ ויטמינצ'יק ענבים1ל,בית השיטה,IL,ויטמינצ'יק ענבים,ליטרים,1.00,ליטר,false,0,12.90,12.90,true,1,
7290000066950,false,"ויטמינצ'יק סירופ תפו""ע1ל",בית השיטה,IL,"ויטמינצ'יק תפו""ע",ליטרים,1.00,ליטר,false,0,12.90,12.90,true,1,
7290000067070,false,עוג.מיני ממולא.שוקולד300,אסם,IL,עוגיות ממולאות,גרמים,300.00,100 גרם,false,0,12.10,4.03,true,1,
7290000067735,false,"ניוקי תפו""א 500 גרם",איטלניוקי,IT,ניוקי פרפקטו,גרמים,500.00,100 גרם,false,0,12.90,2.58,true,1,
7290000068084,false,"פתי בר 1.75 ק""ג",אסם,IL,פתי בר אסם,קילוגרמים,1.75,"ק""ג",false,0,25.40,14.51,true,1,
7290000068138,false,אינסטנט פודינג וניל 80גר,אסם,IL,אינסטנט פודינג,גרמים,80.00,100 גרם,false,0,5.20,6.50,true,1,
7290000068169,false,אינסטנט פודינג שוקולד95ג,אסם,IL,אינסטנט פודינג,גרמים,95.00,100 גרם,false,0,5.20,5.47,true,1,
7290000068190,false,ג'לי בטעם תות 90 גרם,אסם,IL,ג'לי בטעם תות,גרמים,90.00,100 גרם,false,0,7.30,8.11,true,1,
7290000068237,false,ג'לי בטעם פטל 85 גרם,אסם,IL,ג'לי בטעם פטל,גרמים,85.00,100 גרם,false,0,7.30,8.59,true,1,
7290000068343,false,פריכונים מאורז מלא 140גר,"פרח תעשיות מזון בע""מ",IL,פריכונים מאורז,גרמים,140.00,100 גרם,false,0,7.60,5.43,true,1,
7290000068893,false,במבה נוגט 60*4 גרם,אסם,IL,במבה נוגט 4 יח',גרמים,240.00,100 גרם,false,0,18.50,7.71,true,1,
7290000069258,false,פנה ריגאטה פרפקטו 500 גר,זארה,IT,פנה ריגאטה,גרמים,500.00,100 גרם,false,0,7.60,1.52,true,1,
7290000069364,false,פריכונים-אורז דל נתרן140,"פרח תעשיות מזון בע""מ",IL,פריכונים מאורז,גרמים,140.00,100 גרם,false,0,7.60,5.43,true,1,
7290000070308,false,מרק עוף אמיתי 400 גרם,אסם,IL,מרק עוף אמיתי,גרמים,400.00,100 גרם,false,0,20.30,5.08,true,1,
7290000070322,false,מרק פטריות ר.טבעיים400גר,אסם,IL,מרק פטריות אסם,גרמים,400.00,100 גרם,false,0,26.60,6.65,true,1,
7290000070353,false,מרק בצל רכיבים טבעיים400,אסם,IL,מרק בצל אסם,גרמים,400.00,100 גרם,false,0,26.60,6.65,true,1,
7290000070384,false,מרק בטעם עוף זך עדיף400ג,אסם,IL,מרק בטעם עוף,גרמים,400.00,100 גרם,false,0,16.20,4.05,true,1,
7290000072203,false,רוטב אלף האיים אסם 290מל,אסם,IL,רוטב אלף האיים,מיליליטרים,290.00,"100 מ""ל",false,0,10.90,3.76,true,1,
7290000072227,false,"רוטב סויה סיני 290 מ""ל",אסם,IL,רוטב סויה,מיליליטרים,290.00,"100 מ""ל",false,0,11.70,4.03,true,1,
7290000072241,false,"רוטב פיצה 290 מ""ל",אסם,IL,רוטב לפיצה אסם,מיליליטרים,290.00,"100 מ""ל",false,0,11.70,4.03,true,1,
7290000072593,false,לחמית חיטה מלאה דבש200גר,אסם,IL,לחמית ח.מלאה דבש,גרמים,200.00,100 גרם,false,0,8.10,4.05,true,1,
7290000072623,false,קטשופ בקבוק לחיץ 750 גרם,אסם,IL,קטשופ בקבוק לחיץ,גרמים,750.00,100 גרם,false,0,11.90,1.59,true,1,
7290000072692,false,רוטב ספגטי 500 גרם,אסם,IL,רוטב ספגטי 500 גרם,גרמים,500.00,100 גרם,false,0,13.80,2.76,true,1,
7290000072753,false,נסקפה טסטר'ס צ'ויס200ג,נסטלה,KR,נסקפה טסטרס צויס,גרמים,200.00,100 גרם,false,0,34.90,17.45,true,1,
7290000072777,false,טסטרס צ'ויס נט.קפאין200,נסטלה,KR,קפה טסטרס צויס,גרמים,200.00,100 גרם,false,0,39.90,19.95,true,1,
7290000072890,false,רוטב אלף האיים 2% 290ג,אסם,IL,רוטב אלף האיים,מיליליטרים,290.00,"100 מ""ל",false,0,10.90,3.76,true,1,
7290000072913,false,"רוטב שום 2% שומן 290 מ""ל",אסם,IL,רוטב שום לייט,מיליליטרים,290.00,"100 מ""ל",false,0,10.90,3.76,true,1,
7290000072968,false,סיני מיניס 500 גרם,נסטלה,PL,דגני נסטלה,גרמים,500.00,100 גרם,false,0,25.10,5.02,true,1,
7290000073415,false,מ.חמה פסטה ברוטב פיצה,אסם,IL,מנה חמה פסטה,גרמים,61.00,100 גרם,false,0,6.90,11.31,true,1,
7290000074061,false,לחמית סילאן ושומשום200גר,אסם,IL,לחמית סילאן,גרמים,200.00,100 גרם,false,0,8.10,4.05,true,1,
7290000074153,false,פתי בר בטעם שוקולד500גרם,אסם,IL,פתי בר שוקו,גרמים,500.00,100 גרם,false,0,14.10,2.82,true,1,
7290000074184,false,ביסקוויט פתי בר 500 גרם,אסם,IL,ביסקוויט פתי בר,גרמים,500.00,100 גרם,false,0,11.60,2.32,true,1,
7290000074245,false,קרם קרקר 250 גרם,אסם,IL,קרם קרקר אסם,גרמים,250.00,100 גרם,false,0,8.30,3.32,true,1,
7290000074290,false,לחמית סובין 230 גרם,אסם,IL,לחמית אסם,גרמים,230.00,100 גרם,false,0,8.10,3.52,true,1,
7290000074337,false,לחמית ח.מלאה דל נתרן250ג,אסם,IL,לחמית דל נתרן,גרמים,250.00,100 גרם,false,0,11.00,4.40,true,1,
7290000074375,false,קרקר זהב 150 גרם,אסם,IL,קרקר זהב אסם,גרמים,150.00,100 גרם,false,0,7.40,4.93,true,1,
7290000074481,false,לחמית אגוזים 160 גרם,אסם,IL,לחמית אגוזים,גרמים,160.00,100 גרם,false,0,11.00,6.88,true,1,
7290000074696,false,"קרם קרקר 1 ק""ג",אסם,IL,קרם קרקר,קילוגרמים,1.00,"ק""ג",false,0,24.90,24.90,true,1,
7290000074733,false,לחמית סובין 920 גרם,אסם,IL,לחמית סובין אסם,גרמים,920.00,100 גרם,false,0,25.90,2.82,true,1,
7290000074740,false,"לחמית חיטה מלאה 1 ק""ג",אסם,IL,לחמית חיטה מלאה,קילוגרמים,1.00,"ק""ג",false,0,25.90,25.90,true,1,
7290000074764,false,קרקר זהב 900 גרם,אסם,IL,קרקר זהב אסם,גרמים,900.00,100 גרם,false,0,27.20,3.02,true,1,
7290000075143,false,עוג. שוקוצ'יפס קלאסי200ג,אסם,IL,עוגיות שוקוצ'יפס,גרמים,200.00,100 גרם,false,0,10.90,5.45,true,1,
7290000075204,false,לחמית חיטה מלאה 250 גרם,אסם,IL,לחמית חיטה מלאה,גרמים,250.00,100 גרם,false,0,8.10,3.24,true,1,
7290000076133,false,בייגלה שמיניות קטנות400ג,אסם,IL,בייגלה שמיניות,גרמים,400.00,100 גרם,false,0,10.00,2.50,true,1,
7290000077017,false,קרמוגית ממולא שוקו200.גר,אסם,IL,קרמוגית שוקולד,גרמים,200.00,100 גרם,false,0,12.80,6.40,true,1,
7290000077253,false,לחמית כפרית 190 גרם,אסם,IL,לחמית כפרית,גרמים,190.00,100 גרם,false,0,11.00,5.79,true,1,
7290000078212,false,קרוטונים מתובלים 250גרם,עינת,IL,קרוטונים מתובל,גרמים,250.00,100 גרם,false,0,15.40,6.16,true,1,
7290000078762,false,חטיפי פריכונים עם דבש80ג,הרטו,BE,חטיפי פריכונים,גרמים,80.00,100 גרם,false,0,7.60,9.50,true,1,
7290000079233,false,קרם קרקר דל נתרן 250 גרם,אסם,IL,קרם קרקר דיאט,גרמים,250.00,100 גרם,false,0,10.40,4.16,true,1,
7290000079875,false,"גל.גויה מייפל פקאן 500מ""",נסטלה,IL,"גל.גויה מייפל פקאן 500מ""",מיליליטרים,500.00,"100 מ""ל",false,0,21.90,4.38,true,1,
7290000080260,false,גל.גויה פירות אדומים 500,נסטלה,IL,גלידה גויה,מיליליטרים,500.00,"100 מ""ל",false,0,21.90,4.38,true,1,
7290000080529,false,קישוא+בצל מטוגן רפי400גר,צבר,IL,סלט קישואים,גרמים,400.00,100 גרם,false,0,16.70,4.18,true,1,
7290000081663,false,בייגלה טבעות שומשום300גר,אסם,IL,בייגלה טבעות,גרמים,300.00,100 גרם,false,0,10.00,3.33,true,1,
7290000103419,false,אורז מג'דרה 700גרם,סנפרוסט,IL,אורז מג'דרה,גרמים,700.00,100 גרם,false,0,16.90,2.41,true,1,
7290000103426,false,אורז עם אפונה וגזר 700גר,סנפרוסט,IL,אורז עם אפונה וגזר 700גר,גרמים,700.00,100 גרם,false,0,16.90,2.41,true,1,
7290000103495,false,"אפונת גינה בד""צ 700 גרם",סנפרוסט,IL,אפונת גינה,גרמים,700.00,100 גרם,false,0,16.90,2.41,true,1,
7290000103501,false,שעועית ירוקה חתוכה 700 ג,סנפרוסט,IL,שעועית ירוקה חתו,גרמים,700.00,100 גרם,false,0,16.90,2.41,true,1,
7290000103525,false,"גזר גמדי בד""צ700 גרם",סנפרוסט,IL,גזר גמדי,גרמים,700.00,100 גרם,false,0,15.90,2.27,true,1,
7290000103532,false,"גרעיני תירס בד""צ 700 גרם",סנפרוסט,IL,גרעיני תירס,גרמים,700.00,100 גרם,false,0,15.90,2.27,true,1,
7290000103549,false,אפונה עדינה שלמה 600 גרם,סנפרוסט,IL,אפונה עדינה שלמה,גרמים,600.00,100 גרם,false,0,19.90,3.32,true,1,
7290000103556,false,"גרגירי חומוס בד""צ700 גרם",סנפרוסט,IL,"גרגירי חומוס בד""צ700 גרם",גרמים,700.00,100 גרם,false,0,17.90,2.56,true,1,
7290000103570,false,"אפונה וגזרבד""צ 1200 גרם",סנפרוסט,IL,"אפונה וגזרבד""צ 1200 גרם",קילוגרמים,1.20,"ק""ג",false,0,22.90,19.08,true,1,
7290000103822,false,לקט לעוף 800גרם,סנפרוסט,IL,לקט לעוף 800גרם,גרמים,800.00,100 גרם,false,0,23.20,2.90,true,1,
7290000104072,false,עדשים ירוקות מבושלות 800,סנפרוסט,IL,עדשים ירוקות מבושלות 800,גרמים,800.00,100 גרם,false,0,19.70,2.46,true,1,
7290000104713,false,פול ירוק מוקפא 800 גרם,סנפרוסט,IL,פול ירוק מוקפא,גרמים,800.00,100 גרם,false,0,25.90,3.24,true,1,
7290000104805,false,גרגרי חומוס מבושל 800גרם,סנפרוסט,IL,גרגרי חומוס מבושל 800גרם,גרמים,800.00,100 גרם,false,0,21.90,2.74,true,1,
7290000104836,false,שעועית עדינה שלמה 600גרם,סנפרוסט,IL,שעועית שלמה קפוא,גרמים,600.00,100 גרם,false,0,23.50,3.92,true,1,
7290000104881,false,אפונה וגזר 800 גרם,סנפרוסט,IL,אפונה וגזר 800 גרם,גרמים,800.00,100 גרם,false,0,17.90,2.24,true,1,
7290000104911,false,לקט נורמנדי 800 גרם,סנפרוסט,IL,לקט נורמנדי קפוא,גרמים,800.00,100 גרם,false,0,26.90,3.36,true,1,
7290000107165,false,חטיף פולי סויה 400 גרם,סנפרוסט,IL,חטיף פולי סויה 400 גרם,גרמים,400.00,100 גרם,false,0,15.00,3.75,true,1,
7290000107189,false,ארטישוק תחתיות 400 גרם,סנפרוסט,IL,תחתיות ארטישוק,גרמים,400.00,100 גרם,false,0,24.90,6.23,true,1,
7290000110035,false,מרגר.בלובנד לבישול 200גר,יוניליוור,IL,מרגרינה בלובנד,גרמים,200.00,100 גרם,false,0,4.50,2.25,true,1,
7290000110059,false,מרגרינה בלי מלח 200 גרם,יוניליוור,IL,מרגרינה בלו-בנד,גרמים,200.00,100 גרם,false,0,4.30,2.15,true,1,
7290000110073,false,מרגרינה בטעם חמאה 200גר,יוניליוור,IL,מחמאה מרגרינה,גרמים,200.00,100 גרם,false,0,4.70,2.35,true,1,
7290000110844,false,כיפלי גריל 70 גרם,יוניליוור,IL,כיפלי בטעם גריל,גרמים,60.00,100 גרם,false,0,5.50,9.17,true,1,
7290000110851,false,כיפלי בצל 70 גרם,יוניליוור,IL,כיפלי בטעם בצל,גרמים,70.00,100 גרם,false,0,5.50,7.86,true,1,
7290000111117,false,מרכך כביסה בדין לבן 4 לי,יוניליוור,IL,מרכך כביסה בדין,ליטרים,4.00,ליטר,false,0,21.90,5.48,true,1,
7290000111186,false,מיונז תלמה אמיתי 500 גרם,יוניליוור,IL,מיונז אמיתי,גרמים,500.00,100 גרם,false,0,9.90,1.98,true,1,
7290000111353,false,"מיונז אמיתי תלמה 1 ק""ג",יוניליוור,IL,מיונז אמיתי תלמה,קילוגרמים,1.00,"ק""ג",false,0,18.90,18.90,true,1,
7290000111360,false,חרדל אמיתי תלמה 250 גרם,יוניליוור,IL,חרדל אמיתי תלמה,גרמים,250.00,100 גרם,false,0,8.10,3.24,true,1,
7290000111384,false,חרדל אמיתי תלמה 550 גרם,יוניליוור,IL,חרדל אמיתי תלמה,גרמים,550.00,100 גרם,false,0,9.20,1.67,true,1,
7290000112152,false,"קוקומן כדורים בד""ץ 500גר",יוניליוור,IL,קוקומן כדורים,גרמים,500.00,100 גרם,false,0,23.40,4.68,true,1,
7290000112220,false,טחינה גולמית 100% 500 גר,רושדי תעשיות מזון,IL,טחינה גולמית,גרמים,500.00,100 גרם,false,0,18.60,3.72,true,1,
7290000112237,false,"טחינה גולמית 100% 1 ק""ג",רושדי תעשיות מזון,IL,טחינה גולמית,קילוגרמים,1.00,"ק""ג",false,0,29.50,29.50,true,1,
7290000112503,false,מרק עשיר ירקות קנור 61גר,יוניליוור,IL,מרק ירקות קנור,גרמים,61.00,100 גרם,false,0,9.80,16.07,true,1,
7290000112619,false,מרק עוף קנור 400 גרם,יוניליוור,IL,מרק עוף אמיתי,גרמים,400.00,100 גרם,false,0,25.10,6.28,true,1,
7290000114187,false,פנטסטיק אורנים 4ל,יוניליוור,IL,פנטסטיק לניקוי,ליטרים,4.00,ליטר,false,0,25.40,6.35,true,1,
7290000116136,false,דאב קרם ידיים עור יבש100,יוניליוור,IL,דאב קרם ידיים,מיליליטרים,100.00,"100 מ""ל",false,0,12.40,12.40,true,1,
7290000116204,false,מרק דגש טעם עוף שקית 1קג,יוניליוור,IL,מרק דגש טעם עוף,קילוגרמים,1.00,"ק""ג",false,0,16.10,16.10,true,1,
7290000116884,false,"רוטב ברביקיו קנור 300מ""ל",יוניליוור,IL,רוטב ברביקיו,מיליליטרים,300.00,"100 מ""ל",false,0,11.90,3.97,true,1,
7290000116945,false,"רוטב סויה קנור 300 מ""ל",יוניליוור,IL,רוטב סויה קלאסי,מיליליטרים,300.00,"100 מ""ל",false,0,11.40,3.80,true,1,
7290000117386,false,מארז 8 חטיפי דגנים שוגי,יוניליוור,IL,חטיפי דגנים 8 יח,גרמים,208.00,100 גרם,false,0,18.60,8.94,true,1,
7290000117393,false,חט.דגנים שוקו שוגי 26X8ג,יוניליוור,IL,חטיפי דגנים 8 יח,גרמים,208.00,100 גרם,false,0,18.60,8.94,true,1,
7290000117430,false,חטיפי דגנים קוקומן 21X8ג,יוניליוור,IL,חטיפי דגנים 8 יח,גרמים,168.00,100 גרם,false,0,18.60,11.07,true,1,
7290000117720,false,מרק נמס בכוס פטריות 43גר,יוניליוור,IL,מרק נמס בכוס,גרמים,43.00,100 גרם,false,0,7.50,17.44,true,1,
7290000118277,false,קניידלך כופתאות מצה65*2ג,יוניליוור,IL,אבקה לקניידלך,גרמים,130.00,100 גרם,false,0,11.70,9.00,true,1,
7290000118307,false,סחלב 2שקיות * 56ג בקופסא,יוניליוור,IL,תערובת לסחלב,גרמים,112.00,100 גרם,false,0,11.40,10.18,true,1,
7290000120393,false,סיף ג'ל אקונומ.לימון750מ,יוניליוור,IL,סיף אקונומיקה,מיליליטרים,750.00,"100 מ""ל",false,0,13.70,1.83,true,1,
7290000120416,false,סיף ג'ל אקונומ.אורנים750,יוניליוור,IL,סיף אקונומיקה,מיליליטרים,750.00,"100 מ""ל",false,0,13.70,1.83,true,1,
7290000120560,false,שוקולד קליק חלב+עוגיות85,יוניליוור,IL,שוקולד קליק XL,גרמים,85.00,100 גרם,false,0,6.10,7.18,true,1,
7290000120836,false,מיונז הלמנס 394 גרם,יוניליוור,US,מיונז הלמנס,גרמים,394.00,100 גרם,false,0,14.90,3.78,true,1,
7290000121055,false,גבינת טעם טוב מותכת 7%,,IL,גבינת טעם טוב מותכת 7%,גרמים,100.00,100 גרם,false,0,9.90,9.90,true,1,
7290000121079,false,גבינת מון בלאן שמיר 120ג,נטו,IL,גבינת מון בלאן שמיר 120ג,גרמים,120.00,100 גרם,false,0,13.20,11.00,true,1,
7290000121093,false,גב.מון בלן ט.שויצרי 120ג,נטו,IL,גב.מון בלן ט.שויצרי 120ג,גרמים,120.00,100 גרם,false,0,12.20,10.17,true,1,
7290000121109,false,גבינה מון בלאן+זיתים120ג,נטו,IL,גבינה מון בלאן+זיתים120ג,גרמים,120.00,100 גרם,false,0,13.20,11.00,true,1,
7290000121147,false,גבינת מון בלאן פיקנטי120,נטו,IL,גבינת מון בלאן פיקנטי120,גרמים,120.00,100 גרם,false,0,13.20,11.00,true,1,
7290000121239,false,מיוקל5% ללא כולסטרול500ג,יוניליוור,IL,מיוקל 5% שומן,גרמים,500.00,100 גרם,false,0,13.90,2.78,true,1,
7290000121369,false,קונפ778. תות שדה לייט300,יוניליוור,IL,קונפיטורה 778,גרמים,300.00,100 גרם,false,0,12.60,4.20,true,1,
7290000121376,false,קונפ778.אוכמניות לייט300,יוניליוור,IL,קונפיטורה 778,גרמים,300.00,100 גרם,false,0,12.60,4.20,true,1,
7290000122830,false,רוטב סצ'ואן סיני קנור300,יוניליוור,IL,רוטב סצ'ואן סיני,מיליליטרים,300.00,"100 מ""ל",false,0,11.90,3.97,true,1,
7290000123110,false,מזולה לייט למריחה 250גרם,יוניליוור,IL,מזולה לייט,גרמים,250.00,100 גרם,false,0,9.90,3.96,true,1,
7290000123158,false,מזולה טעם חמאה 250 גרם,יוניליוור,IL,מזולה טעם חמאה,גרמים,250.00,100 גרם,false,0,10.80,4.32,true,1,
7290000123172,false,מזולה בגביע טעם טבעי250ג,יוניליוור,IL,מזולה בגביע,גרמים,250.00,100 גרם,false,0,9.90,3.96,true,1,
7290000124094,false,מארז חטיפי עוגי 18X8 GOג,יוניליוור,IL,מארז חטיפי עוגי,גרמים,144.00,100 גרם,false,0,18.60,12.92,true,1,
7290000127194,false,קונפיטורה מישמש 778 340ג,יוניליוור,IL,קונפיטורה מישמש,גרמים,340.00,100 גרם,false,0,13.30,3.91,true,1,
7290000129099,false,תיבוליות עשבי תיבול 72גר,יוניליוור,IL,תיבוליות,גרמים,72.00,100 גרם,false,0,10.10,14.03,true,1,
7290000129457,false,רוטב פטריות 28 גרם,יוניליוור,IL,רוטב פטריות,גרמים,28.00,100 גרם,false,0,4.30,15.36,true,1,
7290000133645,false,מ.ש.אורביטול סודה145*3ג,קוסמופארם,,משחת שיניים 3 יח,גרמים,435.00,100 גרם,false,0,19.90,4.57,true,1,
7290000133904,false,דואו פרש פסיפלור.תפוז300,סנו,IL,סנו דואו פרש,מיליליטרים,300.00,"100 מ""ל",false,0,14.60,4.87,true,1,
7290000136721,false,ג'אמפ תפוזים 1.5 ליטר,טמפו,IL,ג'אמפ תפוזים,ליטרים,1.50,ליטר,false,0,5.90,3.93,true,1,
7290000136738,false,ג'אמפ אשכוליות 1.5 ליטר,טמפו,IL,ג'אמפ אשכוליות,ליטרים,1.50,ליטר,false,0,5.90,3.93,true,1,
7290000136745,false,ג'אמפ תות בננה 1.5 ליטר,טמפו,IL,ג'אמפ תות בננה,ליטרים,1.50,ליטר,false,0,5.90,3.93,true,1,
7290000137513,false,גלידונית וניל 60יח 630גר,שטראוס,IL,גלידונית וניל 60יח 630גר,גרמים,630.00,100 גרם,false,0,49.00,7.78,true,1,
7290000137643,false,8יח טעמקור משפחתיות 50 ג,שטראוס,IL,8יח טעמקור משפחתיות 50 ג,גרמים,400.00,100 גרם,false,0,38.50,9.63,true,1,
7290000139104,false,שלווה בשקית 230 גרם,שופרסל,IL,שלווה בשקית 230 גרם,גרמים,230.00,100 גרם,false,0,8.80,3.83,true,1,
7290000139180,false,שלווה בשקית,,IL,שלווה בשקית,גרמים,140.00,100 גרם,false,0,8.80,6.29,true,1,
7290000139227,false,דגן תפוח ממותק 150 גרם,,IL,דגן תפוח ממותק 150 גרם,גרמים,150.00,100 גרם,false,0,8.80,5.87,true,1,
7290000139258,false,שלווה טבע + סוכר חום200ג,שופרסל,IL,שלווה טבע + סוכר חום200ג,גרמים,200.00,100 גרם,false,0,8.80,4.40,true,1,
7290000143187,false,"שמפו הוואי לגבר 700 מ""ל",טרופיקל דגיל,IL,שמפו הוואי לגבר,מיליליטרים,700.00,"100 מ""ל",false,0,9.90,1.41,true,1,
7290000143200,false,מרכך הוואי לשיער יבש700מ,טרופיקל דגיל,IL,מרכך הוואי לשיער יבש700מ,מיליליטרים,700.00,"100 מ""ל",false,0,9.90,1.41,true,1,
7290000143217,false,שמפו הוואי שיער יבש 700מ,טרופיקל דגיל,IL,שמפו הוואי,מיליליטרים,700.00,"100 מ""ל",false,0,9.90,1.41,true,1,
7290000143255,false,"שמפו הוואי ירוק 700 מ""ל",טרופיקל דגיל,IL,"שמפו הוואי ירוק 700 מ""ל",מיליליטרים,700.00,"100 מ""ל",false,0,9.90,1.41,true,1,
7290000143279,false,"הוואי שמפו אדום 700 מ""ל",טרופיקל דגיל,IL,"הוואי שמפו אדום 700 מ""ל",מיליליטרים,700.00,"100 מ""ל",false,0,9.90,1.41,true,1,
7290000143286,false,"הוואי מרכך ירוק 700 מ""ל",טרופיקל דגיל,IL,"הוואי מרכך ירוק 700 מ""ל",מיליליטרים,700.00,"100 מ""ל",false,0,9.90,1.41,true,1,
7290000144160,false,שמן זית בטעם מודגש 750מל,שמן תעשיות,IL,שמן זית בטעם מודגש 750מל,מיליליטרים,750.00,"100 מ""ל",false,0,34.90,4.65,true,1,
7290000144467,false,שמן חמניות+נוגדי חמצון1ל,שמן תעשיות,IL,שמן חמניות,ליטרים,1.00,ליטר,false,0,16.40,16.40,true,1,
7290000144825,false,שמן קנולה פלוס אומגה9 1ל,שמן תעשיות,IL,שמן קנולה מועשר,ליטרים,1.00,ליטר,false,0,16.90,16.90,true,1,
7290000145341,false,פרסיל סופרא 30 טבליות,הנקל סוד,DE,טבליות פרסיל,קילוגרמים,0.03,"ק""ג",false,0,32.00,1066.67,true,1,
7290000146539,false,סבון הוואי לגבר 100 גרם,טרופיקל דגיל,IL,סבון הוואי לגבר 100 גרם,גרמים,100.00,100 גרם,false,0,3.40,3.40,true,1,
7290000146645,false,סבון הוואי שחור 100*4גרם,טרופיקל דגיל,IL,סבון הוואי 4 יח,גרמים,400.00,100 גרם,false,0,11.40,2.85,true,1,
7290000146676,false,סבון הוואי לגבר 100*4גרם,טרופיקל דגיל,PL,סבון הוואי 4 יח,גרמים,400.00,100 גרם,false,0,11.40,2.85,true,1,
7290000146683,false,סבון הוואי לבן 100*4 גרם,טרופיקל דגיל,PL,סבון הוואי 4 יח,גרמים,400.00,100 גרם,false,0,11.40,2.85,true,1,
7290000146706,false,סבון הוואי ירוק 100*4 גר,טרופיקל דגיל,IL,סבון הוואי 4 יח,גרמים,400.00,100 גרם,false,0,11.40,2.85,true,1,
7290000146928,false,משחת טום וג'רי ענבים 50מ,טרופיקל דגיל,IL,משחת טום וג'רי,מיליליטרים,50.00,"100 מ""ל",false,0,8.10,16.20,true,1,
7290000146997,false,משחת טום וג'רי מסטיק 50מ,טרופיקל דגיל,IL,משחת טום וג'רי מסטיק 50מ,מיליליטרים,50.00,"100 מ""ל",false,0,8.10,16.20,true,1,
7290000148014,false,נקטר מנגו פריגת 1 ליטר,פריגת,IL,נקטר מנגו פריגת,ליטרים,1.00,ליטר,false,0,5.50,5.50,true,1,
7290000148045,false,נקטר תפוח פריגת בקרטון1ל,פריגת,IL,נקטר תפוחים,ליטרים,1.00,ליטר,false,0,5.50,5.50,true,1,
7290000148298,false,מיץ תפוזים 100%טבעי 2 לי,פריגת,IL,מיץ תפוזים 100%טבעי 2 לי,ליטרים,2.00,ליטר,false,0,26.00,13.00,true,1,
7290000149578,false,סופטקר אל סבון 1 ליטר,נקה,IL,תחליב לחות לרחצה,ליטרים,1.00,ליטר,false,0,20.60,20.60,true,1,
7290000149615,false,סבון נקה 7 לתינוק 100X4ג,נקה,IL,סבון נקה 4X 7,גרמים,400.00,100 גרם,false,0,12.90,3.23,true,1,
7290000149851,false,סינטבון כפול לנקיון 460ג,נקה,IL,סינטבון כפול לנקיון 460ג,גרמים,460.00,100 גרם,false,0,10.90,2.37,true,1,
7290000149905,false,טקסטיל נוזל לכביסה 1ליטר,נקה,IL,נוזל כביס טקסטיל,ליטרים,1.00,ליטר,false,0,14.50,14.50,true,1,
7290000149943,false,טקסטיל שמפו בשקית 1 קג,נקה,IL,טקסטיל שמפו שקית,קילוגרמים,1.00,"ק""ג",false,0,13.20,13.20,true,1,
7290000150352,false,פסטרמה איטלקית במשקל,עוף טוב,IL,פסטרמה איטלקית,קילוגרמים,0.00,"ק""ג",true,0,86.00,86.00,true,1,
7290000150369,false,פסטרמה מקסיקנית צ'לי-משק,עוף טוב,IL,פסטרמה מקסיקני,קילוגרמים,0.00,"ק""ג",true,0,85.00,85.00,true,1,
7290000150468,false,פסטרמה רומנית במשקל,עוף טוב,IL,פסטרמה רומנית,קילוגרמים,0.00,"ק""ג",true,0,86.00,86.00,true,1,
7290000150963,false,פסטרמה ג'מבו במשקל,עוף טוב,IL,פסטרמה ג'מבו,קילוגרמים,0.00,"ק""ג",true,0,86.00,86.00,true,1,
7290000151281,false,חזה עוף ברביקיו 300 גרם,עוף טוב,IL,חזה עוף ברביקיו,גרמים,300.00,100 גרם,false,0,27.30,9.10,true,1,
7290000151304,false,פסטרמה מקסיקנית רובן300ג,עוף טוב,IL,פסטרמה מקסיקנית,גרמים,300.00,100 גרם,false,0,27.20,9.07,true,1,
7290000152028,false,חזה הודו מעושן+פפריקה מש,עוף טוב,IL,חזה הודו מעושן,קילוגרמים,0.00,"ק""ג",true,0,85.00,85.00,true,1,
7290000152288,false,נקניקיות עוף 400 גרם,עוף טוב,IL,נקניקיות עוף,גרמים,400.00,100 גרם,false,0,15.10,3.78,true,1,
7290000152462,false,סלמי גלאט 700 גרם,עוף טוב,IL,סלמי גלאט,גרמים,700.00,100 גרם,false,0,25.10,3.59,true,1,
7290000153469,false,קציצות עוף קלאסיות 600גר,עוף טוב,IL,קציצות עוף,גרמים,600.00,100 גרם,false,0,32.30,5.38,true,1,
7290000153698,false,כתף בקר מפולפל במשקל,עוף טוב,IL,כתף בקר מפולפל,קילוגרמים,0.00,"ק""ג",true,0,84.00,84.00,true,1,
7290000155807,false,נקניקיות וינר 2 * 500 גר,עוף טוב,IL,נקניקיות וינר2יח,קילוגרמים,1.00,"ק""ג",false,0,21.70,21.70,true,1,
7290000156729,false,מארז פסטרמה + סלמי 600גר,עוף טוב,IL,פסטרמה + סלמי,גרמים,600.00,100 גרם,false,0,23.90,3.98,true,1,
7290000156781,false,נקניקיות עוף 3 יח400X'גר,עוף טוב,IL,נקניקיות עוף,קילוגרמים,1.20,"ק""ג",false,0,34.70,28.92,true,1,
7290000158211,false,שניצל דק ענק 700גרם,עוף טוב,,שניצל דק ענק,גרמים,700.00,100 גרם,false,0,40.90,5.84,true,1,
7290000158235,false,שניצל ע.דק בציפוי 700גרם,עוף טוב,IL,שניצל דק בציפוי,גרמים,700.00,100 גרם,false,0,40.90,5.84,true,1,
7290000159034,false,שניצל אמיתי קריספי 700גר,עוף טוב,IL,שניצל אמיתי קריספי 700גר,גרמים,0.00,100 גרם,false,0,46.40,46.40,true,1,
7290000160252,false,דאב תרחיץ פנים רגיל180מל,יוניליוור,IL,דאב תרחיץ פנים,מיליליטרים,180.00,"100 מ""ל",false,0,19.80,11.00,true,1,
7290000160269,false,דאב תרחיץ פנים רגיש180מל,יוניליוור,IL,דאב תרחיץ פנים,מיליליטרים,180.00,"100 מ""ל",false,0,19.80,11.00,true,1,
7290000160436,false,עוף ולתנור צ'ילי ושום63ג,יוניליוור,IL,עוף ולתנור,גרמים,63.00,100 גרם,false,0,7.40,11.75,true,1,
7290000160443,false,עוף ולתנור עשבי תיבול51ג,יוניליוור,IL,עוף ולתנור,גרמים,51.00,100 גרם,false,0,7.40,14.51,true,1,
7290000160771,false,"כריות וניל בד""צ 750 גרם",יוניליוור,,כריות וניל,גרמים,750.00,100 גרם,false,0,29.90,3.99,true,1,
7290000161143,false,בלובנד בגביע 250 גרם,יוניליוור,IL,בלובנד קלאסי,גרמים,250.00,100 גרם,false,0,8.80,3.52,true,1,
7290000161167,false,מחמאה גביע 250 גרם,יוניליוור,IL,מחמאה,גרמים,250.00,100 גרם,false,0,9.30,3.72,true,1,
7290000161358,false,מיונז משמן קנולה 500 גרם,יוניליוור,IL,מיונז אמיתי תלמה,גרמים,500.00,100 גרם,false,0,14.50,2.90,true,1,
7290000162515,false,"קורנפלקס וניל בד""צ500גרם",יוניליוור,,קורנפלקס וניל,גרמים,500.00,100 גרם,false,0,19.90,3.98,true,1,
7290000162560,false,"קורנפלקס דבש בד""צ 500גרם",יוניליוור,,קורנפלקס דבש,גרמים,500.00,100 גרם,false,0,19.90,3.98,true,1,
7290000162805,false,בדין אקסטרה סגול חדש 960,יוניליוור,TR,מרכך בדין960מ,מיליליטרים,960.00,"100 מ""ל",false,0,19.90,2.07,true,1,
7290000164632,false,בדין אקסטרה בייבי 960 מל,יוניליוור,TR,בדין אקסטרה,מיליליטרים,960.00,"100 מ""ל",false,0,27.30,2.84,true,1,
7290000164847,false,דאו.רקסונה ללא סימן50מ,יוניליוור,MX,דאודורנט רקסונה,מיליליטרים,50.00,"100 מ""ל",false,0,24.40,48.80,true,1,
7290000165073,false,סיף קרם ניקוי לימון 500מ,יוניליוור,TR,סיף קרם לימון,מיליליטרים,500.00,"100 מ""ל",false,0,12.80,2.56,true,1,
7290000165158,false,"דא. דאב אינביזיבל 170מ""ל",יוניליוור,IL,דאודורנט דאב,מיליליטרים,170.00,"100 מ""ל",false,0,24.50,14.41,true,1,
7290000165189,false,דאו.דאב ביוטי פיניש169מ,יוניליוור,AR,דאודורנט דאב,מיליליטרים,169.00,"100 מ""ל",false,0,24.50,14.50,true,1,
7290000165455,false,תחליב רח.פינוק דבש 700,יוניליוור,IL,תחליב רחצה פינוק,מיליליטרים,700.00,"100 מ""ל",false,0,15.00,2.14,true,1,
7290000165646,false,שמפו קליר קלאסי אישה400,יוניליוור,IL,שמפו קליר לאישה,מיליליטרים,400.00,"100 מ""ל",false,0,20.90,5.23,true,1,
7290000165707,false,תחליב רח שמן אבוקדו700מ,יוניליוור,IL,תחליב רחצה,מיליליטרים,700.00,"100 מ""ל",false,0,13.90,1.99,true,1,
7290000166179,false,חטיף מיקספלקס שוק.מריר6י,גוצ'מולר,IL,חטיפי מיקספלקס,גרמים,132.00,100 גרם,false,0,18.30,13.86,true,1,
7290000166414,false,מזולה לאפיה ללא מלח200ג,יוניליוור,IL,מזולה ללא מלח,גרמים,200.00,100 גרם,false,0,6.50,3.25,true,1,
7290000166421,false,מזולה לאפיה טעם חמאה200ג,יוניליוור,IL,מזולה טעם חמאה,גרמים,200.00,100 גרם,false,0,6.50,3.25,true,1,
7290000166711,false,שוגי 20% פחות סוכר 500גר,יוניליוור,IL,שוגי מופחת סוכר,גרמים,500.00,100 גרם,false,0,19.90,3.98,true,1,
7290000167510,false,רוטב ויניגרט מעודן305ג,יוניליוור,IL,רוטב ויניגרט,גרמים,305.00,100 גרם,false,0,14.00,4.59,true,1,
7290000167756,false,קינמונים 500 גרם,דליסר,IL,קינמונים,גרמים,500.00,100 גרם,false,0,22.50,4.50,true,1,
7290000168036,false,דאו.דאב מן פרש סטיק50מ,יוניליוור,IL,דאודורנט דאב מן,מיליליטרים,50.00,"100 מ""ל",false,0,29.00,58.00,true,1,
7290000168173,false,ברנפלקס קרנצ'ים 375 גרם,יוניליוור,IL,ברנפלקס קרנצ'ים,גרמים,375.00,100 גרם,false,0,22.50,6.00,true,1,
7290000168289,false,שמפו פינוק שמן מרוקאי700,יוניליוור,IL,שמפו פינוק,מיליליטרים,700.00,"100 מ""ל",false,0,13.20,1.89,true,1,
7290000168296,false,מרכך פינוק שמן מרוקאי700,יוניליוור,IL,מרכך פינוק,מיליליטרים,700.00,"100 מ""ל",false,0,13.20,1.89,true,1,
7290000168302,false,תחליב פינוק שמן מרוקא700,יוניליוור,IL,תחליב רחצה פינוק,מיליליטרים,700.00,"100 מ""ל",false,0,13.90,1.99,true,1,
7290000168418,false,רוטב סויה סיני 25% פחות,יוניליוור,IL,רוטב סויה סיני,מיליליטרים,300.00,"100 מ""ל",false,0,11.90,3.97,true,1,
7290000168425,false,רוטב צ'ילי מתוק 50% פחות,יוניליוור,IL,רוטב צ'ילי מתוק,מיליליטרים,300.00,"100 מ""ל",false,0,11.90,3.97,true,1,
7290000168623,false,קליק דג דג שוקולד לבן70ג,יוניליוור,IL,קליק דג דג,גרמים,70.00,100 גרם,false,0,6.30,9.00,true,1,
7290000168630,false,קליק דג דג שוקולד חלב70ג,יוניליוור,IL,קליק דג דג,יחידה,1.00,יחידה,false,0,6.30,6.30,true,1,
7290000168838,false,כריות וניל עוגיות 750גרם,יוניליוור,IL,כריות וניל עוגיו,גרמים,750.00,100 גרם,false,0,29.90,3.99,true,1,
7290000169101,false,מרק בטטה גורמה נמס בכוס,יוניליוור,IL,מרק בטטה גורמה,גרמים,26.00,100 גרם,false,0,4.90,18.85,true,1,
7290000169149,false,רקסונה ספריי אקטיב150מ,יוניליוור,AR,דאו.רקסונה,מיליליטרים,150.00,"100 מ""ל",false,0,19.90,13.27,true,1,
7290000169163,false,רקסונה ספריי אקסטרה150,יוניליוור,AR,דאו.רקסונה,מיליליטרים,150.00,"100 מ""ל",false,0,19.90,13.27,true,1,
7290000169538,false,נמס בכוס עגבנ.וקרוטונים,יוניליוור,IL,נמס בכוס,גרמים,62.00,100 גרם,false,0,7.50,12.10,true,1,
7290000169613,false,חטיפי שוגי וניל עוגיות8י,יוניליוור,IL,חטיפי דגנים,גרמים,200.00,100 גרם,false,0,18.60,9.30,true,1,
7290000169712,false,קורנפלקס מלא 500 גרם,יוניליוור,IL,קורנפלקס מלא,גרמים,500.00,100 גרם,false,0,20.50,4.10,true,1,
7290000169743,false,קוקומן ח.לבן מופחת סוכר,יוניליוור,IL,קוקומן חום לבן,גרמים,375.00,100 גרם,false,0,21.70,5.79,true,1,
7290000169897,false,"רקסונה ספריי כותנה150מ""ל",קוסטר,TR,דאו.רקסונה,מיליליטרים,150.00,"100 מ""ל",false,0,19.90,13.27,true,1,
7290000169903,false,דאו.רקסונה טלק ספריי 150,קוסטר,IL,דאו.רקסונה,מיליליטרים,150.00,"100 מ""ל",false,0,19.90,13.27,true,1,
7290000169927,false,רקסונה ספריי לינן דר150,קוסטר,TR,דאו.רקסונה,מיליליטרים,150.00,"100 מ""ל",false,0,19.90,13.27,true,1,
7290000170053,false,שוקולד פרה חלב 100 גרם,עלית,IL,שוקולד פרה חלב,גרמים,100.00,100 גרם,false,0,5.90,5.90,true,1,
7290000170077,false,שוק.מריר 100 גרם,עלית,IL,שוקולד מריר,גרמים,100.00,100 גרם,false,0,5.90,5.90,true,1,
7290000174044,false,"בפלות בטעם שוקולד 1 ק""ג",עלית,IL,בפלות טעם שוקולד,קילוגרמים,1.00,"ק""ג",false,0,18.50,18.50,true,1,
7290000174723,false,שוקולית בפחית עלית 500גר,עלית,IL,שוקולית,גרמים,500.00,100 גרם,false,0,12.90,2.58,true,1,
7290000175027,false,ממרחית שוקולד 500 גרם,עלית,IL,ממרחית שוקולד,גרמים,500.00,100 גרם,false,0,10.40,2.08,true,1,
7290000176062,false,קפה טורקי בצלופן 100 גרם,שטראוס,RO,קפה טורקי בצלופן 100 גרם,גרמים,100.00,100 גרם,false,0,8.90,8.90,true,1,
7290000176093,false,קפה אלדין טורקי ואקום200,עלית,IL,קפה אלדין טורקי ואקום200,גרמים,200.00,100 גרם,false,0,20.30,10.15,true,1,
7290000176192,false,קפה טורקי האג ואקום200גר,שטראוס,IL,קפה טורקי האג ואקום200גר,גרמים,200.00,100 גרם,false,0,25.50,12.75,true,1,
7290000176413,false,קפה נמס 50 גרם,עלית,IL,קפה נמס 50 גרם,גרמים,50.00,100 גרם,false,0,9.40,18.80,true,1,
7290000176420,false,קפה נמס 200 גרם,עלית,IL,קפה נמס,גרמים,200.00,100 גרם,false,0,19.90,9.95,true,1,
7290000176475,false,האג נטול קופאין 200 גרם,שטראוס,IL,האג נטול קופאין 200 גרם,גרמים,200.00,100 גרם,false,0,37.30,18.65,true,1,
7290000176482,false,קפה נמס 200ג מגדים,עלית,IL,קפה נמס 200 גרם,גרמים,200.00,100 גרם,false,0,19.90,9.95,true,1,
7290000177694,false,קפה טורקי ואקום 200 גרם,שטראוס,IL,קפה טורקי ואקום 200 גרם,גרמים,200.00,100 גרם,false,0,19.00,9.50,true,1,
7290000186177,false,משולש קרצוף,,IL,משולש קרצוף,יחידה,1.00,יחידה,false,0,14.30,14.30,true,1,
7290000186740,false,מטלית חכמה ניקול,,IL,מטלית חכמה ניקול,יחידה,1.00,יחידה,false,0,22.30,22.30,true,1,
7290000186931,false,כריות קרצוף חתוכות 12 יח,,IL,כריות קרצוף חתוכות 12 יח,יחידה,1.00,יחידה,false,0,14.30,14.30,true,1,
7290000187921,false,נ.טואלט לילי קלאסיק 32גל,חוגלה קימברלי,IL,נייר טואלט לילי,מטרים,588.00,100 מטר,false,0,38.90,6.62,true,1,
7290000187938,false,נ.טואלט לילי פסטל 32 גלי,חוגלה קימברלי,IL,נייר טואלט,מטרים,588.00,100 מטר,false,0,39.90,6.79,true,1,
7290000188065,false,62מגן תח.קוטקס סילק לייט,חוגלה קימברלי,CN,מגן תחתון קוטקס,יחידה,1.00,יחידה,false,0,20.90,20.90,true,1,
7290000188270,false,קלינקס אולטרה סופט זוג,חוגלה קימברלי,IL,קלינקס אולטרה,יחידה,1.00,יחידה,false,0,17.30,17.30,true,1,
7290000188355,false,מגבות נייר ניקול 6גלילים,חוגלה קימברלי,IL,מגבות ניקול,מטרים,65.00,מטר,false,0,9.50,0.15,true,1,
7290000188553,false,60מגני תחתון קוטקס סילקN,חוגלה קימברלי,CN,מגן תחתון קוטקס,יחידה,1.00,יחידה,false,0,20.90,20.90,true,1,
7290000188560,false,52מגני תחתון קוטקס סילקL,חוגלה קימברלי,CN,מגן תחתון קוטקס,יחידה,1.00,יחידה,false,0,20.90,20.90,true,1,
7290000188591,false,60מגני תחתון קוטקס סילקY,חוגלה קימברלי,CN,מגן תחתון קוטקס,יחידה,1.00,יחידה,false,0,20.90,20.90,true,1,
7290000189215,false,מטלית הקסם לרצפה ניקול,חוגלה קימברלי,IL,מטלית הקסם לרצפה ניקול,יחידה,1.00,יחידה,false,0,12.60,12.60,true,1,
7290000189444,false,מטליות לניקוי,,IL,מטליות לניקוי,יחידה,1.00,יחידה,false,0,12.90,12.90,true,1,
7290000189499,false,3 תבניות קרטון עגולות,חוגלה קימברלי,IL,תבניות קרטון,יחידה,1.00,יחידה,false,0,10.90,10.90,true,1,
7290000189505,false,5 תבניות קרטון אינגליש,חוגלה קימברלי,IL,5 תבניות קרטון אינגליש,יחידה,1.00,יחידה,false,0,10.90,10.90,true,1,
7290000189598,false,"50 מטליות ניקול רב""ש",חוגלה קימברלי,IL,מטליות ניקול,יחידה,1.00,יחידה,false,0,12.80,12.80,true,1,
7290000189659,false,10מטליות רצפה לחות ניקול,חוגלה קימברלי,IL,מטליות רצפה לחות,יחידה,1.00,יחידה,false,0,11.20,11.20,true,1,
7290000189871,false,אשפתון מתכלה ניקול60יח,חוגלה קימברלי,IL,שק. אשפה מתכלות,יחידה,1.00,יחידה,false,0,23.90,23.90,true,1,
7290000190174,false,מפיות ניקול 2 יח85X' יח',חוגלה קימברלי,IL,מפיות ניקול זוג,יחידה,1.00,יחידה,false,0,10.90,10.90,true,1,
7290000190563,false,מפיות ניקול מעוצבות85X2י,חוגלה קימברלי,,מפיות ניקול זוג,יחידה,1.00,יחידה,false,0,10.90,10.90,true,1,
7290000191652,false,קלינקס מעוצב 90*3 יחידות,חוגלה קימברלי,,קלינקס מעוצב 3יח,יחידה,1.00,יחידה,false,0,11.40,11.40,true,1,
7290000193014,false,פדים לילי אינטרלוד 50 יח,חוגלה קימברלי,IL,לילי פדים,יחידה,1.00,יחידה,false,0,12.60,12.60,true,1,
7290000193083,false,תחבושות נובה לי 28 יח',חוגלה קימברלי,IL,תחבושות נובה לי,יחידה,1.00,יחידה,false,0,11.70,11.70,true,1,
7290000193175,false,18לילי נטורל מקופל.סופר,חוגלה קימברלי,IL,תחבושת לילי,יחידה,1.00,יחידה,false,0,10.80,10.80,true,1,
7290000193182,false,16לילי נטורל מקופל סופר+,חוגלה קימברלי,IL,16לילי נטורל מקופל סופר+,יחידה,1.00,יחידה,false,0,10.80,10.80,true,1,
7290000193205,false,20 תחבושות לילי ללילה,חוגלה קימברלי,,תחבושות לילי,יחידה,1.00,יחידה,false,0,17.60,17.60,true,1,
7290000193472,false,60פדיות לילי נטורל נורמל,חוגלה קימברלי,IL,פדיות לילי,יחידה,1.00,יחידה,false,0,17.30,17.30,true,1,
7290000193540,false,52 פדיות לילי נטורל LONG,חוגלה קימברלי,IL,פדיות לילי,יחידה,1.00,יחידה,false,0,17.30,17.30,true,1,
7290000193649,false,24 תחבושות לילי נורמל+,חוגלה קימברלי,IL,תחבושות לילי,יחידה,1.00,יחידה,false,0,17.60,17.60,true,1,
7290000193656,false,24 לילי נטורל אולט.סופר+,חוגלה קימברלי,IL,תחבושות לילי,יחידה,1.00,יחידה,false,0,17.60,17.60,true,1,
7290000193793,false,24 לילי נטורל נורמל,חוגלה קימברלי,IL,תחבושות לילי,יחידה,1.00,יחידה,false,0,17.60,17.60,true,1,
7290000193953,false,תחבושות לילי נורמל24*2יח,חוגלה קימברלי,IL,זוג תחבושות לילי,יחידה,1.00,יחידה,false,0,26.80,26.80,true,1,
7290000193960,false,תח.לילי סופר פלוס 24*2יח,חוגלה קימברלי,IL,תחבושות לילי זוג,יחידה,1.00,יחידה,false,0,26.80,26.80,true,1,
7290000194288,false,משטח החתלה 10 יחידות,חוגלה קימברלי,IL,משטח החתלה האגיס,יחידה,1.00,יחידה,false,0,23.30,23.30,true,1,
7290000195513,false,מגב.טיטולים ל.בישום 72*5,חוגלה קימברלי,IL,5 מגבוני טיטולים,יחידה,1.00,יחידה,false,0,18.90,18.90,true,1,
7290000195520,false,מגב.טיטולים בישום עד72*5,חוגלה קימברלי,IL,5 מגבוני טיטולים,יחידה,1.00,יחידה,false,0,18.90,18.90,true,1,
7290000195537,false,מגב.האגיס ללא בישום 72*4,חוגלה קימברלי,IL,מגבוני האגיס 4יח,יחידה,1.00,יחידה,false,0,18.90,18.90,true,1,
7290000195544,false,מגב.האגיס בישום עדין72*4,חוגלה קימברלי,IL,מגב.האגיס בישום עדין72*4,יחידה,1.00,יחידה,false,0,18.90,18.90,true,1,
7290000196039,false,מפות שולחן ניקול 2 יח',חוגלה קימברלי,IL,זוג מפות שולחן,יחידה,1.00,יחידה,false,0,11.10,11.10,true,1,
7290000196794,false,נייר טואלט שמורת טבע30ג,חוגלה קימברלי,IL,נ.ט. שמורת טבע,מטרים,537.00,מטר,false,0,27.90,0.05,true,1,
7290000197081,false,ניילונית חסכונית 150 מטר,חוגלה קימברלי,IL,ניילונית חסכונית 150 מטר,מטרים,150.00,מטר,false,0,35.20,0.23,true,1,
7290000197326,false,זוג רדיד.אלומינ0.3*7.5.מ,חוגלה קימברלי,IL,זוג רדיד.אלומינ0.3*7.5.מ,מטרים,15.00,מטר,false,0,12.00,0.80,true,1,
7290000197340,false,זוג רדיד.אלומ7.5X0.45.מ,חוגלה קימברלי,IL,זוג רדיד.אלומ7.5X0.45.מ,מטרים,15.00,מטר,false,0,18.40,1.23,true,1,
7290000197425,false,האגיס פרידום דריי שלב 3,חוגלה קימברלי,IL,חיתולי האגיס,יחידה,1.00,יחידה,false,0,42.90,42.90,true,1,
7290000197432,false,סנדויצ'ון 150*2 יח,חוגלה קימברלי,IL,סנדוויצ'ון זוג,יחידה,1.00,יחידה,false,0,13.50,13.50,true,1,
7290000197456,false,44האגיס פרידום דריי שלב4,חוגלה קימברלי,IL,חיתולי האגיס,יחידה,1.00,יחידה,false,0,42.90,42.90,true,1,
7290000197463,false,42האגיס פרידום דרי שלב+4,חוגלה קימברלי,IL,חיתולי האגיס,יחידה,1.00,יחידה,false,0,42.90,42.90,true,1,
7290000197548,false,38האגיס פרידום דריי שלב5,חוגלה קימברלי,IL,חיתולי האגיס,יחידה,1.00,יחידה,false,0,42.90,42.90,true,1,
7290000197654,false,ניקול50 אשפתון 70X90ענק,חוגלה קימברלי,IL,אשפתון ניקול,יחידה,1.00,יחידה,false,0,20.70,20.70,true,1,
7290000197678,false,34האגיס פרידום דריי שלב6,חוגלה קימברלי,IL,חיתולי האגיס,יחידה,1.00,יחידה,false,0,42.90,42.90,true,1,
7290000197753,false,ניילון נצמד ניקול 30*2מ,חוגלה קימברלי,IL,ניילון נצמד ניקול 30*2מ,מטרים,60.00,מטר,false,0,11.90,0.20,true,1,
7290000197883,false,4 מגשית 100 מוכספת ניקול,חוגלה קימברלי,IL,4 מגשית 100 מוכספת ניקול,יחידה,1.00,יחידה,false,0,11.20,11.20,true,1,
7290000197951,false,מגשית 200 מוכספת ניקול,חוגלה קימברלי,IL,מגשית 200 מוכספת ניקול,יחידה,1.00,יחידה,false,0,11.20,11.20,true,1,
7290000199313,false,קוטקס יאנג 28 יחידות,חוגלה קימברלי,IL,קוטקס תחבושות,יחידה,1.00,יחידה,false,0,21.00,21.00,true,1,
7290000201818,false,64 טיטולים פרימיום שלב 2,חוגלה קימברלי,IL,טיטולים פרימיום,יחידה,1.00,יחידה,false,1,29.90,29.90,true,1,
7290000201832,false,52טיטולים פרימיום שלב 3,חוגלה קימברלי,IL,טיטולים פרימיום,יחידה,1.00,יחידה,false,1,29.90,29.90,true,1,
7290000201849,false,42 טיטולים פרימיום שלב 4,חוגלה קימברלי,IL,טיטולים פרימיום,יחידה,1.00,יחידה,false,1,29.90,29.90,true,1,
7290000201856,false,40 טיטולים פרימיום שלב+4,חוגלה קימברלי,IL,טיטולים פרימיום,יחידה,1.00,יחידה,false,1,29.90,29.90,true,1,
7290000201863,false,36 טיטולים פרימיום שלב 5,חוגלה קימברלי,IL,טיטולים פרימיום,יחידה,1.00,יחידה,false,1,29.90,29.90,true,1,
7290000201870,false,34 טיטולים פרימיום שלב 6,חוגלה קימברלי,IL,טיטולים פרימיום,יחידה,1.00,יחידה,false,1,29.90,29.90,true,1,
7290000203553,false,קלינקס אקליפטוס,,IL,קלינקס אקליפטוס,יחידה,1.00,יחידה,false,0,12.70,12.70,true,1,
7290000204086,false,ניקול כרית קרצוף 3 יח,חוגלה קימברלי,IL,ניקול כרית קרצוף,יחידה,1.00,יחידה,false,0,11.40,11.40,true,1,
7290000204147,false,כריות יפניות 2ב1- 4 יח',חוגלה קימברלי,IL,כריות יפניות 4X,יחידה,1.00,יחידה,false,0,12.50,12.50,true,1,
7290000204215,false,כריות יפניות ניקול 6יח',חוגלה קימברלי,IL,כריות יפניות,יחידה,1.00,יחידה,false,0,12.00,12.00,true,1,
7290000204253,false,9 מטליות רב שימושי.ניקול,חוגלה קימברלי,IL,מטליות ניקול,יחידה,1.00,יחידה,false,0,12.60,12.60,true,1,
7290000204307,false,"40מטלית רב""ש ניקול בגליל",חוגלה קימברלי,IL,מטליות ניקול,יחידה,1.00,יחידה,false,0,22.40,22.40,true,1,
7290000204611,false,ניקול ספוגיות הקסם 6 יח,חוגלה קימברלי,IL,ניקול ספוגיות הקסם 6 יח,יחידה,1.00,יחידה,false,0,13.30,13.30,true,1,
7290000207438,false,עגבניות קוביות 800 גרם,זנלכל,IL,עגבניות קוביות 800 גרם,גרמים,800.00,100 גרם,false,0,8.10,1.01,true,1,
7290000208022,false,עגבניות מרוסקות 800 גרם,זנלכל,IL,עגבניות מרוסקות 800 גרם,גרמים,800.00,100 גרם,false,0,8.10,1.01,true,1,
7290000208138,false,סירופ ענבים דיאט1ל' יכין,זנלכל,IL,סירופ ענבים דיאט1ל' יכין,ליטרים,1.00,ליטר,false,0,8.10,8.10,true,1,
7290000208145,false,תירס לייט יכין 550 גרם,זנלכל,IL,תירס לייט יכין 550 גרם,גרמים,550.00,100 גרם,false,0,7.40,1.35,true,1,
7290000208404,false,פול מצרי 550 גרם,זנלכל,IL,פול מצרי 550 גרם,גרמים,550.00,100 גרם,false,0,6.40,1.16,true,1,
7290000208855,false,רוטב פסטה 260 גרם,זנלכל,IL,רוטב פסטה 260 גרם,גרמים,260.00,100 גרם,false,0,5.20,2.00,true,1,
7290000208947,false,עגבניות מרוסקות 260 גרם,זנלכל,IL,עגבניות מרוסקות,גרמים,260.00,100 גרם,false,0,5.20,2.00,true,1,
7290000208978,false,רסק פריכוז 28% 100 גרם,זנלכל,IL,רסק פריכוז,גרמים,100.00,100 גרם,false,0,2.10,2.10,true,1,
7290000209555,false,סירופ תפוחי עץ דיאט 1 ל',זנלכל,IL,סירופ תפוחי עץ דיאט 1 ל',ליטרים,1.00,ליטר,false,0,8.10,8.10,true,1,
7290000209562,false,סירופ מנגו דיאט 1ל' יכין,זנלכל,IL,סירופ מנגו דיאט,ליטרים,1.00,ליטר,false,0,8.10,8.10,true,1,
7290000209579,false,סירופ דיאט אננס 1 ל'יכין,זנלכל,IL,סירופ דיאט אננס 1 ל'יכין,ליטרים,1.00,ליטר,false,0,8.10,8.10,true,1,
7290000209722,false,ת.עגבניות פריכוז30%-28%,זנלכל,IL,ת.עגבניות פריכוז30%-28%,גרמים,580.00,100 גרם,false,0,8.50,1.47,true,1,
7290000211169,false,"אורז תאילנדי 1 ק""ג",סוגת,IL,"אורז תאילנדי 1 ק""ג",קילוגרמים,1.00,"ק""ג",false,0,6.90,6.90,true,1,
7290000211312,false,"אורז מלא ארוך ""סוגת"" 1קג",סוגת,IL,"אורז מלא ארוך ""סוגת"" 1קג",קילוגרמים,1.00,"ק""ג",false,0,10.50,10.50,true,1,
7290000211374,false,"קמח חיטה מלא סוגת 1 ק""ג",סוגת,IL,קמח חיטה מלא,קילוגרמים,1.00,"ק""ג",false,0,8.20,8.20,true,1,
7290000211381,false,"סוכר חום כהה סוגת 1 ק""ג",סוגת,IL,"סוכר חום כהה סוגת 1 ק""ג",קילוגרמים,1.00,"ק""ג",false,0,9.90,9.90,true,1,
7290000211442,false,"אורז פרסי קלאסי 1ק""ג",סוגת,IL,"אורז פרסי קלאסי 1ק""ג",קילוגרמים,1.00,"ק""ג",false,0,8.90,8.90,true,1,
7290000211985,false,"אורז עגול 1 ק""ג",סוגת,IL,אורז עגול סוגת,קילוגרמים,1.00,"ק""ג",false,0,9.00,9.00,true,1,
7290000212579,false,ופלים מצופים 20גר40Xיח',מנעמים,IL,ופלים מצופים,גרמים,800.00,100 גרם,false,0,21.60,2.70,true,1,
7290000214115,false,מרק עוף בצנצנת ויטה400גר,פרי גליל,IL,מרק עוף צנצנת,גרמים,400.00,100 גרם,false,0,16.10,4.03,true,1,
7290000238029,false,"בצק עלים 1 ק""ג","מעדנות בע""מ",IL,בצק עלים מרודד,קילוגרמים,1.00,"ק""ג",false,0,24.90,24.90,true,1,
7290000238036,false,מלווח מעדנות 700 גרם,"מעדנות בע""מ",IL,מלווח מעדנות 700 גרם,גרמים,700.00,100 גרם,false,0,18.10,2.59,true,1,
7290000240558,false,עלים בלינצ'ס/קרפ סוזט700,"מעדנות בע""מ",IL,עלים בלינצ'ס/קרפ סוזט700,גרמים,700.00,100 גרם,false,0,28.60,4.09,true,1,
7290000244129,false,מרכך הוואי שיער צבוע700מ,טרופיקל דגיל,IL,מרכך הוואי שיער צבוע700מ,מיליליטרים,700.00,"100 מ""ל",false,0,9.90,1.41,true,1,
7290000244761,false,"קרם ידיים ולווטה 100 מ""ל",טרופיקל דגיל,IL,"קרם ידיים ולווטה 100 מ""ל",מיליליטרים,100.00,"100 מ""ל",false,0,11.20,11.20,true,1,
7290000245072,false,מרכך כביסה סוד בייבי 4 ל,הנקל סוד,IL,מרכך כביסה בייבי,ליטרים,4.00,ליטר,false,0,23.90,5.98,true,1,
7290000245089,false,מרכך כביסה סוד סגול 4ל',הנקל סוד,IL,מרכך כביסה סוד,ליטרים,4.00,ליטר,false,0,16.90,4.23,true,1,
7290000245157,false,מרכך סוד סנסיישן 4 ל',הנקל סוד,IL,מרכך סוד סנסיישן 4 ל',ליטרים,4.00,ליטר,false,0,16.90,4.23,true,1,
7290000245294,false,א.כביסה פרסיל סופרה 2.5ק,הנקל סוד,IL,אבקת כביסה פרסיל,קילוגרמים,2.50,"ק""ג",false,0,28.90,11.56,true,1,
7290000245478,false,קומפקט סוד בייבי 1.25 קג,הנקל סוד,IL,אבקת כביסה בייבי,קילוגרמים,1.25,"ק""ג",false,0,15.80,12.64,true,1,
7290000245584,false,"סוד שושן מרענן 2.5ק""ג",הנקל סוד,IL,אבקת כביסה סוד,קילוגרמים,2.50,"ק""ג",false,0,23.00,9.20,true,1,
7290000245782,false,מרכך כביסה סוד ורוד 4 ל',הנקל סוד,IL,מרכך כביסה סוד ורוד 4 ל',ליטרים,4.00,ליטר,false,0,16.90,4.23,true,1,
7290000254807,false,צ'יטוס גבינה 100 גרם,עלית,IL,צ'יטוס גבינה 100 גרם,גרמים,100.00,100 גרם,false,0,6.70,6.70,true,1,
7290000256085,false,רולעדין גלילי ופל 100 גר,עדין,IL,גלילי רולעדין,גרמים,100.00,100 גרם,false,0,5.70,5.70,true,1,
7290000256207,false,ופלים מצופים עדין 20*25ג,עדין,IL,ופל מצופה 25 יח,גרמים,500.00,100 גרם,false,0,14.00,2.80,true,1,
7290000260839,false,ספרינג משקה תפוזים 1.5ל',יפאורה שותפות מובגלת לשיווק,IL,ספרינג תפוזים,ליטרים,1.50,ליטר,false,0,6.30,4.20,true,1,
7290000260853,false,ספרינג משקה מנגו 1.5 ל',יפאורה שותפות מובגלת לשיווק,IL,ספרינג מנגו,ליטרים,1.50,ליטר,false,0,6.30,4.20,true,1,
7290000260860,false,ספרינג משקה אפרסק 1.5 ל',יפאורה שותפות מובגלת לשיווק,IL,ספרינג אפרסק,ליטרים,1.50,ליטר,false,0,6.30,4.20,true,1,
7290000260969,false,משקה ספרינג דיאט אשכו1.5,יפאורה שותפות מובגלת לשיווק,IL,ספרינג דיאט,ליטרים,1.50,ליטר,false,0,6.30,4.20,true,1,
7290000262239,false,נייר טואלט מולט 48גלילים,חוגלה קימברלי,,נייר טואלט מולט 48גלילים,מטרים,843.00,100 מטר,false,0,39.00,4.63,true,1,
7290000262321,false,נייר טואלט שמורת טבע40גל,חוגלה קימברלי,IL,נייר טואלט,מטרים,736.00,100 מטר,false,0,24.90,3.38,true,1,
7290000263359,false,40 האגיס ליטל בייביס,חוגלה קימברלי,IL,חיתולי האגיס,יחידה,1.00,יחידה,false,0,31.90,31.90,true,1,
7290000272375,false,סירופ אננס עסיס 2 ליטר,בית השיטה,IL,סירופ אננס,ליטרים,2.00,ליטר,false,0,21.80,10.90,true,1,
7290000272443,false,סירופ תפוז דיאט 1 ליטר,בית השיטה,IL,סירופ דיאט תפוז,ליטרים,1.00,ליטר,false,0,11.00,11.00,true,1,
7290000272696,false,מיץ לימון משומר-עסיס 1ל',בית השיטה,IL,מיץ לימון משומר,ליטרים,1.00,ליטר,false,0,10.50,10.50,true,1,
7290000272726,false,חומץ 5% 1 ליטר,בית השיטה,IL,חומץ 5%,ליטרים,1.00,ליטר,false,0,6.90,6.90,true,1,
7290000284316,false,קוקה קולה בקבוק 1.5 ליטר,החברה המרכזית לייצור משקאות,IL,קוקה קולה בקבוק 1.5 ליטר,ליטרים,1.50,ליטר,false,0,6.30,4.20,true,1,
7290000284347,false,קינלי סודה 1.5 ליטר,החברה המרכזית לייצור משקאות,IL,קינלי סודה 1.5 ליטר,ליטרים,1.50,ליטר,false,0,4.40,2.93,true,1,
7290000284361,false,קולה דיאט בקבוק 1.5 ל',החברה המרכזית לייצור משקאות,IL,קולה דיאט בקבוק 1.5 ל',ליטרים,1.50,ליטר,false,0,6.30,4.20,true,1,
7290000286228,false,סנו סושי 6 כריות יפניות,סנו,IL,ספוגי סנו סושי,יחידה,1.00,יחידה,false,0,11.40,11.40,true,1,
7290000286297,false,סנו אנטיקאלק מסיר אבן700,סנו,IL,סנו מסיר אבן,מיליליטרים,700.00,"100 מ""ל",false,0,15.00,2.14,true,1,
7290000286488,false,ספוג כיף פיראט 1 יחידה,קוסמופארם,IL,ספוג כיף פיראט,יחידה,1.00,יחידה,false,0,11.10,11.10,true,1,
7290000286549,false,מטליות רב שימוש 9 יח',סנו,IL,מטליות רב שימוש 9 יח',יחידה,1.00,יחידה,false,0,11.40,11.40,true,1,
7290000286594,false,סנוX- לימון 600 גרם,סנו,IL,סנוX- קרם לניק,גרמים,600.00,100 גרם,false,0,10.30,1.72,true,1,
7290000286631,false,סנו X לימון שק.מילוי600ג,סנו,IL,סנוX לימון-מיל,גרמים,600.00,100 גרם,false,0,7.40,1.23,true,1,
7290000286761,false,ניילון נצמד 30*2 מטר,סנו,IL,צמד ניילון נצמד,מטרים,60.00,מטר,false,0,11.40,0.19,true,1,
7290000286921,false,"סנוקל רסס וכבס 750 מ""ל",סנו,IL,סנוקל רסס וכבס,מיליליטרים,750.00,"100 מ""ל",false,0,20.60,2.75,true,1,
7290000287195,false,סנורהיט מבריק רהיטים305ג,סנו,IL,סנו רהיט מרסס,מיליליטרים,305.00,"100 מ""ל",false,0,19.10,6.26,true,1,
7290000287430,false,סנובון לימון לאסלה 3 יח',סנו,IL,סנובון לאסלה,גרמים,165.00,100 גרם,false,0,12.00,7.27,true,1,
7290000287485,false,סנובון לובר 3יחX' 55גרם,סנו,IL,סנובון לובר,גרמים,165.00,100 גרם,false,0,12.00,7.27,true,1,
7290000287607,false,סנו בלו סבון למיכל האסלה,סנו,IL,סנו בלו לאסלה,גרמים,150.00,100 גרם,false,0,18.60,12.40,true,1,
7290000287621,false,סנו אנטי קאלק לאסלות750מ,סנו,IL,סנו מנקה אסלות,מיליליטרים,750.00,"100 מ""ל",false,0,15.90,2.12,true,1,
7290000288000,false,4 סנו ארון פרש קלאסיק,סנו,IL,סנו ארון פרש,יחידה,1.00,יחידה,false,0,21.40,21.40,true,1,
7290000288024,false,סנו ג'אוול לימון 4 ליטר,סנו,IL,סנו JAVEL אקונומ,ליטרים,4.00,ליטר,false,0,15.90,3.98,true,1,
7290000288031,false,סנו אקונמיקה 4 ליטר,סנו,IL,סנו אקונמיקה,ליטרים,4.00,ליטר,false,0,12.00,3.00,true,1,
7290000288048,false,סנו ג'אוול מרסס לבנדר 1ל,סנו,IL,סנו ג'אוול מרסס לבנדר 1ל,ליטרים,1.00,ליטר,false,0,20.90,20.90,true,1,
7290000288109,false,אבקת מקסימה ג'אבל 1.25קג,סנו,IL,א.כביסה מקסימה,קילוגרמים,1.25,"ק""ג",false,0,19.90,15.92,true,1,
7290000288352,false,300-K קוטל חרק/.זוחל630מ,סנו,IL,300-K קוטל חרק,מיליליטרים,630.00,"100 מ""ל",false,0,22.80,3.62,true,1,
7290000288642,false,מרכך מקסימה סנסטיב 4 ל',סנו,IL,מרכך כביסה,ליטרים,4.00,ליטר,false,0,21.90,5.48,true,1,
7290000288840,false,סנו מים מזוקקים 2 ליטר,סנו,IL,סנו מים מזוקקים 2 ליטר,ליטרים,2.00,ליטר,false,0,12.00,6.00,true,1,
7290000289052,false,פוליויקס סחלבים 4 ליטר,סנו,IL,פוליויקס לריצפה,ליטרים,4.00,ליטר,false,0,40.60,10.15,true,1,
7290000289069,false,סנו ג'אוול מרסס לימון 1ל,סנו,IL,סנו ג'אוול מרסס,ליטרים,1.00,ליטר,false,0,20.90,20.90,true,1,
7290000289472,false,סושי 50 שקיות אשפה HD,סנו,IL,50 שקיות אשפה,יחידה,1.00,יחידה,false,0,23.00,23.00,true,1,
7290000289496,false,ג'אוול ג'ל קרם לימון750מ,סנו,IL,ג'אוול ג'ל קרם,מיליליטרים,750.00,"100 מ""ל",false,0,18.30,2.44,true,1,
7290000289748,false,"סנו פורטה פלוס 750 מ""ל",סנו,IL,"סנו פורטה פלוס 750 מ""ל",מיליליטרים,750.00,"100 מ""ל",false,0,11.40,1.52,true,1,
7290000289885,false,סנופרש ענק אושן כחול375מ,סנו,IL,מטהר סנופרש ענק,מיליליטרים,375.00,"100 מ""ל",false,0,14.00,3.73,true,1,
7290000289915,false,"סנופרש וניל מתוק 375 מ""ל",סנו,IL,מטהר סנופרש,מיליליטרים,375.00,"100 מ""ל",false,0,14.00,3.73,true,1,
7290000291932,false,סנובון נוזלי לבנדר 750מל,סנו,IL,סנובון נוזלי,מיליליטרים,750.00,"100 מ""ל",false,0,12.40,1.65,true,1,
7290000292137,false,"סנו לניקוי עור 500 מ""ל",סנו,IL,סנו לניקוי עור,מיליליטרים,500.00,"100 מ""ל",false,0,35.00,7.00,true,1,
7290000292557,false,סנומט נוזלי45לילות-מילוי,סנו,IL,נוזל מילוי סנו,מיליליטרים,35.00,"100 מ""ל",false,0,18.70,53.43,true,1,
7290000292564,false,"2000-K אינסקטל 750 מ""ל",סנו,IL,סנו 2000-K תרסיס,מיליליטרים,750.00,"100 מ""ל",false,0,33.10,4.41,true,1,
7290000292687,false,סנובון כחול שלישיה55*3גר,סנו,IL,סנובון כחול 3 יח,גרמים,165.00,100 גרם,false,0,17.90,10.85,true,1,
7290000292915,false,"סנו רסס ונגב מרסס 750מ""ל",סנו,IL,סנו רסס נגב מרסס,מיליליטרים,750.00,"100 מ""ל",false,0,16.30,2.17,true,1,
7290000293073,false,מרכך כביסה מקסימה ביו4ל',סנו,IL,מרכך כביסה,ליטרים,4.00,ליטר,false,0,21.90,5.48,true,1,
7290000293943,false,סנו אנטי קאלק מרסס 1 ל',סנו,IL,סנו אנטי קאלק,ליטרים,1.00,ליטר,false,0,17.20,17.20,true,1,
7290000294391,false,סנו ג'ט לניקווי כללי 4ל,סנו,IL,סנו ג'ט,ליטרים,4.00,ליטר,false,0,14.80,3.70,true,1,
7290000294414,false,סנומוד נטול גז מדונה150מ,סנו,IL,סנומוד נטול גז,מיליליטרים,150.00,"100 מ""ל",false,0,15.40,10.27,true,1,
7290000294575,false,רב מגבת סנו סושי 63 דפים,סנו,IL,רב מגבת סנו סושי,מטרים,14.00,מטר,false,0,12.70,0.91,true,1,
7290000294780,false,סנו ג'אול אקונומ.סמיכה4ל,סנו,IL,סנו ג'אוול 4 ל,ליטרים,4.00,ליטר,false,0,15.90,3.98,true,1,
7290000295121,false,מטליות זיגזג 3 יחידות,סנו,IL,מטליות זיגזג,יחידה,1.00,יחידה,false,0,12.00,12.00,true,1,
7290000295299,false,כריות הפלא 4 יח סנו סושי,סנו,IL,סנו סושי 4 כריות,יחידה,1.00,יחידה,false,0,11.40,11.40,true,1,
7290000295336,false,אבקת מקסימה סנסטיב 1.25ק,סנו,IL,אבקת כביסה,קילוגרמים,1.25,"ק""ג",false,0,19.90,15.92,true,1,
7290000295367,false,אבקת מקסימה ג'אוול 2.5קג,סנו,IL,אבקת כביסה,קילוגרמים,2.50,"ק""ג",false,0,31.50,12.60,true,1,
7290000295404,false,סושי60שקיות אשפה כחולות,סנו,IL,שקיות אשפה,יחידה,1.00,יחידה,false,0,23.10,23.10,true,1,
7290000295558,false,2רדידי אלומיניום0.3*7.5מ,סנו,IL,צמד רדידי אלומינ,מטרים,15.00,מטר,false,0,11.40,0.76,true,1,
7290000295565,false,צמד רדיד אלומניום45ס7.5X,סנו,IL,צמד רדידי אלומינ,מטרים,15.00,מטר,false,0,20.10,1.34,true,1,
7290000295572,false,"מנקה אסלות ""00"" 750*2מל",סנו,IL,צמד מנקה אסלות,ליטרים,1.50,ליטר,false,0,19.90,13.27,true,1,
7290000295824,false,סושי אלומ.חסכונ0.3 100*מ,סנו,IL,רדידי אלומיניום,מטרים,100.00,מטר,false,0,62.50,0.63,true,1,
7290000300139,false,המבורגר מן הצומח 750 גרם,טבעול,IL,המבורגר מן הצומח 750 גרם,גרמים,750.00,100 גרם,false,0,36.30,4.84,true,1,
7290000300337,false,נקנקיה וינר מן הצומח 750,טבעול,IL,נקנקיה וינר מן הצומח 750,גרמים,750.00,100 גרם,false,0,32.30,4.31,true,1,
7290000300924,false,שניצל תרד 750 גרם,טבעול,IL,שניצל תרד,גרמים,750.00,100 גרם,false,0,32.30,4.31,true,1,
7290000301662,false,שניצל מןהצומח %5שומן 750,טבעול,IL,שניצל מןהצומח %5שומן 750,גרמים,750.00,100 גרם,false,0,34.80,4.64,true,1,
7290000302027,false,טיים RED 10 יח',"דובק בע""מ",IL,טיים RED 10 יח',יחידה,1.00,יחידה,false,0,270.00,270.00,false,1,
7290000302041,false,טיים RED 100 10 יח',"דובק בע""מ",IL,טיים RED 100 10 יח',יחידה,1.00,יחידה,false,0,270.00,270.00,false,1,
7290000302294,false,גולף GOLD 100 10 יח',"דובק בע""מ",IL,גולף GOLD 100 10 יח',יחידה,1.00,יחידה,false,0,280.00,280.00,false,1,
7290000303598,false,שעועית אפויה+רוטב 570 גר,פרי גליל,IL,שעועית אפויה+רוטב 570 גר,גרמים,570.00,100 גרם,false,0,9.00,1.58,true,1,
7290000304663,false,"סלט טונה פיקנטי""נון160""ג",סטארקיסט,IL,סלט טונה פיקנט,גרמים,160.00,100 גרם,false,0,6.90,4.31,true,1,
7290000305042,false,סרדין סטאר 2-5 120 גרם,.אל.גי.אם.סי,MA,סרדין סטאר 2-5 120 גרם,גרמים,120.00,100 גרם,false,0,6.40,5.33,true,1,
7290000305769,false,פילה מקרל בשמן יונה 120ג,.אל.גי.אם.סי,IL,פילה מקרל בשמן,גרמים,120.00,100 גרם,false,0,9.50,7.92,true,1,
7290000305882,false,אס ירקות עם דגים+רוטב120,סטארקיסט,IL,אס דגים+ירקות,גרמים,120.00,100 גרם,false,0,5.80,4.83,true,1,
7290000307015,false,אפונת גינה גדולה 550 גר',פרי גליל,IL,אפונת גינה גדולה 550 גר',גרמים,550.00,100 גרם,false,0,7.10,1.29,true,1,
7290000307220,false,גרעיני תירס ואקום 340 גר,פרי גליל,IL,גרעיני תירס ואקום 340 גר,גרמים,340.00,100 גרם,false,0,6.70,1.97,true,1,
7290000307237,false,גרעיני תירס מתוק 550 גרם,פרי גליל,IL,גרעיני תירס מתוק 550 גרם,גרמים,550.00,100 גרם,false,0,6.90,1.25,true,1,
7290000311128,false,עוגיות חמאה מן 300 גרם,רוקחמן,IL,עוגיות חמאה מן 300 גרם,גרמים,300.00,100 גרם,false,0,7.10,2.37,true,1,
7290000311135,false,עוג. שוקו סטיקס מן300ג,רוקחמן,IL,עוגיות שוקו,גרמים,300.00,100 גרם,false,0,6.70,2.23,true,1,
7290000311180,false,ופלית ארוז 10יח25Xג,רוקחמן,IL,ופלית ארוז,גרמים,250.00,100 גרם,false,0,6.70,2.68,true,1,
7290000311203,false,ופלים מן בטעם שוקולד200ג,רוקחמן,IL,ופלים טעם שוקולד,גרמים,200.00,100 גרם,false,0,4.50,2.25,true,1,
7290000311210,false,ופלים מן בטעם לימון 200ג,רוקחמן,IL,וופלים לימון,גרמים,200.00,100 גרם,false,0,4.50,2.25,true,1,
7290000311357,false,ופל אגוזית מארז 10יח28Xג,רוקחמן,IL,ופל אגוזית מארז 10יח28Xג,גרמים,280.00,100 גרם,false,0,9.80,3.50,true,1,
7290000311425,false,ופלים מצופים כחול 22*10ג,רוקחמן,IL,ופלים מצופים,גרמים,220.00,100 גרם,false,0,6.80,3.09,true,1,
7290000311708,false,עוגיות מחיטה מלאה מן300ג,רוקחמן,IL,עוגיות מחיטה מלאה מן300ג,גרמים,300.00,100 גרם,false,0,7.10,2.37,true,1,
7290000311722,false,עוגיות עם כוכבים 300 גרם,רוקחמן,IL,עוגיות כוכבים,גרמים,300.00,100 גרם,false,0,6.90,2.30,true,1,
7290000313184,false,עוג.גן חיות וניל 250 גרם,אסם,IL,עוגיות גן חיות,גרמים,250.00,100 גרם,false,0,9.20,3.68,true,1,
7290000313283,false,נודלס אטריות ביצים 300גר,זארה,IT,אטריות נודלס,גרמים,300.00,100 גרם,false,0,11.90,3.97,true,1,
7290000315324,false,רקסונה ספריי שאוור 150מ,קוסטר,TR,דאו.רקסונה,מיליליטרים,150.00,"100 מ""ל",false,0,19.90,13.27,true,1,
7290000315362,false,"קורנפלקס כשל""פ 500 גרם",יוניליוור,IL,"קורנפלקס כשל""פ",גרמים,500.00,100 גרם,false,0,22.50,4.50,true,1,
7290000316208,false,סיף לניקוי המטבח 500מל,יוניליוור,TR,סיף ספריי למטבח,מיליליטרים,500.00,"100 מ""ל",false,0,12.50,2.50,true,1,
7290000316215,false,סיף לניקוי אמבטיה500מל,יוניליוור,TR,סיף ספריי אמבטיה,מיליליטרים,500.00,"100 מ""ל",false,0,12.50,2.50,true,1,
7290000316444,false,"ברנפלקס ללא סוכר בד""ץ500",יוניליוור,IL,ברנפלקס ללא סוכר,גרמים,500.00,100 גרם,false,0,19.90,3.98,true,1,
7290000327372,false,ג'אמפ אשכוליות דיאט1.5ל',טמפו,IL,ג'אמפ דיאט,ליטרים,1.50,ליטר,false,0,5.90,3.93,true,1,
7290000327440,false,ג'אמפ מנגו פסיפלורה 1.5ל,טמפו,IL,ג'אמפ מנגו,ליטרים,1.50,ליטר,false,0,5.90,3.93,true,1,
7290000327532,false,פפסי קולה 1.5*6 ליטר,טמפו,IL,פפסי קולה 1.5*6 ליטר,ליטרים,9.00,ליטר,false,0,24.90,2.77,true,1,
7290000327624,false,מי סודה 1.5 ליטר,טמפו,IL,מי סודה 1.5 ליטר,ליטרים,1.50,ליטר,false,0,3.20,2.13,true,1,
7290000327693,false,סודה בטעם פירות יער 1.5ל,,IL,סודה בטעם פירות יער 1.5ל,ליטרים,1.50,ליטר,false,0,4.00,2.67,true,1,
7290000327709,false,סודה ט.אדלברי ליצ'י 1.5ל,,IL,סודה ט.אדלברי ליצ'י 1.5ל,ליטרים,1.50,ליטר,false,0,4.00,2.67,true,1,
7290000327716,false,סודה אננס 1.5 ליטר,,IL,סודה אננס 1.5 ליטר,ליטרים,1.50,ליטר,false,0,4.00,2.67,true,1,
7290000334233,false,"תפוגן 2 ק""ג",תפוגן,IL,תפוגן צ'פס מובחר,קילוגרמים,2.00,"ק""ג",false,0,30.80,15.40,true,1,
7290000334325,false,מארז ציפס למיקרו שלישיות,תפוגן,IL,מארז ציפס למיקרו שלישיות,גרמים,375.00,100 גרם,false,0,15.00,4.00,true,1,
7290000334684,false,טבעות בצל לתנור 700 גרם,תפוגן,IL,טבעות בצל לתנור,גרמים,700.00,100 גרם,false,0,17.90,2.56,true,1,
7290000339191,false,רן אבקת הלבנה 350 גרם,זוהר דליה,IL,רן אבקת הלבנה,גרמים,350.00,100 גרם,false,0,18.50,5.29,true,1,
7290000339566,false,מרכך כביסה בדין ורוד 4 ל,יוניליוור,IL,מרכך כביסה בדין,ליטרים,4.00,ליטר,false,0,21.90,5.48,true,1,
7290000339597,false,חומצת מלח לאסלה/כיורים1ל,קליר כימיקלים,IL,חומצת מלח לאסל,ליטרים,1.00,ליטר,false,0,13.00,13.00,true,1,
7290000339863,false,משחת קלין לימון 1קג,יוניליוור,IL,משחת קלין,קילוגרמים,1.00,"ק""ג",false,0,14.10,14.10,true,1,
7290000341071,false,מרכך כביסה בדין בייבי 2ל,יוניליוור,IL,מרכך כביסה בייבי,ליטרים,2.00,ליטר,false,0,19.60,9.80,true,1,
7290000342832,false,מרכך כביסה בדין צהוב 4 ל,יוניליוור,IL,מרכך כביסה בדין,ליטרים,4.00,ליטר,false,0,21.90,5.48,true,1,
7290000342856,false,מרכך כביסה בדין כחול 4 ל,יוניליוור,IL,מרכך כביסה בדין,ליטרים,4.00,ליטר,false,0,21.90,5.48,true,1,
7290000345055,false,ארל גריי תה עלים 100 גרם,ויסוצקי,IL,ארל גריי תה עלים 100 גרם,גרמים,100.00,100 גרם,false,0,15.00,15.00,true,1,
7290000345116,false,תה ירוק עלים 125 גרם,ויסוצקי,IL,תה ירוק עלים 125 גרם,גרמים,125.00,100 גרם,false,0,14.80,11.84,true,1,
7290000345147,false,תה ארל גריי בפח 200 גרם,ויסוצקי,IL,תה ארל גריי בפח,גרמים,200.00,100 גרם,false,0,27.20,13.60,true,1,
7290000345208,false,תה ויסוצקי 25שק* 1 גרם,ויסוצקי,IL,תה ויסוצקי מעודן,גרמים,25.00,100 גרם,false,0,7.00,28.00,true,1,
7290000345215,false,תה ויסוצקי כחול 100שק1*ג,ויסוצקי,IL,תה ויסוצקי כחול 100שק1*ג,גרמים,100.00,100 גרם,false,0,16.00,16.00,true,1,
7290000345260,false,תה ויסוצקי 25שק1.5*גרם,ויסוצקי,IL,תה ויסוצקי 25שק1.5*גרם,גרמים,37.00,100 גרם,false,0,7.40,20.00,true,1,
7290000345277,false,תה ויסוצקי 50שק1.5* גרם,ויסוצקי,IL,תה ויסוצקי 50שק1.5* גרם,גרמים,75.00,100 גרם,false,0,13.50,18.00,true,1,
7290000345284,false,תה קלאסיק 100שק1.5*גרם,ויסוצקי,IL,תה קלאסיק 100שק1.5*גרם,גרמים,150.00,100 גרם,false,0,16.90,11.27,true,1,
7290000345291,false,תה ארל גריי 25שק1.5*גרם,ויסוצקי,IL,תה ארל גריי 25שק1.5*גרם,גרמים,37.00,100 גרם,false,0,15.20,41.08,true,1,
7290000345307,false,תה ארל גריי 50 שק1.5*גרם,ויסוצקי,IL,תה ארל גריי 50שק,גרמים,75.00,100 גרם,false,0,29.60,39.47,true,1,
7290000345536,false,תה נענע 25 שקX. 1.5 גרם,ויסוצקי,IL,תה נענע 25 שקX. 1.5 גרם,גרמים,37.00,100 גרם,false,0,18.80,50.81,true,1,
7290000345598,false,תה אפרסק 25 שק2Xגרם,ויסוצקי,IL,תה אפרסק,גרמים,50.00,100 גרם,false,0,18.80,37.60,true,1,
7290000346021,false,חליטת קמומיל 50 שק* 1.5ג,ויסוצקי,IL,חליטת קמומיל 50 שק* 1.5ג,גרמים,75.00,100 גרם,false,0,31.30,41.73,true,1,
7290000346120,false,חליטת קסם הקינמון2.5X25ג,ויסוצקי,IL,חליטת קינמון,גרמים,62.00,100 גרם,false,0,17.60,28.39,true,1,
7290000346137,false,הילולי פירות הגן 2.5X25ג,ויסוצקי,IL,חליטת פירות,גרמים,62.00,100 גרם,false,0,17.60,28.39,true,1,
7290000346144,false,חליטת עינוגי התפוח 3X25ג,ויסוצקי,IL,חליטת תפוחים,גרמים,67.00,100 גרם,false,0,17.60,26.27,true,1,
7290000346151,false,חליטת תות+ורד הבר2.7X25ג,ויסוצקי,IL,חליטת תות+ורד הבר2.7X25ג,גרמים,67.00,100 גרם,false,0,17.60,26.27,true,1,
7290000346168,false,חליטת שומר 25 שק1.5X'ג,ויסוצקי,IL,חליטת שומר,גרמים,37.00,100 גרם,false,0,17.60,47.57,true,1,
7290000346205,false,חל.קמומיל-גן קסום1.5ג25X,ויסוצקי,IL,חליטת קמומיל,גרמים,37.00,100 גרם,false,0,17.60,47.57,true,1,
7290000346229,false,חליטת ורד הבר והיביס4X25,ויסוצקי,IL,חליטת ורד הבר,גרמים,75.00,100 גרם,false,0,17.60,23.47,true,1,
7290000346236,false,תה לואיזה גן קסום25י2Xגר,ויסוצקי,IL,תה לואיזה וורבנה,גרמים,50.00,100 גרם,false,0,17.60,35.20,true,1,
7290000346960,false,תה נענע 50 שקיקים1.5Xגר,ויסוצקי,IL,תה נענע,גרמים,75.00,100 גרם,false,0,29.40,39.20,true,1,
7290000347738,false,תה ירוק עם נענע 25ש1.5Xג,ויסוצקי,IL,תה ירוק נענע,גרמים,37.00,100 גרם,false,0,26.90,72.70,true,1,
7290000347752,false,תה ירוק+לימונ.ולואיזה25ש,ויסוצקי,IL,תה ירוק לימונית,גרמים,37.00,100 גרם,false,0,26.90,72.70,true,1,
7290000355412,false,עגבנ.מרוסקות עם שום 800ג,מילוז,IL,עגבנ.מרוסקות עם שום 800ג,גרמים,800.00,100 גרם,false,0,8.50,1.06,true,1,
7290000357386,false,פילה מרלוזה קפוא מחיר לפ,דלידג - נטו,AR,פילה מרלוזה,קילוגרמים,0.00,"ק""ג",true,0,29.90,29.90,true,1,
7290000359472,false,נקטר אפרסק פרימור 1 ליטר,גניר,IL,נקטר אפרסק,ליטרים,1.00,ליטר,false,0,4.90,4.90,true,1,
7290000363486,false,נקניק תה במשקל,טירת צבי,IL,נקניק תה,קילוגרמים,0.00,"ק""ג",true,0,52.00,52.00,true,1,
7290000364759,false,נקניקיות קרנץ וינר 500גר,טירת צבי,IL,נקניקיות וינר,גרמים,500.00,100 גרם,false,0,13.90,2.78,true,1,
7290000364858,false,"נקניקיות עוף בואקום 1ק""ג",טירת צבי,IL,נקניקיות עוף,קילוגרמים,1.00,"ק""ג",false,0,30.80,30.80,true,1,
7290000364872,false,נקניקיות עוף 400 גרם,טירת צבי,IL,נקניקיות עוף,גרמים,400.00,100 גרם,false,0,13.90,3.48,true,1,
7290000367590,false,פסטרמה כפרית+סלמי 400*2ג,טירת צבי,IL,צמד כפרי נקניקים,גרמים,800.00,100 גרם,false,0,34.90,4.36,true,1,
7290000376165,false,כדורי שוקו דבש 500 גרם,גלומה,IL,כדורי שוקו דבש,גרמים,500.00,100 גרם,false,0,6.90,1.38,true,1,
7290000376431,false,כדורי שוקו 500 גרם,גלומה,IL,כדורי שוקו,גרמים,500.00,100 גרם,false,0,6.90,1.38,true,1,
7290000376448,false,כדורי פירות 500 גרם,גלומה,IL,כדורי פירות,גרמים,500.00,100 גרם,false,0,6.90,1.38,true,1,
7290000376462,false,טבעות דבש וכרמל 500 גרם,גלומה,IL,טבעות דבש וכרמל,גרמים,500.00,100 גרם,false,0,6.90,1.38,true,1,
7290000376479,false,טבעות קינמון 500 גרם,גלומה,IL,טבעות קינמון,גרמים,500.00,100 גרם,false,0,6.90,1.38,true,1,
7290000379128,false,חלה פרוס.וארוז500.גרם231,מאפיית שלמה א. אנג'ל,IL,חלה פרוס.וארוז500.גרם231,גרמים,500.00,100 גרם,false,0,9.40,1.88,true,1,
7290000379203,false,לחם עינן קל 500 גרם,מאפיית שלמה א. אנג'ל,IL,לחם עינן קל 500 גרם,גרמים,500.00,100 גרם,false,0,15.90,3.18,true,1,
7290000379357,false,חלה קלה פרוסה 500 גרם,מאפיית שלמה א. אנג'ל,IL,חלה קלה פרוסה 500 גרם,גרמים,500.00,100 גרם,false,0,14.30,2.86,true,1,
7290000396439,false,עגבניות שרי מידיפלס יח,קטיף,IL,ע.שרי מידיפלם-יח,יחידה,1.00,יחידה,false,0,8.90,8.90,true,1,
7290000408316,false,יוגורט לבן ביו 3% 200ג,שטראוס,IL,דנונה לבן ביו,גרמים,200.00,100 גרם,false,0,3.70,1.85,true,1,
7290000408354,false,דנונה בר פצפוצים 173 גרם,שטראוס,IL,דנונה בר פצפוצים,גרמים,173.00,100 גרם,false,0,5.30,3.06,true,1,
7290000412481,false,"מנקה אסלות ""00"" 1 ליטר",סנו,IL,"מנקה אסלות 00""",ליטרים,1.00,ליטר,false,0,8.70,8.70,true,1,
7290000416021,false,ממרח בטעם שוקולד 500גר,השחר,IL,ממרח השחר,גרמים,500.00,100 גרם,false,0,11.90,2.38,true,1,
7290000416038,false,"ממרח השחר חלבי בד""ץ 850",השחר,IL,ממרח השחר,גרמים,850.00,100 גרם,false,0,27.90,3.28,true,1,
7290000416045,false,ממרח מובחר מריחה השחר1קג,השחר,IL,ממרח מובחר מריחה השחר1קג,קילוגרמים,1.00,"ק""ג",false,0,22.90,22.90,true,1,
7290000416076,false,צימקאו שוקולד לבישול400ג,השחר,IL,צימקאו שוקולד לבישול400ג,גרמים,400.00,100 גרם,false,0,13.90,3.48,true,1,
7290000416618,false,"ממרח טעם שוקולד בד""ץ400ג",השחר,IL,ממרח בטעם שוקולד,גרמים,400.00,100 גרם,false,0,13.60,3.40,true,1,
7290000416632,false,ממרח טעם שוקולד פרווה1קג,השחר,IL,ממרח שוקולד השחר,קילוגרמים,1.00,"ק""ג",false,0,27.00,27.00,true,1,
7290000419114,false,קפה טחון טורקי לנדור200ג,קפה לנדוור,IL,קפה טחון טורקי לנדור200ג,גרמים,200.00,100 גרם,false,0,15.50,7.75,true,1,
7290000419367,false,קפה לנדוור מקורי 70*4גרם,קפה לנדוור,,קפה לנדוור 4 יח',גרמים,280.00,100 גרם,false,0,21.50,7.68,true,1,
7290000419893,false,קפה לנדור לבוקר טחון100ג,קפה לנדוור,IL,קפה לנדור לבוקר טחון100ג,גרמים,100.00,100 גרם,false,0,8.60,8.60,true,1,
7290000420325,false,גרע.תירס טבעי-מיקרו100*5,פרסטון פארמס,US,גרע.תירס טבעי-מיקרו100*5,גרמים,500.00,100 גרם,false,0,15.30,3.06,true,1,
7290000420417,false,גלילונית עם שרוך 65*52סמ,אשפלסט,IL,גלילונית שרוך,יחידה,1.00,יחידה,false,0,22.90,22.90,true,1,
7290000432120,false,נרות חנוכה,,IL,נרות חנוכה,יחידה,1.00,יחידה,false,0,3.90,3.90,true,1,
7290000432151,false,נרות קישוט זוג,,IL,נרות קישוט זוג,יחידה,1.00,יחידה,false,0,6.10,6.10,true,1,
7290000432182,false,נר נשמה בכוס 24 שעות,,IL,נר נשמה בכוס 24 שעות,יחידה,1.00,יחידה,false,0,4.20,4.20,true,1,
7290000432205,false,נר נשמה בכוס,,IL,נר נשמה בכוס,יחידה,1.00,יחידה,false,0,4.90,4.90,true,1,
7290000432335,false,נר נשמה בכוס 72 שעות,,IL,נר נשמה בכוס 72 שעות,יחידה,1.00,יחידה,false,0,7.50,7.50,true,1,
7290000432489,false,נרות חנוכה,,IL,נרות חנוכה,יחידה,1.00,יחידה,false,0,6.90,6.90,true,1,
7290000432625,false,נר הבדלה עגול,,IL,נר הבדלה עגול,יחידה,1.00,יחידה,false,0,9.30,9.30,true,1,
7290000432632,false,נרות שבת 4 יחידות,,IL,נרות שבת 4 יחידות,יחידה,1.00,יחידה,false,0,4.20,4.20,true,1,
7290000432649,false,נרות שבת 6 יחידות,,IL,נרות שבת 6 יחידות,יחידה,1.00,יחידה,false,0,4.20,4.20,true,1,
7290000432656,false,נרות שבת 8 יחידות,,IL,נרות שבת 8 יחידות,יחידה,1.00,יחידה,false,0,4.20,4.20,true,1,
7290000432670,false,נרות שבת 12 יחידות,,IL,נרות שבת 12 יחידות,יחידה,1.00,יחידה,false,0,4.20,4.20,true,1,
7290000432687,false,נרות שבת 16 יחידות,,IL,נרות שבת 16 יחידות,יחידה,1.00,יחידה,false,0,4.20,4.20,true,1,
7290000432922,false,נריות בפלסטיק 72 שעות,,IL,נריות בפלסטיק 72 שעות,יחידה,1.00,יחידה,false,0,24.70,24.70,true,1,
7290000433684,false,פפסי קולה 1.5 ליטר,טמפו,IL,פפסי קולה 1.5 ליטר,ליטרים,1.50,ליטר,false,0,5.60,3.73,true,1,
7290000433714,false,סבן אפ 1.5 ליטר,טמפו,IL,סבן אפ 1.5 ליטר,ליטרים,1.50,ליטר,false,0,5.60,3.73,true,1,
7290000433745,false,מירינדה 1.5 ליטר,טמפו,IL,מירינדה 1.5 ליטר,ליטרים,1.50,ליטר,false,0,5.60,3.73,true,1,
7290000433899,false,דיאט סבן אפ 1.5 ליטר,טמפו,IL,דיאט סבן אפ 1.5 ליטר,ליטרים,1.50,ליטר,false,0,5.60,3.73,true,1,
7290000433974,false,פפסי מקס 1.5 ליטר,טמפו,IL,פפסי מקס 1.5 ליטר,ליטרים,1.50,ליטר,false,0,5.60,3.73,true,1,
7290000434490,false,"עוג. קינמון ""פפושדו600""ג","אחים פפושדו ובניהם בע""מ",IL,"עוג. קינמון ""פפושדו600""ג",גרמים,600.00,100 גרם,false,0,11.30,1.88,true,1,
7290000434582,false,"עוג.שומשום ""פפושדו600""גר","אחים פפושדו ובניהם בע""מ",IL,"עוג.שומשום ""פפושדו600""גר",גרמים,600.00,100 גרם,false,0,11.30,1.88,true,1,
7290000434605,false,"עוג.אגוזים ""פפושדו600""גר","אחים פפושדו ובניהם בע""מ",IL,"עוג.אגוזים ""פפושדו600""גר",גרמים,600.00,100 גרם,false,0,11.30,1.88,true,1,
7290000435251,false,עדשים 500 גרם,הנמל,IL,עדשים 500 גרם,גרמים,500.00,100 גרם,false,0,17.00,3.40,true,1,
7290000442013,false,"פמינה יאנג 220 מ""ל",כצט,IL,פמינה,מיליליטרים,220.00,"100 מ""ל",false,0,22.40,10.18,true,1,
7290000446127,false,פריכיות אורז,,IL,פריכיות אורז,גרמים,100.00,100 גרם,false,0,3.90,3.90,true,1,
7290000446523,false,חמאת בוטנים מתוקה 350גרם,,IL,חמאת בוטנים מתוקה 350גרם,גרמים,350.00,100 גרם,false,0,12.70,3.63,true,1,
7290000446530,false,"חמאת בוטנים מתוקה 1 ק""ג",,IL,"חמאת בוטנים מתוקה 1 ק""ג",קילוגרמים,1.00,"ק""ג",false,0,25.90,25.90,true,1,
7290000446547,false,חמאת בוטנים,,IL,חמאת בוטנים,גרמים,350.00,100 גרם,false,0,15.00,4.29,true,1,
7290000446554,false,חמאת בוטנים,,IL,חמאת בוטנים,קילוגרמים,1.00,"ק""ג",false,0,26.00,26.00,true,1,
7290000446776,false,אורז תפוח קל,,IL,אורז תפוח קל,גרמים,500.00,100 גרם,false,0,15.30,3.06,true,1,
7290000446783,false,גרנולה+דבש ותפוחים 400גר,,IL,גרנולה+דבש ותפוחים 400גר,גרמים,400.00,100 גרם,false,0,12.90,3.23,true,1,
7290000446851,false,ממרח חלבה עם דבש,,IL,ממרח חלבה עם דבש,גרמים,350.00,100 גרם,false,0,9.40,2.69,true,1,
7290000446943,false,פריכיות כוסמת 100 גרם,,IL,פריכיות כוסמת 100 גרם,גרמים,100.00,100 גרם,false,0,3.90,3.90,true,1,
7290000453019,false,שמרית-שמרים לחים 50 גרם,פאקא,IL,שמרית-שמרים לחים 50 גרם,גרמים,50.00,100 גרם,false,0,4.20,8.40,true,1,
7290000453125,false,שמרית+משפר אפיה ביתית100,פאקא,IL,שמרית+משפר אפיה ביתית100,גרמים,100.00,100 גרם,false,0,7.90,7.90,true,1,
7290000461625,false,בייגלה שמיניות מלוח400גר,יוניליוור,IL,בייגלה שמיניות,גרמים,400.00,100 גרם,false,0,10.90,2.73,true,1,
7290000461656,false,בייגל אחד אחד 400 גרם,יוניליוור,IL,בייגלה מקלות,גרמים,400.00,100 גרם,false,0,10.90,2.73,true,1,
7290000461700,false,בייגלה שמינ.גדול.מלוח400,יוניליוור,IL,בייגלה גדול,גרמים,400.00,100 גרם,false,0,14.30,3.58,true,1,
7290000461724,false,בייגלה שמינ.גדול+שומש400,יוניליוור,IL,בייגלה שמיניות,גרמים,400.00,100 גרם,false,0,13.10,3.28,true,1,
7290000461793,false,בייגל ארוך ארוך 150 גרם,יוניליוור,IL,בייגל ארוך ארוך,גרמים,150.00,100 גרם,false,0,5.40,3.60,true,1,
7290000461861,false,דג דג חטיף מלוח 400 גרם,גוצ'מולר,IL,דג דג חטיף מלוח,גרמים,400.00,100 גרם,false,0,13.20,3.30,true,1,
7290000462103,false,סחוג זהבי אדום 150 גרם,זהבי הכרם,IL,סחוג זהבי אדום 150 גרם,גרמים,150.00,100 גרם,false,0,8.20,5.47,true,1,
7290000462141,false,זחוק אדום חריף מאוד 150ג,זהבי הכרם,IL,זחוק אדום חריף מאוד 150ג,גרמים,150.00,100 גרם,false,0,8.20,5.47,true,1,
7290000462172,false,סחוג זהבי ירוק 150 גרם,זהבי הכרם,IL,סחוג זהבי ירוק 150 גרם,גרמים,150.00,100 גרם,false,0,8.20,5.47,true,1,
7290000463148,false,זית מנזנילו בינוני560גרם,בית השיטה,IL,זית מנזנילו בינוני560גרם,גרמים,560.00,100 גרם,false,0,9.60,1.71,true,1,
7290000463377,false,זיתים חרוזית 560 גרם,בית השיטה,IL,זיתים חרוזית,גרמים,560.00,100 גרם,false,0,9.60,1.71,true,1,
7290000463490,false,טבעות זיתים ירוקים 560ג,בית השיטה,IL,טבעות זית ירוק,גרמים,560.00,100 גרם,false,0,10.30,1.84,true,1,
7290000463896,false,חרוזית פיקנטי 560 גרם,בית השיטה,IL,חרוזית פיקנטית,גרמים,560.00,100 גרם,false,0,10.90,1.95,true,1,
7290000464459,false,קוקטייל זיתים 560 גרם,בית השיטה,IL,קוקטייל זיתים,גרמים,560.00,100 גרם,false,0,11.80,2.11,true,1,
7290000466194,false,מלפפונ.במלח18-25 560 גרם,בית השיטה,IL,מלפפונים במלח,גרמים,560.00,100 גרם,false,0,11.70,2.09,true,1,
7290000467153,false,מלך החומוס סמיר הגדול400,צבר,IL,חומוס סמיר הגדול,גרמים,400.00,100 גרם,false,0,12.90,3.23,true,1,
7290000467160,false,מלפפון בחומץ גדול7-9 560,בית השיטה,IL,מלפפונים בחומץ,גרמים,560.00,100 גרם,false,0,6.40,1.14,true,1,
7290000467177,false,מלפפון 12-10 בחומץ 560גר,בית השיטה,IL,מלפפונים בחומץ,גרמים,560.00,100 גרם,false,0,6.90,1.23,true,1,
7290000467184,false,מלפפון חומץ קטן13-17 560,בית השיטה,IL,מלפפונים בחומץ,גרמים,560.00,100 גרם,false,0,9.10,1.63,true,1,
7290000468006,false,כרוב כבוש בית השיטה 560ג,בית השיטה,IL,כרוב כבוש,גרמים,560.00,100 גרם,false,0,8.20,1.46,true,1,
7290000474021,false,חלב מפוסטר שקית 3% 1 ל',טרה,IL,חלב מפוסטר שקית 3% 1 ל',ליטרים,1.00,ליטר,false,0,5.00,5.00,true,1,
7290000474076,false,חלב הומוגני בקרטון3% 1ל,טרה,IL,חלב הומוגני בקרטון3% 1ל,ליטרים,1.00,ליטר,false,0,5.90,5.90,true,1,
7290000474090,false,חלב הומוגני 1% קרטון 1 ל,טרה,IL,חלב טרי טרה 1%,ליטרים,1.00,ליטר,false,0,5.55,5.55,true,1,
7290000474373,false,"שמנת חמוצה15% 200 מ""ל",טרה,IL,שמנת חמוצה15%,מיליליטרים,200.00,"100 מ""ל",false,0,2.28,1.14,true,1,
7290000474410,false,חמאה 100 גרם,טרה,IL,חמאה טרה,גרמים,100.00,100 גרם,false,0,3.90,3.90,true,1,
7290000474502,false,גבינה לבנה 5% טרה 250 גר,טרה,IL,גבינה לבנה 5% טרה 250 גר,גרמים,250.00,100 גרם,false,0,4.80,1.92,true,1,
7290000480107,false,קואקר ש.שועל פח 500גרם,קואקר אוטס,GB,קואקר שיבולת,גרמים,500.00,100 גרם,false,0,14.30,2.86,true,1,
7290000480442,false,קואקר באריזת אלומינ500גר,קואקר אוטס,GB,קואקר,גרמים,500.00,100 גרם,false,0,13.60,2.72,true,1,
7290000482071,false,קוקי שקיות אפיה 10*2 יחי,ש.שסטוביץ,IL,קוקי שקיות אפיה,יחידה,1.00,יחידה,false,0,20.80,20.80,true,1,
7290000490311,false,מנבו וניל 6 יחידות,פלקו,IL,מנבו וניל,גרמים,144.00,100 גרם,false,0,9.90,6.88,true,1,
7290000490397,false,מנבו וניל 20 יחידות,פלקו,IL,מנבו 20 יחידות,גרמים,480.00,100 גרם,false,0,19.90,4.15,true,1,
7290000490779,false,מנבו מוקה 6 יחידות,פלקו,IL,מנבו בטעם מוקה,גרמים,144.00,100 גרם,false,0,9.90,6.88,true,1,
7290000493176,false,רוטב צלי לבשר בשקית22ג,אסם,IL,רוטב צלי לבשר,גרמים,22.00,100 גרם,false,0,4.50,20.45,true,1,
7290000493183,false,רוטב פטריות לבשר-אבקה30ג,אסם,IL,רוטב פטריות,גרמים,30.00,100 גרם,false,0,4.00,13.33,true,1,
7290000497044,false,לחם ברמן אקטיב 750 גרם,מאפית ברמן,IL,לחם ברמן אקטיב 750 גרם,גרמים,750.00,100 גרם,false,0,13.90,1.85,true,1,
7290000497228,false,6 לחמניות רגילות בשקית,מאפית ברמן,IL,6 לחמניות רגילות בשקית,גרמים,450.00,100 גרם,false,0,10.90,2.42,true,1,
7290000497303,false,6 לחמניות מקמח מלא בשקית,מאפית ברמן,IL,6 לחמניות מקמח מלא בשקית,גרמים,450.00,100 גרם,false,0,14.30,3.18,true,1,
7290000497426,false,לחם ברמן קל לענין 500גרם,מאפית ברמן,IL,לחם ברמן קל לענין 500גרם,גרמים,500.00,100 גרם,false,0,14.30,2.86,true,1,
7290000497457,false,לחם דגנים 750 גרם,מאפית ברמן,IL,לחם דגנים 750 גרם,גרמים,750.00,100 גרם,false,0,13.50,1.80,true,1,
7290000497532,false,לחם ברמן לענין 750 גרם,מאפית ברמן,IL,לחם ברמן לענין 750 גרם,גרמים,750.00,100 גרם,false,0,14.20,1.89,true,1,
7290000497570,false,לחם דגני קלות פרוס 500גר,מאפית ברמן,IL,לחם דגני קלות פרוס 500גר,גרמים,500.00,100 גרם,false,0,14.20,2.84,true,1,
7290000497617,false,רוגלך קקאו 500 גרם,מאפית ברמן,IL,רוגלך קקאו 500 גרם,גרמים,500.00,100 גרם,false,0,13.20,2.64,true,1,
7290000504025,false,סוכרזית 300 טבליות פטריה,"ביסקול בע""מ",IL,סוכרזית פטריה,גרמים,24.00,100 גרם,false,0,9.20,38.33,true,1,
7290000504209,false,"נוזל של סוכרזית 220 מ""ל","ביסקול בע""מ",IL,נוזל של סוכרזית,מיליליטרים,220.00,"100 מ""ל",false,0,16.90,7.68,true,1,
7290000504278,false,סוכרזית פטנט 700 טבליות,"ביסקול בע""מ",IL,סוכרזית טבליות,גרמים,57.00,100 גרם,false,0,16.50,28.95,true,1,
7290000518251,false,מתוק וקל זהב 100 שקיות,למפדוס,IL,מתוק וקל זהב 100 שקיות,יחידה,1.00,יחידה,false,0,12.00,12.00,true,1,
7290000521008,false,יין אדום יבש של סגל750מל,יינות סגל,IL,יין סגל אדום,מיליליטרים,750.00,"100 מ""ל",false,0,19.90,2.65,true,1,
7290000523125,false,מלח ים יבש 250 גרם,תעשיות מלח לישראל,IL,מלח ים יבש 250 גרם,גרמים,250.00,100 גרם,false,0,6.40,2.56,true,1,
7290000523224,false,מלח ים יבש 500 גרם,תעשיות מלח לישראל,IL,מלח ים שולחני,גרמים,500.00,100 גרם,false,0,8.10,1.62,true,1,
7290000523804,false,"מלח הארץ עדין צנצנת 1ק""ג",תעשיות מלח לישראל,,"מלח הארץ עדין צנצנת 1ק""ג",קילוגרמים,1.00,"ק""ג",false,0,7.10,7.10,true,1,
7290000525938,false,נקטר תפוזים פרימור 1 ל',גניר,IL,נקטר תפוזים,ליטרים,1.00,ליטר,false,0,4.90,4.90,true,1,
7290000525969,false,מיץ תפוזים סחוט 1 ליטר,גניר,IL,מיץ תפוזים סחוט 1 ליטר,ליטרים,1.00,ליטר,false,0,16.20,16.20,true,1,
7290000530024,false,נקניק תה מעושן רחב במשקל,זוגלובק,IL,נקניק תה מעושן,קילוגרמים,0.00,"ק""ג",true,0,48.00,48.00,true,1,
7290000530031,false,פיין סלמי צר במשקל,זוגלובק,IL,פיין סלמי צר,קילוגרמים,0.00,"ק""ג",true,0,62.00,62.00,true,1,
7290000530048,false,סלמי פפרוני במשקל,זוגלובק,IL,סלמי פפרוני,גרמים,0.00,"ק""ג",true,0,54.00,54.00,true,1,
7290000530062,false,נקניק מעושן איטלקי במשקל,זוגלובק,IL,נקניק איטלקי,קילוגרמים,0.00,"ק""ג",true,0,75.00,75.00,true,1,
7290000530086,false,נקניק מעושן7000- 600 גרם,זוגלובק,IL,נקניק מעושן7000- 600 גרם,גרמים,600.00,100 גרם,false,0,31.90,5.32,true,1,
7290000530109,false,קבנוס בואקום 180X2 גרם,זוגלובק,IL,קבנוס בואקום 180X2 גרם,גרמים,360.00,100 גרם,false,0,28.90,8.03,true,1,
7290000530116,false,נקניק תה בשן70- 470 גרם,זוגלובק,IL,נקניק תה בשן70- 470 גרם,גרמים,470.00,100 גרם,false,0,26.40,5.62,true,1,
7290000530192,false,נקניק סרבלד במשקל,זוגלובק,IL,נקניק סרבלד,קילוגרמים,0.00,"ק""ג",true,0,111.00,111.00,true,1,
7290000530260,false,נקניק מרטדלה רחב במשקל,זוגלובק,IL,נקניק מרטדלה,קילוגרמים,0.00,"ק""ג",true,0,32.00,32.00,true,1,
7290000530291,false,נקניק מבשר הודו 800 גרם,זוגלובק,IL,נקניק מבשר הודו 800 גרם,גרמים,800.00,100 גרם,false,0,16.70,2.09,true,1,
7290000530369,false,גולן ח.הודו מעוש.שלם משק,זוגלובק,IL,גולן ח.הודו מעוש.שלם משק,קילוגרמים,0.00,"ק""ג",true,0,82.00,82.00,true,1,
7290000530468,false,"נקניקיות וינר 1 ק""ג",זוגלובק,IL,"נקניקיות וינר 1 ק""ג",קילוגרמים,1.00,"ק""ג",false,0,30.70,30.70,true,1,
7290000530598,false,נקניקיות וינר 500 גרם,זוגלובק,IL,נקניקיות וינר 500 גרם,גרמים,500.00,100 גרם,false,0,16.10,3.22,true,1,
7290000530604,false,נקנ חריפות טרי 400 גרם,זוגלובק,IL,נקנ חריפות טרי 400 גרם,גרמים,400.00,100 גרם,false,0,15.30,3.83,true,1,
7290000530703,false,פסטרמה חרמון+תה 400+400ג,זוגלובק,IL,מארז חרמון+תה,גרמים,800.00,100 גרם,false,0,33.80,4.23,true,1,
7290000531496,false,קבנוס בואקום 180 גרם,זוגלובק,IL,קבנוס בואקום 180 גרם,גרמים,180.00,100 גרם,false,0,16.50,9.17,true,1,
7290000531977,false,בורקס גבינה 800 גרם,זוגלובק,IL,בורקס גבינה 800 גרם,גרמים,800.00,100 גרם,false,0,20.00,2.50,true,1,
7290000533353,false,"בצק עלים 1 ק""ג",זוגלובק,IL,"בצק עלים 1 ק""ג",גרמים,1000.00,100 גרם,false,0,16.20,1.62,true,1,
7290000534718,false,חזה הודו תבור דל שומן מש,זוגלובק,IL,חזה הודו תבור דל שומן מש,קילוגרמים,0.00,"ק""ג",true,0,82.00,82.00,true,1,
7290000534800,false,פסטרמה הודו רומני במשקל,זוגלובק,IL,פסטרמה הודו רומני במשקל,קילוגרמים,0.00,"ק""ג",true,0,83.00,83.00,true,1,
7290000536316,false,שניצל מן הצומח 1 קג,זוגלובק,IL,שניצל מן הצומח,גרמים,1000.00,100 גרם,false,0,33.30,3.33,true,1,
7290000536743,false,מקלוני תירס 500גרם,זוגלובק,IL,מקלוני תירס 500גרם,גרמים,500.00,100 גרם,false,0,19.90,3.98,true,1,
7290000536750,false,מקלוני גזר ובטטה 500גרם,זוגלובק,IL,מקלוני גזר ובטטה 500גרם,גרמים,500.00,100 גרם,false,0,19.90,3.98,true,1,
7290000536774,false,"נקניקיה מןהצומח בד""צ 1 ק",זוגלובק,IL,"נקניקיה מןהצומח בד""צ 1 ק",גרמים,1000.00,100 גרם,false,0,40.30,4.03,true,1,
7290000536934,false,המבורגר בלחמניה יח,זוגלובק,IL,המבורגר בלחמניה יח,גרמים,185.00,100 גרם,false,0,15.00,8.11,true,1,
7290000537566,false,נקניקיות עוף 400 גרם,זוגלובק,IL,נקניקיות עוף 400 גרם,גרמים,400.00,100 גרם,false,0,12.90,3.23,true,1,
7290000537603,false,"נקניקיות עוף טריות 1 ק""ג",זוגלובק,IL,"נקניקיות עוף טריות 1 ק""ג",קילוגרמים,1.00,"ק""ג",false,0,30.00,30.00,true,1,
7290000537610,false,סלמי עממי במשקל,זוגלובק,IL,סלמי עממי,קילוגרמים,0.00,"ק""ג",true,0,50.00,50.00,true,1,
7290000538099,false,פסטרמה כפרית במשקל,זוגלובק,IL,פסטרמה כפרית במשקל,קילוגרמים,0.00,"ק""ג",true,0,83.00,83.00,true,1,
7290000540160,false,עוג.ללא סוכ.חיטה מלאה500,האחים,IL,עוג.ללא סוכ.חיטה מלאה500,גרמים,500.00,100 גרם,false,0,20.10,4.02,true,1,
7290000540290,false,דובשניות 600 גרם,,IL,דובשניות 600 גרם,גרמים,600.00,100 גרם,false,0,10.00,1.67,true,1,
7290000552569,false,סטייק בורגר 400 גרם,טיבון ויל - נטו,IL,סטייק בורגר,גרמים,400.00,100 גרם,false,0,20.90,5.23,true,1,
7290000554006,false,קשקבל 22% במשקל,מחלבות גד,IL,קשקבל 22% במשקל,קילוגרמים,0.00,"ק""ג",true,0,126.00,126.00,true,1,
7290000554013,false,גבינת זיתים 5% במשקל,,IL,גבינת זיתים 5% במשקל,גרמים,0.00,"ק""ג",true,0,28.00,28.00,true,1,
7290000554402,false,מלבי 160 גרם,מחלבות גד,IL,מלבי,גרמים,160.00,100 גרם,false,0,5.90,3.69,true,1,
7290000554457,false,גבינה צפתית5% שומן 350ג,מחלבות גד,IL,גבינה צפתית5% שומן 350ג,גרמים,350.00,100 גרם,false,0,20.90,5.97,true,1,
7290000554686,false,לבנה בשמן זית+זעתר5% 250,מחלבות גד,IL,לאבנה בשמן זית5%,גרמים,250.00,100 גרם,false,0,14.50,5.80,true,1,
7290000554792,false,גבינה בולגרית 5%במשקל,מחלבות גד,IL,גבינה בולגרית 5%במשקל,גרמים,0.00,"ק""ג",true,0,54.00,54.00,true,1,
7290000554815,false,מוצרלה נקניק 22% במשקל,מחלבות גד,IL,גבינת מוצרלה,גרמים,0.00,"ק""ג",true,0,70.00,70.00,true,1,
7290000554822,false,ריקוטה גד 5% שומן 250 גר,מחלבות גד,IL,ריקוטה גד 5% שומן 250 גר,גרמים,250.00,100 גרם,false,0,14.90,5.96,true,1,
7290000554839,false,גבינה מסקרפונה 40% 250 ג,מחלבות גד,IL,גבינה מסקרפונה 40% 250 ג,גרמים,250.00,100 גרם,false,0,20.30,8.12,true,1,
7290000554891,false,גב.בולגרית %16 במשקל,מחלבות גד,IL,גב.בולגרית %16 במשקל,קילוגרמים,0.00,"ק""ג",true,0,54.00,54.00,true,1,
7290000554969,false,גב.שמנת 30%שומן1קג משקל,מחלבות גד,IL,גב.שמנת 30%שומן1קג משקל,קילוגרמים,0.00,"ק""ג",true,0,42.00,42.00,true,1,
7290000554983,false,גבינה לאבנה 5% במשקל,,IL,גבינה לאבנה 5% במשקל,קילוגרמים,0.00,"ק""ג",true,0,39.00,39.00,true,1,
7290000560533,false,"אדג' פרו ג'ל רגיל 200מ""ל",אנרג'ייזר,US,אדג' ג'ל לגילוח,מיליליטרים,200.00,"100 מ""ל",false,0,18.30,9.15,true,1,
7290000560540,false,אדג' פרו ג'ל רגיש 200 מל,אנרג'ייזר,US,אדג' ג'ל לגילוח,מיליליטרים,200.00,"100 מ""ל",false,0,18.30,9.15,true,1,
7290000571393,false,יוגורמה,,IL,יוגורמה,גרמים,140.00,100 גרם,false,0,6.30,4.50,true,1,
7290000572208,false,חלווה 100 גרם,"אחדות בע""מ א.ת. ברקן",IL,חלווה וניל,גרמים,100.00,100 גרם,false,0,2.90,2.90,true,1,
7290000572222,false,חלווה בלוק שוקו וניל500ג,"אחדות ביח""ר לטחינה",IL,חלווה בלוק שוקו וניל500ג,גרמים,500.00,100 גרם,false,0,11.90,2.38,true,1,
7290000572611,false,סירופ פטל 4 ליטר,"אחדות ביח""ר לטחינה",IL,סירופ פטל 4 ליטר,ליטרים,4.00,ליטר,false,0,29.00,7.25,true,1,
7290000596105,false,"קרקר שומשום ""הדר"" 1 ק""ג",מגדנית הדר,IL,"קרקר שומשום ""הדר"" 1 ק""ג",גרמים,1000.00,100 גרם,false,0,20.80,2.08,true,1,
7290000596341,false,ביסקויט פתיבר וניל 1.8קג,מגדנית הדר,IL,ביסקוויט פתיבר,קילוגרמים,1.80,"ק""ג",false,0,22.90,12.72,true,1,
7290000604015,false,ביצים ארוזות XL 12יחידות,תנובה,IL,ביצים XL 12יח',יחידה,1.00,יחידה,false,0,13.10,13.10,true,1,
7290000604879,false,"תמר מג'הול בקופסא 1 ק""ג",הדיקלאים,IL,"תמר מג'הול 1 ק""ג",קילוגרמים,1.00,"ק""ג",false,0,27.90,27.90,true,1,
7290000606873,false,"תמרים לחים בד""ץ 500גרם",הדיקלאים,IL,תמרים לחים500ג,גרמים,500.00,100 גרם,false,0,11.90,2.38,true,1,
7290000630076,false,עוף קפוא מס' 2 עטרה מחיר,עטרה,IL,עוף קפוא מס' 2 עטרה מחיר,קילוגרמים,0.00,"ק""ג",true,0,23.90,23.90,true,1,
7290000631035,false,כבד עוף קפוא עטרה מחיר ל,שונות,IL,כבד עוף קפוא עטרה מחיר ל,קילוגרמים,0.00,"ק""ג",true,0,37.90,37.90,true,1,
7290000632599,false,ירכיים פטם קפוא עטרה מחי,שונות,IL,ירכיים פטם קפוא עטרה מחי,קילוגרמים,0.00,"ק""ג",true,0,31.90,31.90,true,1,
7290000633800,false,כנפיים עוף קפוא עטרה מחי,עטרה,IL,כנפיים עוף קפוא עטרה מחי,קילוגרמים,0.00,"ק""ג",true,0,16.90,16.90,true,1,
7290000644516,false,גרונות הודו עטרה קג,הוד חפר,IL,גרונות הודו מח,קילוגרמים,0.00,"ק""ג",true,0,24.90,24.90,true,1,
7290000659312,false,פילה סלמון ממותג קפוא קג,תנובה,IL,פילה סלמון ממותג קפוא קג,קילוגרמים,0.00,"ק""ג",true,0,67.90,67.90,true,1,
7290000679440,false,משחה לתינוק קמיל בלו100ג,פישר מעבדות פרמצבטיות,IL,משחה לתינוק,גרמים,100.00,100 גרם,false,0,17.00,17.00,true,1,
7290000682204,false,אטריות סבתא 400 גרם,שיבולים בני דרום,IL,אטריות סבתא 400 גרם,גרמים,400.00,100 גרם,false,0,5.10,1.28,true,1,
7290000682211,false,פתיתים אפויים 500 גרם,שיבולים,IL,פתיתים אפויים,גרמים,500.00,100 גרם,false,0,4.90,0.98,true,1,
7290000682532,false,אטריות סבתא דקיקות 400 ג,שיבולים בני דרום,IL,אטריות סבתא דקיקות 400 ג,גרמים,400.00,100 גרם,false,0,5.10,1.28,true,1,
7290000688374,false,"מי עדן בייבי 250*6 מ""ל",מי עדן,IL,"מי עדן בייבי 250*6 מ""ל",ליטרים,1.50,ליטר,false,0,15.30,10.20,true,1,
7290000688381,false,"מי עדן אישי 500*6 מ""ל",מי עדן,IL,מי עדן מארז,ליטרים,3.00,ליטר,false,0,14.70,4.90,true,1,
7290000688503,false,מי עדן ספורטאים 750*6 מל,מי עדן,IL,מי עדן ספורטאים 750*6 מל,ליטרים,4.50,ליטר,false,0,17.20,3.82,true,1,
7290000688732,false,מי עדן 6 * 1.5 ליטר,מי עדן,IL,מי עדן 6 * 1.5 ליטר,ליטרים,9.00,ליטר,false,0,12.40,1.38,true,1,
7290000692210,false,אג'קס נוזל כללי לבנדר 2ל,קולגייט-פלמוליב,GR,אג'קס נוזל כללי לבנדר 2ל,ליטרים,2.00,ליטר,false,0,26.90,13.45,true,1,
7290000692227,false,פלמוליב לשטיפת כלים 1 ל',קולגייט-פלמוליב,GR,פלמוליב לכלים,ליטרים,1.00,ליטר,false,0,13.50,13.50,true,1,
7290000720852,false,פרש וואנס לילד ג'מבו320י,על בד,IL,מגבוני פרש ווא,יחידה,1.00,יחידה,false,0,14.90,14.90,true,1,
7290000803067,false,"משחת אלמקס ילדים 75 מ""ל",קולגייט-פלמוליב,DE,משחת שיניים,מיליליטרים,75.00,"100 מ""ל",false,0,11.90,15.87,true,1,
7290000803180,false,שטיפה דנטלית מרידול 400מ,גאבה,CH,שטיפה מרידול,מיליליטרים,400.00,"100 מ""ל",false,0,28.80,7.20,true,1,
7290000805368,false,"בונזו גורים 3 ק""ג",ביופט,IL,בונזו מזון גורים,קילוגרמים,3.00,"ק""ג",false,0,63.50,21.17,true,1,
7290000805900,false,"לה קט טעם עוף 2.85 ק""ג",ביופט,IL,לה קט עוף לחתול,קילוגרמים,2.85,"ק""ג",false,0,60.10,21.09,true,1,
7290000805924,false,"לה קט טעם דגים 2.85 ק""ג",ביופט,IL,לה קט לחתול,קילוגרמים,2.85,"ק""ג",false,0,60.10,21.09,true,1,
7290000841557,false,סטרילי נוזל לחיטוי פירות,,IL,סטרילי נוזל לחיטוי פירות,מיליליטרים,500.00,"100 מ""ל",false,0,12.50,2.50,true,1,
7290000856315,false,שמפו לשיער P24 אדום 4 ל',הנמל,IL,שמפו לשיער,ליטרים,4.00,ליטר,false,0,13.90,3.48,true,1,
7290000910994,true,פסטרמה ונקניק-קצוות משקל,שונות,IL,פסטרמה ונקניק-קצוות משקל,קילוגרמים,0.00,"ק""ג",true,0,26.00,26.00,true,1,
7290000929439,true,נתחי הודו טרי )עצמי( קג,שונות,IL,נתחי הודו טרי )עצמי( קג,קילוגרמים,0.00,"ק""ג",true,0,29.90,29.90,true,1,
7290000929514,true,גרון הודו טרי(עצמי)משקל,שונות,IL,גרון הודו טרי(עצמי)משקל,קילוגרמים,0.00,"ק""ג",true,0,23.90,23.90,true,1,
7290000929620,true,שוק הודו מפורק טרי)עצמי(,שונות,IL,שוק הודו מפורק טרי)עצמי(,קילוגרמים,0.00,"ק""ג",true,0,54.90,54.90,true,1,
7290000940694,true,נבטי חמניות-יח',קטיף,IL,נבטי חמניות-יח',יחידה,1.00,יחידה,false,0,8.00,8.00,true,1,
7290000961491,true,נבטי ברוקולי-יח',קטיף,IL,נבטי ברוקולי-יח',יחידה,1.00,יחידה,false,0,8.00,8.00,true,1,
7290000961552,true,פלפל כתום,קטיף,IL,פלפל כתום,קילוגרמים,0.00,"ק""ג",true,0,9.90,9.90,true,1,
7290000961606,true,שורש ג'ינגר במשקל,קטיף,XX,שורש גינגר במשקל,קילוגרמים,0.00,"ק""ג",true,0,49.90,49.90,true,1,
7290000961804,true,דלעת ארוזה,קטיף,IL,דלעת ארוזה,קילוגרמים,0.00,"ק""ג",true,0,9.90,9.90,true,1,
7290000962535,true,רוזמרין יח',קטיף,IL,רוזמרין-יח',יחידה,1.00,יחידה,false,0,5.00,5.00,true,1,
7290000963136,true,תפוח עץ מוזהב 65,קטיף,XX,תפוח עץ מוזהב,קילוגרמים,0.00,"ק""ג",true,0,9.90,9.90,true,1,
7290000963228,true,תפוח עץ יונתן 65,קטיף,XX,"ת""ע יונתן",קילוגרמים,0.00,"ק""ג",true,0,9.90,9.90,true,1,
7290000963297,true,תפוח עץ סטרקינג 65,קטיף,XX,"ת""ע סטרקינג",קילוגרמים,0.00,"ק""ג",true,0,9.90,9.90,true,1,
7290000963365,true,תפוח עץ פינקריספי 65,קטיף,XX,"תפו""ע פינקריספי",קילוגרמים,0.00,"ק""ג",true,0,13.90,13.90,true,1,
7290000963419,true,תפוח עץ גאלה65,קטיף,XX,תפוח עץ גאלה,קילוגרמים,0.00,"ק""ג",true,0,9.90,9.90,true,1,
7290000963563,true,תפוח עץ סמיט65,קטיף,XX,תפוח עץ סמיט65,קילוגרמים,0.00,"ק""ג",true,0,9.90,9.90,true,1,
7290000964300,true,תפוז,קטיף,IL,תפוז,קילוגרמים,0.00,"ק""ג",true,0,9.90,9.90,true,1,
7290000964362,true,פומלה לבנה,קטיף,IL,פומלה לבנה,קילוגרמים,0.00,"ק""ג",true,0,9.90,9.90,true,1,
7290000964379,true,אשכולית לבנה,קטיף,IL,אשכולית לבנה,קילוגרמים,0.00,"ק""ג",true,0,9.90,9.90,true,1,
7290000964393,true,אשכולית אדומה,קטיף,IL,אשכולית אדומה,קילוגרמים,0.00,"ק""ג",true,0,9.90,9.90,true,1,
7290000964461,true,פומלית,קטיף,IL,פומלית,קילוגרמים,0.00,"ק""ג",true,0,9.90,9.90,true,1,
7290000964492,true,לימון תפזורת,קטיף,IL,לימון,קילוגרמים,0.00,"ק""ג",true,0,14.90,14.90,true,1,
7290000964560,true,קלמנטינה,קטיף,IL,קלמנטינה,קילוגרמים,0.00,"ק""ג",true,0,9.90,9.90,true,1,
7290000964775,true,בננות,קטיף,IL,בננות,קילוגרמים,0.00,"ק""ג",true,0,7.90,7.90,true,1,
7290000964836,true,אגס ספדונה גודל 60,קטיף,IL,אגס ספדונה,קילוגרמים,0.00,"ק""ג",true,0,14.90,14.90,true,1,
7290000964980,true,אבוקדו,קטיף,IL,אבוקדו,קילוגרמים,0.00,"ק""ג",true,0,16.90,16.90,true,1,
7290000965048,true,אבטיח אישי בארגז,קטיף,IL,אבטיח אישי,קילוגרמים,0.00,"ק""ג",true,0,9.90,9.90,true,1,
7290000966564,true,רימון,קטיף,IL,רימון,קילוגרמים,0.00,"ק""ג",true,0,10.90,10.90,true,1,
7290000966663,true,קיווי,קטיף,IL,קיווי,קילוגרמים,0.00,"ק""ג",true,0,19.90,19.90,true,1,
7290000966779,true,תות שדה 500גרם,קטיף,IL,תות שדה יח,יחידה,1.00,יחידה,false,0,21.90,21.90,true,1,
7290000967936,true,נבטי צנונית יח',קטיף,IL,נבטי צנונית יח',יחידה,1.00,יחידה,false,0,8.00,8.00,true,1,
7290000982939,true,לוף פרסה-יחידה,קטיף,IL,לוף פרסה-יחידה,יחידה,1.00,יחידה,false,0,9.90,9.90,true,1,
7290000986784,true,תות שדה 250 גרם,קטיף,IL,תות שדה,יחידה,1.00,יחידה,false,0,12.90,12.90,true,1,
7290000987071,true,שום בתפזורת,קטיף,XX,שום בתפזורת,קילוגרמים,0.00,"ק""ג",true,0,30.00,30.00,true,1,
7290001012123,false,פרש וואנס קייר כחול 72*4,על בד,IL,פרש וואנס,יחידה,1.00,יחידה,false,0,21.90,21.90,true,1,
7290001041123,false,שקד מולבן פרוס 100ג מיה,מיה,IL,שקד מולבן פרוס 100ג מיה,גרמים,100.00,100 גרם,false,0,11.90,11.90,true,1,
7290001041147,false,"חומוס גדול יבש 1 ק""ג",מיה,IL,חומוס גדול יבש,קילוגרמים,1.00,"ק""ג",false,0,12.50,12.50,true,1,
7290001041154,false,"גריסים 1 ק""ג",מיה,IL,גריסים,קילוגרמים,1.00,"ק""ג",false,0,7.70,7.70,true,1,
7290001041161,false,"שעועית לבנה 1 ק""ג",מיה,IL,שעועית לבנה,קילוגרמים,1.00,"ק""ג",false,0,18.90,18.90,true,1,
7290001041178,false,"אפונה יבשה 1 ק""ג",מיה,IL,אפונה יבשה,קילוגרמים,1.00,"ק""ג",false,0,10.00,10.00,true,1,
7290001041185,false,"פופקורן 1 ק""ג",מיה,IL,פופקורן,קילוגרמים,1.00,"ק""ג",false,0,9.90,9.90,true,1,
7290001041192,false,"עדשים אדומים 1 ק""ג",מיה,IL,עדשים אדומים,קילוגרמים,1.00,"ק""ג",false,0,15.30,15.30,true,1,
7290001041208,false,"עדשים ירוקים 1 ק""ג",מיה,IL,עדשים ירוקים,קילוגרמים,1.00,"ק""ג",false,0,11.90,11.90,true,1,
7290001041215,false,"חיטה 1 ק""ג",מיה,IL,חיטה,קילוגרמים,1.00,"ק""ג",false,0,10.00,10.00,true,1,
7290001041673,false,"אורז פרסי עממי 1 ק""ג",מיה,IL,"אורז פרסי עממי 1 ק""ג",קילוגרמים,1.00,"ק""ג",false,0,5.70,5.70,true,1,
7290001041888,false,פפריקה מתוקה צנצנת 300גר,מיה,IL,פפריקה מתוקה צנצנת 300גר,גרמים,300.00,100 גרם,false,0,19.90,6.63,true,1,
7290001041949,false,אגוז מלך 200גרם-מיה,מיה,IL,אגוז מלך 200גרם-מיה,גרמים,200.00,100 גרם,false,0,25.90,12.95,true,1,
7290001041956,false,שקד טבעי 200גרם-מיה,מיה,IL,שקד טבעי 200גרם-מיה,גרמים,200.00,100 גרם,false,0,24.90,12.45,true,1,
7290001045220,false,מיץ תפוזים סחוט 2 ליטר,גניר,IL,מיץ תפוזים סחוט 2 ליטר,ליטרים,2.00,ליטר,false,0,23.70,11.85,true,1,
7290001045763,false,מיץ תפוחים 100% צלול 2 ל,גניר,IL,מיץ תפוחים 100% צלול 2 ל,ליטרים,2.00,ליטר,false,0,23.70,11.85,true,1,
7290001123775,false,שווארמה פרגיות מוכן 500,טיבון ויל - נטו,IL,שווארמה פרגית,גרמים,500.00,100 גרם,false,0,25.50,5.10,true,1,
7290001123782,false,שווארמה הודו מוכן 500 גר,טיבון ויל - נטו,IL,שווארמה הודו,גרמים,500.00,100 גרם,false,0,25.30,5.06,true,1,
7290001124536,false,ארוחת איטר.מג'יק-תירס70ג,,SG,ארוחת איטר.מג'יק-תירס70ג,גרמים,70.00,100 גרם,false,0,4.40,6.29,true,1,
7290001136287,false,"שמפו נקה 7 רגיל 750 מ""ל",אמיליה קוסמטיקס,IL,שמפו נקה 7,מיליליטרים,750.00,"100 מ""ל",false,0,11.90,1.59,true,1,
7290001136294,false,שמפו נקה 7 יבש/צבוע750מל,אמיליה קוסמטיקס,IL,שמפו נקה 7,מיליליטרים,750.00,"100 מ""ל",false,0,11.90,1.59,true,1,
7290001136300,false,ש+.מרכך נקה7 סירוק קל750,אמיליה קוסמטיקס,IL,שמפו נקה 7,מיליליטרים,750.00,"100 מ""ל",false,0,11.90,1.59,true,1,
7290001136317,false,סב.נוז.נקה7 ארומה כתום1ל,אמיליה קוסמטיקס,IL,סבון נוזלי נקה 7,ליטרים,1.00,ליטר,false,0,14.90,14.90,true,1,
7290001136362,false,תחליב רחצה נקה7 ירוק 1 ל,אמיליה קוסמטיקס,IL,תחליב רחצה נקה 7,ליטרים,1.00,ליטר,false,0,14.90,14.90,true,1,
7290001136683,false,"מרכך נקה 7 ס""ש 750 מ""ל",אמיליה קוסמטיקס,IL,קונדישינר נקה 7,מיליליטרים,750.00,"100 מ""ל",false,0,11.90,1.59,true,1,
7290001136799,false,תחליב רחצה נקה7 ורוד 1 ל,אמיליה קוסמטיקס,IL,תחליב רחצה נקה 7,ליטרים,1.00,ליטר,false,0,14.90,14.90,true,1,
7290001136973,false,תחליב רחצה נקה 7 לבן 1 ל,אמיליה קוסמטיקס,IL,תחליב רחצה נקה 7,ליטרים,1.00,ליטר,false,0,14.90,14.90,true,1,
7290001158500,false,כנפיים עוף טרי)עצמי(מחי,שונות,IL,כנפיים עוף טרי,קילוגרמים,0.00,"ק""ג",true,0,11.90,11.90,true,1,
7290001158517,false,כרעיים עוף טרי)עצמי(,שופרסל,IL,כרעיים עוף טרי,קילוגרמים,0.00,"ק""ג",true,0,26.90,26.90,true,1,
7290001158524,false,שניצל עוף פרוס)עצמי(לקג,שונות,IL,שניצל עוף פרוס,קילוגרמים,0.00,"ק""ג",true,0,34.90,34.90,true,1,
7290001158531,false,שוקיים עוף טרי )עצמי(מח,שונות,IL,שוקיים עוף טרי,קילוגרמים,0.00,"ק""ג",true,0,29.90,29.90,true,1,
7290001158661,false,שווארמה פרגיות)עצמי(לקג,שונות,IL,שווארמה פרגיות)עצמי(לקג,קילוגרמים,0.00,"ק""ג",true,0,54.90,54.90,true,1,
7290001193402,false,פס חנוכיה וצינוריות,שלהבת,IL,פס חנוכיה,יחידה,1.00,יחידה,false,0,12.90,12.90,true,1,
7290001193853,false,זוג כוסיות לנרות,,,זוג כוסיות לנרות,יחידה,1.00,יחידה,false,0,5.90,5.90,true,1,
7290001193952,false,זוג כוסיות רגיל,שלהבת,IL,זוג כוסיות,יחידה,1.00,יחידה,false,0,4.90,4.90,true,1,
7290001209042,false,רוסטביף עגל רשת עטרה לקג,עטרה,IL,רוסטביף עגל רשת עטרה לקג,קילוגרמים,0.00,"ק""ג",true,0,59.90,59.90,true,1,
7290001209073,false,רולדה הודו קפוא עטרה לקג,,IL,רולדה הודו קפוא עטרה לקג,קילוגרמים,0.00,"ק""ג",true,0,39.90,39.90,true,1,
7290001209103,false,טחון עוף עטרה 500 גרם,עטרה,IL,טחון עוף עטרה 500 גרם,גרמים,500.00,100 גרם,false,0,12.80,2.56,true,1,
7290001209189,false,נקנ' חריפות 400 גרם,עטרה,IL,נקנ' חריפות 400 גרם,גרמים,400.00,100 גרם,false,0,12.20,3.05,true,1,
7290001209264,false,בשר בקר טחון עטרה 500גרם,עטרה,IL,בשר בקר טחון עטרה 500גרם,גרמים,500.00,100 גרם,false,0,26.40,5.28,true,1,
7290001209349,false,עוף טרי ארוז עטרה,שונות,IL,עוף טרי עטרה,קילוגרמים,0.00,"ק""ג",true,0,23.90,23.90,true,1,
7290001209356,false,כרעיים עוף טרי ארוז עטרה,שונות,IL,כרעיים ע.טרי עטר,קילוגרמים,0.00,"ק""ג",true,0,33.90,33.90,true,1,
7290001209363,false,שניצל עוף טרי ארוז עטרה,שונות,IL,שניצל ע.טרי עטרה,קילוגרמים,0.00,"ק""ג",true,0,35.90,35.90,true,1,
7290001209387,false,שוקיים עוף טרי ארוז עטרה,שונות,IL,שוקיים עוף טרי ע,קילוגרמים,0.00,"ק""ג",true,0,37.90,37.90,true,1,
7290001209394,false,כנפיים עוף טרי ארוז עטרה,שונות,IL,כנפיים ע.טרי עטר,קילוגרמים,0.00,"ק""ג",true,0,15.90,15.90,true,1,
7290001209424,false,קורקבן עוף טרי ארוז עטרה,שונות,IL,קורקבן ע.טרי עטר,קילוגרמים,0.00,"ק""ג",true,0,14.90,14.90,true,1,
7290001209516,false,סטייק עין 800 גרם,עטרה,IL,סטייק עין 800 גרם,גרמים,800.00,100 גרם,false,0,60.50,7.56,true,1,
7290001209585,false,גרון עוף קפוא עטרה במשקל,עוף הארץ,IL,גרון עוף קפוא,גרמים,0.00,"ק""ג",true,1,5.90,5.90,true,1,
7290001215098,false,סלמון מעושן בואקום 100גר,מעדני מיקי,IL,סלמון מעושן בואקום 100גר,גרמים,100.00,100 גרם,false,0,15.90,15.90,true,1,
7290001230331,false,כאמל בוקס חפיסה,jti,CH,כאמל בוקס חפיסה,יחידה,1.00,יחידה,false,0,30.50,30.50,false,1,
7290001230739,false,כאמל כחול חפיסה חפיסה,jti,CH,כאמל כחול חפיסה חפיסה,יחידה,1.00,יחידה,false,0,30.50,30.50,false,1,
7290001231233,false,ווינסטון בוקס חפ,jti,CH,ווינסטון בוקס חפ,יחידה,1.00,יחידה,false,0,30.50,30.50,false,1,
7290001231932,false,ווינסטון כחול בוקס חפ.,jti,CH,ווינסטון כחול בוקס חפ.,יחידה,1.00,יחידה,false,0,30.50,30.50,false,1,
7290001247006,false,גזוז בטעם קולה קריסטל 2ל,יפאורה שותפות מובגלת לשיווק,IL,גזוז בטעם קולה קריסטל 2ל,ליטרים,2.00,ליטר,false,0,3.50,1.75,true,1,
7290001247020,false,קריסטל אורנג' 2 ליטר,יפאורה שותפות מובגלת לשיווק,IL,קריסטל אורנג' 2 ליטר,ליטרים,2.00,ליטר,false,0,3.50,1.75,true,1,
7290001247037,false,גזוז בטעם מנטה קריסטל 2ל,יפאורה שותפות מובגלת לשיווק,IL,גזוז בטעם מנטה קריסטל 2ל,ליטרים,2.00,ליטר,false,0,3.50,1.75,true,1,
7290001247044,false,קריסטל תות מוגז 2 ליטר,יפאורה שותפות מובגלת לשיווק,IL,קריסטל תות מוגז 2 ליטר,ליטרים,2.00,ליטר,false,0,3.50,1.75,true,1,
7290001247051,false,קריסטל למון ליים 2 ליטר,יפאורה שותפות מובגלת לשיווק,IL,קריסטל למון ליים 2 ליטר,ליטרים,2.00,ליטר,false,0,3.50,1.75,true,1,
7290001247068,false,נקטר ספרינג תות-בננה 1ל',יפאורה שותפות מובגלת לשיווק,IL,נקטר ספרינג תות-בננה 1ל',ליטרים,1.00,ליטר,false,0,4.90,4.90,true,1,
7290001247082,false,נקטר עגבניות ספרינג 1 ל',יפאורה שותפות מובגלת לשיווק,IL,נקטר עגבניות ספרינג 1 ל',ליטרים,1.00,ליטר,false,0,4.90,4.90,true,1,
7290001247099,false,נקטר ספרינג מנגו 1 ליטר,יפאורה שותפות מובגלת לשיווק,IL,נקטר ספרינג מנגו 1 ליטר,ליטרים,1.00,ליטר,false,0,4.90,4.90,true,1,
7290001247105,false,נקטר ספרינג אפרסק 1 ליטר,יפאורה שותפות מובגלת לשיווק,IL,נקטר ספרינג אפרסק 1 ליטר,ליטרים,1.00,ליטר,false,0,4.90,4.90,true,1,
7290001247112,false,נקטר ספרינג לימונענע 1ל',יפאורה שותפות מובגלת לשיווק,IL,נקטר ספרינג לימונענע 1ל',ליטרים,1.00,ליטר,false,0,4.90,4.90,true,1,
7290001247129,false,נקטר ספרינג תפוזים 1ליטר,יפאורה שותפות מובגלת לשיווק,IL,נקטר ספרינג תפוזים 1ליטר,ליטרים,1.00,ליטר,false,0,4.90,4.90,true,1,
7290001247143,false,נקטר ספרינג תפוחים 1ליטר,יפאורה שותפות מובגלת לשיווק,IL,נקטר ספרינג תפוחים 1ליטר,ליטרים,1.00,ליטר,false,0,4.90,4.90,true,1,
7290001247211,false,קריסטל ענבים מוגז 2 ליטר,יפאורה שותפות מובגלת לשיווק,IL,קריסטל ענבים מוגז 2 ליטר,ליטרים,2.00,ליטר,false,0,3.50,1.75,true,1,
7290001247754,false,"קולה R.C פחית 330 מ""ל",יפאורה שותפות מובגלת לשיווק,IL,קולה R.C פחית,מיליליטרים,330.00,"100 מ""ל",false,0,3.40,1.03,true,1,
7290001247952,false,"תפוזינה משק""ל ענבים1.5ל",יפאורה שותפות מובגלת לשיווק,IL,תפוזינה ענבים,ליטרים,1.50,ליטר,false,0,5.90,3.93,true,1,
7290001265116,false,דייסת גם וגם קונפלור300ג,"מעבדות מטרנה בע""מ",IL,דייסת מטרנה,גרמים,300.00,100 גרם,false,0,22.20,7.40,true,1,
7290001265123,false,דייסת גם וגם 8דגנים300גר,נסטלה,IL,דייסת מטרנה,גרמים,300.00,100 גרם,false,0,22.20,7.40,true,1,
7290001274422,false,מאגדת מצופה שוקו\בננ 8 י,גלידות פלדמן,IL,מאגדת מצופה שוקו\בננ 8 י,יחידה,1.00,יחידה,false,0,19.90,19.90,true,1,
7290001305058,false,סב.נוז.פלמול.חלב דבש500מ,קולגייט-פלמוליב,IT,סב.נוזלי פלמוליב,מיליליטרים,500.00,"100 מ""ל",false,0,20.00,4.00,true,1,
7290001305188,false,פלמוליב לכלים צהוב 750מל,קולגייט-פלמוליב,GR,פלמוליב לכלים,מיליליטרים,750.00,"100 מ""ל",false,0,11.40,1.52,true,1,
7290001312995,false,בגט 280 גרם,גידרון,IL,באגט,יחידה,1.00,יחידה,false,0,4.00,4.00,true,1,
7290001327357,false,גל.קרמיסימו וניל 1.33ל',שטראוס,IL,גל.קרמיסימו וניל 1.33ל',ליטרים,1.33,ליטר,false,0,19.90,14.96,true,1,
7290001343982,false,"גרנולה לייט מעורבת 1 ק""ג",,IL,"גרנולה לייט מעורבת 1 ק""ג",קילוגרמים,1.00,"ק""ג",false,0,29.70,29.70,true,1,
7290001407547,false,טחינה שומשום פי6מלא 500ג,רושדי תעשיות מזון,IL,טחינה שומשום מלא,גרמים,500.00,100 גרם,false,1,20.70,4.14,true,1,
7290001407769,false,טחינה שומש.מלא בארכה500ג,רושדי תעשיות מזון,IL,טחינה שומשום,גרמים,500.00,100 גרם,false,0,20.70,4.14,true,1,
7290001407837,false,חלבה שאמית קקאו בארכה350,רושדי תעשיות מזון,,חלבה שאמית קקאו בארכה350,גרמים,350.00,100 גרם,false,0,14.90,4.26,true,1,
7290001407844,false,חלבה וניל בארכה 350 גרם,רושדי תעשיות מזון,IL,חלבה וניל,גרמים,350.00,100 גרם,false,0,12.10,3.46,true,1,
7290001419342,false,גלידה חמה ימבו וניל 15יח,גלידות אריזונה,IL,גלידה חמה ימבו,גרמים,225.00,100 גרם,false,0,20.00,8.89,true,1,
7290001419458,false,וופל ללא סוכר,,IL,וופל ללא סוכר,גרמים,200.00,100 גרם,false,0,8.80,4.40,true,1,
7290001419618,false,וופל בלגי שוקולד,,IL,וופל בלגי שוקולד,גרמים,200.00,100 גרם,false,0,3.90,1.95,true,1,
7290001419779,false,ופלים ט.שוקולד,,IL,ופלים ט.שוקולד,גרמים,200.00,100 גרם,false,0,3.90,1.95,true,1,
7290001482384,false,לפתן אננס חתוך,,TH,לפתן אננס חתוך,גרמים,227.00,100 גרם,false,0,4.70,2.07,true,1,
7290001485019,false,גב.שמנת בטעם טבעי5% 200ג,טרה,IL,גבינת שמנת 5%,גרמים,200.00,100 גרם,false,0,10.90,5.45,true,1,
7290001491010,false,תה ירוק יסמין25שק1.5Xגרם,ויסוצקי,IL,תה ירוק יסמין25שק1.5Xגרם,גרמים,37.00,100 גרם,false,0,26.90,72.70,true,1,
7290001491096,false,תה ירוק לימונ+לואיזה50שק,ויסוצקי,IL,תה ירוק לימונ+לואיזה50שק,גרמים,75.00,100 גרם,false,0,46.00,61.33,true,1,
7290001594155,false,"קוקה קולה בפלסטיק500 מ""ל",החברה המרכזית לייצור משקאות,IL,קוקה קולה,מיליליטרים,500.00,"100 מ""ל",false,0,7.50,1.50,true,1,
7290001594858,false,בירה טובורג רד בק330*6מל,קרלסברג ישראל,IL,טובורג רד 6 יח,ליטרים,1.98,ליטר,false,0,44.90,22.68,true,1,
7290001594865,false,"בירה קרלסברג בק330*6 מ""ל",קרלסברג ישראל,IL,"בירה קרלסברג בק330*6 מ""ל",ליטרים,1.98,ליטר,false,0,46.10,23.28,true,1,
7290001648643,false,קפה טורקי כתר 3 יח100X'ג,רוני רג'ואן ושות,IL,מארז טורקי כתר,גרמים,300.00,100 גרם,false,0,14.80,4.93,true,1,
7290001670736,false,כפפות ניילון חד פעמי100,הנמל,IL,כפפות ניילון,יחידה,1.00,יחידה,false,0,6.50,6.50,true,1,
7290001791349,false,פיסגה אקונומיקה ריחנית4ל,סנו,IL,אקונומיקה פיסגה,ליטרים,4.00,ליטר,false,0,11.40,2.85,true,1,
7290001813881,false,פתי בר בטעם חמאה 500 גרם,עלית,IL,פתי בר עלית,גרמים,500.00,100 גרם,false,0,10.00,2.00,true,1,
7290001815397,false,שוקולד חלב מגדים 100*6גר,עלית,IL,שוקולד חלב 6 יח,גרמים,600.00,100 גרם,false,0,27.80,4.63,true,1,
7290001815403,false,שוק.מריר מגדים 100*6 גרם,עלית,IL,שוקולד מריר 6 יח,גרמים,600.00,100 גרם,false,0,27.80,4.63,true,1,
7290001817582,false,צ'יטוס כאפה 15*10 גרם,עלית,IL,מארז צ'יטוס כאפה,גרמים,150.00,100 גרם,false,0,10.40,6.93,true,1,
7290001865439,false,סבון פמלי לבן +משאבה 1ל',אינטרקוסמא,IL,סבון פמלי לבן +משאבה 1ל',ליטרים,1.00,ליטר,false,0,13.90,13.90,true,1,
7290001865453,false,סבון פמלי סגול+משאבה 1ל',אינטרקוסמא,IL,סבון פמלי סגול+משאבה 1ל',ליטרים,1.00,ליטר,false,0,13.90,13.90,true,1,
7290001946404,false,שום כתוש 250 גרם,נטו,IL,שום כתוש 250 גרם,גרמים,250.00,100 גרם,false,0,14.50,5.80,true,1,
7290001985311,false,מאגדת מיני מגנום לבן+שקד,שטראוס,IL,מאגדת מיני מגנום לבן+שקד,גרמים,250.00,100 גרם,false,0,29.90,11.96,true,1,
7290001990094,false,"סוכר חום בצנצנת 1 ק""ג",סוגת,IL,"סוכר חום בצנצנת 1 ק""ג",קילוגרמים,1.00,"ק""ג",false,0,11.30,11.30,true,1,
7290001990148,false,"סוכר גולדן קלאסי 1 ק""ג",סוגת,IL,סוכר גולדן,קילוגרמים,1.00,"ק""ג",false,0,11.20,11.20,true,1,
7290001990261,false,"חומוס 1 ק""ג",סוגת,IL,חומוס,קילוגרמים,1.00,"ק""ג",false,0,11.90,11.90,true,1,
7290001990278,false,"שעועית לבנה 1 ק""ג",סוגת,IL,שעועית לבנה,קילוגרמים,1.00,"ק""ג",false,0,18.00,18.00,true,1,
7290001990391,false,"אפונה 1 ק""ג",סוגת,IL,אפונה,קילוגרמים,1.00,"ק""ג",false,0,10.30,10.30,true,1,
7290001990407,false,"עדשים ירוקות 1 ק""ג",סוגת,IL,עדשים ירוקות,קילוגרמים,1.00,"ק""ג",false,0,11.00,11.00,true,1,
7290001990414,false,"עדשים אדומות 1 ק""ג",סוגת,IL,עדשים אדומות,קילוגרמים,1.00,"ק""ג",false,0,13.30,13.30,true,1,
7290001990421,false,"פופקורן 1 ק""ג",סוגת,IL,"פופקורן 1 ק""ג",קילוגרמים,1.00,"ק""ג",false,0,11.30,11.30,true,1,
7290002000136,false,שעוות הדבש משי מיקרו500ג,ש.שוורץ,IL,שעוות הדבש משי מיקרו500ג,גרמים,500.00,100 גרם,false,0,20.40,4.08,true,1,
7290002000143,false,"פנג'ל קרם ידיים 100 מ""ל",אינטרקוסמא,IL,קרם ידיים פנג'ל,מיליליטרים,80.00,"100 מ""ל",false,0,9.50,11.88,true,1,
7290002001782,false,פנג'ל פלוס לכף הרגל 100ג,אינטרקוסמא,CH,פנג'ל פלוס לכף הרגל 100ג,גרמים,100.00,100 גרם,false,0,16.60,16.60,true,1,
7290002002857,false,נייר שעווה 50 יחידות,אלסום ביגנדו,IL,נייר שעווה,יחידה,1.00,יחידה,false,0,20.00,20.00,true,1,
7290002003168,false,"קרם ידיים פנג'ל 80*3מ""ל",אינטרקוסמא,CH,קרם יד.פנג'ל 3יח,מיליליטרים,240.00,"100 מ""ל",false,0,14.40,6.00,true,1,
7290002007234,false,אבקת סוכר 100 גרם,הנמל,IL,אבקת סוכר,גרמים,100.00,100 גרם,false,0,2.00,2.00,true,1,
7290002007241,false,סודה לשתיה 50 גרם,הנמל,IL,סודה לשתיה,גרמים,50.00,100 גרם,false,0,2.90,5.80,true,1,
7290002007296,false,צמר פלדה 350 גרם,הנמל,IL,צמר פלדה,גרמים,350.00,100 גרם,false,0,9.30,2.66,true,1,
7290002007395,false,דובדבנים מסוכרים 100 גרם,הנמל,IL,דובדבנים מסוכרים,גרמים,100.00,100 גרם,false,0,6.90,6.90,true,1,
7290002007500,false,קיסמים שיניים במבוק500יח,הנמל,IL,קיסמי שיניים,יחידה,1.00,יחידה,false,0,3.50,3.50,true,1,
7290002008019,false,סוכריות לקישוט עוגה200גר,הנמל,IL,סוכריות לקישוט,גרמים,200.00,100 גרם,false,0,8.10,4.05,true,1,
7290002008040,false,"מקלות לשיפודים30ס""מ100יח",הנמל,IL,מקלות לשיפודים,יחידה,1.00,יחידה,false,0,3.10,3.10,true,1,
7290002008071,false,100עטרות חום בקופסא מס2',הנמל,IL,עטרות בקופסה,יחידה,1.00,יחידה,false,0,4.80,4.80,true,1,
7290002008118,false,צמרוני עץ לאוזניים 100יח,הנמל,IL,צמרוני אזניים,יחידה,1.00,יחידה,false,0,1.50,1.50,true,1,
7290002008187,false,קשים מתקפלים 40 יח',הנמל,IL,קשים מתקפלים,יחידה,1.00,יחידה,false,0,0.90,0.90,true,1,
7290002008323,false,סוכריות לקישוט עוגה200גר,הנמל,IL,סוכריות לקישוט,גרמים,200.00,100 גרם,false,0,8.10,4.05,true,1,
7290002008347,false,קורנפלור 500 גרם,הנמל,IL,קורנפלור 500 גרם,גרמים,500.00,100 גרם,false,0,4.60,0.92,true,1,
7290002008361,false,דפים לסנדויץ 200 יח',הנמל,IL,דפים לסנדויץ,יחידה,1.00,יחידה,false,0,9.90,9.90,true,1,
7290002008460,false,עטרות חום מס' 1.5 קופסא,הנמל,IL,עטרות חום,יחידה,1.00,יחידה,false,0,4.80,4.80,true,1,
7290002008743,false,סוכר וניל 10 יחX' 10 גרם,הנמל,IL,סוכר וניל,גרמים,100.00,100 גרם,false,0,3.00,3.00,true,1,
7290002008750,false,10 גרם 'Xאבקת אפיה 10 יח,הנמל,IL,אבקת אפיה,גרמים,100.00,100 גרם,false,0,3.20,3.20,true,1,
7290002008934,false,סוכריות לקישוט 200 גרם,הנמל,IL,סוכריות לקישוט 200 גרם,גרמים,200.00,100 גרם,false,0,8.10,4.05,true,1,
7290002008989,false,קישקשים בקופסא 225 יח',הנמל,IL,קישקשים בקופסא,יחידה,1.00,יחידה,false,0,5.10,5.10,true,1,
7290002013006,false,פסטרמה מקסיקנית במשקל,זוגלובק,IL,פסטרמה מקסיקנית במשקל,קילוגרמים,0.00,"ק""ג",true,0,82.00,82.00,true,1,
7290002013037,false,פסטרמה פרגיות במשקל,זוגלובק,IL,פסטרמה פרגיות במשקל,קילוגרמים,0.00,"ק""ג",true,0,82.00,82.00,true,1,
7290002014607,false,"חומוס 1 ק""ג",מעדני מיקי,IL,"חומוס 1 ק""ג",קילוגרמים,1.00,"ק""ג",false,0,13.20,13.20,true,1,
7290002014614,false,לקרדה מעדן,,IL,לקרדה מעדן,גרמים,300.00,100 גרם,false,0,16.90,5.63,true,1,
7290002014959,false,"סלט חצילים במיונז 1 ק""ג",מעדני מיקי,IL,סלט חצילים במי,קילוגרמים,1.00,"ק""ג",false,0,12.90,12.90,true,1,
7290002015093,false,מלפפ.בחומץ 13-17 560 גרם,בני דרום,IL,מלפפונים בחומץ,גרמים,560.00,100 גרם,false,0,6.90,1.23,true,1,
7290002015116,false,מלפפון בחומץ 7-9 560 גרם,בני דרום,IL,מלפפון בחומץ 7-9 560 גרם,גרמים,560.00,100 גרם,false,0,4.70,0.84,true,1,
7290002015123,false,"מלפפון10-12חומץ בד""ץ560ג",בני דרום,IL,מלפפונים בחומץ,גרמים,560.00,100 גרם,false,0,5.80,1.04,true,1,
7290002015147,false,מלפפון 18-25 בחומץ 560גר,בני דרום,IL,מלפפונים בחומץ,גרמים,560.00,100 גרם,false,0,8.90,1.59,true,1,
7290002015154,false,מלפפ.במלח גדול 7-9 560גר,בני דרום,IL,מלפפ.במלח גדול 7-9 560גר,גרמים,560.00,100 גרם,false,0,4.70,0.84,true,1,
7290002015161,false,מלפפון במלח 10-12 560גרם,בני דרום,IL,מלפפון במלח 10-12 560גרם,גרמים,560.00,100 גרם,false,0,5.80,1.04,true,1,
7290002015192,false,מלפפ.במלח 18-25 560 גרם,בני דרום,IL,מלפפ.במלח 18-25 560 גרם,גרמים,560.00,100 גרם,false,0,8.90,1.59,true,1,
7290002015208,false,מלפפון במלח 13-17 560גרם,בני דרום,IL,מלפפון במלח,גרמים,560.00,100 גרם,false,0,6.90,1.23,true,1,
7290002015321,false,זיתים מנזנילו 15-17 560ג,בני דרום,IL,זיתים מנזנילו,גרמים,560.00,100 גרם,false,0,6.90,1.23,true,1,
7290002015420,false,זיתים ירוקים חרוזית560גר,בני דרום,IL,זיתים חרוזית,גרמים,560.00,100 גרם,false,0,7.50,1.34,true,1,
7290002015499,false,זית סורי מבוקע 560 גרם,בני דרום,IL,זית סורי מבוקע,גרמים,560.00,100 גרם,false,0,8.90,1.59,true,1,
7290002015628,false,רצועות פלפל מתוק חומץ540,בני דרום,IL,רצועות פלפל מתוק חומץ540,גרמים,540.00,100 גרם,false,0,6.60,1.22,true,1,
7290002015765,false,חצילים במלח 540 גרם,בני דרום,IL,חצילים במלח 540 גרם,גרמים,540.00,100 גרם,false,0,6.50,1.20,true,1,
7290002015819,false,"זית ירוק מנזולינו 3 ק""ג",בני דרום,IL,זיתים ירוקים,קילוגרמים,3.00,"ק""ג",false,0,27.90,9.30,true,1,
7290002016137,false,חרוזית ירוק 15-17 צנצנת,בני דרום,IL,חרוזית ירוק 15-17 צנצנת,גרמים,675.00,100 גרם,false,0,11.90,1.76,true,1,
7290002016472,false,מלפפון במלח 10-12 700 גר,בני דרום,IL,מלפפון במלח 10-12 700 גר,גרמים,700.00,100 גרם,false,0,11.90,1.70,true,1,
7290002019114,false,תרכיז עגבנ.פ.ניר28% 580ג,פרי ניר,IL,תרכיז עגבנ.פ.ניר28% 580ג,גרמים,580.00,100 גרם,false,0,6.50,1.12,true,1,
7290002019787,false,רסק עגבניות 22% 260 גרם,פרי ניר,IL,רסק עגבניות,גרמים,260.00,100 גרם,false,0,3.90,1.50,true,1,
7290002020189,false,מיני סופג+ריבה קפ.מטגן35,גידרון,IL,סופגניה מיני,גרמים,35.00,100 גרם,false,0,2.00,5.71,true,1,
7290002024842,false,עריסה מרוקאית במשקל,סלטי שמיר,IL,עריסה מרוקאית במשקל,קילוגרמים,0.00,"ק""ג",true,0,33.00,33.00,true,1,
7290002027003,false,קולי 8 יחידות,,IL,קולי 8 יחידות,יחידה,1.00,יחידה,false,0,5.50,5.50,true,1,
7290002037194,false,לחם שחור קמח מלא 750 גרם,מאפית ברמן,IL,לחם שחור קמח מלא 750 גרם,גרמים,750.00,100 גרם,false,0,13.20,1.76,true,1,
7290002037545,false,לחם שחור קל פרוס 750 גרם,מאפית ברמן,IL,לחם שחור קל פרוס 750 גרם,גרמים,750.00,100 גרם,false,0,15.10,2.01,true,1,
7290002037637,false,חליות מתוקות 4 יח',מאפית ברמן,IL,חליות מתוקות 4 יח',גרמים,350.00,100 גרם,false,0,11.00,3.14,true,1,
7290002037828,false,לחם דגני קלות ודש 500גרם,מאפית ברמן,IL,לחם דגני קלות ודש 500גרם,גרמים,500.00,100 גרם,false,0,14.30,2.86,true,1,
7290002040019,false,קוסקוס רגיל 350 גרם,קוסקוס מזון,IL,קוסקוס רגיל,גרמים,350.00,100 גרם,false,0,5.00,1.43,true,1,
7290002040064,false,קוסקוס דק 350 גרם,קוסקוס מזון,IL,קוסקוס דק,גרמים,350.00,100 גרם,false,0,5.00,1.43,true,1,
7290002040071,false,קוסקוס עבה 350 גרם,קוסקוס מזון,IL,קוסקוס עבה,גרמים,350.00,100 גרם,false,0,5.00,1.43,true,1,
7290002040088,false,קוסקוס מלא 350 גרם,קוסקוס מזון,IL,קוסקוס מלא,גרמים,350.00,100 גרם,false,0,6.70,1.91,true,1,
7290002044628,false,שומן כבש עטרה 200 גרם,עטרה,IL,שומן כבש עטרה 200 גרם,גרמים,200.00,100 גרם,false,0,24.90,12.45,true,1,
7290002053361,false,נודלס איטריות ביצים400גר,אוריינט,IL,נודלס איטריות ביצים400גר,גרמים,400.00,100 גרם,false,0,13.70,3.43,true,1,
7290002065555,false,לחמניות בשקית 6יח75X'גרם,מאפיית שלמה א. אנג'ל,IL,לחמניות בשקית 6יח75X'גרם,גרמים,450.00,100 גרם,false,0,10.90,2.42,true,1,
7290002065616,false,לחם שיפון גרעינים 750גרם,מאפיית שלמה א. אנג'ל,IL,לחם שיפון גרעינים 750גרם,גרמים,750.00,100 גרם,false,0,11.90,1.59,true,1,
7290002065623,false,לחם שיפון כפרי 750 גרם,מאפיית שלמה א. אנג'ל,IL,לחם שיפון כפרי 750 גרם,גרמים,750.00,100 גרם,false,0,11.90,1.59,true,1,
7290002069003,false,"עוף טרי ארוז פלייש ק""ג",נטו,IL,עוף ארוז פלייש,גרמים,0.00,"ק""ג",true,0,19.90,19.90,true,1,
7290002069010,false,כרעיים ע.ט.ארוז פלייש קג,שונות,IL,כרעיים ע.ארוז,קילוגרמים,0.00,"ק""ג",true,0,28.90,28.90,true,1,
7290002069034,false,שוקיים ע.טרי פלייש ארוזק,שונות,IL,שוקיים עוף ארוז,קילוגרמים,0.00,"ק""ג",true,0,36.90,36.90,true,1,
7290002069058,false,שניצל עוף טרי ארוז פלייש,שונות,IL,שניצל ע.ארוז,קילוגרמים,0.00,"ק""ג",true,0,38.90,38.90,true,1,
7290002069065,false,כנפיים עוף טרי ארוז פליי,שונות,IL,כנפיים עוף ארוז,קילוגרמים,0.00,"ק""ג",true,0,13.90,13.90,true,1,
7290002069577,false,כבד עוף טרי ארוז פלייש,שונות,IL,כבד עוף ארוז,קילוגרמים,0.00,"ק""ג",true,0,24.90,24.90,true,1,
7290002077176,false,נתחי פילה סלמון קג,נטו,IL,פילה סלמון,קילוגרמים,0.00,"ק""ג",true,0,59.90,59.90,true,1,
7290002077268,false,מיני קציצות דג לבישול 00,נטו,IL,קציצות דג,גרמים,500.00,100 גרם,false,0,21.90,4.38,true,1,
7290002079033,false,לחם דגנים לייט 500 גרם,מאפיית דוידוביץ,IL,לחם דגנים לייט 500 גרם,גרמים,500.00,100 גרם,false,0,9.90,1.98,true,1,
7290002079477,false,לחם אחיד פרוס 750 גרם,מאפיית דוידוביץ,IL,לחם אחיד פרוס,גרמים,750.00,100 גרם,false,0,5.90,0.79,true,1,
7290002079927,false,לחם דגנים מלא 750 גרם,מאפיית דוידוביץ,IL,לחם דגנים מלא 750 גרם,גרמים,750.00,100 גרם,false,0,9.90,1.32,true,1,
7290002079996,false,לחם אחיד פרוס קל 750 גרם,מאפיית דוידוביץ,IL,לחם אחיד פרוס קל 750 גרם,גרמים,750.00,100 גרם,false,0,9.90,1.32,true,1,
7290002107019,false,גב.צפתית מעודנת5% 250גרם,משק צוריאל תבור,IL,צפתית מעודנת5%,גרמים,250.00,100 גרם,false,0,17.40,6.96,true,1,
7290002107071,false,פטה עיזים מעודנת16% 200ג,משק צוריאל תבור,IL,גבינת פטה עיזים,גרמים,200.00,100 גרם,false,0,23.90,11.95,true,1,
7290002107743,false,צפתית מעודנת5%משק צוריאל,משק צוריאל תבור,IL,צפתית מעודנת5%משק צוריאל,קילוגרמים,0.00,"ק""ג",true,0,56.00,56.00,true,1,
7290002107798,false,בולגרית מעודנת 5% 250 גר,משק צוריאל תבור,IL,גבינה בולגרית 5%,גרמים,250.00,100 גרם,false,0,21.90,8.76,true,1,
7290002109303,false,רג 95*3 רגיליו ןמשב הנוט,רגיליו,IL,טונה בשמן 3 יח,גרמים,285.00,100 גרם,false,0,11.90,4.18,true,1,
7290002109334,false,קציצות דג סלמון לבישול 0,דלידג - נטו,GB,קציצות דג,גרמים,750.00,100 גרם,false,0,30.90,4.12,true,1,
7290002109372,false,בורקס פילו גבינה בולגרית,"שגמור בע""מ",IL,בורקס פילו גבינה בולגרית,גרמים,700.00,100 גרם,false,0,21.00,3.00,true,1,
7290002109570,false,טונה בשמן 3 יח,,IL,טונה בשמן 3 יח,גרמים,480.00,100 גרם,false,0,19.90,4.15,true,1,
7290002111047,false,תירס בד'צ 3 יח' X 550 גר,זנלכל,IL,תירס בד'צ 3 יח,קילוגרמים,1.65,"ק""ג",false,0,21.70,13.15,true,1,
7290002111085,false,רסק עגבניות %22 100 גרם,זנלכל,IL,רסק עגבניות %22 100 גרם,גרמים,100.00,100 גרם,false,0,2.10,2.10,true,1,
7290002111122,false,"רסק תפו""ע+סוכר560ג מבורך",זנלכל,IL,"רסק תפו""ע+סוכר560ג מבורך",גרמים,560.00,100 גרם,false,0,7.40,1.32,true,1,
7290002111139,false,"ר.תפו""ע ב.סוכר560 פ.מבור",זנלכל,IL,"ר.תפו""ע ב.סוכר560 פ.מבור",גרמים,560.00,100 גרם,false,0,7.60,1.36,true,1,
7290002111214,false,תירס לייט מופחת קלוריות,זנלכל,IL,תירס לייט,גרמים,550.00,100 גרם,false,0,7.00,1.27,true,1,
7290002111337,false,רסק עגבניות 260 גרם,זנלכל,IL,רסק עגבניות 260 גרם,גרמים,260.00,100 גרם,false,0,4.10,1.58,true,1,
7290002111474,false,אפונת גדולה פרי מבורך550,זנלכל,IL,אפונת גדולה פרי מבורך550,גרמים,550.00,100 גרם,false,0,5.90,1.07,true,1,
7290002111511,false,אפונה וגזר פרי מבורך550ג,זנלכל,IL,אפונה וגזר,גרמים,550.00,100 גרם,false,0,5.90,1.07,true,1,
7290002111634,false,חומוס פרי מבורך 550 גרם,זנלכל,IL,חומוס פרי מבורך 550 גרם,גרמים,550.00,100 גרם,false,0,5.90,1.07,true,1,
7290002111665,false,רסק עגבנ%28. פ.מבורך580ג,זנלכל,IL,רסק עגבנ%28. פ.מבורך580ג,גרמים,580.00,100 גרם,false,0,6.50,1.12,true,1,
7290002111672,false,רסק עגבנ%22. פ.מבורך570ג,זנלכל,IL,רסק עגבניות %2,גרמים,570.00,100 גרם,false,0,5.90,1.04,true,1,
7290002111696,false,עגבנ.מרוסקות פ.מבורך800ג,זנלכל,IL,עגבניות מרוסקות,גרמים,800.00,100 גרם,false,0,8.20,1.03,true,1,
7290002111764,false,שעועית+ר.עגבנ.פ.מבורך580,זנלכל,IL,שעועית+ר.עגבנ.פ.מבורך580,גרמים,280.00,100 גרם,false,0,5.90,2.11,true,1,
7290002111825,false,תירס גרעינים פ.מבורך550ג,זנלכל,IL,תירס גרעינים פ.מבורך550ג,גרמים,550.00,100 גרם,false,0,5.90,1.07,true,1,
7290002111948,false,שעועית ירוקה פ.מבורך550ג,זנלכל,IL,שעועית ירוקה פ.מבורך550ג,גרמים,550.00,100 גרם,false,0,8.00,1.45,true,1,
7290002118398,false,צמרוני אוזניים מרובע200י,הנמל,IL,צמרוני אוזנים,יחידה,1.00,יחידה,false,0,3.90,3.90,true,1,
7290002128748,false,פתיליות 50 יחידות,שלהבת,IL,פתיליות 50 יח',יחידה,1.00,יחידה,false,0,3.00,3.00,true,1,
7290002130567,false,דבש טהור יד מרדכי 350גרם,יד מרדכי,IL,דבש טהור,גרמים,350.00,100 גרם,false,0,21.30,6.09,true,1,
7290002130574,false,דבש מפרחי בר יד מרדכי500,יד מרדכי,IL,דבש מפרחי בר יד מרדכי500,גרמים,500.00,100 גרם,false,0,28.50,5.70,true,1,
7290002131397,false,עוף מס2' הידורים קפוא מח,הידורים,IL,עוף מס2' הידורים קפוא מח,קילוגרמים,0.00,"ק""ג",true,0,28.90,28.90,true,1,
7290002131410,false,כרעיים עוף הידורים קפוא,,,כרעיים עוף הידורים קפוא,קילוגרמים,0.00,"ק""ג",true,0,40.90,40.90,true,1,
7290002131434,false,ירכיים עוף הידורים קפוא,,IL,ירכיים עוף הידורים קפוא,קילוגרמים,0.00,"ק""ג",true,0,40.90,40.90,true,1,
7290002131458,false,כנפיים עוף הידורים קפוא,,IL,כנפיים עוף הידורים קפוא,קילוגרמים,0.00,"ק""ג",true,0,19.90,19.90,true,1,
7290002133193,false,גבינה בולגרית 5% משקל,מחלבת השומרון,IL,גבינה בולגרית 5% משקל,קילוגרמים,0.00,"ק""ג",true,0,59.00,59.00,true,1,
7290002150336,false,פלאפל 800 גרם,"אדריה בע""מ",IL,פלאפל 800 גרם,גרמים,800.00,100 גרם,false,0,23.70,2.96,true,1,
7290002150404,false,"סיגר תפו""א 1קג","אדריה בע""מ",IL,"סיגר תפו""א 1קג",יחידה,1.00,יחידה,false,0,26.70,26.70,true,1,
7290002150527,false,"פסטל תפו""א 1קג","אדריה בע""מ",IL,"פסטל תפו""א 1קג",גרמים,1000.00,100 גרם,false,0,26.70,2.67,true,1,
7290002150602,false,קובה בורגול במילוי בשר 1,"אדריה בע""מ",IL,קובה בורגול במילוי בשר 1,גרמים,1000.00,100 גרם,false,0,29.70,2.97,true,1,
7290002150688,false,קרפלך תפו'א 1קג,"אדריה בע""מ",IL,קרפלך תפו'א 1קג,יחידה,1.00,יחידה,false,0,26.70,26.70,true,1,
7290002155836,false,סירופ תפוז,,,סירופ תפוז,ליטרים,4.00,ליטר,false,0,23.40,5.85,true,1,
7290002155898,false,סירופ דובדבן,,,סירופ דובדבן,ליטרים,4.00,ליטר,false,0,23.40,5.85,true,1,
7290002253037,false,"ראשום"" 200 גרם",דורות,IL,שום כתוש,גרמים,200.00,100 גרם,false,0,16.10,8.05,true,1,
7290002253105,false,שום במגשית 80 גרם,דורות,IL,שום כתוש קפוא,גרמים,80.00,100 גרם,false,0,11.30,14.13,true,1,
7290002253150,false,בזיליקום קצוץ מגשית 70 ג,דורות,IL,בזיליקום קצוץ מגשית 70 ג,גרמים,70.00,100 גרם,false,0,11.10,15.86,true,1,
7290002253181,false,כוסברה קצוצה מגשית 70 גר,דורות,IL,כוסברה קצוצה,גרמים,70.00,100 גרם,false,0,11.10,15.86,true,1,
7290002253198,false,גינג'ר כתוש קפוא מגשית70,דורות,IL,גינג'ר כתוש קפוא מגשית70,גרמים,70.00,100 גרם,false,0,11.10,15.86,true,1,
7290002259640,false,רדיד אלומיניום,,US,רדיד אלומיניום,מטרים,7.00,מטר,false,0,10.60,1.51,true,1,
7290002259664,false,רדיד אלומיניום,,IL,רדיד אלומיניום,מטרים,60.00,מטר,false,0,39.90,0.67,true,1,
7290002260806,false,ביסלי ברביקיו חמוץ חרי70,אסם,IL,ביסלי אקסטרים,גרמים,70.00,100 גרם,false,0,4.80,6.86,true,1,
7290002266037,false,לחם חי פרוס 500 גרם,מאפיית שלמה א. אנג'ל,IL,לחם חי פרוס 500 גרם,גרמים,500.00,100 גרם,false,0,12.50,2.50,true,1,
7290002270553,false,משחת גילוח לעור רגיש140מ,קרליין,IL,משחת גילוח MEM,מיליליטרים,140.00,"100 מ""ל",false,0,13.50,9.64,true,1,
7290002319016,false,אבקת אפיה 10 יח X 10 גרם,מיה,IL,אבקת אפיה 10 יח X 10 גרם,גרמים,100.00,100 גרם,false,0,2.80,2.80,true,1,
7290002319023,false,סוכר וניל 10 יחידות,מיה,IL,סוכר וניל 10 יחידות,גרמים,100.00,100 גרם,false,0,2.80,2.80,true,1,
7290002319061,false,קוקוס טחון 100 גרם,מיה,IL,קוקוס טחון 100 גרם,גרמים,100.00,100 גרם,false,0,3.90,3.90,true,1,
7290002319115,false,חומוס גדול 500 גר,מיה,IL,גרעיני חומוס,גרמים,500.00,100 גרם,false,0,6.40,1.28,true,1,
7290002319139,false,שעועית לבנה 500גר,מיה,IL,שעועית לבנה,גרמים,500.00,100 גרם,false,0,12.90,2.58,true,1,
7290002319146,false,שעועית אדומה 500 גרם,מיה,IL,שעועית אדומה,גרמים,500.00,100 גרם,false,0,14.50,2.90,true,1,
7290002319160,false,אפונה ירוקה 500 גרם,מיה,IL,אפונה ירוקה,גרמים,500.00,100 גרם,false,0,5.40,1.08,true,1,
7290002319177,false,פופקורן 500 גרם,מיה,IL,גרעיני פופקורן,גרמים,500.00,100 גרם,false,0,6.40,1.28,true,1,
7290002319184,false,עדשים אדומים 500 גרם,מיה,IL,עדשים אדומים,גרמים,500.00,100 גרם,false,0,8.40,1.68,true,1,
7290002319191,false,עדשים ירוקים 500ג,מיה,IL,עדשים ירוקים,גרמים,500.00,100 גרם,false,0,6.90,1.38,true,1,
7290002319214,false,קווקר 200 גרם,מיה,IL,קווקר 200 גרם,גרמים,200.00,100 גרם,false,0,2.80,1.40,true,1,
7290002319221,false,חיטה 500 גרם,מיה,IL,חיטה,גרמים,500.00,100 גרם,false,0,6.90,1.38,true,1,
7290002319306,false,שקדים קלויים 200גרם,מיה,IL,שקדים קלויים 200גרם,גרמים,200.00,100 גרם,false,0,19.90,9.95,true,1,
7290002319313,false,"אורז מלא 1 ק""ג",מיה,IL,"אורז מלא 1 ק""ג",קילוגרמים,1.00,"ק""ג",false,0,10.70,10.70,true,1,
7290002319337,false,תמרים שקית 200גרם,מיה,IL,תמרים שקית,גרמים,200.00,100 גרם,false,0,5.90,2.95,true,1,
7290002319375,false,קורנפלור 250 גרם,מיה,IL,קורנפלור 250 גרם,גרמים,250.00,100 גרם,false,0,4.10,1.64,true,1,
7290002319429,false,פפריקה מתוקה 80 גרם,מיה,IL,פפריקה מתוקה 80 גרם,גרמים,80.00,100 גרם,false,0,7.10,8.88,true,1,
7290002319436,false,פלפל שחור טחון 80 גרם,מיה,IL,פלפל שחור,גרמים,80.00,100 גרם,false,0,11.90,14.88,true,1,
7290002319467,false,אורגנו 35 גרם,מיה,IL,אורגנו 35 גרם,גרמים,35.00,100 גרם,false,0,7.10,20.29,true,1,
7290002319580,false,מלח לימון 150 גרם,מיה,IL,מלח לימון,גרמים,150.00,100 גרם,false,0,8.10,5.40,true,1,
7290002319610,false,שקדים טחונים 100גרם מיה,מיה,IL,שקדים טחונים 100גרם מיה,גרמים,100.00,100 גרם,false,0,11.90,11.90,true,1,
7290002319634,false,אגוז קאשיו קלוי 200גרם,מיה,IL,אגוז קאשיו קלוי 200גרם,גרמים,200.00,100 גרם,false,0,17.90,8.95,true,1,
7290002319641,false,גריל עוף 80 גרם,מיה,IL,גריל עוף 80 גרם,גרמים,80.00,100 גרם,false,0,7.10,8.88,true,1,
7290002319740,false,אגוז מלך טחון 100גרם מיה,מיה,IL,אגוז מלך טחון,גרמים,100.00,100 גרם,false,0,12.90,12.90,true,1,
7290002319764,false,משמש מיובש 200גרם-מיה,מיה,IL,משמש מיובש 200גרם-מיה,גרמים,200.00,100 גרם,false,0,13.90,6.95,true,1,
7290002319771,false,"תמצית אפיה וניל 55 מ""ל",מיה,IL,"תמצית אפיה וניל 55 מ""ל",מיליליטרים,55.00,"100 מ""ל",false,0,2.90,5.27,true,1,
7290002319788,false,"תמצית אפיה רום 55 מ""ל",מיה,IL,"תמצית אפיה רום 55 מ""ל",מיליליטרים,50.00,"100 מ""ל",false,0,2.90,5.80,true,1,
7290002319825,false,אבקת סוכר 100 גרם,מיה,IL,אבקת סוכר 100 גרם,גרמים,100.00,100 גרם,false,0,2.00,2.00,true,1,
7290002319849,false,שזיפים יבשים200גרם-מיה,מיה,IL,שזיפים יבשים200גרם-מיה,גרמים,200.00,100 גרם,false,0,9.90,4.95,true,1,
7290002319917,false,גרעיני חמנייה קלויים 150,מיה,IL,גרעיני חמנייה קלויים 150,גרמים,150.00,100 גרם,false,0,5.90,3.93,true,1,
7290002319924,false,גרעיני דלעת קלויים 200 ג,מיה,IL,גרעיני דלעת קלויים 200 ג,גרמים,200.00,100 גרם,false,0,7.90,3.95,true,1,
7290002319931,false,בוטנים קלויים 200 גרם,מיה,IL,בוטנים קלויים 200 גרם,גרמים,200.00,100 גרם,false,0,6.90,3.45,true,1,
7290002320463,false,"מעדן 100% תות ללת""ס284גר",בית יצחק,IL,"מעדן 100% תות ללת""ס284גר",גרמים,284.00,100 גרם,false,0,16.30,5.74,true,1,
7290002323198,false,ספרינג מיץ תפוחים 1.5 ל',יפאורה שותפות מובגלת לשיווק,IL,ספרינג תפוחים,ליטרים,1.50,ליטר,false,0,6.30,4.20,true,1,
7290002323204,false,ספרינג תפוחים דיאט 1.5ל',יפאורה שותפות מובגלת לשיווק,IL,ספרינג תפוח דיאט,ליטרים,1.50,ליטר,false,0,6.30,4.20,true,1,
7290002323815,false,משקה קל תפוזים קריסטל 2ל,יפאורה שותפות מובגלת לשיווק,IL,משקה קל תפוזים קריסטל 2ל,ליטרים,2.00,ליטר,false,0,3.60,1.80,true,1,
7290002323822,false,מיץ אשכוליות קריסטל2ליטר,יפאורה שותפות מובגלת לשיווק,IL,מיץ אשכוליות קריסטל2ליטר,ליטרים,2.00,ליטר,false,0,3.60,1.80,true,1,
7290002323839,false,משקה קל ענבים קריסטל 2ל',יפאורה שותפות מובגלת לשיווק,IL,משקה קל ענבים קריסטל 2ל',ליטרים,2.00,ליטר,false,0,3.60,1.80,true,1,
7290002323846,false,משקה קל מנגו 2 ליטר,יפאורה שותפות מובגלת לשיווק,IL,משקה קל מנגו 2 ליטר,ליטרים,2.00,ליטר,false,0,3.60,1.80,true,1,
7290002327028,false,ג'חנון 650 גרם,אופרה,IL,ג'חנון 650 גרם,גרמים,650.00,100 גרם,false,0,14.90,2.29,true,1,
7290002327042,false,"בורקס תפו""א 800 גרם",אופרה,IL,"בורקס תפו""א 800 גרם",גרמים,800.00,100 גרם,false,0,19.70,2.46,true,1,
7290002327059,false,"בצק עלים 1 ק""ג",אופרה,IL,"בצק עלים 1 ק""ג",קילוגרמים,1.00,"ק""ג",false,0,22.20,22.20,true,1,
7290002327066,false,קונכיות למילוי 625 גרם,אופרה,IL,קונכיות למילוי,גרמים,625.00,100 גרם,false,0,25.20,4.03,true,1,
7290002331117,false,נביעות+טעם ענבים 1.5ליטר,נביעות טבע,IL,נביעות+טעם ענבים 1.5ליטר,ליטרים,1.50,ליטר,false,0,7.80,5.20,true,1,
7290002331148,false,נביעות+טעם תפוח 1.5 ליטר,נביעות טבע,IL,נביעות+טעם תפוח 1.5 ליטר,ליטרים,1.50,ליטר,false,0,7.80,5.20,true,1,
7290002331179,false,נביעות+טעם אפרסק 1.5ליטר,נביעות טבע,IL,נביעות+אפרסק,ליטרים,1.50,ליטר,false,0,7.80,5.20,true,1,
7290002331322,false,מים מינרל.נביעות 1.5*6ל,נביעות טבע,IL,מים מינרל.נביעות 1.5*6ל,ליטרים,9.00,ליטר,false,0,10.90,1.21,true,1,
7290002331360,false,נביעות פקק טו גו 6 500*מ,נביעות טבע,IL,נביעות ספורט 6יח,ליטרים,3.00,ליטר,false,0,19.30,6.43,true,1,
7290002331421,false,נביעות פקק טוגו 6 755*מ,נביעות טבע,IL,נביעות פקק טוגו,ליטרים,4.53,ליטר,false,0,20.20,4.46,true,1,
7290002331490,false,נביעות מים מינרלים 1 ל,נביעות טבע,IL,נביעות מים מינרלים 1 ל,ליטרים,1.00,ליטר,false,0,4.90,4.90,true,1,
7290002331643,false,נביעות מוגז 1.5*6 ליטר,נביעות טבע,IL,נביעות מוגז 1.5*6 ליטר,ליטרים,9.00,ליטר,false,0,15.90,1.77,true,1,
7290002332022,false,נביעות+משמש אננס 1.5ליטר,נביעות טבע,IL,נביעות+משמש אננס,ליטרים,1.50,ליטר,false,0,7.80,5.20,true,1,
7290002353324,false,עוג.אוראו 176 גרם,מונדלייז,ES,עוג.אוראו 176 גרם,גרמים,176.00,100 גרם,false,0,10.10,5.74,true,1,
7290002360285,false,חליטת קמומיל 20 שק1.5Xג,טייקנה,DE,חליטת קמומיל 20 שק1.5Xג,גרמים,30.00,100 גרם,false,0,17.70,59.00,true,1,
7290002385493,false,גב.שמנת זיתים30%,,IL,גב.שמנת זיתים30%,קילוגרמים,0.00,"ק""ג",true,0,42.00,42.00,true,1,
7290002404576,false,"יין מוריה לייט 750 מ""ל",,IL,"יין מוריה לייט 750 מ""ל",מיליליטרים,750.00,"100 מ""ל",false,0,17.30,2.31,true,1,
7290002404828,false,מיץ ענבים 1 ליטר,יקבי ארזה,IL,מיץ ענבים 1 ליטר,מיליליטרים,100.00,"100 מ""ל",false,0,16.60,16.60,true,1,
7290002404965,false,יין מוריה ישן נושן 750מל,יקבי ארזה,IL,יין מוריה ישן נושן 750מל,מיליליטרים,750.00,"100 מ""ל",false,0,17.60,2.35,true,1,
7290002409014,false,גחנון אפוי בקופסא 600 גר,,IL,גחנון אפוי בקופסא 600 גר,גרמים,600.00,100 גרם,false,0,17.90,2.98,true,1,
7290002409021,false,"מלווח במגש 1 ק""ג",,IL,"מלווח במגש 1 ק""ג",גרמים,1000.00,100 גרם,false,0,11.00,1.10,true,1,
7290002409038,false,בורקס גבינה 800 גרם,ציפור השרון,IL,בורקס גבינה 800 גרם,גרמים,800.00,100 גרם,false,0,12.80,1.60,true,1,
7290002409045,false,"בורקס תפו""א 800 גרם",ציפור השרון,IL,"בורקס תפו""א 800 גרם",גרמים,800.00,100 גרם,false,0,10.90,1.36,true,1,
7290002409076,false,ג'חנון בצק 800 גרם,ציפור השרון,IL,ג'חנון בצק 800 גרם,גרמים,800.00,100 גרם,false,0,11.80,1.48,true,1,
7290002409106,false,בורקס פיצה 800 גרם,ציפור השרון,IL,בורקס פיצה 800,גרמים,800.00,100 גרם,false,0,18.30,2.29,true,1,
7290002409175,false,"בצק עלים 1 ק""ג",,IL,"בצק עלים 1 ק""ג",גרמים,1000.00,100 גרם,false,0,9.90,0.99,true,1,
7290002409281,false,סבבה 750 גרם 5יח,,IL,סבבה 750 גרם 5יח,גרמים,750.00,100 גרם,false,0,15.90,2.12,true,1,
7290002409304,false,נקניקיות בבצק 600 גרם,ציפור השרון,IL,נקניקיות בבצק 600 גרם,גרמים,600.00,100 גרם,false,0,15.00,2.50,true,1,
7290002439189,false,ג.צהובה מגורד27%עלמה500ג,מלקפול אלוורטוסקה,PL,גבינה עלמה מגורד,גרמים,500.00,100 גרם,false,1,19.50,3.90,true,1,
7290002472094,false,עוגת קצפת קרם שניט600גרם,גידרון,IL,עוגת קרם שניט,גרמים,600.00,100 גרם,false,0,33.90,5.65,true,1,
7290002479352,false,דבש מפרחי בר 350 גרם,מכוורת עמק חפר,IL,דבש מפרחי בר,גרמים,350.00,100 גרם,false,0,19.80,5.66,true,1,
7290002487272,false,פיצה משפ' 500X3ג טעם טוב,שלושת האופים,IL,פיצה משפ' 500X3ג טעם טוב,קילוגרמים,1.50,"ק""ג",false,0,44.70,29.80,true,1,
7290002487425,false,עוג.אוראו שוקולד חלב176ג,מונדלייז,ES,עוגיות אוראו,גרמים,176.00,100 גרם,false,0,10.10,5.74,true,1,
7290002487739,false,עוג.אוראו פאדג שוק.חל246,מונדלייז,ES,עוג.אוראו פאדג שוק.חל246,גרמים,246.00,100 גרם,false,0,19.70,8.01,true,1,
7290002487746,false,עוג.אוראו פאדג שוק.לב246,מונדלייז,ES,עוגיות אוראו,גרמים,246.00,100 גרם,false,0,19.70,8.01,true,1,
7290002515371,false,קמיל בלו אל סבון נוזלי1ל,פישר מעבדות פרמצבטיות,IL,קמיל בלו לתינוק,ליטרים,1.00,ליטר,false,0,29.90,29.90,true,1,
7290002541370,false,משקה סויה אלפרו 1 ליטר,אלפרו,BE,משקה סויה אלפרו 1 ליטר,ליטרים,1.00,ליטר,false,0,13.90,13.90,true,1,
7290002541479,false,"משקה סויה שוקו 250X3 מ""ל",אלפרו,BE,"משקה סויה שוקו 250X3 מ""ל",מיליליטרים,750.00,"100 מ""ל",false,0,13.30,1.77,true,1,
7290002541981,false,משקה סויה ללא תוספת סוכר,אלפרו,BE,משקה סויה ללא תוספת סוכר,ליטרים,1.00,ליטר,false,0,13.90,13.90,true,1,
7290002543046,false,פרוסטיס 750 גרם,קלוג'ס,GB,פרוסטיס 750 גרם,גרמים,750.00,100 גרם,false,0,25.30,3.37,true,1,
7290002543237,false,קלוג'ס קורנפלקס 750 גרם,קלוג'ס,GB,קורנפלקס קלוגס,גרמים,750.00,100 גרם,false,0,21.80,2.91,true,1,
7290002551010,false,טונה סטארקיסט במים 160 ג,סטארקיסט,IL,טונה סטארקיסט,גרמים,160.00,100 גרם,false,0,7.40,4.63,true,1,
7290002552345,false,שלגונים גלי גל פרווה 8יח,ריאו,IL,שלגונים גלי גל פרווה 8יח,גרמים,450.00,100 גרם,false,0,18.50,4.11,true,1,
7290002552772,false,עשיריית ארטיק קרח,ריאו,IL,עשיריית ארטיק קרח,גרמים,900.00,100 גרם,false,0,14.50,1.61,true,1,
7290002642657,false,מיץ ענבים מוסקט אדום1.5ל,יקבי מסורת,IL,מיץ ענבים מוסקט אדום1.5ל,ליטרים,1.50,ליטר,false,0,21.40,14.27,true,1,
7290002642725,false,מיץ ענבים מוסקט לבן 1.5ל,יקבי מסורת,IL,מיץ ענבים מוסקט לבן 1.5ל,ליטרים,1.50,ליטר,false,0,21.40,14.27,true,1,
7290002642954,false,מיץ ענבים חברון אדום1.5ל,,IL,מיץ ענבים חברון אדום1.5ל,ליטרים,1.50,ליטר,false,0,19.10,12.73,true,1,
7290002661115,false,"לחם הולנדי 1.200 ק""ג",מאפית ברמן,IL,"לחם הולנדי 1.200 ק""ג",קילוגרמים,1.20,"ק""ג",false,0,16.60,13.83,true,1,
7290002661153,false,"לחם דני קל 1 ק""ג",מאפית ברמן,IL,"לחם דני קל 1 ק""ג",גרמים,1000.00,100 גרם,false,0,16.60,1.66,true,1,
7290002663522,false,תפוזינה משקה קל תפוז1.5ל,יפאורה שותפות מובגלת לשיווק,IL,תפוזינה תפוזים,ליטרים,1.50,ליטר,false,0,5.90,3.93,true,1,
7290002663805,false,שוופס טוניק 1.5 ליטר,יפאורה שותפות מובגלת לשיווק,IL,שוופס טוניק 1.5 ליטר,ליטרים,1.50,ליטר,false,0,7.90,5.27,true,1,
7290002663812,false,שוופס ג'ינג'ר 1.5 ליטר,יפאורה שותפות מובגלת לשיווק,IL,שוופס ג'ינג'ר 1.5 ליטר,ליטרים,1.50,ליטר,false,0,7.90,5.27,true,1,
7290002663829,false,שוופס ביטר לימון 1.5ליטר,יפאורה שותפות מובגלת לשיווק,IL,שוופס ביטר לימון 1.5ליטר,ליטרים,1.50,ליטר,false,0,7.90,5.27,true,1,
7290002663881,false,אשכולינה דיאט 1.5 ליטר,יפאורה שותפות מובגלת לשיווק,IL,אשכולינה דיאט,ליטרים,1.50,ליטר,false,0,5.90,3.93,true,1,
7290002673255,false,"סיליט מסיר אבנית 500 מ""ל",רקיט בנקיזר,IL,סיליט מסיר אבנית,מיליליטרים,500.00,"100 מ""ל",false,0,13.40,2.68,true,1,
7290002674306,false,משחה אקווה פרש מנטה 100מ,ג.' אס.קיו,GB,משחת שיניים,מיליליטרים,100.00,"100 מ""ל",false,0,6.90,6.90,true,1,
7290002674313,false,משחת מנטה עם פלרואיד100מ,ג.' אס.קיו,GB,משחת שיניים,מיליליטרים,100.00,"100 מ""ל",false,0,6.90,6.90,true,1,
7290002692393,false,שמן קנולה מועשר 1 ליטר,שמן תעשיות,IL,שמן קנולה מועשר,ליטרים,1.00,ליטר,false,0,16.20,16.20,true,1,
7290002692409,false,שמן חמניות מועשר ויטמיןE,שמן תעשיות,IL,שמן חמניות,ליטרים,1.00,ליטר,false,0,15.50,15.50,true,1,
7290002692478,false,שמן זית מעודן כ.מעולה750,שמן תעשיות,IL,שמן זית מעודן,מיליליטרים,750.00,"100 מ""ל",false,0,34.90,4.65,true,1,
7290002692553,false,"זיתולה עץ הזית 750 מ""ל",שמן תעשיות,IL,זיתולה עץ הזית,מיליליטרים,750.00,"100 מ""ל",false,0,17.90,2.39,true,1,
7290002692768,false,"תרסיס שמן קנולה 200 מ""ל",שמן תעשיות,US,תרסיס שמן קנולה,מיליליטרים,200.00,"100 מ""ל",false,0,17.20,8.60,true,1,
7290002706014,false,"קציצות מפילה דג 1ק""ג",דלידג - נטו,IL,"קציצות מפילה דג 1ק""ג",גרמים,1000.00,100 גרם,false,0,36.90,3.69,true,1,
7290002706021,false,טבעות דג 700גרם,דלידג - נטו,IL,טבעות דג 700גרם,גרמים,700.00,100 גרם,false,0,26.90,3.84,true,1,
7290002706045,false,שניצל דג הנסיכה 1קג,דלידג - נטו,IL,שניצל דג הנסיכה 1קג,גרמים,1000.00,100 גרם,false,0,29.90,2.99,true,1,
7290002706731,false,"רצועות פילה נילוס בעל""ז",דלידג - נטו,IL,"רצועות פילה נילוס בעל""ז",קילוגרמים,0.00,"ק""ג",true,0,54.90,54.90,true,1,
7290002715504,false,ארוחת איטר.מג'יק-עוף70גר,,,ארוחת איטר.מג'יק-עוף70גר,גרמים,70.00,100 גרם,false,0,4.40,6.29,true,1,
7290002715511,false,ארוחת איטר.מג'יק-בשר70גר,,,ארוחת איטר.מג'יק-בשר70גר,גרמים,70.00,100 גרם,false,0,4.40,6.29,true,1,
7290002715580,false,ארוחת איטריות מג'יק-סיני,,SG,ארוחת איטריות מג'יק-סיני,גרמים,70.00,100 גרם,false,0,4.40,6.29,true,1,
7290002716464,false,אב' סוכר לפסח דרומה,,IL,אב' סוכר לפסח דרומה,גרמים,100.00,100 גרם,false,0,2.80,2.80,true,1,
7290002730262,false,פלמוליב קלאסי ירוק 750מל,קולגייט-פלמוליב,GR,פלמוליב קלאסי ירוק 750מל,מיליליטרים,750.00,"100 מ""ל",false,0,11.40,1.52,true,1,
7290002730354,false,12 תחבושות הגיינה וניה,ג'ונסון,BE,תחבושות הגיינה,יחידה,1.00,יחידה,false,0,23.70,23.70,true,1,
7290002730668,false,משחת קולגייט לחניכיים100,קולגייט-פלמוליב,PL,משחת קולגייט לחניכיים100,מיליליטרים,100.00,"100 מ""ל",false,0,19.10,19.10,true,1,
7290002730675,false,"משחת קולגייט אדום 100מ""ל",קולגייט-פלמוליב,PL,"משחת קולגייט אדום 100מ""ל",מיליליטרים,100.00,"100 מ""ל",false,0,12.50,12.50,true,1,
7290002730811,false,משחה קולגייט ג'ל 100 גרם,קולגייט-פלמוליב,PL,משחת קולגייט ג'ל,מיליליטרים,100.00,"100 מ""ל",false,0,14.90,14.90,true,1,
7290002730903,false,סבון פלמוליב ורדים100*4ג,קולגייט-פלמוליב,IL,סבון פלמוליב 4יח,גרמים,400.00,100 גרם,false,0,17.60,4.40,true,1,
7290002730910,false,סב.פלמוליב פרי הדר 100*4,קולגייט-פלמוליב,TR,סבון פלמוליב 4יח,גרמים,400.00,100 גרם,false,0,17.60,4.40,true,1,
7290002730941,false,"צמר גפן פרוס ""בלונס100""ג",ספטונה,GR,צמר גפן פרוס,גרמים,100.00,100 גרם,false,0,6.30,6.30,true,1,
7290002731818,false,חזה בקר מס3' הידורים קג,,IL,חזה בקר מס3' הידורים קג,קילוגרמים,0.00,"ק""ג",true,0,89.90,89.90,true,1,
7290002731825,false,צלעות בקר הדורים קג,,IL,צלעות בקר הדורים קג,קילוגרמים,0.00,"ק""ג",true,0,99.90,99.90,true,1,
7290002741084,false,8חטיפי דגנ.שוגי צדף שוקו,יוניליוור,IL,חטיפי דגנים 8 יח,גרמים,184.00,100 גרם,false,0,18.60,10.11,true,1,
7290002741091,false,חטיפי דגנים שוגי שוק8.יח,יוניליוור,IL,חטיפי דגנים 8 יח,גרמים,184.00,100 גרם,false,0,18.60,10.11,true,1,
7290002752349,false,סוכ. מנטוס מנטה 37.5 גרם,מנטוס,NL,סוכ. מנטוס מנטה 37.5 גרם,גרמים,37.00,100 גרם,false,0,3.70,10.00,true,1,
7290002757139,false,מלווח 700 גרם,אופרה,IL,מלווח 700 גרם,גרמים,700.00,100 גרם,false,0,15.80,2.26,true,1,
7290002757511,false,קציצות דג לבישול 750 גרם,דלידג - נטו,IL,קציצות דג,גרמים,750.00,100 גרם,false,0,30.90,4.12,true,1,
7290002757535,false,בור.פילו אצבעות גב700.גר,"שגמור בע""מ",IL,בור.פילו אצבעות גב700.גר,גרמים,700.00,100 גרם,false,0,22.20,3.17,true,1,
7290002759393,false,מארז מיני סופגניות 8 יח',גידרון,IL,סופגניות מיני 8י,יחידה,1.00,יחידה,false,0,15.00,15.00,true,1,
7290002768036,false,"מי פה תיאדנט 150מ""ל",קרליין,IL,מי פה תיאדנט,מיליליטרים,150.00,"100 מ""ל",false,0,17.30,11.53,true,1,
7290002768043,false,מי פה תיאדנט+פלאוריד150מ,קרליין,IL,מי פה תיאדנט,מיליליטרים,150.00,"100 מ""ל",false,0,17.30,11.53,true,1,
7290002768074,false,דרמפון סבון ללא סבון 1 ל,קרליין,IL,דרמפון אל סבון,ליטרים,1.00,ליטר,false,0,19.10,19.10,true,1,
7290002768159,false,בת אורן סבון נוזלי 500מל,קרליין,IL,סבון אמבט בת אור,מיליליטרים,500.00,"100 מ""ל",false,0,19.60,3.92,true,1,
7290002771104,false,קפה אל נח'לה עם הל 500גר,קפה אל נח'לה,IL,קפה אל נח'לה עם הל 500גר,גרמים,500.00,100 גרם,false,0,31.50,6.30,true,1,
7290002771111,false,קפה אל נח'לה עם הל250גרם,קפה אל נח'לה,IL,קפה אל נח'לה עם הל250גרם,גרמים,250.00,100 גרם,false,0,15.80,6.32,true,1,
7290002771128,false,קפה אל נח'לה בלי הל 250ג,קפה אל נח'לה,IL,קפה אל נח'לה בלי הל 250ג,גרמים,250.00,100 גרם,false,0,17.00,6.80,true,1,
7290002775034,false,"מיני בורקס פילו תפו""א 50","שגמור בע""מ",IL,מיני בורקס פילו,גרמים,650.00,100 גרם,false,0,22.20,3.42,true,1,
7290002780649,false,טבעות זיתים ירוקים 560גר,בני דרום,IL,טבעות זיתים ירוקים 560גר,גרמים,560.00,100 גרם,false,0,6.80,1.21,true,1,
7290002781059,false,מיונז אמיתי 500 גרם,מיטב,IL,מיונז אמיתי 500 גרם,גרמים,500.00,100 גרם,false,0,7.60,1.52,true,1,
7290002781066,false,"מיונז אמיתי 1 ק""ג",מיטב,IL,"מיונז אמיתי 1 ק""ג",קילוגרמים,1.00,"ק""ג",false,0,15.10,15.10,true,1,
7290002781240,false,מיץ לימון משומר 1 ליטר,מיטב,IL,מיץ לימון משומר 1 ליטר,ליטרים,1.00,ליטר,false,0,5.20,5.20,true,1,
7290002781257,false,חומץ %5 1 ליטר,מיטב,IL,חומץ %5 1 ליטר,ליטרים,1.00,ליטר,false,0,3.90,3.90,true,1,
7290002781264,false,סירופ שוקולד 700 גרם,מיטב,IL,סירופ שוקולד 700 גרם,גרמים,700.00,100 גרם,false,0,10.90,1.56,true,1,
7290002781691,false,ממרח שוקןלד 400 גרם,,IL,ממרח שוקןלד 400 גרם,גרמים,400.00,100 גרם,false,0,5.50,1.38,true,1,
7290002781776,false,ריבת דובדבן,,IL,ריבת דובדבן,גרמים,880.00,100 גרם,false,0,9.10,1.03,true,1,
7290002781899,false,ריבת תפוז 820 גרם,מיטב,IL,ריבת תפוז 820 גרם,גרמים,820.00,100 גרם,false,0,9.10,1.11,true,1,
7290002781905,false,ריבה מעורבת 820 גרם,,IL,ריבה מעורבת 820 גרם,גרמים,820.00,100 גרם,false,0,9.10,1.11,true,1,
7290002781912,false,ריבת תות 820 גרם,,IL,ריבת תות 820 גרם,גרמים,820.00,100 גרם,false,0,9.10,1.11,true,1,
7290002781929,false,ריבת מישמש 820 גרם,מיטב,IL,ריבת מישמש 820 גרם,גרמים,820.00,100 גרם,false,0,9.10,1.11,true,1,
7290002781998,false,"קטשופ 1 ק""ג",מיטב,IL,"קטשופ 1 ק""ג",קילוגרמים,1.00,"ק""ג",false,0,9.10,9.10,true,1,
7290002782759,false,"קרם גוף מס2' פנינה340מ""ל",א.ל ארמן,IL,קרם גוף פנינה,מיליליטרים,340.00,"100 מ""ל",false,0,26.20,7.71,true,1,
7290002787204,false,טונה בשמן קנולה 140*3גרם,,IL,טונה בשמן קנולה 140*3גרם,גרמים,420.00,100 גרם,false,0,16.90,4.02,true,1,
7290002787761,false,גבינה צהובה עלמה26% משקל,מלקוויטה,PL,גבינה צהובה עלמה26% משקל,קילוגרמים,0.00,"ק""ג",true,0,39.00,39.00,true,1,
7290002787822,false,גב.גאודה עלמה פרוסה 400ג,מלקפול,PL,גב.גאודה עלמה פרוסה 400ג,גרמים,400.00,100 גרם,false,1,14.90,3.73,true,1,
7290002814023,false,אסלונית לניקוי אסלות750מ,קומפלקס כימיקלים,IL,אסלונית,מיליליטרים,750.00,"100 מ""ל",false,0,8.90,1.19,true,1,
7290002814078,false,אנטרטיק לניקוי אמבטיה1ל,קומפלקס כימיקלים,IL,אנטרטיק לאמבט,ליטרים,1.00,ליטר,false,0,10.90,10.90,true,1,
7290002814177,false,נוזל לכלים סנט מוריץ750מ,קומפלקס כימיקלים,IL,נוזל לכלים,מיליליטרים,750.00,"100 מ""ל",false,0,8.90,1.19,true,1,
7290002814528,false,נוזל לאסלה מס' 1 1 ליטר,קומפלקס כימיקלים,IL,נוזל לאסלה מס' 1,ליטרים,1.00,ליטר,false,0,6.90,6.90,true,1,
7290002814689,false,"שמפו לכלים 3 יח750X'מ""ל",קומפלקס כימיקלים,,"שמפו לכלים 3 יח750X'מ""ל",ליטרים,2.25,ליטר,false,0,19.10,8.49,true,1,
7290002814928,false,פרלמנט קצר בודד,פיליפ מוריס,IL,פרלמנט קצר בודד,יחידה,1.00,יחידה,false,0,36.50,36.50,false,1,
7290002814931,false,שמפו רצפות סנט מוריץ 4ל',קומפלקס כימיקלים,,שמפו רצפות סנט מוריץ 4ל',ליטרים,4.00,ליטר,false,0,10.90,2.73,true,1,
7290002814955,false,שמפו לכלים סנט מוריץ 4ל',קומפלקס כימיקלים,IL,שמפו לכלים סנט מוריץ 4ל',ליטרים,4.00,ליטר,false,0,25.20,6.30,true,1,
7290002824183,false,גב.סקי משפחתי5%שומן500ג,שטראוס,IL,גבינת סקי 5%,גרמים,500.00,100 גרם,false,0,9.60,1.92,true,1,
7290002824466,false,יוגורט לבן ביו 0% 200ג,שטראוס,IL,יוגורט לבן 0%,גרמים,200.00,100 גרם,false,0,3.70,1.85,true,1,
7290002824640,false,גב.סקי5%לבנה מעודנת250ג,שטראוס,IL,גב.סקי5%לבנה מעודנת250ג,גרמים,250.00,100 גרם,false,0,4.80,1.92,true,1,
7290002825692,false,סלט חומוס אחלה 500 גרם,שטראוס,IL,סלט חומוס אחלה 500 גרם,גרמים,500.00,100 גרם,false,0,11.40,2.28,true,1,
7290002825722,false,כרוב אדום אחלה 500 גרם,שטראוס,IL,סלט כרוב אחלה,גרמים,500.00,100 גרם,false,0,14.20,2.84,true,1,
7290002827337,false,נקניקיות עוף פיקנטי 400ג,,IL,נקניקיות עוף פיקנטי 400ג,גרמים,400.00,100 גרם,false,0,9.90,2.48,true,1,
7290002833525,false,מרלבורו רד קצר בוקס חפ.,פיליפ מוריס,,מרלבורו רד קצר בוקס חפ.,יחידה,1.00,יחידה,false,0,34.00,34.00,false,1,
7290002842002,false,קואקר אנגלי,,GB,קואקר אנגלי,גרמים,500.00,100 גרם,false,0,11.90,2.38,true,1,
7290002845122,false,ל.מ. סילבר לייבל חפיסה,פיליפ מוריס,,ל.מ. סילבר לייבל חפיסה,יחידה,1.00,יחידה,false,0,32.00,32.00,false,1,
7290002852724,false,ל.מ. בלו לייבל קצר,פיליפ מוריס,US,ל.מ. בלו לייבל קצר,יחידה,1.00,יחידה,false,0,32.00,32.00,false,1,
7290002854528,false,ל.מ. רד לייבל קצר,פיליפ מוריס,US,ל.מ. רד לייבל קצר,יחידה,1.00,יחידה,false,0,32.00,32.00,false,1,
7290002862017,false,שום כתוש 250 גרם,"הררית מזון בע""מ",IL,שום כתוש,גרמים,250.00,100 גרם,false,0,12.70,5.08,true,1,
7290002862031,false,אריסה חריפה 250 גרם,"הררית מזון בע""מ",,אריסה חריפה,גרמים,250.00,100 גרם,false,0,12.70,5.08,true,1,
7290002862055,false,לימון כבוש,,,לימון כבוש,גרמים,250.00,100 גרם,false,0,13.10,5.24,true,1,
7290002862123,false,סחוג ירוק 150 גרם,"הררית מזון בע""מ",,סחוג ירוק 150 גרם,גרמים,150.00,100 גרם,false,0,10.10,6.73,true,1,
7290002862338,false,סחוג אדום 150 גרם,"הררית מזון בע""מ",IL,סחוג אדום,גרמים,150.00,100 גרם,false,0,9.70,6.47,true,1,
7290002862369,false,עמבה בצנצנת,,IL,עמבה בצנצנת,גרמים,260.00,100 גרם,false,0,12.70,4.88,true,1,
7290002868996,false,קוטג' 5%מועשר בסידן 250ג,טרה,IL,קוטג' 5%מועשר בסידן 250ג,גרמים,250.00,100 גרם,false,0,5.80,2.32,true,1,
7290002871248,false,"טובורג רד בק.חוזר 500מ""ל",קרלסברג ישראל,IL,"טובורג רד בק.חוזר 500מ""ל",מיליליטרים,500.00,"100 מ""ל",false,0,10.10,2.02,true,1,
7290002871446,false,פריגת ענבים 1.5 ליטר,פריגת,IL,פריגת ענבים,ליטרים,1.50,ליטר,false,0,6.50,4.33,true,1,
7290002871460,false,פריגת תפוזים 1.5 ליטר,פריגת,IL,פריגת תפוזים,ליטרים,1.50,ליטר,false,0,6.50,4.33,true,1,
7290002871477,false,פריגת אשכוליות 1.5 ליטר,פריגת,IL,פריגת אשכוליות,ליטרים,1.50,ליטר,false,0,6.50,4.33,true,1,
7290002871491,false,דיאט פריגת אשכוליות1.5ל,פריגת,IL,פריגת דיאט אשכול,ליטרים,1.50,ליטר,false,0,6.50,4.33,true,1,
7290002876326,false,פרלמנט קצר בלו בודד,פיליפ מוריס,IL,פרלמנט קצר בלו בודד,יחידה,1.00,יחידה,false,0,36.50,36.50,false,1,
7290002881920,false,מרלבורו גולד 100 בוקס,פיליפ מוריס,IL,מרלבורו גולד 100 בוקס,יחידה,1.00,יחידה,false,0,34.00,34.00,false,1,
7290002886925,false,מרלבורו גולד קצר בוקס,פיליפ מוריס,US,מרלבורו גולד קצר בוקס,יחידה,1.00,יחידה,false,0,34.00,34.00,false,1,
7290002904694,false,דאו.טיטניום תרסיס 180 מל,קרליין,,דאודורנט טיטניום,מיליליטרים,180.00,"100 מ""ל",false,0,20.90,11.61,true,1,
7290002920311,false,גבינת קממבר במשקל,,IL,גבינת קממבר במשקל,קילוגרמים,0.00,"ק""ג",true,0,109.00,109.00,true,1,
7290002922865,false,קבב מובחר טאק טורו 500 ג,,IL,קבב מובחר טאק טורו 500 ג,גרמים,500.00,100 גרם,false,0,16.90,3.38,true,1,
7290002922872,false,המבורגר מובחר טאק טורו 0,,,המבורגר מובחר טאק טורו 0,גרמים,500.00,100 גרם,false,0,16.90,3.38,true,1,
7290002925798,false,מ.שיניים+ מי פה,,IL,מ.שיניים+ מי פה,מיליליטרים,120.00,"100 מ""ל",false,0,15.60,13.00,true,1,
7290002929512,false,פלאפל 500 גרם,שלושת האופים,IL,פלאפל 500 גרם,גרמים,500.00,100 גרם,false,0,13.90,2.78,true,1,
7290002929642,false,טונה בשמן 4 יח,,IL,טונה בשמן 4 יח,גרמים,560.00,100 גרם,false,0,23.90,4.27,true,1,
7290002930235,false,בשר לחמין עטרה שקיל,טיבון ויל,IL,בשר לחמין,קילוגרמים,0.00,"ק""ג",true,1,49.90,49.90,true,1,
7290002939078,false,נגיסי עוף 600 גרם,עטרה,IL,נגיסי עוף 600 גרם,גרמים,600.00,100 גרם,false,0,16.00,2.67,true,1,
7290002939108,false,חזה עוף טרי ארוז עטרה לק,שונות,IL,חזה עוף טרי עטרה,קילוגרמים,0.00,"ק""ג",true,0,34.90,34.90,true,1,
7290002939450,false,שניצל אמריקאי 600 גרם,עטרה,IL,שניצל אמריקאי 600 גרם,גרמים,600.00,100 גרם,false,0,19.00,3.17,true,1,
7290002939474,false,טבעות עוף 600 גרם,עטרה,IL,טבעות עוף 600 גרם,גרמים,600.00,100 גרם,false,0,18.10,3.02,true,1,
7290002939498,false,בשר מס' 8 שריר בית יוסף,עטרה,IL,בשר מס' 8 שריר בית יוסף,גרמים,0.00,"ק""ג",true,0,53.90,53.90,true,1,
7290002939504,false,בשר צוואר מס10' עטרה לקג,עטרה,IL,בשר צוואר מס10' עטרה לקג,קילוגרמים,0.00,"ק""ג",true,0,39.90,39.90,true,1,
7290002946700,false,מצית פחם נוזלי,,IL,מצית פחם נוזלי,מיליליטרים,200.00,"100 מ""ל",false,0,11.10,5.55,true,1,
7290002954187,false,אורז יסמין,,IL,אורז יסמין,קילוגרמים,5.00,"ק""ג",false,0,42.90,8.58,true,1,
7290002987963,false,"חומוס אחלה 1 ק""ג",שטראוס,IL,"חומוס אחלה 1 ק""ג",קילוגרמים,1.00,"ק""ג",false,0,14.20,14.20,true,1,
7290003009145,false,"סירופ ענבים פריגת 750מ""ל",פריגת,IL,"סירופ ענבים פריגת 750מ""ל",מיליליטרים,750.00,"100 מ""ל",false,0,12.20,1.63,true,1,
7290003009152,false,"סירופ פטל פריגת 750 מ""ל",פריגת,IL,"סירופ פטל פריגת 750 מ""ל",מיליליטרים,750.00,"100 מ""ל",false,0,12.20,1.63,true,1,
7290003009183,false,"סירופ תפוחים דיאט 750מ""ל",פריגת,IL,"סירופ תפוחים דיאט 750מ""ל",מיליליטרים,750.00,"100 מ""ל",false,0,18.30,2.44,true,1,
7290003009572,false,סירופ תפוזים פריגת 1.5ל',פריגת,IL,סירופ תפוזים פריגת 1.5ל',ליטרים,1.50,ליטר,false,0,22.80,15.20,true,1,
7290003009589,false,"סירופ לימונים דיאט750מ""ל",פריגת,IL,"סירופ לימונים דיאט750מ""ל",מיליליטרים,750.00,"100 מ""ל",false,0,18.30,2.44,true,1,
7290003009596,false,סירופ אשכוליות דיאט750מל,פריגת,IL,סירופ אשכוליות דיאט750מל,מיליליטרים,750.00,"100 מ""ל",false,0,18.30,2.44,true,1,
7290003009619,false,סירופ ענבים פריגת 1.5 ל',פריגת,IL,סירופ ענבים פריגת 1.5 ל',ליטרים,1.50,ליטר,false,0,22.80,15.20,true,1,
7290003009626,false,סירופ פטל פריגת 1.5 ליטר,פריגת,IL,סירופ פטל פריגת 1.5 ליטר,ליטרים,1.50,ליטר,false,0,22.80,15.20,true,1,
7290003009633,false,סירופ לימונים פריגת 1.5ל,פריגת,IL,סירופ לימונים פריגת 1.5ל,ליטרים,1.50,ליטר,false,0,22.80,15.20,true,1,
7290003015344,false,אבקת כביסה סולו,,IL,אבקת כביסה סולו,קילוגרמים,10.00,"ק""ג",false,0,54.90,5.49,true,1,
7290003015467,false,תחליב רחצה בייבי כיף 1ל,קוסמופארם,IL,תחליב רחצה בייבי,ליטרים,1.00,ליטר,false,0,21.20,21.20,true,1,
7290003015627,false,סנו ריצפז פרש אפרסק2ליטר,סנו,IL,ריצפז פרש,ליטרים,2.00,ליטר,false,0,20.70,10.35,true,1,
7290003015634,false,סנו ריצפז פרש פסיפלורה2ל,סנו,IL,ריצפז פרש,ליטרים,2.00,ליטר,false,0,20.70,10.35,true,1,
7290003015641,false,סנו ריצפז פרש יסמין2ליטר,סנו,IL,ריצפז פרש,ליטרים,2.00,ליטר,false,0,20.70,10.35,true,1,
7290003023165,false,שוקו בכד יטבתה 2 ליטר,שטראוס,IL,שוקו בכד יטבתה,ליטרים,2.00,ליטר,false,0,18.90,9.45,true,1,
7290003026036,false,קמיל בלו סנסיטיב ורוד 1ל,פישר מעבדות פרמצבטיות,IL,קמיל בלו סנסיטיב ורוד 1ל,ליטרים,1.00,ליטר,false,0,32.00,32.00,true,1,
7290003029112,false,חלב 3% מועשר בסידן 1 ל',יטבתה,IL,חלב מועשר בסידן,ליטרים,1.00,ליטר,false,0,8.90,8.90,true,1,
7290003029181,false,שוקו יטבתה בבקבוק 1 ליטר,שטראוס,IL,שוקו יטבתה,ליטרים,1.00,ליטר,false,0,11.90,11.90,true,1,
7290003029266,false,מילק שייק שוקו יטבתה400מ,יטבתה,IL,מילק שייק שוקו,מיליליטרים,400.00,"100 מ""ל",false,0,7.00,1.75,true,1,
7290003029372,false,משקה חלב בננה בקבוק 1 ל',שטראוס,IL,משקה חלב בננה,ליטרים,1.00,ליטר,false,0,11.90,11.90,true,1,
7290003029433,false,שוקו יטבתה+פקק נשלף 250מ,שטראוס,IL,שוקו יטבתה,מיליליטרים,250.00,"100 מ""ל",false,0,5.30,2.12,true,1,
7290003029532,false,מוקה יטבתה בקבוק 2% 1ל,שטראוס,IL,מוקה יטבתה בקבוק,ליטרים,1.00,ליטר,false,0,11.90,11.90,true,1,
7290003029792,false,מארז שוקו יטבתה 225*8 מל,יטבתה,IL,שקיות שוקו 8 יח',ליטרים,1.80,ליטר,false,0,19.20,10.67,true,1,
7290003029815,false,חלב מועשר יטבתה 3%כד 2ל',שטראוס,IL,חלב מועשר יטבתה 3%כד 2ל',ליטרים,2.00,ליטר,false,0,17.10,8.55,true,1,
7290003029907,false,אייס קפה יטבתה 2% 1ל,שטראוס,IL,אייס קפה יטבתה,ליטרים,1.00,ליטר,false,0,11.90,11.90,true,1,
7290003031702,false,"נקניקיות הודו חלק 1 ק""ג",טירת צבי,IL,נקניקיות הודו,קילוגרמים,1.00,"ק""ג",false,0,31.90,31.90,true,1,
7290003031719,false,נקניקיות הודו חלק במשקל,טירת צבי,IL,נקניקיות הודו,קילוגרמים,0.00,"ק""ג",true,0,24.90,24.90,true,1,
7290003031733,false,פסטרמה על גחלים 400 גרם,טירת צבי,IL,פסטרמה על גחלים,גרמים,400.00,100 גרם,false,0,31.90,7.98,true,1,
7290003031740,false,פסטרמה הודו בדבש 400 גרם,טירת צבי,IL,פסטרמה הודו בדבש,גרמים,400.00,100 גרם,false,0,31.90,7.98,true,1,
7290003031757,false,פסטרמה הודו בפפריקה400גר,טירת צבי,IL,פסטרמה בפפריקה,גרמים,400.00,100 גרם,false,0,31.90,7.98,true,1,
7290003031788,false,פסטרמה הודו+סלמי 800 גרם,טירת צבי,IL,פסטרמה+סלמי מארז,גרמים,800.00,100 גרם,false,0,32.90,4.11,true,1,
7290003047635,false,ליפטון ילו לייבל25שק1.5*,יוניליוור,IN,תה ילו לייבל,גרמים,37.00,100 גרם,false,0,7.50,20.27,true,1,
7290003047642,false,ליפטון ילו לייבל100ש1.5*,יוניליוור,IN,תה ילו לייבל,גרמים,150.00,100 גרם,false,0,18.40,12.27,true,1,
7290003060047,false,קמח תופח,,IL,קמח תופח,קילוגרמים,1.00,"ק""ג",false,0,7.40,7.40,true,1,
7290003069583,false,סטייק סלמון פרוס נורווגי,דלידג - נטו,XX,סטייק סלמון פרוס נורווגי,קילוגרמים,0.00,"ק""ג",true,0,49.90,49.90,true,1,
7290003069682,false,בצק פילאס 500 גרם,"שגמור בע""מ",IL,בצק פילאס,גרמים,500.00,100 גרם,false,0,19.90,3.98,true,1,
7290003069705,false,פיצה אישית גבינה דקה תפ',שלושת האופים,IL,פיצה אישית גבינה דקה תפ',יחידה,1.00,יחידה,false,0,2.50,2.50,true,1,
7290003069712,false,פיצה משולש זית דק תפ' יח,שלושת האופים,IL,פיצה משולש זית דק תפ' יח,יחידה,1.00,יחידה,false,0,2.50,2.50,true,1,
7290003087327,false,מאגדת חטיף בולי,,IL,מאגדת חטיף בולי,גרמים,200.00,100 גרם,false,0,8.90,4.45,true,1,
7290003102280,false,55קיסמי אוזניים עם שסתום,LTD CO S.T.O,CN,55קיסמי אוזניים עם שסתום,יחידה,1.00,יחידה,false,0,4.30,4.30,true,1,
7290003107216,false,"קמח לבן 1 ק""ג",טחנת קמח דגן לישראל,IL,קמח לבן,קילוגרמים,1.00,"ק""ג",false,0,5.90,5.90,true,1,
7290003107353,false,משפר אפייה ביתי 30 גרם,שטיבל,,משפר אפייה ביתי,גרמים,30.00,100 גרם,false,0,6.10,20.33,true,1,
7290003119110,false,קוקה קולה 1.5*6 ליטר,החברה המרכזית לייצור משקאות,IL,קוקה קולה 6 יח,ליטרים,9.00,ליטר,false,0,38.00,4.22,true,1,
7290003119165,false,קוקה קולה דיאט 1.5*6ל,החברה המרכזית לייצור משקאות,IL,קולה דיאט 6 יח,ליטרים,9.00,ליטר,false,0,38.00,4.22,true,1,
7290003121083,false,ארוחת נודלס ט.בשר מגיק85,,,ארוחת נודלס ט.בשר מגיק85,גרמים,85.00,100 גרם,false,0,3.30,3.88,true,1,
7290003121106,false,ארוחת נודלס,,SG,ארוחת נודלס,גרמים,85.00,100 גרם,false,0,3.30,3.88,true,1,
7290003126712,false,יוגורט עיזים ביו 3% 140ג,משק צוריאל תבור,IL,יוגורט ביו 3%,גרמים,140.00,100 גרם,false,0,6.80,4.86,true,1,
7290003126958,false,טופו טבעי בוואקום 300גרם,משק צוריאל תבור,IL,טופו טבעי בוואקום 300גרם,גרמים,300.00,100 גרם,false,0,12.30,4.10,true,1,
7290003130184,false,"פיניש מלח למדיח 2*2 ק""ג",רקיט בנקיזר,IL,מלח למדיח 2 יח,קילוגרמים,4.00,"ק""ג",false,0,27.80,6.95,true,1,
7290003141159,false,מרשמלו יוגטה 180 גרם,סאאדת,TR,מרשמלו יוגטה 180 גרם,גרמים,180.00,100 גרם,false,0,8.00,4.44,true,1,
7290003144020,false,שוק.מריר 60% צ'וקטה 100ג,קומרשל שוקולד לקאזה אז.איי,ES,שוקולד מריר 60%,גרמים,100.00,100 גרם,false,0,7.00,7.00,true,1,
7290003153831,false,שוש חטיף בוטנים 80 גרם,עלית,IL,שוש חטיף בוטנים,גרמים,80.00,100 גרם,false,0,4.00,5.00,true,1,
7290003185719,false,קבב רומני 500 גרם,טיבון ויל - נטו,IL,קבב רומני,גרמים,500.00,100 גרם,false,0,21.50,4.30,true,1,
7290003189045,false,בנוסח הולנדית 26% משקל,תעש' מזון יבנה,IL,בנוסח הולנדית 26% משקל,קילוגרמים,0.00,"ק""ג",true,0,36.00,36.00,true,1,
7290003189199,false,מעדן חריפה 26% במשקל,תעש' מזון יבנה,IL,מעדן חריפה 26% במשקל,קילוגרמים,0.00,"ק""ג",true,0,35.00,35.00,true,1,
7290003189274,false,בנוסח מעושנת גליל26%משקל,תעש' מזון יבנה,IL,בנוסח מעושנת גליל26%משקל,קילוגרמים,0.00,"ק""ג",true,0,38.00,38.00,true,1,
7290003220106,false,ביסקוויט קרנבל החיות400ג,מגדנית הדר,IL,ביסקוויט קרנבל החיות400ג,גרמים,400.00,100 גרם,false,0,8.30,2.08,true,1,
7290003220250,false,נודלס ווק בטעם בקר 60 גר,וול גרואו קו,TH,נודלס ווק,גרמים,60.00,100 גרם,false,0,5.00,8.33,true,1,
7290003220267,false,נודלס ווק בטעם ירקות60ג,וול גרואו קו,TH,נודלס ווק,גרמים,60.00,100 גרם,false,0,5.00,8.33,true,1,
7290003220403,false,קרקר מלוח 110 גרם,מגדנית הדר,IL,קרקר מלוח 110 גרם,גרמים,110.00,100 גרם,false,0,3.70,3.36,true,1,
7290003220519,false,"קרם קוקוס גולד 400 מ""ל",אזיאטיק אגרו אינדסטרי,TH,קרם קוקוס גולד,מיליליטרים,400.00,"100 מ""ל",false,0,9.00,2.25,true,1,
7290003220526,false,"רוטב צ'ילי חריף 700 מ""ל",תאי פרידה אינדסטרי,TH,רוטב צ'ילי חריף,מיליליטרים,700.00,"100 מ""ל",false,0,13.50,1.93,true,1,
7290003220533,false,"רוטב צ'ילי מתוק 700 מ""ל",תאי פרידה אינדסטרי,TH,רוטב צ'ילי מתוק,מיליליטרים,700.00,"100 מ""ל",false,0,13.50,1.93,true,1,
7290003220571,false,"WOK רוטב חמוץ מתוק700מ""ל",קיי אר אס ספייסי פוד,TH,"WOK רוטב חמוץ מתוק700מ""ל",מיליליטרים,700.00,"100 מ""ל",false,0,13.50,1.93,true,1,
7290003220595,false,"אורז לסושי 1 ק""ג",מיה,TH,אורז לסושי,קילוגרמים,1.00,"ק""ג",false,0,12.90,12.90,true,1,
7290003220601,false,רוטב צ'ילי מתוק ווק300מ,תאי פרידה אינדסטרי,TH,רוטב צ'ילי ווק,מיליליטרים,300.00,"100 מ""ל",false,0,8.90,2.97,true,1,
7290003220717,false,אצות נורי לסושי 22 גרם,ג'י וואן גלובול נאט,TH,אצות נורי לסושי,גרמים,22.00,100 גרם,false,0,9.90,45.00,true,1,
7290003220748,false,"רוטב סויה בהירה 640 מ""ל",ליאנג סאנג האנד,TH,רוטב סויה בהירה,מיליליטרים,640.00,"100 מ""ל",false,0,11.60,1.81,true,1,
7290003220762,false,מקלות אורז עובי 2 400ג,אסיאן סופירה פודס,TH,מקלות אורז,גרמים,400.00,100 גרם,false,0,8.90,2.23,true,1,
7290003220816,false,"רוטב סויה מתוק 640 מ""ל",ליאנג סאנג האנד,TH,רוטב סויה מתוק,מיליליטרים,640.00,"100 מ""ל",false,0,14.90,2.33,true,1,
7290003220885,false,wokפירה עם בצל 50 גרם,מתבל תעשיות מזון,IL,wokפירה עם בצל 50 גרם,גרמים,50.00,100 גרם,false,0,6.30,12.60,true,1,
7290003220892,false,WOK קוסקוס 94 גרם,מתבל תעשיות מזון,IL,WOK קוסקוס 94 גרם,גרמים,94.00,100 גרם,false,0,6.30,6.70,true,1,
7290003220939,false,ווק מקלוני אורז דקים 400,אסיאן סופירה פודס,TH,ווק מקלוני אורז,גרמים,400.00,100 גרם,false,0,8.90,2.23,true,1,
7290003222568,false,פיתות 5 יחידות 600) גרם(,,IL,פיתות 5 יחידות 600) גרם(,גרמים,600.00,100 גרם,false,0,4.60,0.77,true,1,
7290003229192,false,כתף בקר מעושן 400 גרם,טירת צבי,IL,כתף בקר מעושן,גרמים,400.00,100 גרם,false,0,34.90,8.73,true,1,
7290003231256,false,דאו.דאב ספריי מלפפונ169.,יוניליוור,AR,דאודורנט דאב,מיליליטרים,169.00,"100 מ""ל",false,0,24.50,14.50,true,1,
7290003231508,false,שמפו פינוק עם קרטין 700,יוניליוור,IL,שמפו פינוק,מיליליטרים,700.00,"100 מ""ל",false,0,13.20,1.89,true,1,
7290003231607,false,מרכך פינוק עם קרטין 700,יוניליוור,IL,מרכך פינוק,מיליליטרים,700.00,"100 מ""ל",false,0,13.20,1.89,true,1,
7290003231614,false,סבון פינוק עם קרטין 700,יוניליוור,IL,סבון פינוק,מיליליטרים,700.00,"100 מ""ל",false,0,13.90,1.99,true,1,
7290003246595,false,פנג'ל פלוס קרם ידיים100מ,אינטרקוסמא,CH,קרם ידיים פנג'ל,מיליליטרים,100.00,"100 מ""ל",false,0,12.00,12.00,true,1,
7290003321155,false,דנונה בר פקאן 183 גרם,שטראוס,IL,דנונה בר פקאן,גרמים,183.00,100 גרם,false,0,5.30,2.90,true,1,
7290003401369,false,קרם לחות לשיער חוחובה400,קרליין,IL,קרם לחות לשיער,מיליליטרים,400.00,"100 מ""ל",false,0,23.30,5.83,true,1,
7290003411054,false,שקיות רוסטי ענק 5 יחידות,הנמל,IL,שקיות לצליה,יחידה,1.00,יחידה,false,0,4.30,4.30,true,1,
7290003411238,false,שמרים יבשים 500 גרם,הנמל,BE,שמרים יבשים,גרמים,500.00,100 גרם,false,0,14.70,2.94,true,1,
7290003411566,false,צמרוני עץ לאוזניים 200יח,הנמל,IL,צמרוני אוזניים,יחידה,1.00,יחידה,false,0,2.80,2.80,true,1,
7290003411948,false,צמר גפן הנמל 100 גרם,הנמל,IL,צמר גפן,יחידה,1.00,יחידה,false,0,3.90,3.90,true,1,
7290003427154,false,"שמן זית כתית מעולה750מ""ל",זיתא,IL,שמן זית כתית,מיליליטרים,750.00,"100 מ""ל",false,0,37.00,4.93,true,1,
7290003434749,false,מרשמלו רולר 180 גרם,שופרסל,IL,מרשמלו רולר 180 גרם,גרמים,180.00,100 גרם,false,0,7.90,4.39,true,1,
7290003438006,false,רוטב פסטו אוליביה 180 גר,אוליביה,IL,רוטב פסטו,גרמים,180.00,100 גרם,false,0,13.30,7.39,true,1,
7290003438013,false,ממרח זיתים ירוקים 190גרם,אוליביה,IL,ממרח זיתים,גרמים,190.00,100 גרם,false,0,13.30,7.00,true,1,
7290003438587,false,פסטו בזיליקום 135 גרם,אוליביה,IL,פסטו בזיליקום,גרמים,135.00,100 גרם,false,0,11.50,8.52,true,1,
7290003438709,false,ממרח זיתים שחורים 190גרם,אוליביה,IL,ממרח זיתים,גרמים,190.00,100 גרם,false,0,13.30,7.00,true,1,
7290003450022,false,מיולייט היינץ 430 גרם,היינץ,IL,מיולייט היינץ,גרמים,430.00,100 גרם,false,0,12.20,2.84,true,1,
7290003450091,false,מיונז אמיתי היינץ 430גרם,היינץ,ES,מיונז היינץ,גרמים,430.00,100 גרם,false,0,12.20,2.84,true,1,
7290003450404,false,שעועית אפויה היינץ 410גר,היינץ,CA,שעועית ברוטב,גרמים,410.00,100 גרם,false,0,8.30,2.02,true,1,
7290003450602,false,חרדל אמיתי היינץ 255 גרם,היינץ,US,חרדל אמיתי,גרמים,255.00,100 גרם,false,0,10.30,4.04,true,1,
7290003457991,false,6חטיפי גל.קורנטו קלאסיקו,שטראוס,IL,6חטיפי גל.קורנטו קלאסיקו,גרמים,300.00,100 גרם,false,0,35.00,11.67,true,1,
7290003514007,false,שקדי מרק 400 גרם,מנה,IL,שקדי מרק מנה,גרמים,400.00,100 גרם,false,0,8.10,2.03,true,1,
7290003514038,false,קראנצ'וס גריל 70 גרם,מנה,IL,קראנצ'וס גריל 70 גרם,גרמים,70.00,100 גרם,false,0,4.00,5.71,true,1,
7290003514052,false,קראנצ'וס פלאפל 70 גרם,מנה,IL,קראנצ'וס פלאפל,גרמים,70.00,100 גרם,false,0,4.00,5.71,true,1,
7290003514069,false,קראנצ'וס בצל 70 גרם,מנה,IL,קראנצ'וס בצל,גרמים,70.00,100 גרם,false,0,4.00,5.71,true,1,
7290003514373,false,לבבות קלאסי 40 גרם,מנה,IL,לבבות קלאסי,גרמים,40.00,100 גרם,false,0,4.40,11.00,true,1,
7290003514557,false,ציפסונים קלאסי 40 גרם,מנה,IL,ציפסונים קלאסי 40 גרם,גרמים,40.00,100 גרם,false,0,4.00,10.00,true,1,
7290003514571,false,פריכיות אורז עם מלח 100ג,מנה,IL,פריכיות אורז,גרמים,100.00,100 גרם,false,0,5.80,5.80,true,1,
7290003514588,false,פריכיות אורז ללא מלח100ג,מנה,IL,פריכיות אורז,גרמים,100.00,100 גרם,false,0,5.80,5.80,true,1,
7290003514618,false,פרונטו קלאסי 50 גרם,מנה,IL,פרונטו קלאסי,גרמים,50.00,100 גרם,false,0,4.00,8.00,true,1,
7290003514816,false,לבבות גריל 40 גרם,מנה,IL,לבבות גריל,גרמים,40.00,100 גרם,false,0,4.40,11.00,true,1,
7290003521081,false,סרקל שמפו לילדים 1 ליטר,פישר מעבדות פרמצבטיות,IL,סרקל שמפו לילדים,ליטרים,1.00,ליטר,false,0,29.80,29.80,true,1,
7290003521166,false,"סרקל קרם רוזמרי 325 מ""ל",פישר מעבדות פרמצבטיות,IL,סרקל קרם רוזמרין,מיליליטרים,325.00,"100 מ""ל",false,0,23.20,7.14,true,1,
7290003521197,false,סרקל תרסיס מתיר קשרים340,פישר מעבדות פרמצבטיות,IL,סרקל מתיר קשרים,מיליליטרים,340.00,"100 מ""ל",false,0,23.20,6.82,true,1,
7290003521210,false,סרקל מרכך לילדים 2 ליטר,פישר מעבדות פרמצבטיות,IL,סרקל מרכך לילדים 2 ליטר,ליטרים,2.00,ליטר,false,0,45.80,22.90,true,1,
7290003526864,false,פטריות חתוכות 290 גרם,,IL,פטריות חתוכות 290 גרם,גרמים,290.00,100 גרם,false,0,5.50,1.90,true,1,
7290003527366,false,אטריות ביצים נודלס400גרם,ויליגר,CN,אטריות ביצים נודלס400גרם,גרמים,400.00,100 גרם,false,0,5.80,1.45,true,1,
7290003550494,false,פילה סלמון סטרלינג במשקל,נטו,IL,פילה סלמון סטרלינג במשקל,קילוגרמים,0.00,"ק""ג",true,0,59.90,59.90,true,1,
7290003550753,false,טונה פוסידון בשמן108*4ג,פוסידון תעשיות,IL,טונה פוסידון בשמן108*4ג,גרמים,432.00,100 גרם,false,0,23.90,5.53,true,1,
7290003578108,false,לפתן אננס חתוך,,TH,לפתן אננס חתוך,גרמים,850.00,100 גרם,false,0,7.60,0.89,true,1,
7290003578245,false,ליצ'י שלם בסירופ,,CN,ליצ'י שלם בסירופ,גרמים,500.00,100 גרם,false,0,7.90,1.58,true,1,
7290003608089,false,ספרינג תות-בננה 1.5 ליטר,יפאורה שותפות מובגלת לשיווק,IL,ספרינג תות בננה,ליטרים,1.50,ליטר,false,0,6.30,4.20,true,1,
7290003608546,false,תפוזינה תות בננה 1.5ליטר,יפאורה שותפות מובגלת לשיווק,IL,תפוזינה תות בננה,ליטרים,1.50,ליטר,false,0,5.90,3.93,true,1,
7290003608560,false,קולה R.C. 1.5 ליטר,יפאורה שותפות מובגלת לשיווק,IL,R.C קולה,ליטרים,1.50,ליטר,false,0,4.60,3.07,true,1,
7290003608621,false,קולה RC מארז 1.5*6 ליטר,יפאורה שותפות מובגלת לשיווק,IL,RC קולה 6 יח',ליטרים,9.00,ליטר,false,0,23.90,2.66,true,1,
7290003608898,false,תפוזינה דיאט 1.5 ליטר,יפאורה שותפות מובגלת לשיווק,IL,תפוזינה דיאט,ליטרים,1.50,ליטר,false,0,5.90,3.93,true,1,
7290003643004,false,אורז בסמטי קלאסי בשקית1ק,סוגת,IL,אורז בסמטי קלאסי,קילוגרמים,1.00,"ק""ג",false,0,16.50,16.50,true,1,
7290003643325,false,קוסקוס בינוני 350 גרם,סוגת,IL,קוסקוס בינוני,גרמים,350.00,100 גרם,false,0,8.10,2.31,true,1,
7290003643387,false,"סוכר לבן צנצנת 1 ק""ג",סוגת,IL,"סוכר לבן צנצנת 1 ק""ג",קילוגרמים,1.00,"ק""ג",false,0,7.60,7.60,true,1,
7290003643684,false,אפונה 500 גרם,סוגת,IL,אפונה 500 גרם,גרמים,500.00,100 גרם,false,0,6.40,1.28,true,1,
7290003643707,false,גריסים 500 גרם,סוגת,IL,גריסים,גרמים,500.00,100 גרם,false,0,6.40,1.28,true,1,
7290003643714,false,חומוס לבן גרגרים 500 גרם,סוגת,IL,חומוס לבן,גרמים,500.00,100 גרם,false,0,6.50,1.30,true,1,
7290003643738,false,חיטה 500 גרם,סוגת,IL,חיטה 500 גרם,גרמים,500.00,100 גרם,false,0,6.50,1.30,true,1,
7290003643752,false,עדשים ירוקות 500 גרם,סוגת,IL,עדשים ירוקות,גרמים,500.00,100 גרם,false,0,6.30,1.26,true,1,
7290003643769,false,עדשים אדומות 500 גרם,סוגת,IL,עדשים אדומות,גרמים,500.00,100 גרם,false,0,6.90,1.38,true,1,
7290003643776,false,פופקורן 500 גרם,סוגת,IL,פופקורן 500 גרם,גרמים,500.00,100 גרם,false,0,6.50,1.30,true,1,
7290003643806,false,שעועית לבנה 500 גרם,סוגת,IL,שעועית לבנה,גרמים,500.00,100 גרם,false,0,10.90,2.18,true,1,
7290003643813,false,שעועית אדומה 500 גרם,סוגת,IL,שעועית אדומה,גרמים,500.00,100 גרם,false,0,10.90,2.18,true,1,
7290003643820,false,חומוס לבן ענק 500 גרם,סוגת,IL,חומוס לבן ענק,גרמים,500.00,100 גרם,false,0,8.60,1.72,true,1,
7290003667109,false,פאנטה אורנג' 1.5 ל',החברה המרכזית לייצור משקאות,IL,פאנטה אורנג',ליטרים,1.50,ליטר,false,0,6.90,4.60,true,1,
7290003667369,false,פריגת תות-בננה 1.5ל,פריגת,IL,פריגת תות בננה,ליטרים,1.50,ליטר,false,0,6.50,4.33,true,1,
7290003667673,false,פנטה דיאט אורנג' 1.5ליטר,החברה המרכזית לייצור משקאות,IL,פנטה דיאט אורנג',ליטרים,1.50,ליטר,false,0,6.90,4.60,true,1,
7290003681235,false,פלפל אנגלי 50 גרם,מיה,IL,פלפל אנגלי 50 גרם,גרמים,50.00,100 גרם,false,0,9.20,18.40,true,1,
7290003681242,false,זעתר 50 גרם,מיה,IL,זעתר 50 גרם,גרמים,50.00,100 גרם,false,0,7.10,14.20,true,1,
7290003681303,false,שעועית מעורבת 500 גרם,מיה,IL,שעועית מעורבת,גרמים,500.00,100 גרם,false,0,11.90,2.38,true,1,
7290003681334,false,קוקוס מיה 400 גרם,מיה,IL,קוקוס מיה 400 גרם,גרמים,400.00,100 גרם,false,0,13.40,3.35,true,1,
7290003681365,false,קישוט עוגה שוק/צבע.צנצ70,מיה,IL,קישוטי עוגה,גרמים,70.00,100 גרם,false,0,4.90,7.00,true,1,
7290003681693,false,חומוס לבן ענק 500 גרם,מיה,IL,חומוס לבן ענק,גרמים,500.00,100 גרם,false,0,7.70,1.54,true,1,
7290003681716,false,גריסי פנינה 500 גרם,מיה,IL,גריסי פנינה,גרמים,500.00,100 גרם,false,0,5.40,1.08,true,1,
7290003681723,false,תבלין לפיצה 100 גרם,מיה,IL,תבלין לפיצה 100 גרם,גרמים,100.00,100 גרם,false,0,7.10,7.10,true,1,
7290003681785,false,"אורז פרסי זהב 1ק""ג הרנוף",מיה,IL,"אורז פרסי זהב 1ק""ג הרנוף",קילוגרמים,1.00,"ק""ג",false,0,8.10,8.10,true,1,
7290003681945,false,"מיץ לימון 100% 500 מ""ל",מיה,IL,מיץ לימון 100%,מיליליטרים,500.00,"100 מ""ל",false,0,10.50,2.10,true,1,
7290003698622,false,סוכריות טופי פירות850גרם,כרמית,IL,סוכריות טופי,גרמים,850.00,100 גרם,false,0,18.10,2.13,true,1,
7290003719006,false,לחם ליבו שיפון 80% 750גר,מאפית ברמן,IL,לחם ליבו שיפון 80% 750גר,גרמים,750.00,100 גרם,false,0,14.30,1.91,true,1,
7290003727667,false,"סלט חומוס צבר 1 ק""ג",צבר,IL,סלט חומוס צבר,קילוגרמים,1.00,"ק""ג",false,0,14.90,14.90,true,1,
7290003781614,false,אורז יסמין,,IL,אורז יסמין,קילוגרמים,5.00,"ק""ג",false,0,38.40,7.68,true,1,
7290003781652,false,צלפים במלח,,TR,צלפים במלח,גרמים,350.00,100 גרם,false,0,10.60,3.03,true,1,
7290003782130,false,פילה הרינג בשמן במשקל,מעדני מיקי,IL,פילה הרינג בשמן במשקל,קילוגרמים,0.00,"ק""ג",true,0,55.00,55.00,true,1,
7290003782246,false,הרינג כבוש ביתי במשקל,מעדני מיקי,IL,הרינג כבוש ביתי במשקל,קילוגרמים,0.00,"ק""ג",true,0,55.00,55.00,true,1,
7290003782376,false,מקרל מעושן שלם במשקל,מעדני מיקי,IL,מקרל מעושן שלם במשקל,קילוגרמים,0.00,"ק""ג",true,0,79.00,79.00,true,1,
7290003804221,false,ברנפלקס מייפל 500 גרם,יוניליוור,IL,ברנפלקס מייפל,גרמים,500.00,100 גרם,false,0,22.50,4.50,true,1,
7290003804368,false,תיבול.קנור בזיליקום72גרם,יוניליוור,IL,תיבוליות קנור,גרמים,72.00,100 גרם,false,0,10.10,14.03,true,1,
7290003804375,false,תיבולית קנור ניחוח צלי72,יוניליוור,IL,תיבולית קנור,גרמים,72.00,100 גרם,false,0,10.10,14.03,true,1,
7290003804382,false,תיבולית קנור פיטריות72גר,יוניליוור,IL,תיבוליות פטריות,גרמים,72.00,100 גרם,false,0,10.10,14.03,true,1,
7290003805099,false,בייגלה שבורים ברביקיו225,יוניליוור,IL,בייגלה שבורים,גרמים,225.00,100 גרם,false,0,9.90,4.40,true,1,
7290003805525,false,קורנפלקס 750 גרם,יוניליוור,IL,קורנפלקס תלמה,גרמים,750.00,100 גרם,false,0,15.90,2.12,true,1,
7290003805532,false,"שוגי פיצי דגנים בד""ץ500ג",יוניליוור,IL,שוגי פיצי תלמה,גרמים,500.00,100 גרם,false,0,19.90,3.98,true,1,
7290003805648,false,אקס ספריי לגוף בלאק 150מ,יוניליוור,GB,אקס ספריי לגוף,מיליליטרים,150.00,"100 מ""ל",false,0,22.90,15.27,true,1,
7290003805686,false,קוקומן פצפוצים 500 גרם,יוניליוור,IL,קוקומן פצפוצים,גרמים,500.00,100 גרם,false,0,23.40,4.68,true,1,
7290003805709,false,"כריות נוגט בד""צ 750 גרם",יוניליוור,IL,כריות נוגט,גרמים,750.00,100 גרם,false,0,25.90,3.45,true,1,
7290003805716,false,נמס בכוס ט.עוף 24*2 גרם,יוניליוור,IL,נמס בכוס ועוד,גרמים,48.00,100 גרם,false,0,7.50,15.63,true,1,
7290003806126,false,קליק לייבל פקאן מקורמל50,יוניליוור,IL,חטיף קליק לייבל,גרמים,50.00,100 גרם,false,0,7.90,15.80,true,1,
7290003806812,false,בדין אקסטרא יערת הדבש960,יוניליוור,TR,מרכך בדין אקסטרא,מיליליטרים,960.00,"100 מ""ל",false,0,19.90,2.07,true,1,
7290003806836,false,"בדין אקסטרא לילך 960 מ""ל",יוניליוור,TR,מרכך בדין אקסטרא,מיליליטרים,960.00,"100 מ""ל",false,0,19.90,2.07,true,1,
7290003807178,false,רוטב סויה סגנון סיני300מ,יוניליוור,IL,רוטב סויה,מיליליטרים,300.00,"100 מ""ל",false,0,11.90,3.97,true,1,
7290003807314,false,מרק עוף רכיב.טבעיים 400ג,יוניליוור,,מרק עוף,גרמים,400.00,100 גרם,false,0,26.00,6.50,true,1,
7290003807352,false,"שוגי בד""ץ 1 ק""ג",יוניליוור,IL,קורנפלקס שוגי,קילוגרמים,1.00,"ק""ג",false,0,29.60,29.60,true,1,
7290003807376,false,"עוגי שפע בד""ץ 750 גרם",יוניליוור,IL,קורנפלקס עוגי,גרמים,750.00,100 גרם,false,0,33.00,4.40,true,1,
7290003864485,false,סרדינים ברוטב,,PH,סרדינים ברוטב,גרמים,110.00,100 גרם,false,0,5.30,4.82,true,1,
7290003864492,false,סרדין פיקנטי,,IL,סרדין פיקנטי,גרמים,110.00,100 גרם,false,0,5.30,4.82,true,1,
7290003882922,false,עלי גפן ממולאים,,IL,עלי גפן ממולאים,גרמים,400.00,100 גרם,false,0,10.50,2.63,true,1,
7290003905331,false,שוק.חלב+שברי אגוזים100גר,עלית,IL,שוק.חלב אגוזים,גרמים,100.00,100 גרם,false,0,5.70,5.70,true,1,
7290003905362,false,שוק.חלב ל.תוספת סוכר100ג,עלית,IL,שוקולד פרה דיאט,גרמים,100.00,100 גרם,false,0,9.20,9.20,true,1,
7290003989539,false,רביולי עם גבינה 400 גרם,שטראוס,IL,רביולי עם גבינה 400 גרם,גרמים,400.00,100 גרם,false,0,21.90,5.48,true,1,
7290003996049,false,פטרוזיליה חסלט יח',קטיף,XX,פטרוזיליה חסלט יח',יחידה,1.00,יחידה,false,0,7.90,7.90,true,1,
7290003996124,false,כרוב אדום חסלט,קטיף,XX,כרוב אדום חסלט,קילוגרמים,0.00,"ק""ג",true,0,14.90,14.90,true,1,
7290003996506,false,כרוב לבן 400 גרם,קטיף,IL,כרוב לבן 400 גרם,גרמים,400.00,100 גרם,false,0,11.00,2.75,true,1,
7290003996544,false,חסה אייסברג קצוצה 280 גר,קטיף,IL,חסה אייסברג קצוצה 280 גר,גרמים,280.00,100 גרם,false,0,11.00,3.93,true,1,
7290003996551,false,סלט קולסלאו 400 גרם,קטיף,IL,סלט קולסלאו 400 גרם,גרמים,400.00,100 גרם,false,0,11.00,2.75,true,1,
7290003996605,false,לקט ים תיכוני 320גרם,קטיף,IL,לקט ים תיכוני 320גרם,גרמים,320.00,100 גרם,false,0,11.00,3.44,true,1,
7290004011260,false,"ריצ' להעשרת קפה 427 מ""ל",נטו,US,ריצ' להעשרת קפה,מיליליטרים,427.00,"100 מ""ל",false,0,10.20,2.39,true,1,
7290004011284,false,"ריצ' להכנת קצפת 212 מ""ל",נטו,US,ריצ' להכנת קצפת,מיליליטרים,212.00,"100 מ""ל",false,0,10.00,4.72,true,1,
7290004011291,false,"בסיס להכנת קצפת 425 מ""ל",נטו,US,בסיס להכנת קצפת,מיליליטרים,425.00,"100 מ""ל",false,0,17.30,4.07,true,1,
7290004011338,false,"קצפת ריצ' במיכל 250 מ""ל",נטו,IT,"קצפת ריצ' במיכל 250 מ""ל",מיליליטרים,250.00,"100 מ""ל",false,0,17.90,7.16,true,1,
7290004030063,false,נקטר גויאבה,,IL,נקטר גויאבה,ליטרים,1.00,ליטר,false,0,11.20,11.20,true,1,
7290004030155,false,מיץ רימון תפוח 100% 1ל',פריניב,IL,מיץ רימון תפוח,ליטרים,1.00,ליטר,false,1,21.80,21.80,true,1,
7290004030414,false,מיץ תפוזים מצונן,,IL,מיץ תפוזים מצונן,ליטרים,2.00,ליטר,false,0,17.90,8.95,true,1,
7290004030612,false,מיץ קיווי אגס 90% 1 ליטר,,IL,מיץ קיווי אגס 90% 1 ליטר,ליטרים,1.00,ליטר,false,0,13.90,13.90,true,1,
7290004030667,false,מיץ סחוט מצונן2ל,,IL,מיץ סחוט מצונן2ל,ליטרים,2.00,ליטר,false,0,17.90,8.95,true,1,
7290004030698,false,נקטר חמוציות 2 ליטר,פריניב,IL,נקטר חמוציות,ליטרים,2.00,ליטר,false,0,17.90,8.95,true,1,
7290004030834,false,מיץ רימונים,,IL,מיץ רימונים,ליטרים,1.00,ליטר,false,0,21.80,21.80,true,1,
7290004063016,false,"מלח שולחן מעולה 1 ק""ג",מלחי סלית עתלית,IL,"מלח שולחן מעולה 1 ק""ג",קילוגרמים,1.00,"ק""ג",false,0,1.50,1.50,true,1,
7290004063115,false,"מלח מטבח גס לבישול 1 ק""ג",מלחי סלית עתלית,IL,מלח מטבח גס,קילוגרמים,1.00,"ק""ג",false,0,1.80,1.80,true,1,
7290004067441,false,"מעדן 100% תפוז ללת""ס284ג",בית יצחק,IL,"מעדן 100% תפוז ללת""ס284ג",גרמים,284.00,100 גרם,false,0,16.30,5.74,true,1,
7290004067519,false,"מעדן 100%דובדבן ללת""ס284",בית יצחק,IL,"מעדן 100%דובדבן ללת""ס284",גרמים,284.00,100 גרם,false,0,16.30,5.74,true,1,
7290004078270,false,פלמוליב לכלים לימון1ליטר,קולגייט-פלמוליב,GR,פלמוליב לכלים לימון1ליטר,ליטרים,1.00,ליטר,false,0,13.50,13.50,true,1,
7290004078690,false,"אג'קס WC מרענן 750 מ""ל",קולגייט-פלמוליב,GR,"אג'קס WC מרענן 750 מ""ל",מיליליטרים,750.00,"100 מ""ל",false,0,15.40,2.05,true,1,
7290004078942,false,ליידי ס.סטיק ג'ל מרענן,קולגייט-פלמוליב,US,דאודורנט,גרמים,65.00,100 גרם,false,0,28.30,43.54,true,1,
7290004091217,false,גודרס להברקת כלי כסף125ג,COLEPCCL,GB,נוזל ניקוי כסף,מיליליטרים,125.00,"100 מ""ל",false,0,17.10,13.68,true,1,
7290004091248,false,ואזלין טהור 100 גרם,יוניליוור,US,ואזלין טהור,גרמים,100.00,100 גרם,false,0,15.00,15.00,true,1,
7290004119522,false,"שוקו תנובה בשקית 225 מ""ל",תנובה,IL,שוקו בשקית,מיליליטרים,225.00,"100 מ""ל",false,0,2.80,1.24,true,1,
7290004119928,false,מעדן קרלו וניל 3% 125 גר,תנובה,IL,מעדן קרלו וניל3%,גרמים,125.00,100 גרם,false,0,2.70,2.16,true,1,
7290004119973,false,מעדן שוקו קרלו3% 125גרם,תנובה,IL,קרלו שוקולדה,גרמים,125.00,100 גרם,false,0,2.70,2.16,true,1,
7290004120252,false,באדי תות כשר למהדרין125מ,תנובה,IL,באדי תות,מיליליטרים,125.00,"100 מ""ל",false,0,2.70,2.16,true,1,
7290004120566,false,גב.בולגרית פיראוס24% 250,תנובה,IL,גב.בולגרית פיראוס24% 250,גרמים,250.00,100 גרם,false,0,22.40,8.96,true,1,
7290004120573,false,גב.בולגרית פיראוס16% 250,תנובה,IL,גב.בולגרית פיראוס16% 250,גרמים,250.00,100 גרם,false,0,22.40,8.96,true,1,
7290004120634,false,גב.בולגרית פיראוס5% 250ג,תנובה,IL,גב.בולגרית פיראוס5% 250ג,גרמים,250.00,100 גרם,false,0,22.40,8.96,true,1,
7290004120832,false,חלב שתיה 3%,,IL,חלב שתיה 3%,ליטרים,2.00,ליטר,false,0,11.60,5.80,true,1,
7290004121853,false,פיראוס קוב.בולגרית5% 200,תנובה,IL,פיראוס קוב.בולגרית5% 200,גרמים,200.00,100 גרם,false,0,20.80,10.40,true,1,
7290004122089,false,פתיתי גבינת עמק 200 גרם,תנובה,IL,פתיתי גבינת עמק 200 גרם,גרמים,200.00,100 גרם,false,0,14.30,7.15,true,1,
7290004122195,false,גוש חלב פרוס28% 200מהדרי,תנובה,IL,גוש חלב פרוס28% 200מהדרי,גרמים,200.00,100 גרם,false,0,13.90,6.95,true,1,
7290004122270,false,עמק פרוס סגירה חוזרת 200,תנובה,IL,גבינת עמק פרוס,גרמים,200.00,100 גרם,false,0,15.40,7.70,true,1,
7290004122348,false,גב.עמק לייט9% שומן 200גר,תנובה,IL,גב.עמק לייט9% שומן 200גר,גרמים,200.00,100 גרם,false,0,16.20,8.10,true,1,
7290004122560,false,פתיתי עמק השף הלבן 500גר,תנובה,IL,פתיתי עמק השף הלבן 500גר,גרמים,500.00,100 גרם,false,0,32.70,6.54,true,1,
7290004122676,false,גבינת חמד לייט 5% 250 גר,תנובה,IL,גבינת חמד לייט 5% 250 גר,גרמים,250.00,100 גרם,false,0,17.40,6.96,true,1,
7290004122744,false,יופלה ביו תות 150 גרם,תנובה,IL,יופלה תות,גרמים,150.00,100 גרם,false,0,4.70,3.13,true,1,
7290004122751,false,יופלה ביו אפרסק 3% 150גר,תנובה,IL,יופלה אפרסק,גרמים,150.00,100 גרם,false,0,4.70,3.13,true,1,
7290004123284,false,גב.לבנה רכה5%ללא מלח250ג,תנובה,IL,גב.לבנה רכה5%ללא מלח250ג,גרמים,250.00,100 גרם,false,0,4.80,1.92,true,1,
7290004124205,false,יופלה דיאט תות0% 150 גר,תנובה,IL,יופלה דיאט תות0%,גרמים,150.00,100 גרם,false,0,4.90,3.27,true,1,
7290004124847,false,קצפת צמחית השף הלבן500מל,תנובה,IL,קצפת צמחית השף הלבן500מל,מיליליטרים,500.00,"100 מ""ל",false,0,18.60,3.72,true,1,
7290004125370,false,שמנת חמוצה 9% שומן 200מל,תנובה,IL,שמנת חמוצה 9%,מיליליטרים,200.00,"100 מ""ל",false,0,3.50,1.75,true,1,
7290004125400,false,"אשל מהדרין 4.5% 200 מ""ל",תנובה,IL,אשל 4.5% שומן,מיליליטרים,200.00,"100 מ""ל",false,0,1.59,0.80,true,1,
7290004125417,false,"גיל 3% מהדרין 200מ""ל",תנובה,IL,גיל לבן 3%שומן,מיליליטרים,200.00,"100 מ""ל",false,0,1.44,0.72,true,1,
7290004125455,false,שמנת תנובה 15%שומן200מל,תנובה,IL,שמנת תנובה 15%,מיליליטרים,200.00,"100 מ""ל",false,0,2.28,1.14,true,1,
7290004125462,false,שמנת חמוצה 15%שומן500מל,תנובה,IL,שמנת חמוצה 15%,מיליליטרים,500.00,"100 מ""ל",false,0,5.70,1.14,true,1,
7290004125509,false,שמנת חמוצה 15% 100מל,תנובה,IL,שמנת חמוצה,מיליליטרים,100.00,"100 מ""ל",false,0,1.70,1.70,true,1,
7290004125578,false,'משקה סויה מועשר בסידן1ל,תנובה,IL,'משקה סויה מועשר בסידן1ל,ליטרים,1.00,ליטר,false,0,10.40,10.40,true,1,
7290004125721,false,שמנת בישול-15%שף לבן250מ,תנובה,IL,שמנת בישול-15%שף לבן250מ,מיליליטרים,250.00,"100 מ""ל",false,0,8.00,3.20,true,1,
7290004125738,false,שמנת להקצפה-32%שף לבן250,תנובה,IL,שמנת להקצפה-32%שף לבן250,מיליליטרים,250.00,"100 מ""ל",false,0,6.90,2.76,true,1,
7290004126650,false,גבינה צפתית 5% משקל,תנובה,IL,גבינה צפתית 5% משקל,קילוגרמים,0.00,"ק""ג",true,0,58.00,58.00,true,1,
7290004126674,false,גבינה טל העמק לייט 200גר,תנובה,IL,גבינה טל העמק,גרמים,200.00,100 גרם,false,0,18.00,9.00,true,1,
7290004127077,false,קוטג' תנובה 3% שומן 250,תנובה,IL,קוטג' תנובה 3% שומן 250,גרמים,250.00,100 גרם,false,0,5.50,2.20,true,1,
7290004127329,false,קוטג' 5% 250 גרם בעלז,תנובה,IL,קוטג' 5% 250 גרם בעלז,גרמים,250.00,100 גרם,false,0,5.50,2.20,true,1,
7290004127459,false,יופלה פרנץ ונילה-בדצ150ג,תנובה,IL,יופלה פרנץ ונילה,גרמים,150.00,100 גרם,false,0,4.70,3.13,true,1,
7290004127800,false,גב.לבנה 5% שומן 500 גרם,תנובה,IL,גבינה לבנה 5%,גרמים,500.00,100 גרם,false,0,9.60,1.92,true,1,
7290004127817,false,גב.לבנה 9% שומן 500 גרם,תנובה,IL,גב.לבנה 9% שומן 500 גרם,גרמים,500.00,100 גרם,false,0,10.20,2.04,true,1,
7290004127862,false,גבינה לבנה 5% 750 גרם,תנובה,IL,גבינה לבנה 5%,גרמים,750.00,100 גרם,false,0,14.40,1.92,true,1,
7290004127916,false,גבינה תנובה0.5%שומן 500ג,תנובה,IL,גבינה תנובה0.5%שומן 500ג,גרמים,500.00,100 גרם,false,0,10.20,2.04,true,1,
7290004128333,false,לבנה 9% פיראוס 500 גרם,תנובה,IL,לבנה פיראוס 9%,גרמים,500.00,100 גרם,false,0,19.90,3.98,true,1,
7290004128432,false,פתיתי גבינה השף הלבן500ג,תנובה,IL,פתיתי גבינה השף הלבן500ג,גרמים,500.00,100 גרם,false,0,21.80,4.36,true,1,
7290004129101,false,גב.נפולאון טעם טבעי 225ג,תנובה,IL,גב.נפולאון טעם טבעי 225ג,גרמים,225.00,100 גרם,false,0,13.90,6.18,true,1,
7290004129118,false,גב.נפולאון טעם זיתים225ג,תנובה,IL,גב.נפולאון טעם זיתים225ג,גרמים,225.00,100 גרם,false,0,13.90,6.18,true,1,
7290004129156,false,גב.נפולאון שום-שמיר 225ג,תנובה,IL,גב.נפולאון שום-שמיר 225ג,גרמים,225.00,100 גרם,false,0,13.90,6.18,true,1,
7290004130695,false,משקה אייס קפה בקבוק1ליטר,תנובה,IL,משקה אייס קפה,ליטרים,1.00,ליטר,false,0,13.50,13.50,true,1,
7290004130794,false,משקה סויה במתיקות מופחתת,תנובה,IL,משקה סויה במתיקות מופחתת,ליטרים,1.00,ליטר,false,0,10.40,10.40,true,1,
7290004131074,false,חלב בקרטון 3% שומן 1 ל',תנובה,IL,חלב בקרטון 3% שומן 1 ל',ליטרים,1.00,ליטר,false,0,5.90,5.90,true,1,
7290004131432,false,יופלה ביו לבן 3% 200 גרם,תנובה,IL,יופלה לבן 3%,גרמים,200.00,100 גרם,false,0,3.80,1.90,true,1,
7290004131456,false,יופלה לבן 1.5% 200 גרם,תנובה,IL,יופלה לבן 1.5%,גרמים,200.00,100 גרם,false,0,3.80,1.90,true,1,
7290004131531,false,שוקו תנובה בקבוק 1 ליטר,תנובה,IL,שוקו בקבוק,ליטרים,1.00,ליטר,false,0,12.80,12.80,true,1,
7290004131654,false,יופלה תותים בשמנת3% 150ג,תנובה,IL,יופלה תותים 3%,גרמים,150.00,100 גרם,false,0,4.90,3.27,true,1,
7290004131814,false,פיראוס צפתית מעוד5% 200ג,תנובה,IL,פיראוס צפתית מעוד5% 200ג,גרמים,200.00,100 גרם,false,0,15.60,7.80,true,1,
7290004132231,false,חלב פלוס לקפה 3.5% שומן,תנובה,IL,חלב פלוס לקפה 3.5% שומן,מיליליטרים,800.00,"100 מ""ל",false,0,7.60,0.95,true,1,
7290004132552,false,משקה סויה ט.טבעי לייט 1ל,תנובה,IL,משקה סויה,ליטרים,1.00,ליטר,false,0,10.40,10.40,true,1,
7290004132903,false,"גבינה לבנה 3% בד""ץ 250 ג",,IL,"גבינה לבנה 3% בד""ץ 250 ג",גרמים,250.00,100 גרם,false,0,5.10,2.04,true,1,
7290004133009,false,"קרם צמחי לבישול 250 מ""ל",תנובה,IL,קרם צמחי לבישול,מיליליטרים,250.00,"100 מ""ל",false,1,9.70,3.88,true,1,
7290004133900,false,קצפת צמחית השף הלבן250מל,תנובה,IL,קצפת צמחית השף הלבן250מל,מיליליטרים,250.00,"100 מ""ל",false,0,9.40,3.76,true,1,
7290004133917,false,קצפת צמחית 3יח,,IL,קצפת צמחית 3יח,מיליליטרים,750.00,"100 מ""ל",false,0,19.90,2.65,true,1,
7290004135058,false,מיני קרלו שוקולד 100*8גר,תנובה,,קרלו שוקולד 8 יח,גרמים,800.00,100 גרם,false,0,13.10,1.64,true,1,
7290004135072,false,מעדן קרלו מיני שוק100*8ג,תנובה,IL,קרלו מיני 8 יח,גרמים,800.00,100 גרם,false,0,13.10,1.64,true,1,
7290004135225,false,מעדן דיאט שוקולד 0% 150ג,תנובה,IL,מעדן דיאט שוקולד,גרמים,150.00,100 גרם,false,0,3.80,2.53,true,1,
7290004135232,false,מעדן דיאט וניל0% 150 גרם,תנובה,IL,מעדן דיאט וניל,גרמים,150.00,100 גרם,false,0,3.80,2.53,true,1,
7290004135324,false,פיראוס בולגרית מע5%משקל,תנובה,IL,פיראוס בולגרית מע5%משקל,קילוגרמים,0.00,"ק""ג",true,0,59.00,59.00,true,1,
7290004135614,false,בולג.מעוד.פיראוס 5% 250ג,תנובה,IL,בולג.מעוד.פיראוס 5% 250ג,גרמים,250.00,100 גרם,false,0,18.90,7.56,true,1,
7290004135621,false,בולג. מעוד.פיראוס 2503%ג,תנובה,IL,בולג. מעוד.פיראוס 2503%ג,גרמים,250.00,100 גרם,false,0,18.90,7.56,true,1,
7290004136598,false,מארז הפסקת אוכל,תנובה,IL,חלב עם דגנים,יחידה,1.00,יחידה,false,0,9.30,9.30,true,1,
7290004136741,false,"יופלה אננס בד""צ 150 גרם",תנובה,IL,"יופלה אננס בד""צ",גרמים,150.00,100 גרם,false,0,4.70,3.13,true,1,
7290004136857,false,מעדן ג'לי פטל 125 גרם,תנובה,IL,מעדן ג'לי פטל,גרמים,125.00,100 גרם,false,0,2.70,2.16,true,1,
7290004136871,false,מעדן ג'לי אפרסק+חתיכ125.,תנובה,,מעדן ג'לי אפרסק,גרמים,125.00,100 גרם,false,0,2.80,2.24,true,1,
7290004137021,false,שמנת לבישול 10%שומן250מ,תנובה,IL,שמנת לבישול 10%שומן250מ,מיליליטרים,250.00,"100 מ""ל",false,0,8.00,3.20,true,1,
7290004146993,false,מרכך נקה 7 שיער צבוע750מ,אמיליה קוסמטיקס,IL,קונדישינר נקה 7,מיליליטרים,750.00,"100 מ""ל",false,0,11.90,1.59,true,1,
7290004198022,false,בקלה צעיר בלי זנב ארוז ק,שונות,AR,בקלה צעיר ארוז,קילוגרמים,0.00,"ק""ג",true,0,15.90,15.90,true,1,
7290004199074,false,50 סוני פלסטר,,CN,50 סוני פלסטר,יחידה,1.00,יחידה,false,0,5.40,5.40,true,1,
7290004199180,false,כפפות לטקס איזי טאץ100יח,LTD G.G.CO,TH,כפפות לטקס איזי טאץ100יח,יחידה,1.00,יחידה,false,0,30.50,30.50,true,1,
7290004220037,false,סטייק אנטריקוט עטרה 800ג,עטרה,IL,סטייק אנטריקוט עטרה 800ג,גרמים,800.00,100 גרם,false,0,55.00,6.88,true,1,
7290004220044,false,קציצות ביתיות עטרה 400גר,עטרה,IL,קציצות ביתיות עטרה 400גר,גרמים,400.00,100 גרם,false,0,21.90,5.48,true,1,
7290004220341,false,קציצות עוף עטרה 600 גרם,טיבון ויל,IL,קציצות עוף,גרמים,600.00,100 גרם,false,1,23.90,3.98,true,1,
7290004263010,false,טחון בקר בית יוסף 500 גר,עטרה,IL,טחון בקר בית יוסף 500 גר,גרמים,500.00,100 גרם,false,0,20.30,4.06,true,1,
7290004263041,false,גולש בקר מחיר לפי משקל,עטרה,IL,גולש בקר מחיר לפי משקל,קילוגרמים,0.00,"ק""ג",true,0,42.90,42.90,true,1,
7290004263072,false,שריר הזרוע מעובד יוסף מח,עטרה,IL,שריר הזרוע מעובד יוסף מח,קילוגרמים,0.00,"ק""ג",true,0,39.90,39.90,true,1,
7290004263096,false,צלי כתף מעובד יוסף מחיר,עטרה,IL,צלי כתף מעובד יוסף מחיר,קילוגרמים,0.00,"ק""ג",true,0,48.90,48.90,true,1,
7290004263102,false,פילה צלעות קפוא לקג,עטרה,IL,פילה צלעות קפוא לקג,קילוגרמים,0.00,"ק""ג",true,0,41.90,41.90,true,1,
7290004263393,false,קשקע ירושלמי 500 גרם,עטרה,IL,קשקע ירושלמי 500 גרם,גרמים,500.00,100 גרם,false,0,14.90,2.98,true,1,
7290004263478,false,נקניקיות מרגז חריפות 400,עטרה,IL,נקניקיות מרגז חריפות 400,גרמים,400.00,100 גרם,false,0,18.90,4.73,true,1,
7290004263485,false,בשר מס2' צלעות קפוא מחיר,עטרה,IL,בשר מס2' צלעות קפוא מחיר,קילוגרמים,0.00,"ק""ג",true,0,46.90,46.90,true,1,
7290004263553,false,בשר מס3' חזה קפוא ב.יוסף,עטרה,PY,בשר מס3' חזה קפוא ב.יוסף,קילוגרמים,0.00,"ק""ג",true,0,39.90,39.90,true,1,
7290004263621,false,בשר מס' 4 כתף מרכזי קפוא,עטרה,IL,בשר מס' 4 כתף מרכזי קפוא,קילוגרמים,0.00,"ק""ג",true,0,54.90,54.90,true,1,
7290004263652,false,נקניקיות עוף 400 גרם,עטרה,IL,נקניקיות עוף 400 גרם,גרמים,400.00,100 גרם,false,0,13.70,3.43,true,1,
7290004263676,false,טחון הודו בית יוסף 500 ג,עטרה,IL,טחון הודו בית יוסף 500 ג,גרמים,500.00,100 גרם,false,0,12.90,2.58,true,1,
7290004263799,false,צלי כתף מס' 5 בית יוסף מ,עטרה,IL,צלי כתף מס' 5 בית יוסף מ,קילוגרמים,0.00,"ק""ג",true,0,79.90,79.90,true,1,
7290004263867,false,פילה מדומה מס' 6 בית יוס,עטרה,IL,פילה מדומה מס' 6 בית יוס,קילוגרמים,0.00,"ק""ג",true,0,69.90,69.90,true,1,
7290004263935,false,מכסה הצלע מס' 7 עטרה מחי,עטרה,IL,מכסה הצלע מס' 7 עטרה מחי,קילוגרמים,0.00,"ק""ג",true,0,39.90,39.90,true,1,
7290004267124,false,עוג.ממולא תות/שוקולד200ג,ברמן שוקולד ועוגיות,IL,עוגיות ממולאות,גרמים,200.00,100 גרם,false,0,4.90,2.45,true,1,
7290004267261,false,עוגיות טופז 600 גרם,ברמן שוקולד ועוגיות,,עוגיות טופז,גרמים,600.00,100 גרם,false,0,12.90,2.15,true,1,
7290004267278,false,עוגיות חיוך קטן 600 גרם,ברמן שוקולד ועוגיות,,עוגיות חיוך קטן,גרמים,600.00,100 גרם,false,0,12.90,2.15,true,1,
7290004267285,false,עוגיות כרמל 600 גרם,ברמן שוקולד ועוגיות,IL,עוגיות כרמל,גרמים,600.00,100 גרם,false,0,12.90,2.15,true,1,
7290004267506,false,עוגיות מחמאות,,IL,עוגיות מחמאות,גרמים,600.00,100 גרם,false,0,12.90,2.15,true,1,
7290004267544,false,עוגיות ממולאות,,IL,עוגיות ממולאות,גרמים,600.00,100 גרם,false,0,12.90,2.15,true,1,
7290004267636,false,עוגיות לקפה 600 גרם,ברמן שוקולד ועוגיות,,עוגיות לקפה,גרמים,600.00,100 גרם,false,0,12.90,2.15,true,1,
7290004267643,false,עוגיות וניל 600 גרם,ברמן שוקולד ועוגיות,,עוגיות וניל,גרמים,600.00,100 גרם,false,0,12.90,2.15,true,1,
7290004267650,false,עוגיות בטעם ריבה 600 גרם,ברמן שוקולד ועוגיות,IL,עוגיות ריבה,גרמים,600.00,100 גרם,false,0,12.90,2.15,true,1,
7290004267667,false,עוגיות שוקוצ'יפס 600 גרם,ברמן שוקולד ועוגיות,IL,עוגיות שוקוצ'יפס,גרמים,600.00,100 גרם,false,0,12.90,2.15,true,1,
7290004492274,false,בייגלה טבעות מלוחות 400ג,יוניליוור,IL,בייגלה טבעות,גרמים,400.00,100 גרם,false,0,10.90,2.73,true,1,
7290004492755,false,נישנושים בצל שמנת 300גרם,גוצ'מולר,IL,נישנושים בצל,גרמים,300.00,100 גרם,false,0,12.90,4.30,true,1,
7290004492816,false,נישנושים מלוח 350 גרם,גוצ'מולר,IL,נישנושי קרקר,גרמים,350.00,100 גרם,false,0,13.00,3.71,true,1,
7290004492823,false,נישנושים שומשום 350 גרם,גוצ'מולר,IL,נישנושים שומשום,גרמים,350.00,100 גרם,false,0,13.00,3.71,true,1,
7290004532024,false,גרעין שחור קלוף טבעי200ג,פיצוחי הטיב,IL,גרעין שחור 200גר,גרמים,200.00,100 גרם,false,0,4.90,2.45,true,1,
7290004532062,false,גרעין אבטיח קלוי 200 גרם,פיצוחי הטיב,IL,גרעין אבטיח קלוי,גרמים,200.00,100 גרם,false,0,11.90,5.95,true,1,
7290004532093,false,בוטן קליפה קלוי 200 גרם,פיצוחי הטיב,IL,בוטן קליפה קלוי,גרמים,200.00,100 גרם,false,0,9.90,4.95,true,1,
7290004532123,false,פיסטוק חלבי קלוי 200 גרם,פיצוחי הטיב,IL,פיסטוק חלבי,גרמים,200.00,100 גרם,false,0,19.90,9.95,true,1,
7290004532130,false,בוטן אמריקאי קלוי 200גרם,פיצוחי הטיב,IL,בוטן אמריקאי,גרמים,200.00,100 גרם,false,0,5.90,2.95,true,1,
7290004532147,false,קבוקים 200 גרם,פיצוחי הטיב,IL,קבוקים 200 גרם,גרמים,200.00,100 גרם,false,0,5.90,2.95,true,1,
7290004532161,false,אלמנדוס 200גרם,,IL,אלמנדוס 200גרם,גרמים,200.00,100 גרם,false,0,9.90,4.95,true,1,
7290004532246,false,צימוק שחור 200ג-'פ.הטיב,פיצוחי הטיב,IL,צימוק שחור,גרמים,200.00,100 גרם,false,0,9.90,4.95,true,1,
7290004532260,false,משמש יבש 200גרם פ.הטיב,פיצוחי הטיב,IL,משמש יבש 200גרם,גרמים,200.00,100 גרם,false,0,14.90,7.45,true,1,
7290004532277,false,צימוק לבן 200גרם פ.הטיב,פיצוחי הטיב,IL,צימוק ג'מבו,גרמים,200.00,100 גרם,false,0,9.90,4.95,true,1,
7290004532390,false,אגוז מלך טבעי200ג-פ.הטיב,פיצוחי הטיב,IL,אגוז מלך טבעי,גרמים,200.00,100 גרם,false,0,18.90,9.45,true,1,
7290004532581,false,בוטן קלוף קלוי 200 גרם,פיצוחי הטיב,IL,בוטן קלוף קלוי,גרמים,200.00,100 גרם,false,0,6.90,3.45,true,1,
7290004536008,false,סיליט מסיר אבן/חלודה500מ,רקיט בנקיזר,IL,סיליט מסיר אבנית,מיליליטרים,500.00,"100 מ""ל",false,0,13.40,2.68,true,1,
7290004551926,false,אבקת פלאפל,,IL,אבקת פלאפל,קילוגרמים,1.00,"ק""ג",false,0,20.30,20.30,true,1,
7290004575007,false,טילונים 4+1חינם,ריאו,IL,טילונים 4+1חינם,גרמים,350.00,100 גרם,false,0,21.80,6.23,true,1,
7290004575069,false,מיניס חטיפי גל.טופו 700ג,ריאו,IL,מיניס חטיפי גל.טופו 700ג,גרמים,600.00,100 גרם,false,0,42.00,7.00,true,1,
7290004575397,false,גל.חלבי/ילדודס 1.8 ליטר,ריאו,IL,גל.חלבי/ילדודס 1.8 ליטר,ליטרים,1.80,ליטר,false,0,16.90,9.39,true,1,
7290004575403,false,גל.פרווה בטעמים 1.8 ליטר,ריאו,IL,גל.פרווה בטעמים 1.8 ליטר,ליטרים,1.80,ליטר,false,0,16.90,9.39,true,1,
7290004575441,false,גל.שלגון מצופה בננה יח',ריאו,IL,גל.שלגון מצופה בננה יח',יחידה,1.00,יחידה,false,0,3.00,3.00,true,1,
7290004575632,false,קרמבו 16 יח',,IL,קרמבו 16 יח',גרמים,400.00,100 גרם,false,0,14.90,3.73,true,1,
7290004584306,false,סופר גמדים תות בננה100*4,שטראוס,IL,סופר גמדים תות בננה100*4,גרמים,400.00,100 גרם,false,0,10.90,2.73,true,1,
7290004584351,false,גב.סימפוניה 5% 200 גרם,שטראוס,IL,גבינת סימפוניה,גרמים,200.00,100 גרם,false,0,11.30,5.65,true,1,
7290004584528,false,דנונה ביו 1.7% שומן200גר,שטראוס,IL,דנונה ביו לבן,גרמים,200.00,100 גרם,false,0,3.70,1.85,true,1,
7290004585907,false,דני וניל 1.5% שומן 125 ג,שטראוס,IL,דני וניל 1.5%,גרמים,125.00,100 גרם,false,0,2.50,2.00,true,1,
7290004658618,false,תירוש מיץ ענבים לבן 1 ל',יקבי כרמל,IL,מיץ תירוש לבן,ליטרים,1.00,ליטר,false,0,18.90,18.90,true,1,
7290004685010,false,לחם 100% שיפון קל 500 גר,מאפית ברמן,IL,לחם 100% שיפון קל 500 גר,גרמים,500.00,100 גרם,false,0,16.60,3.32,true,1,
7290004685041,false,לחם הארץ חיטה מלאה750גרם,מאפית ברמן,IL,לחם הארץ חיטה מלאה750גרם,גרמים,750.00,100 גרם,false,0,16.60,2.21,true,1,
7290004685126,false,לחם הארץ חמישה דגנים750ג,מאפית ברמן,IL,לחם הארץ חמישה דגנים750ג,גרמים,750.00,100 גרם,false,0,16.60,2.21,true,1,
7290004685133,false,לחם הארץ קל 750 גרם,מאפית ברמן,IL,לחם הארץ קל 750 גרם,גרמים,750.00,100 גרם,false,0,16.60,2.21,true,1,
7290004685157,false,לחם שיפון 100%פרוס 750ג,מאפית ברמן,IL,לחם שיפון 100%פרוס 750ג,גרמים,750.00,100 גרם,false,0,16.60,2.21,true,1,
7290004731076,false,אל סבון כיף אלוורה 1ליטר,קוסמופארם,IL,אל סבון כיף,ליטרים,1.00,ליטר,false,0,14.10,14.10,true,1,
7290004731083,false,אל סבון כיף ג'ינסנג1ליטר,קוסמופארם,IL,אל סבון כיף,ליטרים,1.00,ליטר,false,0,14.10,14.10,true,1,
7290004731090,false,אל סבון כיף קמומיל 1ליטר,קוסמופארם,IL,אל סבון כיף קמומיל 1ליטר,ליטרים,1.00,ליטר,false,0,14.10,14.10,true,1,
7290004731120,false,ק.ידיים קרמה עור רגיל100,קוסמופארם,IL,קרם ידיים קרמה,מיליליטרים,100.00,"100 מ""ל",false,0,10.70,10.70,true,1,
7290004731281,false,קרמה ספא אלסבון לבנדר500,קוסמופארם,IL,קרמה ספא אלסבו,מיליליטרים,500.00,"100 מ""ל",false,0,15.10,3.02,true,1,
7290004731519,false,מקסימה למייבש סנסטיב750מ,סנו,IL,מקסימה למייבש,מיליליטרים,750.00,"100 מ""ל",false,0,17.20,2.29,true,1,
7290004737900,false,חלב כחוש מרוכז,,LT,חלב כחוש מרוכז,גרמים,397.00,100 גרם,false,0,10.30,2.59,true,1,
7290004737955,false,ממרח חמאה,,,ממרח חמאה,קילוגרמים,0.00,"ק""ג",true,0,36.00,36.00,true,1,
7290004762056,false,שקדי מרק,,IL,שקדי מרק,גרמים,400.00,100 גרם,false,0,5.90,1.48,true,1,
7290004810009,false,"טואלט דאק כתום 750*2 מ""ל",ג'ונסון,NL,טואלט דאק זוג,ליטרים,1.50,ליטר,false,0,22.10,14.73,true,1,
7290004923099,false,עין גדי מים מינרל. 2*6 ל,עין גדי מיים מינרלים,IL,עין גדי מים מינרל. 2*6 ל,ליטרים,12.00,ליטר,false,0,10.90,0.91,true,1,
7290004980634,false,פמלי סבון נוזלי 2ב1- 1ל',אינטרקוסמא,IL,סבון נוזלי פמלי,ליטרים,1.00,ליטר,false,0,10.20,10.20,true,1,
7290005008481,false,דאו.ספיד סטיק ג'ל ספורט,קולגייט-פלמוליב,US,דאודורנט,גרמים,85.00,100 גרם,false,0,30.50,35.88,true,1,
7290005068058,false,תירס קל 550 גרם,פרי גליל,IL,תירס קל 550 גרם,גרמים,550.00,100 גרם,false,0,8.10,1.47,true,1,
7290005079221,false,בולגרית מעודנת5% משקל,משק צוריאל תבור,IL,בולגרית מעודנת5% משקל,קילוגרמים,0.00,"ק""ג",true,0,50.00,50.00,true,1,
7290005084355,false,משח.סנסודיין דואל קייר75,דנאגיס,GB,משחת שיניים,מיליליטרים,75.00,"100 מ""ל",false,0,24.90,33.20,true,1,
7290005095801,false,עמבה 500 גרם,,,עמבה 500 גרם,גרמים,500.00,100 גרם,false,0,15.10,3.02,true,1,
7290005168079,false,מיץ ענבים טבעי 1.5 ליטר,יקבי ציון,IL,מיץ ענבים טבעי 1.5 ליטר,ליטרים,1.50,ליטר,false,0,18.70,12.47,true,1,
7290005168253,false,יין מתוק אדום קליל 750מל,יקבי ציון,IL,יין מתוק אדום קליל 750מל,מיליליטרים,750.00,"100 מ""ל",false,0,16.10,2.15,true,1,
7290005168291,false,"יין עציון לבן יבש 750מ""ל",יקבי ציון,IL,"יין עציון לבן יבש 750מ""ל",מיליליטרים,750.00,"100 מ""ל",false,0,15.80,2.11,true,1,
7290005168314,false,יין אצילים אדום מתוק750מ,יקבי ציון,IL,יין אצילים אדום מתוק750מ,מיליליטרים,750.00,"100 מ""ל",false,0,16.10,2.15,true,1,
7290005168420,false,מיץ ענבים בית סבא 1 ליטר,יקבי ציון,IL,מיץ ענבים,ליטרים,1.00,ליטר,false,0,23.20,23.20,true,1,
7290005168444,false,יין עציון ח.יבש אדום750מ,יקבי ציון,IL,יין עציון ח.יבש אדום750מ,מיליליטרים,750.00,"100 מ""ל",false,0,15.80,2.11,true,1,
7290005168468,false,יין עציון אדום יבש 750מל,יקבי ציון,IL,יין עציון אדום יבש 750מל,מיליליטרים,750.00,"100 מ""ל",false,0,15.80,2.11,true,1,
7290005174513,false,חציל במיונז אחלה 500 גרם,שטראוס,IL,חציל במיונז אחלה 500 גרם,גרמים,500.00,100 גרם,false,0,15.90,3.18,true,1,
7290005174575,false,טחינה יום יום 125 גרם,שטראוס,IL,טחינה יום יום 125 גרם,גרמים,125.00,100 גרם,false,0,5.30,4.24,true,1,
7290005174841,false,חצילים טעם כבד יום 125גר,שטראוס,IL,חציל בטעם כבד,גרמים,125.00,100 גרם,false,0,5.30,4.24,true,1,
7290005182136,false,סוכרה דיאט 100 יחידות80ג,גורי,IL,סוכרה דיאט 100 יחידות80ג,גרמים,80.00,100 גרם,false,0,27.90,34.88,true,1,
7290005191602,false,משקה סויה-סידן 3יח250X'ג,אלפרו,BE,משקה סויה-סידן 3יח250X'ג,מיליליטרים,750.00,"100 מ""ל",false,0,13.20,1.76,true,1,
7290005197628,false,שוקולד חלב פרה 100*6 גרם,עלית,IL,שוקולד חלב פרה 100*6 גרם,גרמים,600.00,100 גרם,false,0,27.80,4.63,true,1,
7290005197758,false,עוג.חיוכים שוקו 150 גרם,עלית,IL,עוגיות חיוכים,גרמים,150.00,100 גרם,false,0,4.70,3.13,true,1,
7290005198038,false,"פתיבר שוקו 1.75 ק""ג",עלית,IL,פתיבר שוקו,קילוגרמים,1.75,"ק""ג",false,0,22.70,12.97,true,1,
7290005198045,false,פתיבר אריזה משפחתית1.75ק,עלית,IL,פתיבר,קילוגרמים,1.75,"ק""ג",false,0,22.70,12.97,true,1,
7290005199318,false,מאסט פטל לימון מגדים28גר,עלית,IL,מסטיק מאסט,גרמים,28.00,100 גרם,false,0,4.60,16.43,true,1,
7290005199578,false,קפה נ.פלטינום נ.קפאין200,עלית,IL,קפה נ.פלטינום נ.קפאין200,גרמים,200.00,100 גרם,false,0,35.60,17.80,true,1,
7290005201455,false,קפה נמס ארומה 200 גרם,עלית,IL,קפה נמס ארומה,גרמים,200.00,100 גרם,false,0,25.40,12.70,true,1,
7290005201479,false,צ'יטוס בוטנים 100 גרם,עלית,IL,צ'יטוס בוטנים 100 גרם,גרמים,100.00,100 גרם,false,0,6.70,6.70,true,1,
7290005201882,false,קפה טורקי בצלופן 200 גרם,עלית,IL,קפה טורקי בצלופן,גרמים,200.00,100 גרם,false,0,17.00,8.50,true,1,
7290005270000,false,עלי סיגר 500 גרם,"אדריה בע""מ",IL,עלי סיגר מרוקאי,גרמים,500.00,100 גרם,false,0,11.90,2.38,true,1,
7290005271410,false,ביצים L 12יח',,,ביצים L 12יח',יחידה,1.00,יחידה,false,0,12.00,12.00,true,1,
7290005271779,false,ביצים ארוז30יח L,,IL,ביצים ארוז30יח L,יחידה,1.00,יחידה,false,0,29.90,29.90,true,1,
7290005271786,false,ביצים ארוז30יח M,,IL,ביצים ארוז30יח M,יחידה,1.00,יחידה,false,0,26.90,26.90,true,1,
7290005287015,false,טונה סטארקיסט בשמן 160גר,סטארקיסט,IL,טונה סטארקיסט,גרמים,160.00,100 גרם,false,0,8.20,5.13,true,1,
7290005287022,false,טונה סטארקיסט במים160גרם,סטארקיסט,IL,טונה סטארקיסט,גרמים,160.00,100 גרם,false,0,8.20,5.13,true,1,
7290005287206,false,טונה סטארקיסט בשמן160*4ג,סטארקיסט,IL,טונה סטארקיסט4יח,גרמים,640.00,100 גרם,false,0,26.90,4.20,true,1,
7290005287336,false,מארז טונה סטארקיסט80*3ג,סטארקיסט,IL,טונה סטארקיסט,גרמים,240.00,100 גרם,false,0,11.90,4.96,true,1,
7290005287640,false,סלט טונה סטארקיסט 160גרם,סטארקיסט,IL,סלט טונה,גרמים,160.00,100 גרם,false,0,7.60,4.75,true,1,
7290005287657,false,ממרח טונה סטארקיסט160גרם,סטארקיסט,IL,ממרח טונה,גרמים,160.00,100 גרם,false,0,8.10,5.06,true,1,
7290005287671,false,ממרח טונה בדץ 85 גרם,סטארקיסט,IL,ממרח טונה בדץ 85 גרם,גרמים,85.00,100 גרם,false,0,5.40,6.35,true,1,
7290005287749,false,טונה5% בטעם טבעי 160ג,סטארקיסט,IL,טונה 5%טעם טבעי,גרמים,160.00,100 גרם,false,0,10.30,6.44,true,1,
7290005287770,false,ממרח טונה 3יח' 85* גרם,סטארקיסט,IL,ממרח טונה שלישיה,גרמים,255.00,100 גרם,false,0,11.90,4.67,true,1,
7290005287787,false,"סלט טונה שלישיות בד""צ 85",סטארקיסט,IL,סלט טונה שלישיות,גרמים,255.00,100 גרם,false,0,11.90,4.67,true,1,
7290005317125,false,ביסקוויט חצי מצופה 175גר,מגדנית הדר,IL,ביסקוויט חצי מצופה 175גר,גרמים,175.00,100 גרם,false,0,4.20,2.40,true,1,
7290005317415,false,"ביסקויט קסטה 1.8 ק""ג",מגדנית הדר,IL,ביסקוויט קסטה,קילוגרמים,1.80,"ק""ג",false,0,22.90,12.72,true,1,
7290005317569,false,עוגיות בטעם חמאה 600 גרם,מגדנית הדר,IL,עוגיות בטעם חמאה 600 גרם,גרמים,600.00,100 גרם,false,0,11.30,1.88,true,1,
7290005317620,false,קרקר פריך עם מלח הדר600ג,מגדנית הדר,IL,קרקר פריך עם מלח הדר600ג,גרמים,600.00,100 גרם,false,0,12.00,2.00,true,1,
7290005326387,false,עגבניות מיובש+שמן זית270,אוליביה,IL,עגבניות מיובשות,גרמים,270.00,100 גרם,false,0,17.30,6.41,true,1,
7290005384868,false,בסיגנון דנאבלו 29% במשקל,,IL,בסיגנון דנאבלו 29% במשקל,קילוגרמים,0.00,"ק""ג",true,0,83.00,83.00,true,1,
7290005384899,false,בסגנון פטה 21%,,IL,בסגנון פטה 21%,קילוגרמים,0.00,"ק""ג",true,0,41.00,41.00,true,1,
7290005418716,false,קר.לחות לתלתלים נטורל400,קרליין,,קרם לחות לשיער,מיליליטרים,400.00,"100 מ""ל",false,0,23.30,5.83,true,1,
7290005423253,false,"מקסימה למייבש פרש 750מ""ל",סנו,IL,מקסימה למייבש,מיליליטרים,750.00,"100 מ""ל",false,0,17.20,2.29,true,1,
7290005423420,false,סנו משמיד עש מבושם 2 יח',סנו,IT,סנו משמיד עש,יחידה,1.00,יחידה,false,0,15.00,15.00,true,1,
7290005423543,false,משחת אורביטול להלבנה145ג,קוסמופארם,IL,משחת שיניים,גרמים,145.00,100 גרם,false,0,12.00,8.28,true,1,
7290005423567,false,40מטליות לניקוי סנו סושי,סנו,IL,מטליות לניקוי,יחידה,1.00,יחידה,false,0,22.00,22.00,true,1,
7290005423635,false,ריצפז פלוס דוחה תיקנים2ל,סנו,IL,ריצפז דוחה חרקים,ליטרים,2.00,ליטר,false,0,25.60,12.80,true,1,
7290005423734,false,מרכך מקסימה אולטרה 4 ל',סנו,IL,מרכך כביסה,ליטרים,4.00,ליטר,false,0,21.90,5.48,true,1,
7290005423833,false,פוליויקס פרקט 2 ליטר,סנו,IL,פוליויקס פרקט 2 ליטר,ליטרים,2.00,ליטר,false,0,30.00,15.00,true,1,
7290005423871,false,משחת אורביטול145*3ג,קוסמופארם,IL,משחת אורביטול145*3ג,גרמים,435.00,100 גרם,false,0,19.90,4.57,true,1,
7290005423918,false,מרכך מקסימה בייבי 4 ל',סנו,IL,מרכך כביסה,ליטרים,4.00,ליטר,false,0,23.00,5.75,true,1,
7290005424014,false,"אבקת כביסה פיסגה 6 ק""ג",סנו,IL,אבקת כביסה פיסגה,קילוגרמים,6.00,"ק""ג",false,0,37.90,6.32,true,1,
7290005424113,false,4סנו סושי מטלית רצפ+כרית,סנו,IL,מטליות רצפה,יחידה,1.00,יחידה,false,0,13.20,13.20,true,1,
7290005424205,false,ריצפז פלוס דוחה תיקנים4ל,סנו,IL,ריצפז דוחה חרק,ליטרים,4.00,ליטר,false,0,42.50,10.63,true,1,
7290005424311,false,סנו K רב קוטל בריח פרחים,סנו,IL,סנו K רב קוטל,מיליליטרים,500.00,"100 מ""ל",false,0,26.50,5.30,true,1,
7290005424403,false,אל סבון כיף אצות ים1ליטר,קוסמופארם,IL,אל סבון כיף,ליטרים,1.00,ליטר,false,0,14.10,14.10,true,1,
7290005424694,false,קרמה תח.רחצה קלאסיק 750מ,קוסמופארם,IL,קרמה תחליב רחצה,מיליליטרים,750.00,"100 מ""ל",false,0,19.90,2.65,true,1,
7290005424793,false,בייבי כיף שמפ.אל דמע750מ,קוסמופארם,IL,שמפו בייבי כיף,גרמים,750.00,100 גרם,false,0,18.70,2.49,true,1,
7290005424847,false,מפיות אירוח סנו סושי150י,סנו,IL,מפיות אירוח,יחידה,1.00,יחידה,false,0,9.90,9.90,true,1,
7290005425011,false,סנו ג'ט 80 מטליות לניקוי,סנו,IL,סנו ג'ט מטליות,יחידה,1.00,יחידה,false,0,17.20,17.20,true,1,
7290005425196,false,אבקת מקסימה סנסיטיב2.5קג,סנו,IL,אבקת כביסה,קילוגרמים,2.50,"ק""ג",false,0,31.50,12.60,true,1,
7290005425202,false,"אבקת מקסימה ביו 2.5 ק""ג",סנו,IL,אבקת כביסה,קילוגרמים,2.50,"ק""ג",false,0,31.50,12.60,true,1,
7290005425646,false,סנוקליר ניקוי חלונות 1ל',סנו,IL,סנוקליר 1 ליטר,ליטרים,1.00,ליטר,false,0,11.40,11.40,true,1,
7290005425912,false,ג'ל אוקסיג'ן 4 ליטר,סנו,IL,ג'ל אוקסיג'ן 4ל',ליטרים,4.00,ליטר,false,0,35.60,8.90,true,1,
7290005425998,false,אל סבון בייבי כיף 1 ליטר,קוסמופארם,IL,אל סבון בייבי,ליטרים,1.00,ליטר,false,0,21.20,21.20,true,1,
7290005426193,false,ספוג הפלא סנו סושי 6 יח',סנו,IL,ספוג סנו סושי,יחידה,1.00,יחידה,false,0,11.40,11.40,true,1,
7290005426230,false,מטלית הפלא לרצפה ס.סושי,סנו,IL,מטליות הפלא רצפה,יחידה,1.00,יחידה,false,0,11.40,11.40,true,1,
7290005426360,false,קרמה תח.רחצה חלב ודבש750,קוסמופארם,IL,קרמה תחליב רחצ,מיליליטרים,750.00,"100 מ""ל",false,0,19.90,2.65,true,1,
7290005426575,false,ק.לחות קרמה שיער יבש400מ,קוסמופארם,IL,קרם לחות קרמה,מיליליטרים,400.00,"100 מ""ל",false,0,21.00,5.25,true,1,
7290005426735,false,אבקת מקסימה BLACK 1.25קג,סנו,IL,אבקת כביסה,קילוגרמים,1.25,"ק""ג",false,0,19.90,15.92,true,1,
7290005426803,false,מרכך מקסימה לבנדר 4 ל',סנו,IL,מרכך כביסה,ליטרים,4.00,ליטר,false,0,21.90,5.48,true,1,
7290005426865,false,משחה אורביטול מסטיק 70 ג,קוסמופארם,IL,משחת שיניים,גרמים,70.00,100 גרם,false,0,11.10,15.86,true,1,
7290005426971,false,סנובון כחול תפוח 50*3 גר,סנו,IL,סנובון שלישיה,גרמים,150.00,100 גרם,false,0,17.90,11.93,true,1,
7290005427497,false,מרכך כיף לשיער רגיל 750מ,קוסמופארם,IL,מרכך כיף,מיליליטרים,750.00,"100 מ""ל",false,0,14.10,1.88,true,1,
7290005427541,false,תחליב רח.כיף חלב שקד750מ,קוסמופארם,IL,תחליב רחצה כיף,מיליליטרים,750.00,"100 מ""ל",false,0,11.90,1.59,true,1,
7290005427565,false,שמפו כיף לשיער רגיל 750מ,קוסמופארם,IL,שמפו כיף,מיליליטרים,750.00,"100 מ""ל",false,0,14.10,1.88,true,1,
7290005427572,false,שמפו כיף לשיער יבש 750מל,קוסמופארם,IL,שמפו כיף,מיליליטרים,750.00,"100 מ""ל",false,0,14.10,1.88,true,1,
7290005427602,false,"שמפו + מרכך כיף 750 מ""ל",קוסמופארם,IL,שמפו+מרכך כיף,מיליליטרים,750.00,"100 מ""ל",false,0,14.10,1.88,true,1,
7290005427626,false,ג'ל כיף אקסטרים כתום 1קג,קוסמופארם,IL,ג'ל כיף לשיער,קילוגרמים,1.00,"ק""ג",false,0,26.20,26.20,true,1,
7290005427725,false,מגבוני ליטופים 72*5 יח',,IL,מגבוני ליטופים 72*5 יח',יחידה,1.00,יחידה,false,0,28.70,28.70,true,1,
7290005427756,false,אלסבון כיף אלוורה 2 ליטר,קוסמופארם,IL,אל סבון כיף,ליטרים,2.00,ליטר,false,0,23.20,11.60,true,1,
7290005427763,false,אלסבון כיף ג'ינסינג 2 ל',קוסמופארם,IL,אלסבון כיף,ליטרים,2.00,ליטר,false,0,23.20,11.60,true,1,
7290005427923,false,קרמה תח.רחצה פסיפלורה750,קוסמופארם,IL,קרמה תח.רחצה פסיפלורה750,מיליליטרים,750.00,"100 מ""ל",false,0,19.90,2.65,true,1,
7290005427947,false,קרם גוף קרמה פסיפלורה500,קוסמופארם,IL,קרם גוף קרמה,גרמים,500.00,100 גרם,false,0,28.80,5.76,true,1,
7290005427985,false,קרמה ת.רחצה לפנים+ג.פילי,קוסמופארם,IL,ת.רחצה לפנים+ג,מיליליטרים,180.00,"100 מ""ל",false,0,17.20,9.56,true,1,
7290005428142,false,אלסבון כיף מעורב 500X4מל,קוסמופארם,IL,אל סבון כיף מארז,ליטרים,2.00,ליטר,false,0,26.80,13.40,true,1,
7290005428982,false,בייבי כיף ק.גוף תינוק500,קוסמופארם,IL,קרם גוף לתינוק,מיליליטרים,500.00,"100 מ""ל",false,0,28.20,5.64,true,1,
7290005429019,false,פיסגה לרצפות 4 ליטר,סנו,IL,פיסגה לרצפות,ליטרים,4.00,ליטר,false,0,13.90,3.48,true,1,
7290005429279,false,מקסימה קומפקט ג'אוול 6קג,סנו,IL,אבקת כביסה,קילוגרמים,6.00,"ק""ג",false,0,55.90,9.32,true,1,
7290005429286,false,אבקת מקסימה קומפקט ביו6ק,סנו,IL,אבקת מקסימה קומפקט ביו6ק,קילוגרמים,6.00,"ק""ג",false,0,55.90,9.32,true,1,
7290005430480,false,מטלית הפלא מיקרופייבר,סנו,IL,מטלית הפלא,יחידה,1.00,יחידה,false,0,11.40,11.40,true,1,
7290005430602,false,אוקסיג'ן מ.כתמים,,IL,אוקסיג'ן מ.כתמים,מיליליטרים,750.00,"100 מ""ל",false,0,21.00,2.80,true,1,
7290005431364,false,עוגת גבינה 2 יח,,IL,עוגת גבינה 2 יח,גרמים,184.00,100 גרם,false,0,12.30,6.68,true,1,
7290005431371,false,מלבי 2 * 165 גרם,תנובה,IL,מלבי 2 יחידות,גרמים,330.00,100 גרם,false,0,12.30,3.73,true,1,
7290005431593,false,קדאיף 2 יחידות,,IL,קדאיף 2 יחידות,גרמים,172.00,100 גרם,false,0,12.30,7.15,true,1,
7290005431609,false,טירמיסו 2 יח,,IL,טירמיסו 2 יח,גרמים,172.00,100 גרם,false,0,12.30,7.15,true,1,
7290005431692,false,עוג.גבינה אוכמניות90*2גר,תנובה,IL,זוג עוגות גבינה,גרמים,180.00,100 גרם,false,1,12.30,6.83,true,1,
7290005431708,false,עוגת גבינה ושוקולד90*2גר,תנובה,IL,זוג עוגות גבינה,גרמים,180.00,100 גרם,false,1,12.30,6.83,true,1,
7290005437069,false,שמן זית למאור,,IL,שמן זית למאור,ליטרים,1.00,ליטר,false,0,25.00,25.00,true,1,
7290005437212,false,שמן זית כתית מעולה 750מל,,ES,שמן זית כתית מעולה 750מל,מיליליטרים,750.00,"100 מ""ל",false,0,33.30,4.44,true,1,
7290005437540,false,פטריות חתוכות,,NL,פטריות חתוכות,גרמים,290.00,100 גרם,false,0,4.90,1.69,true,1,
7290005437618,false,שמן סויה 1 ליטר,,BE,שמן סויה 1 ליטר,ליטרים,1.00,ליטר,false,0,9.40,9.40,true,1,
7290005437632,false,שמן קנולה 1 ליטר,,BE,שמן קנולה 1 ליטר,ליטרים,1.00,ליטר,false,0,8.90,8.90,true,1,
7290005437755,false,פסטה צינורות מס' 94 500ג,,TR,פסטה צינורות מס' 94 500ג,גרמים,500.00,100 גרם,false,0,3.60,0.72,true,1,
7290005437809,false,חתיכות אננס במיץ טבעי900,,ID,חתיכות אננס במיץ טבעי900,גרמים,900.00,100 גרם,false,0,9.20,1.02,true,1,
7290005437830,false,פרוסות אננס במיץ,,ID,פרוסות אננס במיץ,גרמים,825.00,100 גרם,false,0,9.00,1.09,true,1,
7290005437915,false,מיץ ענבים טבעי טעמן 1 ל',,ES,מיץ ענבים טבעי טעמן 1 ל',ליטרים,1.00,ליטר,false,0,15.30,15.30,true,1,
7290005437922,false,5יץ ענבים טבעי 1.5 ליטר,,IL,5יץ ענבים טבעי 1.5 ליטר,ליטרים,1.50,ליטר,false,0,20.20,13.47,true,1,
7290005437939,false,ספגטי מס' 3 500 גרם,,TR,ספגטי מס' 3 500 גרם,גרמים,500.00,100 גרם,false,0,3.60,0.72,true,1,
7290005559969,false,משולש פיצה אישי גבינה750,"מעדנות בע""מ",IL,מארז משולשי פיצה,גרמים,750.00,100 גרם,false,0,36.00,4.80,true,1,
7290005559990,false,בצק פילאס תורקי 600 גרם,"מעדנות בע""מ",IL,בצק פילאס תורכי,גרמים,600.00,100 גרם,false,0,25.30,4.22,true,1,
7290005563980,false,חצאי אגסים בסירופ 820גרם,,CN,חצאי אגסים בסירופ 820גרם,גרמים,820.00,100 גרם,false,0,8.30,1.01,true,1,
7290005564253,false,ספרינג אגס סברס תפוח1.5ל,יפאורה שותפות מובגלת לשיווק,IL,משקה ספרינג,ליטרים,1.50,ליטר,false,0,6.30,4.20,true,1,
7290005564680,false,משקה לימונדה 1.5 ליטר,יפאורה שותפות מובגלת לשיווק,IL,משקה לימונדה,ליטרים,1.50,ליטר,false,0,5.90,3.93,true,1,
7290005564970,false,"קריסטל תפו""ע מוגז 2 ליטר",יפאורה שותפות מובגלת לשיווק,IL,"קריסטל תפו""ע מוגז 2 ליטר",ליטרים,2.00,ליטר,false,0,3.50,1.75,true,1,
7290005576089,false,בצל ירוק גלאט יח',קטיף,IL,בצל ירוק -יח,יחידה,1.00,יחידה,false,0,8.90,8.90,true,1,
7290005589430,false,"גרנולה תפו""ע 400 גרם",מפעלי דגן,IL,"גרנולה תפו""ע 400 גרם",גרמים,400.00,100 גרם,false,0,13.10,3.28,true,1,
7290005589713,false,לקקנים 50 יחידות,,IL,לקקנים 50 יחידות,יחידה,1.00,יחידה,false,0,15.40,15.40,true,1,
7290005604133,false,פריגת מנגו 1.5 ליטר,פריגת,IL,פריגת מנגו,ליטרים,1.50,ליטר,false,0,6.50,4.33,true,1,
7290005605901,false,פאנטה אקזוטי 1.5 ליטר,החברה המרכזית לייצור משקאות,IL,פאנטה אקזוטי,ליטרים,1.50,ליטר,false,0,6.90,4.60,true,1,
7290005651069,false,"לה קט מיקס 2.85 ק""ג",ביופט,IL,לה קט מיקס,קילוגרמים,2.85,"ק""ג",false,0,60.10,21.09,true,1,
7290005838002,false,"דניאלה מעדן גבינה 150מ""ל",שטראוס,IL,מעדן דניאלה,מיליליטרים,150.00,"100 מ""ל",false,0,4.00,2.67,true,1,
7290005838613,false,גבינת סקי וניל 125 גרם,שטראוס,IL,גבינת סקי וניל 125 גרם,גרמים,125.00,100 גרם,false,0,3.70,2.96,true,1,
7290005839078,false,דנונה ביו 3% 150*8 גרם,שטראוס,IL,דנונה ביו 8 יח,קילוגרמים,1.20,"ק""ג",false,0,17.50,14.58,true,1,
7290005839108,false,גב.סימפוניה +5%זיתים200ג,שטראוס,IL,גב.סימפוניה +5%זיתים200ג,גרמים,200.00,100 גרם,false,0,11.30,5.65,true,1,
7290005839313,false,מילקי טופ שוקול.מגולג170,שטראוס,IL,מילקי טופ,מיליליטרים,170.00,"100 מ""ל",false,0,4.90,2.88,true,1,
7290005896439,false,בירה מכבי בקבוק חוזר500מ,,IL,בירה מכבי בקבוק חוזר500מ,מיליליטרים,500.00,"100 מ""ל",false,0,6.90,1.38,true,1,
7290005896828,false,מים מינרל.סאן בנדטו1.5*6,טמפו,IT,מים מינרליים6X,ליטרים,9.00,ליטר,false,0,18.70,2.08,true,1,
7290005896972,false,פפסי מקס 1.5*6 ליטר,טמפו,IL,פפסי מקס 6 יח',ליטרים,9.00,ליטר,false,0,29.90,3.32,true,1,
7290005966088,false,יין אדום הר חרמון 750 מל,יקבי רמת הגולן קצרין,IL,יין אדום חרמון,מיליליטרים,750.00,"100 מ""ל",false,0,35.90,4.79,true,1,
7290005966392,false,גולן קברנה סוביניון750מל,יקבי רמת הגולן קצרין,IL,גולן קברנה סוביניון750מל,מיליליטרים,750.00,"100 מ""ל",false,0,37.90,5.05,true,1,
7290005966514,false,"ירדן מוסקט 500 מ""ל",יקבי רמת הגולן קצרין,IL,ירדן מוסקט,מיליליטרים,500.00,"100 מ""ל",false,0,36.90,7.38,true,1,
7290005992735,false,גבינת לאבנה 5%שומן 250ג,מחלבות גד,IL,גבינת לאבנה גד5%,גרמים,250.00,100 גרם,false,0,12.00,4.80,true,1,
7290005992889,false,גב.שמנת שום שמיר 30%משקל,מחלבות גד,IL,גב.שמנת שום שמיר 30%משקל,קילוגרמים,0.00,"ק""ג",true,0,42.00,42.00,true,1,
7290005992926,false,גב.לבנה5% שום שמיר במשקל,מחלבות גד,IL,גב.לבנה5% שום שמיר במשקל,גרמים,0.00,"ק""ג",true,0,28.00,28.00,true,1,
7290006185501,false,סבון נוזלי פנינה ורוד 1ל,סאסא קוסמטיקס,IL,סבון נוזלי ורוד,ליטרים,1.00,ליטר,false,0,15.10,15.10,true,1,
7290006185518,false,סבון נוזלי פנינה כחול 1ל,סאסא קוסמטיקס,IL,סבון נוזלי פנינה,ליטרים,1.00,ליטר,false,0,15.10,15.10,true,1,
7290006199867,false,מנבו מוקה 20 יחידות,פלקו,IL,מנבו מוקה 20 יח',גרמים,480.00,100 גרם,false,0,19.90,4.15,true,1,
7290006229069,false,ג'אמפ ענבים 1.5 ליטר,טמפו,IL,ג'אמפ ענבים,ליטרים,1.50,ליטר,false,0,5.90,3.93,true,1,
7290006241504,false,פריגת תפוזים פריז 280 מל,פריגת,IL,פריגת תפוזים פריז 280 מל,מיליליטרים,280.00,"100 מ""ל",false,0,9.50,3.39,true,1,
7290006241511,false,פריגת נענע פריז 280 מל,פריגת,IL,פריגת נענע פריז 280 מל,מיליליטרים,280.00,"100 מ""ל",false,0,9.50,3.39,true,1,
7290006241818,false,סירופ לימונים פריגת 3 ל',פריגת,IL,סירופ לימונים פריגת 3 ל',ליטרים,3.00,ליטר,false,0,35.60,11.87,true,1,
7290006251107,false,תה מסאלה צ'אי 25שק2*גרם,ויסוצקי,IL,תה מסאלה צ'אי 25שק2*גרם,גרמים,50.00,100 גרם,false,0,17.40,34.80,true,1,
7290006251275,false,תה ירוק סיני25 שק1.5Xגרם,ויסוצקי,IL,תה ירוק סיני,גרמים,37.00,100 גרם,false,0,26.90,72.70,true,1,
7290006251282,false,חליטת קרנברי ג.קסום3X25ג,ויסוצקי,IL,חליטת חמוציות,גרמים,75.00,100 גרם,false,0,17.60,23.47,true,1,
7290006251343,false,חליטת פסיפלורה+מנגו3X25ג,ויסוצקי,IL,חליטת פסיפלורה+מנגו3X25ג,גרמים,62.00,100 גרם,false,0,17.60,28.39,true,1,
7290006251589,false,תה ירוק נענע 50שק1.5*גרם,ויסוצקי,IL,תה ירוק נענע,גרמים,75.00,100 גרם,false,0,46.00,61.33,true,1,
7290006267733,false,"תבור פנינים לבן 750 מ""ל",יקב תבור,IL,"תבור פנינים לבן 750 מ""ל",מיליליטרים,750.00,"100 מ""ל",false,0,43.90,5.85,true,1,
7290006271181,false,ג'חנון אפוי מעדנות 750גר,"מעדנות בע""מ",IL,ג'חנון אפוי מעדנות 750גר,גרמים,750.00,100 גרם,false,0,26.20,3.49,true,1,
7290006322104,false,לחם רחיים קל 500 גרם,מאפיית דוידוביץ,IL,לחם רחיים קל 500 גרם,גרמים,500.00,100 גרם,false,0,11.90,2.38,true,1,
7290006322111,false,לחמניות רחיים 80X3 גרם,מאפיית דוידוביץ,IL,לחמניות רחיים 80X3 גרם,גרמים,480.00,100 גרם,false,0,9.90,2.06,true,1,
7290006322166,false,לחמניות רגילות 6יח75X'גר,מאפיית דוידוביץ,,לחמניות רגילות 6יח75X'גר,גרמים,450.00,100 גרם,false,0,9.90,2.20,true,1,
7290006322470,false,לחם 9 דגנים קל 500 גרם,מאפיית דוידוביץ,IL,לחם 9 דגנים קל 500 גרם,גרמים,500.00,100 גרם,false,0,9.90,1.98,true,1,
7290006322661,false,לחם כנעני 750 גרם,,,לחם כנעני 750 גרם,גרמים,750.00,100 גרם,false,0,9.90,1.32,true,1,
7290006322678,false,מארז 10 לחמניות בשקית,,,מארז 10 לחמניות בשקית,יחידה,1.00,יחידה,false,0,9.90,9.90,true,1,
7290006322838,false,לחם קמח מלא 100% 750 גרם,מאפיית דוידוביץ,IL,לחם קמח מלא 100% 750 גרם,גרמים,750.00,100 גרם,false,0,11.90,1.59,true,1,
7290006364142,false,מי סודה קינלי 1.5*4 ליטר,החברה המרכזית לייצור משקאות,IL,מי סודה קינלי 1.5*4 ליטר,ליטרים,6.00,ליטר,false,0,14.00,2.33,true,1,
7290006374660,false,שמן זית 2 קלאסי1ליטר',יד מרדכי,IL,שמן זית 2 קלאסי,ליטרים,1.00,ליטר,false,0,47.90,47.90,true,1,
7290006429506,false,אפרסקים בסירופ,,GR,אפרסקים בסירופ,גרמים,820.00,100 גרם,false,0,8.10,0.99,true,1,
7290006492432,false,גבינה מוצרלה בייבי 150גר,מחלבות גד,IL,גבינה מוצרלה בייבי 150גר,גרמים,150.00,100 גרם,false,0,14.90,9.93,true,1,
7290006492616,false,פרוסות גב. בולגר5%. 250ג,מחלבות גד,IL,פרוסות גב. בולגר5%. 250ג,גרמים,250.00,100 גרם,false,0,25.90,10.36,true,1,
7290006494917,false,ופלים במילוי קרם שוקו200,גילרו,IL,ופלים שוקולד,גרמים,200.00,100 גרם,false,0,9.60,4.80,true,1,
7290006511157,false,פטריות שלמות,,IN,פטריות שלמות,גרמים,400.00,100 גרם,false,0,8.10,2.03,true,1,
7290006550972,false,טחון בקר ארוז 1 קג,עטרה,IL,טחון בקר ארוז 1 קג,גרמים,1000.00,100 גרם,false,0,37.60,3.76,true,1,
7290006567048,false,פתיתי קוסקוס 350 גרם,קוסקוס מזון,IL,פתיתי קוסקוס,גרמים,350.00,100 גרם,false,0,7.90,2.26,true,1,
7290006583864,false,איקרה אדומה משקל,מעדני מיקי,IL,איקרה אדומה משקל,קילוגרמים,0.00,"ק""ג",true,0,42.00,42.00,true,1,
7290006618078,false,אסטוניש מרסס לניקוי 750מ,,GB,אסטוניש מרסס לניקוי 750מ,מיליליטרים,750.00,"100 מ""ל",false,0,18.50,2.47,true,1,
7290006618085,false,אסטוניש מרסס,,,אסטוניש מרסס,מיליליטרים,750.00,"100 מ""ל",false,0,18.50,2.47,true,1,
7290006644589,false,משקה קל אשכוליות דיאט 2ל,יפאורה שותפות מובגלת לשיווק,IL,משקה קל אשכוליות דיאט 2ל,ליטרים,2.00,ליטר,false,0,3.60,1.80,true,1,
7290006644596,false,קריסטל אקזוטי מוגז 2ליטר,יפאורה שותפות מובגלת לשיווק,IL,קריסטל אקזוטי מוגז 2ליטר,ליטרים,2.00,ליטר,false,0,3.50,1.75,true,1,
7290006644626,false,ספרינג פירות טרופיים1.5ל,יפאורה שותפות מובגלת לשיווק,IL,משקה ספרינג,ליטרים,1.50,ליטר,false,0,6.30,4.20,true,1,
7290006644732,false,ספרינג פירות טרופיים 1 ל,יפאורה שותפות מובגלת לשיווק,IL,ספרינג פירות טרופיים 1 ל,ליטרים,1.00,ליטר,false,0,4.90,4.90,true,1,
7290006651396,false,"שמפו ד""ר פישר קידס 750מל",פישר מעבדות פרמצבטיות,IL,שמפו קידס,מיליליטרים,750.00,"100 מ""ל",false,0,21.00,2.80,true,1,
7290006651402,false,"מרכך ד""ר פישר קידס 750מל",פישר מעבדות פרמצבטיות,IL,מרכך קידס,מיליליטרים,750.00,"100 מ""ל",false,0,21.00,2.80,true,1,
7290006652027,false,במבה מארז 20 * 15 גרם,אסם,IL,במבה 20 יח',גרמים,300.00,100 גרם,false,0,24.20,8.07,true,1,
7290006653475,false,"רוטב אלף האיים 600 מ""ל",אסם,IL,רוטב אלף האיים,מיליליטרים,600.00,"100 מ""ל",false,0,19.60,3.27,true,1,
7290006653765,false,פטוציני פרפקטו 500 גרם,זארה,IT,פטוציני פרפקטו,גרמים,500.00,100 גרם,false,0,7.60,1.52,true,1,
7290006653819,false,קוסקוס דק 350 גרם,קוסקוס מזון,IL,קוסקוס דק,גרמים,350.00,100 גרם,false,0,7.90,2.26,true,1,
7290006653857,false,"ארנבונים חטיף תפו""א 40גר",אסם,IL,"ארנבונים חטיף תפו""א 40גר",גרמים,40.00,100 גרם,false,0,4.50,11.25,true,1,
7290006664051,false,"אקטימל לבן 100*14 מ""ל",שטראוס,IL,אקטימל מארז14יח',ליטרים,1.40,ליטר,false,0,29.90,21.36,true,1,
7290006664167,false,סימפוניה+שום שמיר3% 200ג,שטראוס,IL,סימפוניה+שום שמיר3% 200ג,גרמים,200.00,100 גרם,false,0,11.30,5.65,true,1,
7290006664402,false,גבינת סקי5% 750 גרם,שטראוס,IL,גבינת סקי5% 750 גרם,גרמים,750.00,100 גרם,false,0,14.40,1.92,true,1,
7290006664631,false,"אקטימל תות 100*8 מ""ל",שטראוס,IL,אקטימל תות 8 יח',מיליליטרים,800.00,"100 מ""ל",false,0,21.90,2.74,true,1,
7290006664990,false,דנונה ביו 1.7% 150*8גרם,שטראוס,IL,דנונה ביו 8 יח',קילוגרמים,1.20,"ק""ג",false,0,17.50,14.58,true,1,
7290006681089,false,גל.לייט מיני סנדוויץ 10י,שטראוס,IL,גל.לייט מיני סנדוויץ 10י,גרמים,250.00,100 גרם,false,0,28.50,11.40,true,1,
7290006681904,false,מאגדת מצופים 8+2יח,שטראוס,IL,מאגדת מצופים 8+2יח,גרמים,600.00,100 גרם,false,0,33.00,5.50,true,1,
7290006707345,false,חזה עוף טרי מגש מחיר לפי,עוף טוב,IL,חזה עוף טרי מגש,קילוגרמים,0.00,"ק""ג",true,0,31.90,31.90,true,1,
7290006707420,false,עוף טרי במגש מחיר לפי מש,עוף טוב,IL,עוף טרי מגש,קילוגרמים,0.00,"ק""ג",true,0,18.90,18.90,true,1,
7290006712981,false,"קולגייט סמיילס +6 50 מ""ל",קולגייט-פלמוליב,IL,משחת שיניים,מיליליטרים,50.00,"100 מ""ל",false,0,15.00,30.00,true,1,
7290006737014,false,מקלות סוכר קצר 20 יח',,IL,מקלות סוכר קצר 20 יח',יחידה,1.00,יחידה,false,0,9.10,9.10,true,1,
7290006737151,false,עדשים הכי מתוק 80 גרם,הנמל,IL,עדשים הכי מתוק 80 גרם,גרמים,80.00,100 גרם,false,0,4.10,5.13,true,1,
7290006737854,false,מרשמלו צבעוני 180 גרם,,IL,מרשמלו צבעוני 180 גרם,גרמים,180.00,100 גרם,false,0,6.90,3.83,true,1,
7290006738097,false,סלמי מעושן איטלקי דק 150,זוגלובק,IL,סלמי מעושן דק דק,גרמים,150.00,100 גרם,false,0,15.10,10.07,true,1,
7290006738110,false,פסטרמה ברביקיו דק דק150ג,זוגלובק,IL,פסטרמה ברביקיו,גרמים,150.00,100 גרם,false,0,15.10,10.07,true,1,
7290006738530,false,דק דק פסטרמה חזה עוף150ג,זוגלובק,IL,דק דק פסטרמה,גרמים,150.00,100 גרם,false,0,15.10,10.07,true,1,
7290006739247,false,פסטרמה איטלקית במשקל,זוגלובק,IL,פסטרמה איטלקית במשקל,קילוגרמים,0.00,"ק""ג",true,0,82.00,82.00,true,1,
7290006739407,false,שניצל תירס לייט 630 גרם,זוגלובק,IL,שניצל תירס לייט 630 גרם,גרמים,630.00,100 גרם,false,0,32.00,5.08,true,1,
7290006739414,false,סלמי קוניאק 300 גרם,זוגלובק,IL,סלמי קוניאק 300 גרם,גרמים,300.00,100 גרם,false,0,28.30,9.43,true,1,
7290006739421,false,סלמי מעושן איטלקי 300 גר,זוגלובק,IL,סלמי מעושן איטלקי 300 גר,גרמים,300.00,100 גרם,false,0,29.50,9.83,true,1,
7290006739544,false,כתף בקר 300 גרם,זוגלובק,IL,כתף בקר 300 גרם,גרמים,300.00,100 גרם,false,0,32.30,10.77,true,1,
7290006741103,false,פיצה משפחתית מרגריטה500ג,זוגלובק,IL,פיצה משפחתית מרגריטה500ג,גרמים,500.00,100 גרם,false,0,22.30,4.46,true,1,
7290006741363,false,"בורקס תפו""א בד""צ 800 גרם",זוגלובק,IL,"בורקס תפו""א בד""צ 800 גרם",גרמים,800.00,100 גרם,false,0,19.00,2.38,true,1,
7290006741387,false,"מלוואח תימני בד""צ 700 גר",זוגלובק,IL,"מלוואח תימני בד""צ 700 גר",גרמים,700.00,100 גרם,false,0,15.80,2.26,true,1,
7290006741516,false,פיצה מרגריטה חסכונית,זוגלובק,IL,פיצה מרגריטה חסכונית,קילוגרמים,1.50,"ק""ג",false,0,39.00,26.00,true,1,
7290006742209,false,שניצל תירס 750גרם%33+,זוגלובק,IL,שניצל תירס 750גרם%33+,גרמים,1000.00,100 גרם,false,0,29.90,2.99,true,1,
7290006742278,false,פסטרמה צלוי על לבנים330ג,זוגלובק,IL,פסטרמה צלויה,גרמים,330.00,100 גרם,false,0,30.10,9.12,true,1,
7290006742315,false,חזה הודו ברביקיו 330 גרם,זוגלובק,IL,חזה הודו ברביקיו,גרמים,330.00,100 גרם,false,0,30.10,9.12,true,1,
7290006755469,false,שניצל תירס לייט 630 גרם,טבעול,IL,שניצל תירס לייט,גרמים,630.00,100 גרם,false,0,27.80,4.41,true,1,
7290006764058,false,בירה נשר לבן בק.חוזר500מ,טמפו,IL,בירה נשר לבן בק.חוזר500מ,מיליליטרים,500.00,"100 מ""ל",false,0,5.30,1.06,true,1,
7290006764065,false,בירה נשר מאלט בק.חוזר500,טמפו,IL,בירה נשר מאלט,מיליליטרים,500.00,"100 מ""ל",false,0,4.90,0.98,true,1,
7290006764072,false,"גולדסטאר בק.חוזר 500 מ""ל",טמפו,IL,"גולדסטאר בק.חוזר 500 מ""ל",מיליליטרים,500.00,"100 מ""ל",false,0,7.80,1.56,true,1,
7290006764348,false,מאלטסטאר 1.5 ליטר,טמפו,IL,מאלטסטאר 1.5 ליטר,ליטרים,1.50,ליטר,false,0,7.90,5.27,true,1,
7290006764713,false,מירינדה 1.5*6 ליטר,טמפו,IL,מירינדה 6 יחידות,ליטרים,9.00,ליטר,false,0,24.90,2.77,true,1,
7290006775016,false,עוגה תפוז אחוה 450 גרם,"אחדות ביח""ר לטחינה",IL,עוגה תפוז,גרמים,450.00,100 גרם,false,0,8.90,1.98,true,1,
7290006775023,false,עוגה אנגלית אחוה 450 גרם,"אחדות ביח""ר לטחינה",IL,עוגה אנגלית,גרמים,450.00,100 גרם,false,0,8.90,1.98,true,1,
7290006775030,false,עוגת שוקו צ'יפס אחוה450ג,"אחדות ביח""ר לטחינה",IL,עוגת שוקולד ציפס,גרמים,450.00,100 גרם,false,0,8.90,1.98,true,1,
7290006775047,false,עוגת שוקולד 450 גרם,"אחדות ביח""ר לטחינה",IL,עוגת שוקולד,גרמים,450.00,100 גרם,false,0,8.90,1.98,true,1,
7290006775054,false,עוגת שיש 450 גרם,"אחדות ביח""ר לטחינה",IL,עוגת שיש,גרמים,450.00,100 גרם,false,0,8.90,1.98,true,1,
7290006775085,false,עוגת שמרים שוקולד 400גרם,"אחדות ביח""ר לטחינה",IL,עוגת שמרים,גרמים,400.00,100 גרם,false,0,11.60,2.90,true,1,
7290006775337,false,עוגת שמרים פרג אחוה 400ג,"אחדות ביח""ר לטחינה",IL,עוגת שמרים פרג,גרמים,400.00,100 גרם,false,0,11.60,2.90,true,1,
7290006775344,false,עוגת שמרים קינמ.אגוז400ג,"אחדות ביח""ר לטחינה",IL,עוגת שמרים,גרמים,400.00,100 גרם,false,0,11.60,2.90,true,1,
7290006775726,false,עוגה שוקולד ללא סוכר400ג,"אחדות בע""מ א.ת. ברקן",IL,עוגה שוקולד ללא סוכר400ג,גרמים,400.00,100 גרם,false,0,11.90,2.98,true,1,
7290006775764,false,עוגת שוקוציפס ללא סוכר 0,"אחדות בע""מ א.ת. ברקן",IL,עוגת שוקוציפס ללא סוכר 0,גרמים,400.00,100 גרם,false,0,12.90,3.23,true,1,
7290006779052,false,מיץ ענבים מוסקט אדום 1ל',,IL,מיץ ענבים מוסקט אדום 1ל',ליטרים,1.00,ליטר,false,0,15.30,15.30,true,1,
7290006779281,false,יין גרנש רוז'ה 1 ליטר,,IL,יין גרנש רוז'ה 1 ליטר,ליטרים,1.00,ליטר,false,0,16.60,16.60,true,1,
7290006779298,false,יין סמיון 1 ליטר,,IL,יין סמיון 1 ליטר,ליטרים,1.00,ליטר,false,0,17.30,17.30,true,1,
7290006779304,false,יין קריניאן 1 ליטר,,IL,יין קריניאן 1 ליטר,ליטרים,1.00,ליטר,false,0,16.60,16.60,true,1,
7290006779519,false,"יין מוסקט חברון 750 מ""ל",,IL,"יין מוסקט חברון 750 מ""ל",מיליליטרים,750.00,"100 מ""ל",false,0,14.80,1.97,true,1,
7290006779526,false,יין אדום שטו היקב 1 ליטר,,IL,יין אדום שטו היקב 1 ליטר,ליטרים,1.00,ליטר,false,0,17.30,17.30,true,1,
7290006779533,false,"יין חברון לקידוש 750 מ""ל",,IL,"יין חברון לקידוש 750 מ""ל",מיליליטרים,750.00,"100 מ""ל",false,0,15.60,2.08,true,1,
7290006779595,false,"יין חברון עתיק 650 מ""ל",,IL,"יין חברון עתיק 650 מ""ל",מיליליטרים,650.00,"100 מ""ל",false,0,12.30,1.89,true,1,
7290006779922,false,"יין טוקאי 750 מ""ל",,IL,"יין טוקאי 750 מ""ל",מיליליטרים,750.00,"100 מ""ל",false,0,29.40,3.92,true,1,
7290006784360,false,מרסס חלונית ס.מוריץ1ליטר,קומפלקס כימיקלים,IL,מרסס חלונית,ליטרים,1.00,ליטר,false,0,9.90,9.90,true,1,
7290006784391,false,מסיר שומנים ס.מוריץ 900מ,קומפלקס כימיקלים,IL,מסיר שומנים,מיליליטרים,900.00,"100 מ""ל",false,0,18.50,2.06,true,1,
7290006788009,false,"שמפו ""10"" לשיער רגיל700מ",קרליין,IL,שמפו 10 לשיער,מיליליטרים,700.00,"100 מ""ל",false,0,9.90,1.41,true,1,
7290006788016,false,"שמפו ""10"" לשיער יבש 700מ",קרליין,IL,שמפו 10 לשיער,מיליליטרים,700.00,"100 מ""ל",false,0,9.90,1.41,true,1,
7290006788023,false,"שמפו ""10"" לשיער צבוע700מ",קרליין,IL,שמפו 10 לשיער,מיליליטרים,700.00,"100 מ""ל",false,0,9.90,1.41,true,1,
7290006788030,false,"שמפו ""10"" לשיער מתותל700",קרליין,IL,שמפו 10 לשיער,מיליליטרים,700.00,"100 מ""ל",false,0,9.90,1.41,true,1,
7290006788061,false,"מרכך ""10"" לשיער רגיל700מ",קרליין,IL,מרכך קרליין,מיליליטרים,700.00,"100 מ""ל",false,0,9.90,1.41,true,1,
7290006788078,false,"מרכך ""10"" לשיער יבש 700מ",קרליין,IL,מרכך 10 לשיער,מיליליטרים,700.00,"100 מ""ל",false,0,9.90,1.41,true,1,
7290006788085,false,"מרכך ""10"" לשיער צבוע700מ",קרליין,IL,מרכך 10 לשיער,מיליליטרים,700.00,"100 מ""ל",false,0,9.90,1.41,true,1,
7290006788092,false,"מרכך ""10"" לשיער מתותל700",קרליין,IL,מרכך קרליין,מיליליטרים,700.00,"100 מ""ל",false,0,9.90,1.41,true,1,
7290006788429,false,דאו.קרליין רולאון כתום75,קרליין,IL,דאודורנט קרליין,מיליליטרים,75.00,"100 מ""ל",false,0,14.00,18.67,true,1,
7290006788436,false,דאו.קרליין רולאון ורוד75,קרליין,IL,דאודורנט קרליין,מיליליטרים,75.00,"100 מ""ל",false,0,14.00,18.67,true,1,
7290006788450,false,דאו.קרלייןSENSITIVE 200,קרליין,IL,דאודורנט קרליין,מיליליטרים,200.00,"100 מ""ל",false,0,13.80,6.90,true,1,
7290006788498,false,דאו.קרליין ספרי PURE 200,קרליין,IL,דאודורנט קרליין,מיליליטרים,200.00,"100 מ""ל",false,0,13.80,6.90,true,1,
7290006788504,false,דאו.קרליין ספריי סגול200,קרליין,IL,דאודורנט קרליין,מיליליטרים,200.00,"100 מ""ל",false,0,13.80,6.90,true,1,
7290006788672,false,"שמפו ""10"" נגד קשקשים700מ",קרליין,IL,שמפו 10 לשיער,מיליליטרים,700.00,"100 מ""ל",false,0,9.90,1.41,true,1,
7290006789617,false,"קרם ""10"" לחות לתלתל 400מ",קרליין,IL,קרליין קרם לשיער,מיליליטרים,400.00,"100 מ""ל",false,0,18.20,4.55,true,1,
7290006811998,false,כרוב לבן כבוש במשקל,סלטי שמיר,IL,כרוב לבן כבוש במשקל,קילוגרמים,0.00,"ק""ג",true,0,17.00,17.00,true,1,
7290006822192,false,נקטר חמוציות דיאט 1 ליטר,פריגת,IL,נקטר חמוציות דיאט 1 ליטר,ליטרים,1.00,ליטר,false,0,12.00,12.00,true,1,
7290006822840,false,מאלטי 1.5 ליטר,קרלסברג ישראל,IL,מאלטי 1.5 ליטר,ליטרים,1.50,ליטר,false,0,8.10,5.40,true,1,
7290006822857,false,מאלטי דיאט 1.5 ליטר,קרלסברג ישראל,IL,מאלטי דיאט 1.5 ליטר,ליטרים,1.50,ליטר,false,0,8.10,5.40,true,1,
7290006869128,false,לרוויה-לבן 1.5% שומן 1ל',טרה,IL,לרוויה-לבן 1.5%,ליטרים,1.00,ליטר,false,0,10.90,10.90,true,1,
7290006869449,false,"לבן 3% שומן 150 מ""ל",טרה,IL,לבן 3% שומן טרה,מיליליטרים,150.00,"100 מ""ל",false,0,1.08,0.72,true,1,
7290006936059,false,משח.כלים בריח לימון 3.5ק,,,משח.כלים בריח לימון 3.5ק,קילוגרמים,3.50,"ק""ג",false,0,28.70,8.20,true,1,
7290006983152,false,קרוטונים מתובלים למרק400,עינת,IL,קרוטונים מתובלים,גרמים,400.00,100 גרם,false,0,19.40,4.85,true,1,
7290006983176,false,לחמית שיפון 230 גרם,אסם,IL,לחמית שיפון אסם,גרמים,230.00,100 גרם,false,0,8.10,3.52,true,1,
7290006983763,false,עוגה בטעם שוקולד 400 גרם,אסם,IL,עוגת שוקולד,גרמים,400.00,100 גרם,false,0,12.90,3.23,true,1,
7290006983770,false,עוגת הבית שיש אסם 400 גר,אסם,IL,עוגת שיש,גרמים,400.00,100 גרם,false,0,12.90,3.23,true,1,
7290006983787,false,עוגת שוקולד צ'יפס 400 גר,אסם,IL,עוגת שוקוצ'יפס,גרמים,400.00,100 גרם,false,0,12.90,3.23,true,1,
7290006984647,false,חטיפי פריכונים מלוח 80גר,"פרח תעשיות מזון בע""מ",IL,חטיפי פריכונים,גרמים,80.00,100 גרם,false,0,7.60,9.50,true,1,
7290006992161,false,דייסלה קורנפלור 200 גרם,נסטלה,IL,דייסת מטרנה,גרמים,200.00,100 גרם,false,0,14.20,7.10,true,1,
7290006992185,false,דייסת אורז מטרנה 200 גרם,נסטלה,IL,דייסת אורז,גרמים,200.00,100 גרם,false,0,14.20,7.10,true,1,
7290006992208,false,דייסת מטרנה 8 דגנים 200ג,נסטלה,IL,דייסת מטרנה,גרמים,200.00,100 גרם,false,0,14.20,7.10,true,1,
7290006992390,false,דייסת וניל מטרנה 200 גרם,נסטלה,IL,דייסת וניל מטרנה,גרמים,200.00,100 גרם,false,0,14.20,7.10,true,1,
7290008018661,false,"מרכך פינוק לילדים 700מ""ל",יוניליוור,IL,מרכך פינוק,מיליליטרים,700.00,"100 מ""ל",false,0,16.20,2.31,true,1,
7290008021043,false,שמפו פינוק שיער רגיל700מ,יוניליוור,IL,שמפו פינוק,מיליליטרים,700.00,"100 מ""ל",false,0,13.20,1.89,true,1,
7290008021050,false,שמפו פינוק יבש מאוד700מל,יוניליוור,IL,שמפו פינוק,מיליליטרים,700.00,"100 מ""ל",false,0,13.20,1.89,true,1,
7290008021067,false,"שמפו פינוק עדין 700 מ""ל",יוניליוור,IL,שמפו פינוק,מיליליטרים,700.00,"100 מ""ל",false,0,13.20,1.89,true,1,
7290008021098,false,"שמפו פינוק קשקשים 700מ""ל",יוניליוור,IL,שמפו פינוק,מיליליטרים,700.00,"100 מ""ל",false,0,13.20,1.89,true,1,
7290008021104,false,"מרכך פינוק רגיל 700 מ""ל",יוניליוור,IL,מרכך שיער פינוק,מיליליטרים,700.00,"100 מ""ל",false,0,13.20,1.89,true,1,
7290008021111,false,מרכ.פינוק יבש מאוד 700מל,יוניליוור,IL,מרכך שיער פינוק,מיליליטרים,700.00,"100 מ""ל",false,0,13.20,1.89,true,1,
7290008021128,false,"מרכך פינוק עדין 700 מ""ל",יוניליוור,IL,מרכך שיער פינו,מיליליטרים,700.00,"100 מ""ל",false,0,13.20,1.89,true,1,
7290008021135,false,שמפו פינוק 2ב1- רגיל700מ,יוניליוור,IL,שמפו+מרכך פינוק,מיליליטרים,700.00,"100 מ""ל",false,0,13.20,1.89,true,1,
7290008021142,false,שמפו פינוק 2ב1- יבש 700מ,יוניליוור,IL,שמפו ומרכך פינוק,מיליליטרים,700.00,"100 מ""ל",false,0,13.20,1.89,true,1,
7290008096317,false,משחה פרדונטקס פלואוריד50,"מאסטרפוד אוסטריה בע""מ",GB,משחת שיניים,מיליליטרים,50.00,"100 מ""ל",false,0,23.30,46.60,true,1,
7290008104050,false,"לקטופיל פמינה 220 מ""ל",כצט,IL,סבון פמינה,מיליליטרים,220.00,"100 מ""ל",false,0,19.30,8.77,true,1,
7290008166010,false,לקט פיצוחים מובחר200גרם,פיצוחי הטיב,IL,לקט פיצוחים,גרמים,200.00,100 גרם,false,0,15.90,7.95,true,1,
7290008166447,false,גרעין לבן קלוף 200 גרם,פיצוחי הטיב,IL,גרעין לבן קלוף,גרמים,200.00,100 גרם,false,0,9.90,4.95,true,1,
7290008166751,false,חמוציות 150גרם,,IL,חמוציות 150גרם,גרמים,150.00,100 גרם,false,0,9.90,6.60,true,1,
7290008166775,false,200 בוטן מטוגן,,IL,200 בוטן מטוגן,גרמים,200.00,100 גרם,false,0,8.90,4.45,true,1,
7290008175494,false,ממרח חמאה לורפק+מלח250ג,,DK,ממרח חמאה לורפק+מלח250ג,גרמים,250.00,100 גרם,false,0,17.60,7.04,true,1,
7290008175692,false,אטריות נודלס,,IL,אטריות נודלס,גרמים,400.00,100 גרם,false,0,5.90,1.48,true,1,
7290008183161,false,שוקולד אגוזים,,IL,שוקולד אגוזים,גרמים,400.00,100 גרם,false,0,6.90,1.73,true,1,
7290008183505,false,ממרח טעם שוקולד בדלי 1קג,,,ממרח טעם שוקולד בדלי 1קג,קילוגרמים,1.00,"ק""ג",false,0,13.60,13.60,true,1,
7290008257169,false,פלסטר 100 יח,,IL,פלסטר 100 יח,יחידה,1.00,יחידה,false,0,7.60,7.60,true,1,
7290008257251,false,מספריים לתינוק,אריסטוקרט,IL,מספריים לתינוק,יחידה,1.00,יחידה,false,0,9.30,9.30,true,1,
7290008257367,false,מוצץ לוטוס זוג גדול,אריסטוקרט,TH,מוצץ לוטוס זוג גדול,יחידה,1.00,יחידה,false,0,13.10,13.10,true,1,
7290008257404,false,מד חום דיגיטלי מצפצף,אריסטוקרט,IL,מד חום דיגיטלי,יחידה,1.00,יחידה,false,0,17.90,17.90,true,1,
7290008257459,false,אלכוהול רפואי 70% 100 סמ,אריסטוקרט,IL,אלכוהול רפואי 70% 100 סמ,מיליליטרים,100.00,"100 מ""ל",false,0,6.00,6.00,true,1,
7290008257541,false,ממרקות פלסטיק 6 יחידות,,IL,ממרקות פלסטיק 6 יחידות,יחידה,1.00,יחידה,false,0,3.90,3.90,true,1,
7290008257718,false,רפידות הנקה,,CN,רפידות הנקה,יחידה,1.00,יחידה,false,0,19.50,19.50,true,1,
7290008257909,false,משחת נעליים נוזל,,IL,משחת נעליים נוזל,יחידה,1.00,יחידה,false,0,4.40,4.40,true,1,
7290008300094,false,אשפתון עם ידית,,,אשפתון עם ידית,יחידה,1.00,יחידה,false,0,13.90,13.90,true,1,
7290008300117,false,25 אשפתון LD שחור 75X90,בריזה,IL,אשפתון,יחידה,1.00,יחידה,false,0,17.90,17.90,true,1,
7290008300179,false,מפות שולחן מניילון 6 יח,בריזה,IL,מפות שולחן 6 יח,יחידה,1.00,יחידה,false,1,6.90,6.90,true,1,
7290008300186,false,מפות שולחן מניילון 8 יח,בריזה,IL,מפות שולחן 8 יח,יחידה,1.00,יחידה,false,1,8.90,8.90,true,1,
7290008300216,false,מפות שולחן מניילון 6 יח,בריזה,IL,מפות שולחן 6 יח,יחידה,1.00,יחידה,false,1,8.90,8.90,true,1,
7290008300308,false,מפת שולחן 45 מטר 1 יח,בריזה,IL,מפת שולחן 45 מטר,מטרים,45.00,מטר,false,1,37.90,0.84,true,1,
7290008300490,false,אשפתון+90*75ידיות 40 יח,בריזה,IL,אשפתון 40 יח,יחידה,1.00,יחידה,false,1,19.90,19.90,true,1,
7290008300575,false,מפת שולחן בגליל 20 מטר,בריזה,IL,מפת שולחן,מטרים,20.00,מטר,false,0,15.90,0.80,true,1,
7290008300605,false,אשפתון90*75 50יח,בריזה,IL,אשפתון 50 יח,יחידה,1.00,יחידה,false,1,13.90,13.90,true,1,
7290008330107,false,מרכך בדין סגול4 ליטר,יוניליוור,IL,מרכך כביסה בדין,ליטרים,4.00,ליטר,false,0,21.90,5.48,true,1,
7290008333849,false,שיפודי פרגיות מתובל450גר,טיבון ויל - נטו,IL,שיפודי פרגיות,גרמים,450.00,100 גרם,false,0,34.10,7.58,true,1,
7290008335560,false,סיגרים במילוי בשר 600גרם,שלושת האופים,IL,סיגרים במילוי בשר 600גרם,גרמים,600.00,100 גרם,false,0,16.90,2.82,true,1,
7290008335584,false,"סיגרים במילוי תפו""א 600ג",שלושת האופים,IL,"סיגרים במילוי תפו""א 600ג",גרמים,600.00,100 גרם,false,0,19.20,3.20,true,1,
7290008343466,false,בצק פילו 500 גרם,"שגמור בע""מ",IL,בצק פילו 500 גרם,גרמים,500.00,100 גרם,false,0,22.50,4.50,true,1,
7290008343503,false,ג'חנון אפוי 650 גרם,אופרה,IL,ג'חנון אפוי 650 גרם,גרמים,650.00,100 גרם,false,0,22.20,3.42,true,1,
7290008409100,false,אצבעות שניצל בשומשום 700,תנובה,IL,אצבעות שניצל בשומשום 700,גרמים,700.00,100 גרם,false,0,35.30,5.04,true,1,
7290008409124,false,שניצל ג'ונגל 700 גרם,תנובה,IL,שניצל ג'ונגל 700 גרם,גרמים,700.00,100 גרם,false,0,37.30,5.33,true,1,
7290008409568,false,שניצל ציפס אמיתי 700 גרם,תנובה,IL,שניצל ציפס אמיתי 700 גרם,גרמים,700.00,100 גרם,false,0,42.40,6.06,true,1,
7290008409582,false,שניצל אמיתי ביתי 700 גרם,תנובה,IL,שניצל אמיתי ביתי 700 גרם,גרמים,700.00,100 גרם,false,0,42.40,6.06,true,1,
7290008409605,false,כוכבי עוף מעודן 700 גרם,תנובה,IL,כוכבי עוף מעודן 700 גרם,גרמים,700.00,100 גרם,false,0,40.30,5.76,true,1,
7290008409643,false,פילה עוף בתיבול על האש 0,תנובה,IL,פילה עוף בתיבול על האש 0,גרמים,600.00,100 גרם,false,0,43.10,7.18,true,1,
7290008409773,false,קציצות עוף ביתיות 700 גר,תנובה,IL,קציצות עוף ביתיות 700 גר,גרמים,700.00,100 גרם,false,0,32.80,4.69,true,1,
7290008443616,false,מרכך נקה 7 לשיר יבש 750מ,אמיליה קוסמטיקס,IL,קונדישנר נקה 7,מיליליטרים,750.00,"100 מ""ל",false,0,11.90,1.59,true,1,
7290008443623,false,"שמפו נקה 7 לגבר 750 מ""ל",נקה,IL,שמפו נקה 7 לגבר,מיליליטרים,750.00,"100 מ""ל",false,0,11.90,1.59,true,1,
7290008443630,false,שמפו נקה7 שיער מתולתל750,אמיליה קוסמטיקס,IL,שמפו נקה 7,מיליליטרים,750.00,"100 מ""ל",false,0,11.90,1.59,true,1,
7290008443647,false,מרכך נקה7 שיער מתולתל750,אמיליה קוסמטיקס,IL,קונדישנר נקה 7,מיליליטרים,750.00,"100 מ""ל",false,0,11.90,1.59,true,1,
7290008462204,false,םרג 380 ןו'זיד לדרח,וטנ,FR,חרדל דיז'ון,גרמים,380.00,100 גרם,false,0,17.40,4.58,true,1,
7290008464000,false,סבן אפ 1.5*6 ליטר,טמפו,IL,סבן אפ 6 יחידות,ליטרים,9.00,ליטר,false,0,24.90,2.77,true,1,
7290008464017,false,סבן אפ דיאט 1.5*6 ליטר,טמפו,IL,סבן אפ דיאט 6 יח,ליטרים,9.00,ליטר,false,0,24.90,2.77,true,1,
7290008464024,false,גולדסטאר פח לא מסונן500מ,,IL,גולדסטאר פח לא מסונן500מ,מיליליטרים,500.00,"100 מ""ל",false,0,9.90,1.98,true,1,
7290008464130,false,גולדסטאר לא מסונן 330*6מ,,IL,גולדסטאר לא מסונן 330*6מ,ליטרים,1.98,ליטר,false,0,44.90,22.68,true,1,
7290008464468,false,בירה גולדסטאר פחית 500מל,טמפו,IL,בירה גולדסטאר,מיליליטרים,500.00,"100 מ""ל",false,0,8.90,1.78,true,1,
7290008464475,false,"בירה מכבי פחית 500 מ""ל",טמפו,IL,"בירה מכבי פחית 500 מ""ל",מיליליטרים,500.00,"100 מ""ל",false,0,8.90,1.78,true,1,
7290008464703,false,"בירה מכבי 6 בק330* מ""ל",טמפו,IL,בירה מכבי 6 בקב.,ליטרים,1.98,ליטר,false,0,39.90,20.15,true,1,
7290008464741,false,"בירה גולדסטאר בק330*6מ""ל",טמפו,IL,גולדסטאר 6 יח',ליטרים,1.98,ליטר,false,0,39.90,20.15,true,1,
7290008464796,false,"בירה הייניקן בק330*6 מ""ל",היינקן,IL,בירה הייניקן 6יח,ליטרים,1.98,ליטר,false,0,49.90,25.20,true,1,
7290008464987,false,סודה טמפו 1.5*6 ליטר,טמפו,IL,סודה טמפו שישיה,ליטרים,9.00,ליטר,false,0,14.90,1.66,true,1,
7290008470766,false,אורביט סטיקס פפרמינ8*13י,ריגלי,FR,מארז אורביט,גרמים,104.00,100 גרם,false,0,16.00,15.38,true,1,
7290008470827,false,מסטיק פייב אבטיח 4 יח,ריגלי,FR,מסטיק פייב 4 יח,גרמים,76.00,100 גרם,false,0,18.90,24.87,true,1,
7290008493314,false,בייגלה שמיניות מלוח400גר,מאיר את ביגל,IL,בייגלה שמיניות,גרמים,400.00,100 גרם,false,0,9.90,2.48,true,1,
7290008493345,false,בייגלה מקלות 400 גרם,מאיר את ביגל,IL,בייגלה מקלות,גרמים,400.00,100 גרם,false,0,9.90,2.48,true,1,
7290008493369,false,בייגלה טבעות שומשום330גר,מאיר את ביגל,IL,בייגלה טבעות,גרמים,330.00,100 גרם,false,0,9.90,3.00,true,1,
7290008493376,false,בייגלה מקלות שומשום330גר,מאיר את ביגל,IL,בייגלה מקלות,גרמים,330.00,100 גרם,false,0,9.90,3.00,true,1,
7290008493390,false,גריסיני טבעי 200 גרם,מאיר את ביגל,IL,גריסיני טבעי,גרמים,200.00,100 גרם,false,0,10.90,5.45,true,1,
7290008493406,false,גריסיני שומשום 175 גרם,מאיר את ביגל,IL,גריסיני שומשום,גרמים,175.00,100 גרם,false,0,10.90,6.23,true,1,
7290008493499,false,בייגלה שטוחל'ה מלח350גרם,מאיר את ביגל,IL,בייגלה שטוחל'ה,גרמים,350.00,100 גרם,false,0,10.50,3.00,true,1,
7290008493505,false,בייגלה שטוחל'ה שומשום300,מאיר את ביגל,IL,בייגלה שטוחלה,גרמים,300.00,100 גרם,false,0,10.50,3.50,true,1,
7290008493574,false,בייגלה שטוחלה פינוקים300,מאיר את ביגל,IL,שטוחלה פינוקים,גרמים,300.00,100 גרם,false,0,10.50,3.50,true,1,
7290008493642,false,בייגלה חיטה מלאה 300ג,מאיר את ביגל,IL,בייגלה שטוחלה,גרמים,300.00,100 גרם,false,0,10.50,3.50,true,1,
7290008493703,false,בייגלה מלח אר' שקופה300ג,מאיר את ביגל,IL,בייגלה שמיניות,גרמים,300.00,100 גרם,false,0,6.90,2.30,true,1,
7290008636339,false,"שבבי תפו""א 400 גרם",מיה,IL,"שבבי תפו""א 400 גרם",גרמים,400.00,100 גרם,false,0,11.90,2.98,true,1,
7290008636926,false,קקאו הולנדי שקית 500 גרם,מיה,IL,קקאו הולנדי שקית 500 גרם,גרמים,500.00,100 גרם,false,0,24.40,4.88,true,1,
7290008636933,false,אגוז מלך גרוס100גרם מיה,מיה,IL,אגוז מלך גרוס,גרמים,100.00,100 גרם,false,0,12.90,12.90,true,1,
7290008636940,false,בוטנים גרוסים 100גרם,מיה,IL,בוטנים גרוסים,גרמים,100.00,100 גרם,false,0,6.00,6.00,true,1,
7290008636957,false,שקד מולבן גרוס 100ג מיה,מיה,IL,שקד מולבן גרוס,גרמים,100.00,100 גרם,false,0,12.00,12.00,true,1,
7290008636971,false,שקד מולבן שלם 100ג מיה,מיה,IL,שקד מולבן שלם,גרמים,100.00,100 גרם,false,0,11.90,11.90,true,1,
7290008636988,false,10' גרעיני חמניה קלופים,מיה,IL,10' גרעיני חמניה קלופים,גרמים,100.00,100 גרם,false,0,3.00,3.00,true,1,
7290008636995,false,גרעיני דלעת קלופים 100 ג,מיה,IL,גרעיני דלעת קלופים 100 ג,גרמים,100.00,100 גרם,false,0,9.90,9.90,true,1,
7290008679428,false,זוג כפפות בית,,IL,זוג כפפות בית,יחידה,1.00,יחידה,false,0,6.80,6.80,true,1,
7290008690713,false,נקטר חמוציות טבעי 1 ליטר,פריגת,IL,נקטר חמוציות טבעי 1 ליטר,ליטרים,1.00,ליטר,false,0,12.00,12.00,true,1,
7290008713016,false,לחם שבעה דגנים קל 500גרם,מאפיית שלמה א. אנג'ל,IL,לחם שבעה דגנים קל 500גרם,גרמים,500.00,100 גרם,false,0,14.10,2.82,true,1,
7290008713498,false,לחם עינן מסורתי 750 גרם,מאפיית שלמה א. אנג'ל,IL,לחם עינן מסורתי 750 גרם,גרמים,750.00,100 גרם,false,0,16.30,2.17,true,1,
7290008713696,false,הלחמניה המלאה 75*6 גרם,מאפיית שלמה א. אנג'ל,IL,הלחמניה המלאה 75*6 גרם,גרמים,450.00,100 גרם,false,0,14.30,3.18,true,1,
7290008713900,false,לחם שיפון עגול 750 גרם,מאפיית שלמה א. אנג'ל,IL,לחם שיפון עגול 750 גרם,גרמים,750.00,100 גרם,false,0,11.90,1.59,true,1,
7290008713917,false,לחם שיפון כהה 750 גרם,מאפיית שלמה א. אנג'ל,IL,לחם שיפון כהה 750 גרם,גרמים,750.00,100 גרם,false,0,11.90,1.59,true,1,
7290008737289,false,גפילטעפיש פולני 6יח 600ג,דג טעים,IL,גפילטעפיש פולני 6יח 600ג,גרמים,600.00,100 גרם,false,0,16.20,2.70,true,1,
7290008737296,false,גפילטעפיש הונגרי6יח 600ג,דג טעים,IL,גפילטעפיש 6 יח,גרמים,600.00,100 גרם,false,0,16.20,2.70,true,1,
7290008745345,false,ממרח ט.שוקלד פרה מגד500ג,עלית,IL,ממרח בטעם שוקולד,גרמים,500.00,100 גרם,false,0,11.50,2.30,true,1,
7290008747431,false,שוקולד פרה במילוי תות50ג,עלית,IL,שוקולד פרה תות,גרמים,50.00,100 גרם,false,0,4.50,9.00,true,1,
7290008747516,false,צ'יטוס איקס עיגול 15*10ג,עלית,IL,צ'יטוס 10 יח',גרמים,150.00,100 גרם,false,0,10.40,6.93,true,1,
7290008748384,false,שוקולד ספלנדיד מריר100גר,עלית,IL,שוקולד ספלנדיד,גרמים,100.00,100 גרם,false,0,10.70,10.70,true,1,
7290008749954,false,טוב טעם מגדים 20 יחידות,עלית,IL,חטיפי וופל,גרמים,30.00,100 גרם,false,0,26.40,88.00,true,1,
7290008750400,false,שוקולד לבן+עוגיות100 גרם,עלית,IL,שוקולדלבן עוגיות,גרמים,100.00,100 גרם,false,0,5.70,5.70,true,1,
7290008750677,false,שוק.במילוי תות מגדים100ג,עלית,IL,שוקולד חלב,גרמים,100.00,100 גרם,false,0,5.70,5.70,true,1,
7290008753982,false,שוקולד חלב אוורירי 85גרם,עלית,IL,שוקולד אוורירי,גרמים,85.00,100 גרם,false,0,5.70,6.71,true,1,
7290008754040,false,ממרח שוקולד פרה מגדים850,עלית,IL,ממרח בטעם שוקולד,גרמים,850.00,100 גרם,false,0,17.30,2.04,true,1,
7290008754422,false,LL MUST קלאסי פפרמינט28ג,עלית,IL,מסטיק LL MUST,גרמים,28.00,100 גרם,false,0,4.60,16.43,true,1,
7290008754682,false,רולדת קוקוס מצופה 350גרם,עלית,IL,רולדת קוקוס,גרמים,350.00,100 גרם,false,0,15.30,4.37,true,1,
7290008757072,false,שוופס תות מוגז פחית330מל,יפאורה שותפות מובגלת לשיווק,IL,שוופס תות מוגז פחית330מל,מיליליטרים,330.00,"100 מ""ל",false,0,5.60,1.70,true,1,
7290008757591,false,"RC Q לימון פחית 330 מ""ל",יפאורה שותפות מובגלת לשיווק,IL,"RC Q לימון פחית 330 מ""ל",מיליליטרים,330.00,"100 מ""ל",false,0,3.40,1.03,true,1,
7290008757737,false,RCQ אורנג' 1.5*4 ליטר,יפאורה שותפות מובגלת לשיווק,IL,RCQ אורנג' 1.5*4 ליטר,ליטרים,6.00,ליטר,false,0,17.70,2.95,true,1,
7290008757980,false,נקטר ספרינג רימונים 1 ל',יפאורה שותפות מובגלת לשיווק,IL,נקטר ספרינג רימונים 1 ל',ליטרים,1.00,ליטר,false,0,4.90,4.90,true,1,
7290008775731,false,"רוטב וינגרט קלאסי 290מ""ל",אסם,IL,רוטב ויניגרט אסם,מיליליטרים,290.00,"100 מ""ל",false,0,10.90,3.76,true,1,
7290008775816,false,ערגליות שוקו 300 גרם,אסם,IL,ערגליות שוקו,גרמים,300.00,100 גרם,false,0,10.90,3.63,true,1,
7290008775823,false,ערגליות תות 300 גרם,אסם,IL,ערגליות תות 300 גרם,גרמים,300.00,100 גרם,false,0,10.90,3.63,true,1,
7290008775892,false,פרפקטו לינגוויני500ג,זארה,IT,ספגטי לינגויני,גרמים,500.00,100 גרם,false,0,7.60,1.52,true,1,
7290008792240,false,נייר טואלט טאצ' 48גלילים,,,נייר טואלט טאצ' 48גלילים,מטרים,883.00,100 מטר,false,0,34.90,3.95,true,1,
7290008792264,false,מפיות טאצ',,,מפיות טאצ',יחידה,1.00,יחידה,false,0,4.90,4.90,true,1,
7290008801010,false,קברנה מרלו P.C,,,קברנה מרלו P.C,מיליליטרים,750.00,"100 מ""ל",false,0,45.90,6.12,true,1,
7290008801157,false,מרלו סלקטד,,,מרלו סלקטד,מיליליטרים,750.00,"100 מ""ל",false,0,29.90,3.99,true,1,
7290008801454,false,"יין היובל ישן נושן650מ""ל",יקבי כרמל,IL,יין ישן נושן,מיליליטרים,650.00,"100 מ""ל",false,0,15.90,2.45,true,1,
7290008801461,false,"יין הנצחון 750 מ""ל",יקבי כרמל,IL,יין הנצחון,מיליליטרים,750.00,"100 מ""ל",false,0,22.10,2.95,true,1,
7290008801522,false,"יין קונקורד 750מ""ל",יקבי כרמל,IL,יין קונקורד,מיליליטרים,750.00,"100 מ""ל",false,0,22.90,3.05,true,1,
7290008801539,false,קינג דיוויד כרמל100 750מ,יקבי כרמל,IL,קינג דיוויד,מיליליטרים,750.00,"100 מ""ל",false,0,22.90,3.05,true,1,
7290008801843,false,קברנה סוביניון,,,קברנה סוביניון,מיליליטרים,750.00,"100 מ""ל",false,0,29.90,3.99,true,1,
7290008802512,false,"יין אדום יבש וינו 750מ""ל",יקבי כרמל,IL,יין אדום יבש,מיליליטרים,750.00,"100 מ""ל",false,0,22.90,3.05,true,1,
7290008802895,false,קברנה סוביניוןP.C. 750מל,יקבי כרמל,IL,קברנה סוביניוןP.C. 750מל,מיליליטרים,750.00,"100 מ""ל",false,0,56.90,7.59,true,1,
7290008803014,false,"כרמל הוק אורגינל 750 מ""ל",יקבי כרמל,IL,כרמל הוק אורגינל,מיליליטרים,750.00,"100 מ""ל",false,0,23.00,3.07,true,1,
7290008804189,false,"קברנה סדרה אזורית 750מ""ל",יקבי כרמל,IL,קברנה סוביניון,מיליליטרים,750.00,"100 מ""ל",false,0,59.90,7.99,true,1,
7290008805520,false,קברנה מרלו סלקטד,,,קברנה מרלו סלקטד,מיליליטרים,750.00,"100 מ""ל",false,0,29.90,3.99,true,1,
7290008805964,false,קברנה שיראז סדרה אזורית,יקבי כרמל,IL,קברנה שיראז,מיליליטרים,750.00,"100 מ""ל",false,0,59.90,7.99,true,1,
7290008806909,false,גלידה לייט שוקו וניל1.33,שטראוס,IL,גלידה לייט שוקו וניל1.33,ליטרים,1.33,ליטר,false,0,19.90,14.96,true,1,
7290008806961,false,קרמיסימו פרה שוקולד1.33ל,שטראוס,IL,קרמיסימו פרה שוקולד1.33ל,ליטרים,1.33,ליטר,false,0,19.90,14.96,true,1,
7290008806985,false,נשנושי שוקווניל פרווה60י,שטראוס,IL,נשנושי שוקווניל פרווה60י,גרמים,630.00,100 גרם,false,0,49.00,7.78,true,1,
7290008837040,false,יין כריזמה קברנה ס. 750,יקבי ארזה,IL,יין כריזמה קברנה ס. 750,מיליליטרים,750.00,"100 מ""ל",false,0,31.40,4.19,true,1,
7290008837606,false,יין כריזמה מרלו קברנה750,יקבי ארזה,IL,יין כריזמה מרלו קברנה750,מיליליטרים,750.00,"100 מ""ל",false,0,28.60,3.81,true,1,
7290008837774,false,"יין כריזמה שירז 750 מ""ל",יקבי ארזה,IL,"יין כריזמה שירז 750 מ""ל",מיליליטרים,750.00,"100 מ""ל",false,0,31.40,4.19,true,1,
7290008837880,false,כרמי שי יין 1 ליטר,יקבי ארזה,IL,כרמי שי יין 1 ליטר,ליטרים,1.00,ליטר,false,0,15.30,15.30,true,1,
7290008849609,false,רוטב שום דבש לעוף 330 גר,אוליביה,IL,רוטב שום דבש,גרמים,330.00,100 גרם,false,0,12.70,3.85,true,1,
7290008849739,false,"רוטב סויה קלאסי 290 מ""ל",אוליביה,IL,רוטב סויה קלאסי,מיליליטרים,290.00,"100 מ""ל",false,0,11.70,4.03,true,1,
7290008858045,false,עלים לקרם שניט 400 גרם,אשבל,IL,עלים לקרם שניט,גרמים,400.00,100 גרם,false,0,20.40,5.10,true,1,
7290008909440,false,פאנטה אורנג' מנגו 1.5 ל',החברה המרכזית לייצור משקאות,IL,פאנטה אורנג',ליטרים,1.50,ליטר,false,0,6.90,4.60,true,1,
7290008909860,false,קוקה קולה ZERO 1.5 ליטר,החברה המרכזית לייצור משקאות,IL,קוקה קולה ZERO 1.5 ליטר,ליטרים,1.50,ליטר,false,0,7.00,4.67,true,1,
7290008909877,false,קוקה קולה זירו 1.5*6 ל',החברה המרכזית לייצור משקאות,IL,קולה זירו 6 יח,ליטרים,9.00,ליטר,false,0,36.90,4.10,true,1,
7290008945202,false,50 גלילונית למשרד90*75סמ,קילט ניהול פרוייקטים,IL,גלילונית למשרד,יחידה,1.00,יחידה,false,0,16.90,16.90,true,1,
7290008975551,false,מטרנה מהדרין שלב3 700גרם,נסטלה,IL,מטרנה מהדרין 3,גרמים,700.00,100 גרם,false,0,52.90,7.56,true,1,
7290008989053,false,דייסת דגנים מעורב בדצ400,,IL,דייסת דגנים מעורב בדצ400,גרמים,400.00,100 גרם,false,0,16.10,4.03,true,1,
7290008989169,false,אורז תפוח,,IL,אורז תפוח,גרמים,500.00,100 גרם,false,0,15.30,3.06,true,1,
7290008989473,false,ממרח חרובים,,IL,ממרח חרובים,גרמים,350.00,100 גרם,false,0,11.00,3.14,true,1,
7290008989480,false,ממרח חרובים,,IL,ממרח חרובים,גרמים,350.00,100 גרם,false,0,10.40,2.97,true,1,
7290008989572,false,ממרח חלבה וניל,,IL,ממרח חלבה וניל,גרמים,350.00,100 גרם,false,0,12.40,3.54,true,1,
7290008989602,false,אורז תפוח מלא,,IL,אורז תפוח מלא,גרמים,450.00,100 גרם,false,0,15.30,3.40,true,1,
7290008989855,false,פריכוני אורז 80 גרם,,IL,פריכוני אורז 80 גרם,גרמים,80.00,100 גרם,false,0,4.10,5.13,true,1,
7290008989909,false,"סירופ תפוחים 1.2 מ""ל",,,"סירופ תפוחים 1.2 מ""ל",ליטרים,1.20,ליטר,false,0,20.10,16.75,true,1,
7290008989923,false,סירופ אפרסק 1.2 ליטר,,,סירופ אפרסק 1.2 ליטר,ליטרים,1.20,ליטר,false,0,20.10,16.75,true,1,
7290009395037,true,כבד עוף לצלייה בלבד קג,שונות,IL,כבד עוף לצלייה בלבד קג,קילוגרמים,0.00,"ק""ג",true,0,19.90,19.90,true,1,
7290009398618,true,סופגנ.מטוגנ.קפוא+ריבה80ג,גידרון,IL,סופגניה עם ריבה,גרמים,80.00,100 גרם,false,0,3.00,3.75,true,1,
7290009951325,true,מים מינרליים בקבוק אישי,,,מים מינרליים בקבוק אישי,מיליליטרים,500.00,"100 מ""ל",false,0,5.40,1.08,true,1,
7290009952995,true,מים מינרליים 1.5 ליטר,,,מים מינרליים 1.5 ליטר,ליטרים,1.50,ליטר,false,0,3.90,2.60,true,1,
7290009955514,true,מים מינרלים ספארק500*12מ,אוזו בזלימפאה ג'ידה,TR,מים מינרלים 12יח,ליטרים,6.00,ליטר,false,1,15.60,2.60,true,1,
7290010002030,false,כמון 100 גרם,א.ל ייצור ושיווק תבלינים,IL,כמון טחון,גרמים,100.00,100 גרם,false,0,11.40,11.40,true,1,
7290010002078,false,פלפל שחור טחון 100 גרם,א.ל ייצור ושיווק תבלינים,IL,פלפל שחור טחון,גרמים,100.00,100 גרם,false,0,11.90,11.90,true,1,
7290010002092,false,פלפל שחור גרוס דק 90 גרם,א.ל ייצור ושיווק תבלינים,IL,פלפל שחור גרוס,גרמים,90.00,100 גרם,false,0,11.90,13.22,true,1,
7290010002122,false,פפריקה הונגרית מתוקה100ג,א.ל ייצור ושיווק תבלינים,IL,פפריקה הונגרית,גרמים,100.00,100 גרם,false,0,11.40,11.40,true,1,
7290010002146,false,פפריקה מרוקאית מתוקה100ג,א.ל ייצור ושיווק תבלינים,IL,פפריקה מרוקאית,גרמים,100.00,100 גרם,false,0,11.40,11.40,true,1,
7290010002153,false,פפריקה מרוקאית חריפה100ג,א.ל ייצור ושיווק תבלינים,IL,פפריקה מרוקאית,גרמים,100.00,100 גרם,false,0,11.40,11.40,true,1,
7290010002207,false,קינמון טחון 100 גרם,א.ל ייצור ושיווק תבלינים,IL,קינמון טחון,גרמים,100.00,100 גרם,false,0,9.90,9.90,true,1,
7290010002214,false,צ'ילי מקסיקני גרוס 80גרם,א.ל ייצור ושיווק תבלינים,IL,צ'ילי מקסיקני,גרמים,80.00,100 גרם,false,0,11.40,14.25,true,1,
7290010002313,false,תבלין ראס אל חנות 100גרם,א.ל ייצור ושיווק תבלינים,IL,תבלין לקציצות,גרמים,100.00,100 גרם,false,0,11.40,11.40,true,1,
7290010002320,false,תבלין גריל עוף 100 גרם,א.ל ייצור ושיווק תבלינים,IL,תבלין גריל עוף,גרמים,100.00,100 גרם,false,0,9.10,9.10,true,1,
7290010002344,false,תבלין לדג 100 גרם,א.ל ייצור ושיווק תבלינים,IL,תבלין לדג,גרמים,100.00,100 גרם,false,0,9.10,9.10,true,1,
7290010002382,false,אורגנו 40 גרם,א.ל ייצור ושיווק תבלינים,IL,אורגנו,גרמים,40.00,100 גרם,false,0,9.90,24.75,true,1,
7290010002399,false,בזיליקום 40 גרם,א.ל ייצור ושיווק תבלינים,IL,בזיליקום(ריחן),גרמים,40.00,100 גרם,false,0,9.90,24.75,true,1,
7290010002481,false,שום טחון 100 גרם,א.ל ייצור ושיווק תבלינים,IL,שום טחון,גרמים,100.00,100 גרם,false,0,10.20,10.20,true,1,
7290010003051,false,פפריקה הונגרית מתוקה400ג,א.ל ייצור ושיווק תבלינים,IL,פפריקה הונגרית,גרמים,400.00,100 גרם,false,0,26.90,6.73,true,1,
7290010003075,false,פפריקה מרוקאית מתוקה400ג,א.ל ייצור ושיווק תבלינים,IL,פפריקה מרוקאית,גרמים,400.00,100 גרם,false,0,26.90,6.73,true,1,
7290010003693,false,פפריקה מתוקה,,IL,פפריקה מתוקה,גרמים,80.00,100 גרם,false,0,7.80,9.75,true,1,
7290010003709,false,פלפל שחור טחון,,IL,פלפל שחור טחון,גרמים,50.00,100 גרם,false,0,10.00,20.00,true,1,
7290010003754,false,כמון טחון,,IL,כמון טחון,גרמים,50.00,100 גרם,false,0,7.80,15.60,true,1,
7290010003761,false,כורכום טחון,,IL,כורכום טחון,גרמים,80.00,100 גרם,false,0,7.80,9.75,true,1,
7290010003778,false,תיבול לעוף,,IL,תיבול לעוף,גרמים,80.00,100 גרם,false,0,7.80,9.75,true,1,
7290010023141,false,חל.לימונענע גן קסום25שק',ויסוצקי,IL,חליטת לימונענע,גרמים,55.00,100 גרם,false,0,17.60,32.00,true,1,
7290010049066,false,עוגיות קמח מלא 200 גרם,רוקחמן,IL,עוגיות מרמולייט,גרמים,200.00,100 גרם,false,0,17.00,8.50,true,1,
7290010049400,false,תח.רחצה פמילי פסיפלורה1ל,אינטרקוסמא,IL,תחליב רחצה פמי,ליטרים,1.00,ליטר,false,0,10.20,10.20,true,1,
7290010066513,false,טונה בשמן צמחי 158*4 גרם,תעשיות פילטונה,IL,טונה בשמן 4 יח,גרמים,632.00,100 גרם,false,0,24.90,3.94,true,1,
7290010066582,false,טונה בשמן קנולה 158*4 גר,תעשיות פילטונה,IL,טונה בשמן 4 יח,גרמים,632.00,100 גרם,false,0,25.90,4.10,true,1,
7290010068074,false,שעועית לבנה,,IL,שעועית לבנה,גרמים,500.00,100 גרם,false,0,12.90,2.58,true,1,
7290010068111,false,גריסי פנינה,,IL,גריסי פנינה,גרמים,500.00,100 גרם,false,0,7.60,1.52,true,1,
7290010068357,false,"אורז לבן פרסי 2 ק""ג",,IL,"אורז לבן פרסי 2 ק""ג",קילוגרמים,2.00,"ק""ג",false,0,24.90,12.45,true,1,
7290010068500,false,אורז פרסי,,IL,אורז פרסי,גרמים,1000.00,100 גרם,false,0,13.90,1.39,true,1,
7290010068852,false,אורז לבן יסמין,,IL,אורז לבן יסמין,קילוגרמים,1.00,"ק""ג",false,0,14.90,14.90,true,1,
7290010068876,false,גריסים,,IL,גריסים,קילוגרמים,1.00,"ק""ג",false,0,14.90,14.90,true,1,
7290010115938,false,פתיבר שוקו פריך עשיר500ג,עלית,IL,פתיבר שוקו,גרמים,500.00,100 גרם,false,0,10.00,2.00,true,1,
7290010116348,false,מיקס חטיפים מגדים 390 גר,שטראוס,IL,מיקס חטיפים מגדים 390 גר,גרמים,390.00,100 גרם,false,0,24.40,6.26,true,1,
7290010116355,false,מיני פסק זמן מגדים 400גר,עלית,IL,מיני פסק זמן,גרמים,400.00,100 גרם,false,0,24.40,6.10,true,1,
7290010116386,false,מיני מקופלת מגדים 400 גר,עלית,IL,מיני מקופלת,גרמים,400.00,100 גרם,false,0,24.40,6.10,true,1,
7290010116799,false,שוקוזיס משקה שוקו עלית1ק,עלית,IL,שוקוזיס עלית,קילוגרמים,1.00,"ק""ג",false,0,14.60,14.60,true,1,
7290010117864,false,דוריטוס בטעם חריף אש70גר,עלית,IL,דוריטוס בטעם חריף אש70גר,גרמים,70.00,100 גרם,false,0,3.40,4.86,true,1,
7290010118113,false,שוש 10 * 20 גרם,עלית,IL,מארז שוש 10 יח,גרמים,200.00,100 גרם,false,0,10.50,5.25,true,1,
7290010119240,false,תפוצ'יפס טבעי 12יח18Xגרם,שטראוס,IL,תפוצ'יפס טבעי 12יח18Xגרם,גרמים,216.00,100 גרם,false,0,16.60,7.69,true,1,
7290010129010,false,עוג.כתר במילוי ריבה 600ג,דולצ'ה ויטה,IL,עוג.כתר במילוי ריבה 600ג,גרמים,600.00,100 גרם,false,0,17.90,2.98,true,1,
7290010129027,false,עוגיות מרוקאיות 600 גרם,דולצ'ה ויטה,IL,עוגיות מרוקאיות 600 גרם,גרמים,600.00,100 גרם,false,0,17.90,2.98,true,1,
7290010129034,false,עוגיות שוקו ציפס 600 גרם,דולצ'ה ויטה,IL,עוגיות שוקו ציפס,גרמים,600.00,100 גרם,false,0,17.90,2.98,true,1,
7290010129041,false,עוגיות בטעמים שונים600גר,דולצ'ה ויטה,IL,עוגיות ריבה,גרמים,600.00,100 גרם,false,0,17.90,2.98,true,1,
7290010129065,false,עוג.מקלות עלים צרפתי600ג,דולצ'ה ויטה,IL,עוג.מקלות עלים צרפתי600ג,גרמים,600.00,100 גרם,false,0,17.90,2.98,true,1,
7290010129072,false,עוגיות סנדוויץ ריבה 600ג,דולצ'ה ויטה,IL,עוגיות סנדוויץ ריבה 600ג,גרמים,600.00,100 גרם,false,0,17.90,2.98,true,1,
7290010129126,false,דובשניות 600 גרם,דולצ'ה ויטה,,דובשניות 600 גרם,גרמים,600.00,100 גרם,false,0,13.70,2.28,true,1,
7290010129287,false,עוגיות גרנולה 600 גרם,דולצ'ה ויטה,IL,עוגיות גרנולה 600 גרם,גרמים,600.00,100 גרם,false,0,17.90,2.98,true,1,
7290010129300,false,עוגיות רייף מרוקאיות350ג,דולצ'ה ויטה,IL,עוגיות רייף מרוקאיות350ג,גרמים,350.00,100 גרם,false,0,16.10,4.60,true,1,
7290010129317,false,עוג.בצק עלים שטרודל600ג,דולצ'ה ויטה,IL,עוגיות שטרודל,גרמים,600.00,100 גרם,false,0,17.90,2.98,true,1,
7290010129324,false,עוגיות מעמול 600 גרם,דולצ'ה ויטה,IL,עוגיות מעמול 600 גרם,גרמים,600.00,100 גרם,false,0,17.90,2.98,true,1,
7290010129348,false,עוגיות שוקולד 600 גרם,דולצ'ה ויטה,IL,עוגיות שוקולד 600 גרם,גרמים,600.00,100 גרם,false,0,17.90,2.98,true,1,
7290010129355,false,עוגיות תמרים 600 גרם,דולצ'ה ויטה,IL,עוגיות תמרים 600 גרם,גרמים,600.00,100 גרם,false,0,17.90,2.98,true,1,
7290010129959,false,עוגיות שמרים 400 גרם,דולצ'ה ויטה,IL,עוגיות שמרים,גרמים,400.00,100 גרם,false,0,11.90,2.98,true,1,
7290010153503,false,שעועית ענק 400 גרם,מיה,IL,שעועית ענק,גרמים,400.00,100 גרם,false,0,8.10,2.03,true,1,
7290010153510,false,בורגול 500 גרם,מיה,IL,בורגול,גרמים,500.00,100 גרם,false,0,9.00,1.80,true,1,
7290010153527,false,ג'ריש 500 גרם,מיה,IL,ג'ריש,גרמים,500.00,100 גרם,false,0,8.40,1.68,true,1,
7290010153534,false,קמח תירס 400 גרם,מיה,IL,קמח תירס,גרמים,400.00,100 גרם,false,0,6.90,1.73,true,1,
7290010153541,false,שיבולת שועל קוואקר 500גר,מיה,IL,שיבולת שועל קוואקר 500גר,גרמים,500.00,100 גרם,false,0,10.10,2.02,true,1,
7290010153688,false,חומץ טבעי %5 1 ליטר,מיה,IL,חומץ טבעי %5 1 ליטר,מיליליטרים,1000.00,"100 מ""ל",false,0,7.60,0.76,true,1,
7290010153725,false,קונפיטורה דובדבן 340 גרם,מיה,IL,קונפיטורה דובדבן 340 גרם,גרמים,340.00,100 גרם,false,0,12.90,3.79,true,1,
7290010153763,false,חטיף קונוסים 50 גרם,מיה,IL,חטיף קונוסים,גרמים,50.00,100 גרם,false,0,3.60,7.20,true,1,
7290010153794,false,ציפוי שניצל+עש.תיבול500ג,מיה,IL,ציפוי לשניצל,גרמים,500.00,100 גרם,false,0,10.20,2.04,true,1,
7290010153800,false,ציפוי שניצל+תיב.עדין500ג,מיה,IL,ציפוי לשניצל,גרמים,500.00,100 גרם,false,0,10.20,2.04,true,1,
7290010153817,false,ריבת חלב 400 גרם,מיה,IL,ריבת חלב,גרמים,400.00,100 גרם,false,0,11.90,2.98,true,1,
7290010153862,false,פלפל שחור גרוס 80 גרם,מיה,IL,פלפל שחור גרוס 80 גרם,גרמים,80.00,100 גרם,false,0,11.90,14.88,true,1,
7290010153909,false,"אורז בסמטי הודי 1 ק""ג",מיה,IL,"אורז בסמטי הודי 1 ק""ג",קילוגרמים,1.00,"ק""ג",false,0,19.60,19.60,true,1,
7290010154012,false,לימון בלאדי 250 גרם,נטו,IL,לימון בלאדי 250 גרם,גרמים,250.00,100 גרם,false,0,14.50,5.80,true,1,
7290010154241,false,חזרת 250 גרם,נטו,IL,חזרת 250 גרם,גרמים,250.00,100 גרם,false,0,14.50,5.80,true,1,
7290010154265,false,פלפל צ'ומה ביטון 250 גרם,נטו,IL,פלפל צ'ומה ביטון 250 גרם,גרמים,250.00,100 גרם,false,0,14.50,5.80,true,1,
7290010154418,false,סחוג אדום 130 גרם,,IL,סחוג אדום 130 גרם,גרמים,130.00,100 גרם,false,0,9.90,7.62,true,1,
7290010154425,false,סחוג ירוק 130 גרם,,IL,סחוג ירוק 130 גרם,גרמים,130.00,100 גרם,false,0,9.90,7.62,true,1,
7290010175048,false,מיץ לימון משומר 1 ליטר,,IL,מיץ לימון משומר 1 ליטר,ליטרים,1.00,ליטר,false,0,5.00,5.00,true,1,
7290010175055,false,חומץ %5 1 ליטר,,IL,חומץ %5 1 ליטר,ליטרים,1.00,ליטר,false,0,3.90,3.90,true,1,
7290010175291,false,קקאו הולנדי 500 גרם,,IL,קקאו הולנדי 500 גרם,גרמים,500.00,100 גרם,false,0,16.90,3.38,true,1,
7290010175628,false,דגנים סוכר חום/קינמון400,,IL,דגנים סוכר חום/קינמון400,גרמים,400.00,100 גרם,false,0,10.60,2.65,true,1,
7290010175659,false,על הבוקר טבעות פירות400ג,,IL,על הבוקר טבעות פירות400ג,גרמים,400.00,100 גרם,false,0,10.60,2.65,true,1,
7290010175666,false,על הבוקר שוקו 500 גרם,,IL,על הבוקר שוקו 500 גרם,גרמים,500.00,100 גרם,false,0,10.60,2.12,true,1,
7290010175826,false,חמאת בוטנ+שברי בוטנים510,,AR,חמאת בוטנ+שברי בוטנים510,גרמים,510.00,100 גרם,false,0,13.90,2.73,true,1,
7290010175857,false,לבבות דקל פרוס 400 גרם,טעמן,EC,לבבות דקל פרוס,גרמים,400.00,100 גרם,false,0,9.70,2.43,true,1,
7290010176014,false,מיץ לימון סחוט טרי 1ליטר,,IT,מיץ לימון סחוט טרי 1ליטר,ליטרים,1.00,ליטר,false,0,15.50,15.50,true,1,
7290010176212,false,נודלס בטעם עוף 65 גרם,,CN,נודלס בטעם עוף 65 גרם,גרמים,65.00,100 גרם,false,0,3.90,6.00,true,1,
7290010176229,false,נודלס בטעם בקר 65 גרם,,CN,נודלס בטעם בקר 65 גרם,גרמים,65.00,100 גרם,false,0,3.90,6.00,true,1,
7290010176236,false,נודלס בטעם ירקות 65 גרם,,CN,נודלס בטעם ירקות 65 גרם,גרמים,65.00,100 גרם,false,0,3.90,6.00,true,1,
7290010176243,false,נודלס בטעם פיקנטי 65 גרם,,CN,נודלס בטעם פיקנטי 65 גרם,גרמים,65.00,100 גרם,false,0,3.90,6.00,true,1,
7290010196678,false,קוקי שקיות אפיה ענק 10יח,ש.שסטוביץ,IL,קוקי שקיות אפיה ענק 10יח,יחידה,1.00,יחידה,false,0,20.80,20.80,true,1,
7290010199891,false,אל סבון סטייל תה אדום500,,IL,אל סבון סטייל תה אדום500,מיליליטרים,500.00,"100 מ""ל",false,0,10.30,2.06,true,1,
7290010199907,false,אל סבון סטייל,,IL,אל סבון סטייל,מיליליטרים,500.00,"100 מ""ל",false,0,10.30,2.06,true,1,
7290010237531,false,"פפסי בקבוק 500 מ""ל",,IL,"פפסי בקבוק 500 מ""ל",מיליליטרים,500.00,"100 מ""ל",false,0,4.30,0.86,true,1,
7290010237548,false,"פפסי מקס בקבוק 500 מ""ל",,,"פפסי מקס בקבוק 500 מ""ל",מיליליטרים,500.00,"100 מ""ל",false,0,4.30,0.86,true,1,
7290010237562,false,"מירינדה בקבוק 500 מ""ל",,,"מירינדה בקבוק 500 מ""ל",מיליליטרים,500.00,"100 מ""ל",false,0,4.30,0.86,true,1,
7290010237579,false,"סבנ אפ בקבוק 500 מ""ל",,,"סבנ אפ בקבוק 500 מ""ל",מיליליטרים,500.00,"100 מ""ל",false,0,4.30,0.86,true,1,
7290010237586,false,"סבנ אפ דיאט בקבוק500 מ""ל",,,"סבנ אפ דיאט בקבוק500 מ""ל",מיליליטרים,500.00,"100 מ""ל",false,0,4.30,0.86,true,1,
7290010237623,false,בירה נשר מאלט 1.5 ליטר,טמפו,IL,נשר מאלט,ליטרים,1.50,ליטר,false,0,7.90,5.27,true,1,
7290010237630,false,בירה נשר מאלט דיאט 1.5 ל,טמפו,IL,נשר מאלט דיאט,ליטרים,1.50,ליטר,false,0,7.90,5.27,true,1,
7290010237692,false,"בירה הייניקן 250*6 מ""ל",היינקן,IL,"בירה הייניקן 250*6 מ""ל",ליטרים,1.50,ליטר,false,0,42.90,28.60,true,1,
7290010237753,false,בירה נשר מאלט 4 * 1.5 לי,טמפו,IL,נשר מאלט 4 יח,ליטרים,6.00,ליטר,false,0,28.00,4.67,true,1,
7290010237760,false,בירה נשר מאלט דיאט1.5*4ל,טמפו,IL,4 נשר מאלט דיאט,ליטרים,6.00,ליטר,false,0,28.00,4.67,true,1,
7290010237784,false,"מכבי שנדי ליים 330*6 מ""ל",טמפו,IL,מכבי שנדי 6 יח,ליטרים,1.98,ליטר,false,0,35.90,18.13,true,1,
7290010237890,false,בירה הייניקן בק.חוזר500מ,היינקן,IL,בירה הייניקן בק.חוזר500מ,מיליליטרים,500.00,"100 מ""ל",false,0,9.80,1.96,true,1,
7290010259007,false,בישקוטים,,PT,בישקוטים,גרמים,200.00,100 גרם,false,0,7.80,3.90,true,1,
7290010259038,false,לורפק ממרח עשיר בחמאה500,,DK,לורפק ממרח עשיר בחמאה500,גרמים,500.00,100 גרם,false,0,29.00,5.80,true,1,
7290010259045,false,לורפק לייט ממרח חמאה250ג,,DK,לורפק לייט ממרח חמאה250ג,גרמים,250.00,100 גרם,false,0,20.60,8.24,true,1,
7290010259823,false,מנת השף נודלס,,IL,מנת השף נודלס,גרמים,70.00,100 גרם,false,0,4.60,6.57,true,1,
7290010259892,false,מרגרינה,,IL,מרגרינה,גרמים,200.00,100 גרם,false,0,3.90,1.95,true,1,
7290010328246,false,טחינה משומשום מלא 500 גר,"אחדות ביח""ר לטחינה",IL,טחינה שומשום מלא,גרמים,500.00,100 גרם,false,0,14.90,2.98,true,1,
7290010328253,false,טחינה משומשום טבעי 500גר,"אחדות בע""מ א.ת. ברקן",IL,טחינה טבעי,גרמים,500.00,100 גרם,false,0,11.00,2.20,true,1,
7290010328345,false,חטיף חלווה 50 גרם,"אחדות ביח""ר לטחינה",IL,חטיף חלווה,גרמים,50.00,100 גרם,false,0,1.90,3.80,true,1,
7290010328499,false,טחינה עם 55% שומשום מלא,אחדות,IL,טחינה,גרמים,500.00,100 גרם,false,1,11.90,2.38,true,1,
7290010328505,false,"מיני חלווה ללת""ס סוכר15י","אחדות בע""מ א.ת. ברקן",IL,"מיני חלווה ללת""ס סוכר15י",גרמים,205.00,100 גרם,false,0,12.90,6.29,true,1,
7290010328598,false,אצבעות חלווה וניל 7 יחיד,"אחדות ביח""ר לטחינה",IL,אצבעות חלווה וניל 7 יחיד,גרמים,126.00,100 גרם,false,0,9.90,7.86,true,1,
7290010328604,false,אצבעות חלווה פיסטוק 7 יח,"אחדות ביח""ר לטחינה",IL,אצבעות חלווה פיסטוק 7 יח,גרמים,126.00,100 גרם,false,0,9.90,7.86,true,1,
7290010329984,false,שוק. צ'יפס מריר60% 250ג,כרמית,IL,שוק. צ'יפס מריר60% 250ג,גרמים,250.00,100 גרם,false,0,14.60,5.84,true,1,
7290010332649,false,אולוייז חוטיני 2 יח36Xיח,פרוקטר & גמבל,DE,אולוייז חוטיני,יחידה,1.00,יחידה,false,0,26.00,26.00,true,1,
7290010378500,false,סופטקר שמפו אל דמע 1ליטר,נקה,IL,שמפו לתינוק,ליטרים,1.00,ליטר,false,0,20.60,20.60,true,1,
7290010378517,false,תחליב לחות רחצה סופטקר1ל,נקה,IL,תחליב לחות לרחצה,ליטרים,1.00,ליטר,false,0,20.60,20.60,true,1,
7290010417315,false,"גולן מרלו 750 מ""ל",יקבי רמת הגולן קצרין,IL,"גולן מרלו 750 מ""ל",מיליליטרים,750.00,"100 מ""ל",false,0,37.90,5.05,true,1,
7290010429295,false,מעדן פרי מישמש100% 250ג,שטראוס,IL,מעדן פרי מישמש100% 250ג,גרמים,250.00,100 גרם,false,0,15.00,6.00,true,1,
7290010429301,false,מעדן תות 100%פרי 250 גרם,יד מרדכי,IL,מעדן תות,גרמים,250.00,100 גרם,false,0,15.00,6.00,true,1,
7290010471669,false,דנונה בר תות קורנפ175.גר,שטראוס,IL,דנונה בר תות,גרמים,175.00,100 גרם,false,0,5.30,3.03,true,1,
7290010472390,false,דני שוקולד 125*8גרם,שטראוס,IL,דני שוקולד 8 יח',קילוגרמים,1.00,"ק""ג",false,0,14.90,14.90,true,1,
7290010569038,false,גלידה משפחתית 5 טעמים,שטראוס,IL,גלידה משפחתית 5 טעמים,ליטרים,2.00,ליטר,false,0,24.40,12.20,true,1,
7290010569069,false,גלידה משפ' 3טעמים פרווה,שטראוס,IL,גלידה משפ' 3טעמים פרווה,ליטרים,2.00,ליטר,false,0,24.40,12.20,true,1,
7290010609079,false,טרופיקש 10 יח,,IL,טרופיקש 10 יח,ליטרים,2.00,ליטר,false,0,10.00,5.00,true,1,
7290010609864,false,טרופיקס משקה ענבים 40 יח,דודו הדיל,IL,טרופיקס,יחידה,1.00,יחידה,false,1,23.90,23.90,true,1,
7290010617104,false,מהדקי כביסה,,IL,מהדקי כביסה,יחידה,1.00,יחידה,false,0,5.40,5.40,true,1,
7290010617111,false,"אציטון 100 מ""ל",,IL,"אציטון 100 מ""ל",מיליליטרים,100.00,"100 מ""ל",false,0,3.10,3.10,true,1,
7290010617241,false,מוצץ פרח זוג בינוני,אריסטוקרט,TH,מוצץ פרח זוג בינוני,יחידה,1.00,יחידה,false,0,18.30,18.30,true,1,
7290010617258,false,מוצץ פרח זוג קטן,אריסטוקרט,TH,מוצץ פרח זוג קטן,יחידה,1.00,יחידה,false,0,18.30,18.30,true,1,
7290010617333,false,מארז כוסות קש 3 יחידות,אריסטוקרט,IL,מארז כוסות קש 3 יחידות,יחידה,1.00,יחידה,false,0,6.20,6.20,true,1,
7290010617555,false,כוס אימון מהפכנית,אריסטוקרט,IL,כוס אימון מהפכנית,יחידה,1.00,יחידה,false,0,12.99,12.99,true,1,
7290010617913,false,"בקבוק רחב לתינוק 260 מ""ל",אריסטוקרט,TH,"בקבוק רחב לתינוק 260 מ""ל",יחידה,1.00,יחידה,false,0,18.10,18.10,true,1,
7290010632787,false,צימרוני אוזניים מעץ300יח,L.Y.Q.TRADI,CN,צימרוני אוזניים מעץ300יח,יחידה,1.00,יחידה,false,0,3.90,3.90,true,1,
7290010711253,false,מטליות לניקוי כללי מיקרו,,CN,מטליות לניקוי כללי מיקרו,יחידה,1.00,יחידה,false,0,10.00,10.00,true,1,
7290010740512,false,שניצל דק מהצומח ביתי 700,טבעול,IL,שניצל דק ביתי,גרמים,700.00,100 גרם,false,0,37.30,5.33,true,1,
7290010748518,false,"שמפו סרקל פורטה 750 מ""ל",פישר מעבדות פרמצבטיות,IL,שמפו סרקל פורטה,מיליליטרים,750.00,"100 מ""ל",false,0,25.40,3.39,true,1,
7290010748525,false,"מרכך סרקל פורטה 750 מ""ל",פישר מעבדות פרמצבטיות,IL,מרכך סרקל פורטה,מיליליטרים,750.00,"100 מ""ל",false,0,25.40,3.39,true,1,
7290010748860,false,ק.ידיים אפקטיב קר יבש150,פישר מעבדות פרמצבטיות,IL,קרם ידיים,מיליליטרים,150.00,"100 מ""ל",false,0,13.00,8.67,true,1,
7290010759323,false,עוגיות מרוקאיות שקד 700ג,,,עוגיות מרוקאיות שקד 700ג,גרמים,700.00,100 גרם,false,0,13.90,1.99,true,1,
7290010760947,false,עוגיות שקד בדלי 600 גרם,,IL,עוגיות שקד בדלי 600 גרם,גרמים,600.00,100 גרם,false,0,13.90,2.32,true,1,
7290010766734,false,רוטב פיצה אוליביה 430גרם,אוליביה,IL,רוטב פיצה,גרמים,430.00,100 גרם,false,0,13.00,3.02,true,1,
7290010814244,false,שוקולד מריר אגו 100*3 גר,כרמית,IL,שוקולד מריר 3יח',גרמים,300.00,100 גרם,false,0,12.70,4.23,true,1,
7290010814275,false,צימקאו לציפוי ואפיה 400ג,כרמית,IL,צימאקו לאפיה,גרמים,400.00,100 גרם,false,0,11.10,2.78,true,1,
7290010838424,false,"טואלט דאק ירוק 750*2 מ""ל",ג'ונסון,NL,טואלט דאק זוג,ליטרים,1.50,ליטר,false,0,22.10,14.73,true,1,
7290010838431,false,"טואלט דאק כחול 750*2מ""ל",ג'ונסון,NL,טואלט דאק זוג,ליטרים,1.50,ליטר,false,0,22.10,14.73,true,1,
7290010838806,false,סב.נוזלי פמילי תות 500X3,אברנסל קוסמטיקס,TR,סב.נוזלי פמילי,ליטרים,1.50,ליטר,false,0,13.90,9.27,true,1,
7290010839865,false,רוטב רימונים,,IL,רוטב רימונים,גרמים,320.00,100 גרם,false,0,12.00,3.75,true,1,
7290010883042,false,סנובון נוזלי רענן 750 מל,סנו,IL,סנובון נוזלי,מיליליטרים,750.00,"100 מ""ל",false,0,12.40,1.65,true,1,
7290010883356,false,סנו סושי כפפות אלוורה XL,סנו,IL,סנו סושי כפפות,יחידה,1.00,יחידה,false,0,11.50,11.50,true,1,
7290010883370,false,סנו סושי כפפות אלוורה M,סנו,,סנו סוש כפפות,יחידה,1.00,יחידה,false,0,11.50,11.50,true,1,
7290010931330,false,סלט מטבוחה 500 גרם,שטראוס,IL,סלט מטבוחה 500 גרם,גרמים,500.00,100 גרם,false,0,14.20,2.84,true,1,
7290010945146,false,קוטג' 3%מועשר בסידן 250ג,טרה,IL,קוטג' 3% מועשר,גרמים,250.00,100 גרם,false,0,5.80,2.32,true,1,
7290010945306,false,חלב 3% בקרטון 2 ליטר,טרה,IL,חלב 3% בקרטון 2 ליטר,ליטרים,2.00,ליטר,false,0,11.40,5.70,true,1,
7290010945450,false,גבינה לבנה 3% 250 גרם,טרה,IL,גבינה לבנה3%,גרמים,250.00,100 גרם,false,0,5.30,2.12,true,1,
7290011015602,false,"סירופ דיאט רימון 750 מ""ל",,,"סירופ דיאט רימון 750 מ""ל",מיליליטרים,750.00,"100 מ""ל",false,0,18.30,2.44,true,1,
7290011015862,false,סירופ דיאט לימונענע750מל,פריגת,IL,סירופ דיאט לימונענע750מל,מיליליטרים,750.00,"100 מ""ל",false,0,18.30,2.44,true,1,
7290011017606,false,פאנטה לימונדה 1.5 ליטר,החברה המרכזית לייצור משקאות,IL,פאנטה לימונדה,ליטרים,1.50,ליטר,false,0,6.90,4.60,true,1,
7290011017866,false,"סליק קוקה קולה 330מ""ל",החברה המרכזית לייצור משקאות,IL,קוקה קולה סליק,מיליליטרים,330.00,"100 מ""ל",false,0,5.90,1.79,true,1,
7290011017873,false,"סליק קוקה זירו 330 מ""ל",החברה המרכזית לייצור משקאות,IL,קוקה זירו,מיליליטרים,330.00,"100 מ""ל",false,0,5.90,1.79,true,1,
7290011017880,false,סליק קוקה קולה דיאט330מ,החברה המרכזית לייצור משקאות,IL,קוקה קולה דיאט,מיליליטרים,330.00,"100 מ""ל",false,0,5.90,1.79,true,1,
7290011018252,false,תה מנגו אננס,,IL,תה מנגו אננס,ליטרים,1.50,ליטר,false,0,7.50,5.00,true,1,
7290011018283,false,פיוז תה אפרסק,,IL,פיוז תה אפרסק,ליטרים,1.50,ליטר,false,0,7.50,5.00,true,1,
7290011018306,false,תה אפרסק דיאט,,IL,תה אפרסק דיאט,ליטרים,1.50,ליטר,false,0,7.50,5.00,true,1,
7290011018313,false,תה אפרסק 4 יח',,IL,תה אפרסק 4 יח',ליטרים,6.00,ליטר,false,0,30.00,5.00,true,1,
7290011018443,false,"סליק פאנטה אורנג' 330מ""ל",החברה המרכזית לייצור משקאות,IL,פאנטה אורנג',מיליליטרים,330.00,"100 מ""ל",false,0,5.90,1.79,true,1,
7290011018580,false,פיוז טי ענבים,,IL,פיוז טי ענבים,ליטרים,1.50,ליטר,false,0,7.50,5.00,true,1,
7290011051136,false,שוופס סודה 1.5*4 ליטר,יפאורה שותפות מובגלת לשיווק,IL,שוופס סודה 1.5*4 ליטר,ליטרים,6.00,ליטר,false,0,10.50,1.75,true,1,
7290011051297,false,שוופס סודה לימון 1.5ליטר,יפאורה שותפות מובגלת לשיווק,IL,שוופס סודה לימון,ליטרים,1.50,ליטר,false,0,3.30,2.20,true,1,
7290011051327,false,קריסטל אשכוליות מוגז 2ל',יפאורה שותפות מובגלת לשיווק,IL,קריסטל אשכוליות מוגז 2ל',ליטרים,2.00,ליטר,false,0,3.50,1.75,true,1,
7290011051341,false,שוופס סודה לימון 1.5*4 ל,יפאורה שותפות מובגלת לשיווק,IL,שוופס סודה לימון 1.5*4 ל,ליטרים,6.00,ליטר,false,0,10.50,1.75,true,1,
7290011051372,false,שוופס תפוח ליים מוגז1.5ל,יפאורה שותפות מובגלת לשיווק,IL,שוופס תפוח ליים מוגז1.5ל,ליטרים,1.50,ליטר,false,0,6.80,4.53,true,1,
7290011051389,false,שוופס פירות יער מוגז1.5ל,יפאורה שותפות מובגלת לשיווק,IL,שוופס פירות יער מוגז1.5ל,ליטרים,1.50,ליטר,false,0,6.80,4.53,true,1,
7290011051396,false,שוופס אפרסק מוגז 1.5ליטר,יפאורה שותפות מובגלת לשיווק,IL,שוופס אפרסק מוגז 1.5ליטר,ליטרים,1.50,ליטר,false,0,6.80,4.53,true,1,
7290011051488,false,תה ספרינג אפרסק 1.5 ליטר,יפאורה שותפות מובגלת לשיווק,IL,ספרינג תה אפרסק,ליטרים,1.50,ליטר,false,0,6.20,4.13,true,1,
7290011051495,false,תה ספרינג ירוק לימון1.5ל,יפאורה שותפות מובגלת לשיווק,IL,תה ספרינג ירוק לימון1.5ל,ליטרים,1.50,ליטר,false,0,6.20,4.13,true,1,
7290011051518,false,תה ספרינג דיאט אפרסק1.5ל,יפאורה שותפות מובגלת לשיווק,IL,תה ספרינג דיאט אפרסק1.5ל,ליטרים,1.50,ליטר,false,0,6.20,4.13,true,1,
7290011051655,false,שוופס ריזלינג מוגז 1.5ל',יפאורה שותפות מובגלת לשיווק,IL,שוופס ריזלינג מוגז 1.5ל',ליטרים,1.50,ליטר,false,0,6.80,4.53,true,1,
7290011051785,false,קריסטל דיאט אשכול.מוגז2ל,יפאורה שותפות מובגלת לשיווק,IL,קריסטל דיאט אשכול.מוגז2ל,ליטרים,2.00,ליטר,false,0,3.50,1.75,true,1,
7290011051938,false,תפוזינה תפוח רענן 1.5 ל',יפאורה שותפות מובגלת לשיווק,IL,תפוזינה תפוח,ליטרים,1.50,ליטר,false,0,5.90,3.93,true,1,
7290011051976,false,R.C FREE 1.5 ליטר,יפאורה שותפות מובגלת לשיווק,IL,R.C FREE,ליטרים,1.50,ליטר,false,0,4.40,2.93,true,1,
7290011051990,false,RC FREE מארז 1.5*6 ל',יפאורה שותפות מובגלת לשיווק,IL,RC FREE מארז 1.5*6 ל',ליטרים,9.00,ליטר,false,0,25.50,2.83,true,1,
7290011081256,false,גלידה משפחתית 4טעמים,שטראוס,IL,גלידה משפחתית 4טעמים,ליטרים,2.00,ליטר,false,0,24.40,12.20,true,1,
7290011081492,false,קרמיסימו שלושה שוקולדים,שטראוס,IL,קרמיסימו שלושה שוקולדים,ליטרים,1.33,ליטר,false,0,19.90,14.96,true,1,
7290011115166,false,תחליב רחצה נקה7 לבנדר1ל,אמיליה קוסמטיקס,IL,תחליב רחצה נקה 7,ליטרים,1.00,ליטר,false,0,14.90,14.90,true,1,
7290011115173,false,תחליב רחצה נקה7 וניל 1 ל,אמיליה קוסמטיקס,IL,תחליב רחצה נקה 7,ליטרים,1.00,ליטר,false,0,14.90,14.90,true,1,
7290011115203,false,סבון נקה 7 לילך 100X4גר,נקה,,סבון נקה 4X 7,גרמים,400.00,100 גרם,false,0,12.90,3.23,true,1,
7290011115418,false,נוזל כלים נקה לימון 1.5,נקה,IL,נוזל כלים לימון,ליטרים,1.50,ליטר,false,0,14.20,9.47,true,1,
7290011126209,false,גן קסום תפוח+קינמון 25שק,ויסוצקי,IL,חליטת תפוח קנמון,גרמים,67.00,100 גרם,false,0,17.60,26.27,true,1,
7290011126346,false,ניחוח.גליל לימ/לואיזה25ש,ויסוצקי,IL,ניחוח.גליל לימ/לואיזה25ש,גרמים,55.00,100 גרם,false,0,14.40,26.18,true,1,
7290011126469,false,חל.קמומיל+דבש גן קסום25ש,ויסוצקי,IL,חליטת קמומיל+דבש,גרמים,37.00,100 גרם,false,0,17.60,47.57,true,1,
7290011126483,false,תה לורד גריי 25 שק1.5Xגר,ויסוצקי,IL,תה לורד גריי 25 שק1.5Xגר,גרמים,37.00,100 גרם,false,0,14.70,39.73,true,1,
7290011126490,false,תה רויאל גריי 25 שק1.7Xג,ויסוצקי,IL,תה רויאל גריי,גרמים,42.00,100 גרם,false,0,14.70,35.00,true,1,
7290011126957,false,תה ירוק ארל גריי25שק1.5X,ויסוצקי,IL,תה ירוק ארל גריי,גרמים,37.00,100 גרם,false,0,26.90,72.70,true,1,
7290011154134,false,סילאן דבש תמרים צנצנת900,,IL,סילאן דבש תמרים צנצנת900,גרמים,900.00,100 גרם,false,0,15.20,1.69,true,1,
7290011154301,false,ממרח תמרים 450 גרם,,,ממרח תמרים 450 גרם,גרמים,450.00,100 גרם,false,0,6.00,1.33,true,1,
7290011164546,false,"סוכ"".זיס""טופי חמצמץ600גר",,BR,"סוכ"".זיס""טופי חמצמץ600גר",גרמים,600.00,100 גרם,false,0,19.10,3.18,true,1,
7290011164980,false,לקקן ממולא טופי34יח18X'ג,,BR,לקקן ממולא טופי34יח18X'ג,גרמים,612.00,100 גרם,false,0,19.20,3.14,true,1,
7290011174118,false,חומוס גרגירים ויטה 580גר,פרי גליל,IL,חומוס גרגירים,גרמים,580.00,100 גרם,false,0,7.20,1.24,true,1,
7290011174187,false,אפונה גינה ויטה 580 גרם,פרי גליל,IL,אפונה גינה,גרמים,580.00,100 גרם,false,0,6.90,1.19,true,1,
7290011174194,false,אפונה גינה וגזר ויטה550ג,פרי גליל,IL,אפונה וגזר,גרמים,550.00,100 גרם,false,0,7.20,1.31,true,1,
7290011194246,false,קוטג' 5% שומן 250 גרם,שטראוס,IL,קוטג' 5% שומן 250 גרם,גרמים,250.00,100 גרם,false,0,5.80,2.32,true,1,
7290011194291,false,דנונה דיאט קפוצינו 150גר,שטראוס,IL,דנונה דיאט 0%,גרמים,150.00,100 גרם,false,0,4.80,3.20,true,1,
7290011202873,false,סודה לשתיה 800 גרם,דרומה,IL,סודה לשתיה 800 גרם,גרמים,800.00,100 גרם,false,0,11.90,1.49,true,1,
7290011202897,false,אבקת שום 300 גרם,דרומה,IL,אבקת שום 300 גרם,גרמים,300.00,100 גרם,false,0,11.90,3.97,true,1,
7290011223229,false,"טואלט דאק ג'ל רענן 55מ""ל",DEOFLOR,GB,דאק ג'ל טל רענן,מיליליטרים,55.00,"100 מ""ל",false,0,13.50,24.55,true,1,
7290011223243,false,טואלט דאק ג'ל לבנדר 55מל,DEOFLOR,GB,דאק ג'ל נוזלי,מיליליטרים,55.00,"100 מ""ל",false,0,13.50,24.55,true,1,
7290011223786,false,סבון פמילי מעורב3 * 500מ,אברנסל קוסמטיקס,IL,סבון פמילי,ליטרים,1.50,ליטר,false,0,13.90,9.27,true,1,
7290011240332,false,יין תירוש ענבים אדום 1ל',יקבי ציון,IL,יין תירוש ענבים אדום 1ל',ליטרים,1.00,ליטר,false,0,17.90,17.90,true,1,
7290011240349,false,יין תירוש ענבים לבן 1 ל',יקבי ציון,IL,יין תירוש ענבים לבן 1 ל',ליטרים,1.00,ליטר,false,0,17.90,17.90,true,1,
7290011240363,false,אמרלד ריזלינג דולב 750 מ,יקבי ציון,IL,אמרלד ריזלינג דולב 750 מ,מיליליטרים,750.00,"100 מ""ל",false,0,27.80,3.71,true,1,
7290011240394,false,"יין דולב מוסקט 750 מ""ל",יקבי ציון,IL,"יין דולב מוסקט 750 מ""ל",מיליליטרים,750.00,"100 מ""ל",false,0,27.80,3.71,true,1,
7290011240417,false,"ין מרלו דולב 750 מ""ל",יקבי ציון,IL,"ין מרלו דולב 750 מ""ל",מיליליטרים,750.00,"100 מ""ל",false,0,27.80,3.71,true,1,
7290011240431,false,"יין אדום יבש דולב 750מ""ל",יקבי ציון,IL,"יין אדום יבש דולב 750מ""ל",מיליליטרים,750.00,"100 מ""ל",false,0,27.80,3.71,true,1,
7290011240905,false,"מוסקטו לבן 750 מ""ל",יקבי ציון,IL,"מוסקטו לבן 750 מ""ל",מיליליטרים,750.00,"100 מ""ל",false,0,34.30,4.57,true,1,
7290011249267,false,וופל בלגי ללא סוכר 200גר,,IL,וופל בלגי ללא סוכר 200גר,גרמים,200.00,100 גרם,false,0,8.80,4.40,true,1,
7290011249427,false,וופלת בלגי מצופה,,,וופלת בלגי מצופה,גרמים,400.00,100 גרם,false,0,9.90,2.48,true,1,
7290011249748,false,רולים שוקולד,,IL,רולים שוקולד,גרמים,100.00,100 גרם,false,0,3.90,3.90,true,1,
7290011249939,false,וופל קלאסי אישי 30יח,גילרו,IL,וופל קלאסי30יח,יחידה,1.00,יחידה,false,1,8.90,8.90,true,1,
7290011254018,false,שעועית מש 500 גרם,מיה,IL,שעועית מש,גרמים,500.00,100 גרם,false,0,11.90,2.38,true,1,
7290011254063,false,עדשים שחורים 500 גרם,מיה,IL,עדשים שחורים,גרמים,500.00,100 גרם,false,0,11.50,2.30,true,1,
7290011254070,false,פלפל שחור שקית 50 גרם,מיה,IL,פלפל שחור שקית,גרמים,50.00,100 גרם,false,0,7.90,15.80,true,1,
7290011254087,false,קינמון שקית 80 גרם,מיה,IL,קינמון שקית 80 גרם,גרמים,80.00,100 גרם,false,0,4.90,6.13,true,1,
7290011254094,false,כמון בשקית 80 גרם,מיה,IL,כמון בשקית,גרמים,80.00,100 גרם,false,0,3.90,4.88,true,1,
7290011254100,false,כרכום שקית 80 גרם,מיה,IL,כרכום שקית 80 גרם,גרמים,80.00,100 גרם,false,0,4.90,6.13,true,1,
7290011254124,false,פפריקה חריפה בשקית 80 גר,מיה,IL,פפריקה חריפה בשקית 80 גר,גרמים,80.00,100 גרם,false,0,4.90,6.13,true,1,
7290011254247,false,תן צאפ בטעם ברביקי15X8ג,מיה,IL,תן צאפ בטעם ברביקי15X8ג,גרמים,120.00,100 גרם,false,0,11.20,9.33,true,1,
7290011254407,false,סוכריות טעם פירות 200גרם,מיה,IL,סוכריות טעם פירות 200גרם,גרמים,200.00,100 גרם,false,0,8.30,4.15,true,1,
7290011254476,false,סוכ.ללא סוכר תפוח/דוב80.,מיה,IL,סוכ.ללא סוכר תפוח/דוב80.,גרמים,80.00,100 גרם,false,0,5.80,7.25,true,1,
7290011254483,false,סוכ.ללא סוכר אפרסק 80 גר,מיה,IL,סוכ.ללא סוכר אפרסק 80 גר,גרמים,80.00,100 גרם,false,0,5.80,7.25,true,1,
7290011254582,false,חמוציות 150 גרם,מיה,IL,חמוציות 150 גרם,גרמים,150.00,100 גרם,false,0,7.90,5.27,true,1,
7290011254698,false,"שמן זית 750 מ""ל",מיה,IL,"שמן זית 750 מ""ל",מיליליטרים,750.00,"100 מ""ל",false,0,34.90,4.65,true,1,
7290011254766,false,שעועית לוביה 400 גרם,מיה,IL,שעועית לוביה,גרמים,400.00,100 גרם,false,0,11.90,2.98,true,1,
7290011254780,false,"שעועית ארגנטינאית 1 ק""ג",מיה,IL,"שעועית 1 ק""ג",קילוגרמים,1.00,"ק""ג",false,0,22.70,22.70,true,1,
7290011308117,false,קרקר 6 דגנים 200 גרם,אפיפית,IL,קרקר 6 דגנים,גרמים,200.00,100 גרם,false,0,7.40,3.70,true,1,
7290011308681,false,קרקר שום ועשבי תיבול285ג,אפיפית,IL,קרקר עשבי תיבול,גרמים,285.00,100 גרם,false,0,11.30,3.96,true,1,
7290011308780,false,בייגלה טבעות שומשום300גר,יוניליוור,IL,בייגלה טבעות,גרמים,300.00,100 גרם,false,0,10.90,3.63,true,1,
7290011349288,false,שניצל דק בטעם חריף D700,טבעול,IL,שניצל דק צ'ילי,גרמים,700.00,100 גרם,false,0,37.30,5.33,true,1,
7290011372002,false,בדי בדיקה יהודית,אריסטוקרט,IL,בדי בדיקה,יחידה,1.00,יחידה,false,0,9.50,9.50,true,1,
7290011372774,false,"בדי בדיקה בית יעקב בד""צ",,IL,"בדי בדיקה בית יעקב בד""צ",יחידה,1.00,יחידה,false,0,8.10,8.10,true,1,
7290011378028,false,חלבה ללא סוכר שומ.מלא350,רושדי תעשיות מזון,IL,חלבה ללא סוכר,גרמים,350.00,100 גרם,false,0,14.90,4.26,true,1,
7290011378769,false,חטיפי חלבה וניל 7יח18*גר,רושדי תעשיות מזון,IL,חטיפי חלבה 7 יח,גרמים,126.00,100 גרם,false,0,13.90,11.03,true,1,
7290011379018,false,פטריות מארז משפחתי יח',מרינה,IL,פטריות מארז משפחתי יח',יחידה,1.00,יחידה,false,0,17.90,17.90,true,1,
7290011447014,false,דייסת סלט פירות 200 גרם,נסטלה,IL,דייסת מטרנה,גרמים,200.00,100 גרם,false,0,14.20,7.10,true,1,
7290011447120,false,מטרנה מהדרין ללא שלב700ג,נסטלה,IL,מטרנה מהדרין,גרמים,700.00,100 גרם,false,0,53.70,7.67,true,1,
7290011447304,false,מטרנה חלבי שלב 3 700ג,נסטלה,IL,מטרנה חלבי שלב 3,גרמים,700.00,100 גרם,false,0,54.90,7.84,true,1,
7290011447359,false,מטרנה מהדרין שלב 1 700גר,נסטלה,IL,מטרנה מהדרין,גרמים,700.00,100 גרם,false,0,52.90,7.56,true,1,
7290011447373,false,מטרנה מהדרין שלב 2 700גר,נסטלה,IL,מטרנה מהדרין,גרמים,700.00,100 גרם,false,0,52.90,7.56,true,1,
7290011468002,false,טחינה גולמית הנסיך500גרם,הנסיך,IL,טחינה גולמית הנסיך500גרם,גרמים,500.00,100 גרם,false,0,16.70,3.34,true,1,
7290011468026,false,טחינה נסיך שומשום מלא500,הנסיך,IL,טחינה הנסיך,גרמים,500.00,100 גרם,false,0,16.70,3.34,true,1,
7290011468057,false,"טחינה גולמית הנסיך 1 ק""ג",הנסיך,IL,טחינה גולמית,קילוגרמים,1.00,"ק""ג",false,0,27.50,27.50,true,1,
7290011486594,false,מרשמלו וורוד לבן 180 גרם,כרמית,IL,מרשמלו לבן,גרמים,180.00,100 גרם,false,0,8.60,4.78,true,1,
7290011486617,false,מרשמלו תות בננה 180 גרם,כרמית,IL,מרשמלו תות בננה,גרמים,180.00,100 גרם,false,0,8.60,4.78,true,1,
7290011489533,false,בייגלה עם מלח 300 גרם,מגדנית הדר,IL,בייגלה עם מלח 300 גרם,גרמים,300.00,100 גרם,false,0,5.90,1.97,true,1,
7290011489694,false,פירורי בסקוויט וניל300ג,מגדנית הדר,IL,פירורי בסקוויט וניל300ג,גרמים,300.00,100 גרם,false,0,6.90,2.30,true,1,
7290011499105,false,גבינה בולגרית 5% 250 גרם,מחלבות גד,IL,גבינה בולגרית 5% 250 גרם,גרמים,250.00,100 גרם,false,0,21.90,8.76,true,1,
7290011499129,false,קוב.בולג.מעודנת 5% 200ג,מחלבות גד,IL,קוב.בולג.מעודנת 5% 200ג,גרמים,200.00,100 גרם,false,0,25.20,12.60,true,1,
7290011499365,false,חלומי גד גב.קשה 24% 200ג,מחלבות גד,IL,חלומי גד גב.קשה 24% 200ג,גרמים,200.00,100 גרם,false,0,23.20,11.60,true,1,
7290011518561,false,"אקטימל תות 100*14 מ""ל",שטראוס,IL,אקטימל מארז14יח',ליטרים,1.40,ליטר,false,0,29.90,21.36,true,1,
7290011537852,false,קמח תפוחי אדמה 500 גרם,,,קמח תפוחי אדמה 500 גרם,גרמים,500.00,100 גרם,false,0,5.00,1.00,true,1,
7290011553906,false,פתיתים קוסקוס,,IL,פתיתים קוסקוס,גרמים,800.00,100 גרם,false,0,7.00,0.88,true,1,
7290011570132,false,"קמח נטול גלוטן 1 ק""ג",גלעם,IL,קמח נטול גלוטן,קילוגרמים,1.00,"ק""ג",false,0,4.60,4.60,true,1,
7290011575250,false,הפי לנעליים,,IL,הפי לנעליים,יחידה,1.00,יחידה,false,0,10.40,10.40,true,1,
7290011598211,false,סנו אנטי קאלק נ.כללי700מ,סנו,IL,סנו אנטי קאלק,מיליליטרים,700.00,"100 מ""ל",false,0,22.20,3.17,true,1,
7290011598372,false,מטלית רצפה פרופשיונל,סנו,IL,מטלית לרצפה,יחידה,1.00,יחידה,false,0,15.60,15.60,true,1,
7290011598457,false,נייר טואלט סופט,,IL,נייר טואלט סופט,מטרים,883.00,מטר,false,0,40.00,0.05,true,1,
7290011607197,false,"א.כביסה קולון 101 5 ק""ג",רקיט בנקיזר,,אבקת כביסה קולון,קילוגרמים,5.00,"ק""ג",false,0,39.90,7.98,true,1,
7290011618124,false,בייבי ביס טעם ירקות 50 ג,want-want,CN,בייבי ביס טעם ירקות 50 ג,גרמים,50.00,100 גרם,false,0,11.90,23.80,true,1,
7290011618377,false,דאק דיסק ג'ל לאסלה לבנדר,ג'ונסון,MX,דאק דיסק ג'ל לאסלה לבנדר,יחידה,1.00,יחידה,false,0,20.30,20.30,true,1,
7290011688103,false,פילה סול פוטית לקג,שונות,XX,פילה סול,קילוגרמים,0.00,"ק""ג",true,0,18.90,18.90,true,1,
7290011732172,false,סוכ.שרשרת מארז משפחתי 24,,CN,סוכ.שרשרת מארז משפחתי 24,גרמים,422.00,100 גרם,false,0,19.90,4.72,true,1,
7290011732264,false,סוכ.פרמידה מארז משפחתי36,,CN,סוכ.פרמידה מארז משפחתי36,גרמים,432.00,100 גרם,false,0,19.90,4.61,true,1,
7290011732271,false,אבקה ט.פרי חמצמץ 51י8Xגר,,CN,אבקה ט.פרי חמצמץ 51י8Xגר,גרמים,288.00,100 גרם,false,0,19.90,6.91,true,1,
7290011732592,false,"קמח מלא 1 ק""ג",,IL,"קמח מלא 1 ק""ג",קילוגרמים,1.00,"ק""ג",false,0,12.20,12.20,true,1,
7290011732608,false,"קמח לבן 1 ק""ג",,IL,"קמח לבן 1 ק""ג",קילוגרמים,1.00,"ק""ג",false,0,9.70,9.70,true,1,
7290011732615,false,"קמח שיפון 1 ק""ג",,IL,"קמח שיפון 1 ק""ג",קילוגרמים,1.00,"ק""ג",false,0,11.70,11.70,true,1,
7290011732837,false,פופסים מצופ.חמאת בוטנ80ג,,IL,פופסים מצופ.חמאת בוטנ80ג,גרמים,80.00,100 גרם,false,0,3.20,4.00,true,1,
7290011732943,false,שקדי מרק 400 גרם,,IL,שקדי מרק 400 גרם,גרמים,400.00,100 גרם,false,0,8.60,2.15,true,1,
7290011765071,false,ג'ל גילוח קרמה רגיל 200מ,קוסמופארם,IL,ג'ל גילוח קרמה,מיליליטרים,200.00,"100 מ""ל",false,0,15.60,7.80,true,1,
7290011765088,false,ג'ל גילוח קרמה COOL 200מ,קוסמופארם,IL,ג'ל גילוח קרמה,מיליליטרים,200.00,"100 מ""ל",false,0,15.60,7.80,true,1,
7290011765095,false,ג'ל גילוח קרמה דליקט200מ,קוסמופארם,IL,ג'ל גילוח קרמה,מיליליטרים,200.00,"100 מ""ל",false,0,15.60,7.80,true,1,
7290011765392,false,שמ.כיף ילדים בוב ספוג750,קוסמופארם,IL,שמ.כיף ילדים בוב ספוג750,מיליליטרים,750.00,"100 מ""ל",false,0,15.10,2.01,true,1,
7290011765408,false,שמפו+מרכ.כיף בוב ספוג750,קוסמופארם,IL,שמפו+מרכך כיף,מיליליטרים,750.00,"100 מ""ל",false,0,15.10,2.01,true,1,
7290011765415,false,מרכ כיף ילד בוב ספוג750מ,קוסמופארם,IL,מרכך כיף,מיליליטרים,750.00,"100 מ""ל",false,0,15.10,2.01,true,1,
7290011765446,false,משחה אורביטול ענבים 70 ג,קוסמופארם,IL,משחת שיניים,גרמים,70.00,100 גרם,false,0,11.10,15.86,true,1,
7290011800864,false,חציל בשמן זית רפי כהן400,צבר,IL,סלט חציל צבר,גרמים,400.00,100 גרם,false,0,16.70,4.18,true,1,
7290011830243,false,אטריות מאורז תאילנדי250ג,השדה מוצרים אורגניים,CN,אטריות אורז תאי,גרמים,250.00,100 גרם,false,0,12.50,5.00,true,1,
7290011830267,false,אטריות מאורז מלא 250 גר,השדה מוצרים אורגניים,CN,אטריות מאורז מלא,גרמים,250.00,100 גרם,false,0,12.50,5.00,true,1,
7290011860301,false,ביסבול תירס 700 גרם,תפוגן,IL,ביסבול תירס,גרמים,700.00,100 גרם,false,0,17.10,2.44,true,1,
7290011860912,false,שניצל דק ביתי 750 גרם,תפוגן,IL,שניצל דק ביתי 750 גרם,גרמים,750.00,100 גרם,false,0,20.80,2.77,true,1,
7290011877101,false,"סנומוד ניחוח מאסק 150מ""ל",סנו,IL,סנומוד,מיליליטרים,150.00,"100 מ""ל",false,0,15.40,10.27,true,1,
7290011877156,false,"סנו פרש ענק מאסק 375 מ""ל",סנו,,סנו פרש ענק,מיליליטרים,375.00,"100 מ""ל",false,0,14.00,3.73,true,1,
7290011877828,false,מגבוני כיף בוב ספוג72*4,קוסמופארם,IL,מגבוני כיף בוב ספוג72*4,יחידה,1.00,יחידה,false,0,22.90,22.90,true,1,
7290011877835,false,2 שקיות ואקום לאיחסוןXXL,סנו,IL,שקיות איחסון,יחידה,1.00,יחידה,false,0,25.90,25.90,true,1,
7290011877859,false,סנו אינסטלטור 200 גרם,סנו,IL,סנו אינסטלטור,גרמים,200.00,100 גרם,false,0,16.20,8.10,true,1,
7290011877866,false,"א.כביסה מקסימה מאסק 6ק""ג",סנו,IL,"א.כביסה מקסימה מאסק 6ק""ג",קילוגרמים,6.00,"ק""ג",false,0,55.90,9.32,true,1,
7290011877927,false,מי פה אורביטול כחול 500מ,קוסמופארם,IL,מי פה אורביטול,מיליליטרים,500.00,"100 מ""ל",false,0,27.90,5.58,true,1,
7290011885007,false,פקאן סיני 200גרם,פיצוחי הטיב,IL,פקאן סיני,גרמים,200.00,100 גרם,false,0,19.90,9.95,true,1,
7290011885175,false,שזיף מגולען 200ג פ.הטיב,פיצוחי הטיב,IL,שזיף מגולען,גרמים,200.00,100 גרם,false,0,11.90,5.95,true,1,
7290011889869,false,גלידה משפ' 2טעמים פרווה,שטראוס,IL,גלידה משפ' 2טעמים פרווה,ליטרים,2.00,ליטר,false,0,24.40,12.20,true,1,
7290011931155,false,אל סבון פלצה אזורה 750מל,"ביסקול בע""מ",IL,אל סבון אזורה,מיליליטרים,750.00,"100 מ""ל",false,0,14.70,1.96,true,1,
7290011941161,false,כוס יין 50 יח,,IL,כוס יין 50 יח,יחידה,1.00,יחידה,false,0,8.00,8.00,true,1,
7290011969417,false,צלחות קטנות מרובעות כרם,,IL,צלחות קטנות מרובעות כרם,יחידה,1.00,יחידה,false,0,8.80,8.80,true,1,
7290011969509,false,צלחות מרובעות גדול לבן12,,IL,צלחות מרובעות גדול לבן12,יחידה,1.00,יחידה,false,0,11.00,11.00,true,1,
7290011969516,false,צלחות מרובעות גדול כרם 2,,IL,צלחות מרובעות גדול כרם 2,יחידה,1.00,יחידה,false,0,11.00,11.00,true,1,
7290011969592,false,מרקיות מרובעות לבן 12 יח,,IL,מרקיות מרובעות לבן 12 יח,יחידה,1.00,יחידה,false,0,8.80,8.80,true,1,
7290011969608,false,מרקיות מרובעות כרם 12 יח,,IL,מרקיות מרובעות כרם 12 יח,יחידה,1.00,יחידה,false,0,8.80,8.80,true,1,
7290011969660,false,לפתניות מרובעות,,IL,לפתניות מרובעות,יחידה,1.00,יחידה,false,0,4.50,4.50,true,1,
7290011969721,false,מגש מלבן כרם 5 יחידות,,IL,מגש מלבן כרם 5 יחידות,יחידה,1.00,יחידה,false,0,10.00,10.00,true,1,
7290011969813,false,מגש ענק זהב 2 יח,,IL,מגש ענק זהב 2 יח,יחידה,1.00,יחידה,false,0,6.60,6.60,true,1,
7290011969837,false,קערת סלט לבן,,IL,קערת סלט לבן,יחידה,1.00,יחידה,false,0,5.90,5.90,true,1,
7290011969844,false,קערת סלט קרם,,IL,קערת סלט קרם,יחידה,1.00,יחידה,false,0,5.90,5.90,true,1,
7290011977641,false,סרדינים בשמן ולימון 125ג,,,סרדינים בשמן ולימון 125ג,גרמים,125.00,100 גרם,false,0,3.90,3.12,true,1,
7290011977917,false,פסטה טבעות מקרוני 500 ג,,,פסטה טבעות מקרוני 500 ג,גרמים,500.00,100 גרם,false,0,3.60,0.72,true,1,
7290011990008,false,קשקע פרווה 300 גרם,,,קשקע פרווה 300 גרם,גרמים,300.00,100 גרם,false,0,11.90,3.97,true,1,
7290011993009,false,סלט טחינה ירוקה 250 גרם,מעדני מיקי,IL,סלט טחינה ירוקה,גרמים,250.00,100 גרם,false,0,8.90,3.56,true,1,
7290011993030,false,חציל על האש במיונז 250גר,מעדני מיקי,IL,חציל על האש,גרמים,250.00,100 גרם,false,0,8.90,3.56,true,1,
7290011993054,false,חומוס מסעדות 250 גרם,מעדני מיקי,IL,חומוס מסעדות,גרמים,250.00,100 גרם,false,0,8.90,3.56,true,1,
7290011993108,false,חציל פיקנטי,,IL,חציל פיקנטי,גרמים,250.00,100 גרם,false,0,8.90,3.56,true,1,
7290011993115,false,חציל בטעם כבד 250 גרם,מעדני מיקי,IL,חציל בטעם כבד,גרמים,250.00,100 גרם,false,0,8.90,3.56,true,1,
7290011993146,false,סלט אבוקדו וביצים 250גר',מעדני מיקי,IL,סלט אבוקדו,גרמים,250.00,100 גרם,false,0,15.90,6.36,true,1,
7290011993160,false,סלט ביצים 250 גרם,מעדני מיקי,IL,סלט ביצים,גרמים,250.00,100 גרם,false,0,13.90,5.56,true,1,
7290012001994,false,חרדל דיז'ון ריין 350 גרם,ריין דיג'ון,FR,חרדל דיז'ון ריין,גרמים,350.00,100 גרם,false,0,14.60,4.17,true,1,
7290012116025,false,"שמפו כיף פיות 750 מ""ל",קוסמופארם,IL,שמפו כיף,מיליליטרים,750.00,"100 מ""ל",false,0,15.10,2.01,true,1,
7290012116537,false,אבקת כב.מקסימה מאסק 2.5ק,סנו,IL,אבקת כביסה,קילוגרמים,2.50,"ק""ג",false,0,31.50,12.60,true,1,
7290012116551,false,"סנו אנטי קאלק רב""ש 2ליטר",סנו,IL,סנו אנטי קאלק,ליטרים,2.00,ליטר,false,0,27.00,13.50,true,1,
7290012116612,false,4 מברשות שיניים אורביטול,קוסמופארם,,4 מברשות שיניים,יחידה,1.00,יחידה,false,0,18.00,18.00,true,1,
7290012116735,false,נ.טואלט סופט 24גליל כפול,סנו,IL,נייר טואלט סופט,מטרים,900.00,100 מטר,false,0,43.40,4.82,true,1,
7290012117039,false,"סנו""00"" לניקוי אמבטיה 1ל",סנו,IL,"סנו ""00"" לאמבטיה",ליטרים,1.00,ליטר,false,0,10.40,10.40,true,1,
7290012117091,false,אב.כביסה מקסימה,,IL,אב.כביסה מקסימה,קילוגרמים,6.00,"ק""ג",false,0,55.90,9.32,true,1,
7290012117275,false,סנוקליר שקית מילוי 750מל,סנו,IL,סנוקליר מילוי,מיליליטרים,750.00,"100 מ""ל",false,0,10.50,1.40,true,1,
7290012117350,false,סנו ריצפז פרש לילך 2ליטר,סנו,,סנו ריצפז,ליטרים,2.00,ליטר,false,0,20.70,10.35,true,1,
7290012117428,false,קרמה ג'ל רח.ושמפו גבר700,קוסמופארם,IL,קרמה ג'ל רחצה,מיליליטרים,700.00,"100 מ""ל",false,0,20.40,2.91,true,1,
7290012117435,false,קרמה ג'ל רחצה אלוורה700מ,קוסמופארם,IL,קרמה ג'ל רחצה,מיליליטרים,700.00,"100 מ""ל",false,0,20.40,2.91,true,1,
7290012117534,false,מרכ.מקסימה ס.מרוכז קול1ל,סנו,IL,מקסימה ס.מרוכז,ליטרים,1.00,ליטר,false,0,17.90,17.90,true,1,
7290012117558,false,מרכ.מקסימה ס.מרוכז מסק1ל,סנו,IL,מקסימה ס.מרוכז,ליטרים,1.00,ליטר,false,0,17.90,17.90,true,1,
7290012117565,false,כפפות לטקס 100 י,,IL,כפפות לטקס 100 י,יחידה,1.00,יחידה,false,0,29.30,29.30,true,1,
7290012117572,false,כפפות לטקס 100יח,,IL,כפפות לטקס 100יח,יחידה,1.00,יחידה,false,0,29.30,29.30,true,1,
7290012117589,false,כפפות מידהL לטקס 100יח,סנו,IL,כפפות לטקס 100יח,יחידה,1.00,יחידה,false,0,29.30,29.30,true,1,
7290012117626,false,אורביטול קיד מי פה 250מל,קוסמופארם,,אורביטול מי פה,מיליליטרים,250.00,"100 מ""ל",false,0,16.10,6.44,true,1,
7290012117633,false,אורביטול קיד מי פה 250מל,קוסמופארם,IL,מי פה אורביטול,מיליליטרים,250.00,"100 מ""ל",false,0,16.10,6.44,true,1,
7290012117916,false,אינסטלטור נוזלי,,IL,אינסטלטור נוזלי,ליטרים,1.00,ליטר,false,0,29.90,29.90,true,1,
7290012193286,false,פרש וואנס קייר 72*4יח,על בד,IL,פרש וואנס,יחידה,1.00,יחידה,false,0,21.90,21.90,true,1,
7290012226021,false,סלמי מעושן פראג 400 גרם,זוגלובק,IL,סלמי מעושן פראג,גרמים,400.00,100 גרם,false,0,21.50,5.38,true,1,
7290012226120,false,קבנוס 135 גרם,זוגלובק,IL,קבנוס,גרמים,135.00,100 גרם,false,0,10.80,8.00,true,1,
7290012226922,false,קבנוס בטעם שום 135 גרם,זוגלובק,IL,קבנוס בטעם שום,גרמים,135.00,100 גרם,false,0,10.80,8.00,true,1,
7290012226939,false,קבנוס בטעם צ'ילי 135 גרם,זוגלובק,IL,קבנוס בטעם צ'ילי,גרמים,135.00,100 גרם,false,0,10.80,8.00,true,1,
7290012226946,false,קבנוס בטעם בצל 135 גרם,זוגלובק,IL,קבנוס בטעם בצל,גרמים,135.00,100 גרם,false,0,10.80,8.00,true,1,
7290012227172,false,מארז כפרית חרמון 300*2גר,זוגלובק,IL,מארז כפרית חרמון 300*2גר,גרמים,600.00,100 גרם,false,0,35.50,5.92,true,1,
7290012227332,false,בסיס לפיצה 1.2קג,זוגלובק,IL,בסיס לפיצה 1.2קג,קילוגרמים,1.20,"ק""ג",false,0,20.90,17.42,true,1,
7290012227592,false,זוג כפרית חרמון+תה300*2ג,זוגלובק,IL,זוג כפרית חרמון+תה300*2ג,גרמים,600.00,100 גרם,false,0,32.90,5.48,true,1,
7290012227608,false,חרמון+ברביקיו 300*2 גרם,זוגלובק,IL,חרמון+ברביקיו 300*2 גרם,גרמים,600.00,100 גרם,false,0,36.90,6.15,true,1,
7290012227615,false,נקניקיות עוף 800 גרם,זוגלובק,IL,נקניקיות עוף 800 גרם,גרמים,800.00,100 גרם,false,0,26.90,3.36,true,1,
7290012227622,false,חרמון כפרית דבש 400 גרם,זוגלובק,IL,חרמון כפרית דבש 400 גרם,גרמים,400.00,100 גרם,false,0,21.90,5.48,true,1,
7290012244018,false,עוג.מוס ר.חלב+שוק.לבן1קג,גידרון,IL,עוגת מוס,יחידה,1.00,יחידה,false,0,57.00,57.00,true,1,
7290012244025,false,עוגת טירמיסו 900 גרם,גידרון,,עוגת טירמיסו,יחידה,1.00,יחידה,false,0,57.00,57.00,true,1,
7290012244049,false,עוגת מוס שני שוקולדים900,גידרון,IL,עוגת מוס,יחידה,1.00,יחידה,false,0,57.00,57.00,true,1,
7290012244605,false,מוס ריבת חלב פרווה 850גר,גידרון,IL,עוגת מוס פרווה,גרמים,850.00,100 גרם,false,0,57.00,6.71,true,1,
7290012244834,false,מוס שוק.קלאסי פרווה 880ג,גידרון,IL,עוגת מוס שוקולד,גרמים,880.00,100 גרם,false,0,57.00,6.48,true,1,
7290012275401,false,"בירה מולר 500 מ""ל","סולימר מבשלת בירה בע""מ",PL,בירה מולר,מיליליטרים,500.00,"100 מ""ל",false,0,4.20,0.84,true,1,
7290012335020,false,סוכריות שעון דחוסות,,CN,סוכריות שעון דחוסות,גרמים,420.00,100 גרם,false,0,19.90,4.74,true,1,
7290012367717,false,ק.ידיים שיבולת שועל 150מ,פישר מעבדות פרמצבטיות,,קרם ידיים,מיליליטרים,150.00,"100 מ""ל",false,0,13.00,8.67,true,1,
7290012404146,false,שוופס מוגז תפוחים1.5ל',יפאורה שותפות מובגלת לשיווק,IL,שוופס מוגז תפוחים1.5ל',ליטרים,1.50,ליטר,false,0,6.80,4.53,true,1,
7290012404160,false,שוופס מוגז אשכולית1.5ל,יפאורה שותפות מובגלת לשיווק,IL,שוופס מוגז אשכולית1.5ל,ליטרים,1.50,ליטר,false,0,6.80,4.53,true,1,
7290012404283,false,תפוזינה מנגו עסיס 1.5 ל',יפאורה שותפות מובגלת לשיווק,IL,תפוזינה מנגו,ליטרים,1.50,ליטר,false,0,5.90,3.93,true,1,
7290012404320,false,ספרינג ענבים 1.5 ליטר,יפאורה שותפות מובגלת לשיווק,IL,ספרינג ענבים,ליטרים,1.50,ליטר,false,0,6.30,4.20,true,1,
7290012404627,false,נקטר ספרינג תפוח גזר 1ל',יפאורה שותפות מובגלת לשיווק,IL,נקטר ספרינג תפוח גזר 1ל',ליטרים,1.00,ליטר,false,0,4.90,4.90,true,1,
7290012404863,false,ספרינג תה מנגו אפרסק1.5ל,יפאורה שותפות מובגלת לשיווק,IL,ספרינג תה מנגו אפרסק1.5ל,ליטרים,1.50,ליטר,false,0,6.20,4.13,true,1,
7290012413636,false,תה ירוק צ'אי מסאלה 25שק',ויסוצקי,,תה ירוק צ'אי,גרמים,38.00,100 גרם,false,0,26.90,70.79,true,1,
7290012413643,false,תה ירוק קמומיל 25שק1.5*ג,ויסוצקי,IL,תה ירוק קמומיל,גרמים,75.00,100 גרם,false,0,26.90,35.87,true,1,
7290012413919,false,תה ירוק תות 1.5גרם25Xשק,ויסוצקי,,תה ירוק תות,גרמים,38.00,100 גרם,false,0,26.90,70.79,true,1,
7290012454257,false,שזיף מיובש ללא גלעין 200,מיה,IL,שזיף מיובש ללא גלעין 200,גרמים,200.00,100 גרם,false,0,10.90,5.45,true,1,
7290012454592,false,סוכ.דבש לימון ללאסוכר80ג,מיה,IL,סוכ.דבש לימון ללאסוכר80ג,גרמים,80.00,100 גרם,false,0,5.80,7.25,true,1,
7290012522581,false,שניצל תירס טבעול ל.גלוטן,טבעול,,שניצל תירס,גרמים,664.00,100 גרם,false,0,29.50,4.44,true,1,
7290012522789,false,שניצל ברוקולי מופחת שומן,טבעול,IL,שניצל ברוקולי מופחת שומן,גרמים,630.00,100 גרם,false,0,33.30,5.29,true,1,
7290012522987,false,שניצל תירס 2קג,טבעול,IL,שניצל תירס,קילוגרמים,2.00,"ק""ג",false,0,59.00,29.50,true,1,
7290012557569,false,צנצנת גולים,,IL,צנצנת גולים,גרמים,180.00,100 גרם,false,0,8.10,4.50,true,1,
7290012557682,false,שקיות שתיה,,IL,שקיות שתיה,יחידה,1.00,יחידה,false,0,11.90,11.90,true,1,
7290012557873,false,צנצנת גומי ענק 180 גרם,,IL,צנצנת גומי ענק 180 גרם,גרמים,180.00,100 גרם,false,0,7.90,4.39,true,1,
7290012557910,false,טורטייה גדול,,TR,טורטייה גדול,גרמים,420.00,100 גרם,false,0,13.90,3.31,true,1,
7290012557927,false,טורטייה קמח מלא,,TR,טורטייה קמח מלא,גרמים,420.00,100 גרם,false,0,13.90,3.31,true,1,
7290012557965,false,ביסקוויטים פריכים 120 גר,אויילום סיניי,TR,ביסקוויטים פריכים 120 גר,גרמים,120.00,100 גרם,false,0,2.00,1.67,true,1,
7290012557972,false,עוגיות קרם שוקולד 150 גר,,IL,עוגיות קרם שוקולד 150 גר,גרמים,150.00,100 גרם,false,0,5.90,3.93,true,1,
7290012557989,false,עוגיות קרם אגוזים 150 גר,הגביע,IL,עוגיות קרם אגוזים 150 גר,גרמים,150.00,100 גרם,false,0,5.90,3.93,true,1,
7290012576607,false,"קברנה פרמייר 750 מ""ל",יקבי ברקן,IL,פרמייר קברנה,מיליליטרים,750.00,"100 מ""ל",false,0,26.90,3.59,true,1,
7290012697371,false,סוכרלייט 150 טבליות,"ביסקול בע""מ",IL,סוכרלייט,גרמים,150.00,100 גרם,false,0,25.40,16.93,true,1,
7290012767036,false,FIX נוזל לניקוי אסלות WC,יורומיס,TR,נוזל ניקוי אסלות,ליטרים,1.00,ליטר,false,1,4.90,4.90,true,1,
7290012767128,false,נוזל לניקוי חלונות 1ליטר,יורומיס,TR,FIXנוזל ניקוי,ליטרים,1.00,ליטר,false,1,5.90,5.90,true,1,
7290012767135,false,"FIX אבקת כביסה 10 ק""ג",יורומיס,TR,"FIXא.כ 10 ק""ג",קילוגרמים,10.00,"ק""ג",false,1,44.90,4.49,true,1,
7290012767302,false,BEBEחיתולי פרימיום מיני,PAKSEL,TR,BEBEטיטולים,יחידה,1.00,יחידה,false,1,28.90,28.90,true,1,
7290012767326,false,BEBEחיתולי פרימיום מקסי,PAKSEL,TR,BEBEטיטולים,יחידה,1.00,יחידה,false,1,28.90,28.90,true,1,
7290012767333,false,BEBEחיתולי פרימיום .36יח,PAKSEL,TR,BEBEטיטולים,יחידה,1.00,יחידה,false,1,28.90,28.90,true,1,
7290012767357,false,מרכך כביסה ABC כחול 4 לי,DETERJON ABC,TR,מרכך כביסה,ליטרים,4.00,ליטר,false,1,14.90,3.73,true,1,
7290012767814,false,מרכך כביסה ABC ורוד 4 לי,DETERJON ABC,TR,מרכך כביסה,ליטרים,4.00,ליטר,false,1,14.90,3.73,true,1,
7290012767821,false,מרכך כביסה ABC לבן 4 ל,DETERJON ABC,TR,מרכך כביסה,ליטרים,4.00,ליטר,false,1,14.90,3.73,true,1,
7290012767838,false,מרכך כביסה ABC שחור 4 לי,DETERJON ABC,TR,מרכך כביסה,ליטרים,4.00,ליטר,false,1,14.90,3.73,true,1,
7290012767845,false,מרכך כביסה ABC זהב 4 ל,DETERJON ABC,TR,מרכך כביסה,ליטרים,4.00,ליטר,false,1,14.90,3.73,true,1,
7290012803123,false,מגבוני פ.ואנס פרש4*72,על בד,IL,רביעית פרש וואנס,יחידה,1.00,יחידה,false,0,21.90,21.90,true,1,
7290012823374,false,אנטי קאלק מטליות 50 יח',סנו,,מטליות אנטי קאלק,יחידה,1.00,יחידה,false,0,16.60,16.60,true,1,
7290012823381,false,מקסימה ס.מרוכז סנסטיב 1ל,סנו,IL,מרכך כביסה,ליטרים,1.00,ליטר,false,0,17.90,17.90,true,1,
7290012823541,false,10 מטל.לחות לריצפה ריצפז,סנו,IL,מטליות ריצפה,יחידה,1.00,יחידה,false,0,14.90,14.90,true,1,
7290012823558,false,10מטליות לחות לרצפה סושי,סנו,IL,מטליות רצפה לחות,יחידה,1.00,יחידה,false,0,13.50,13.50,true,1,
7290012823794,false,אל סבון כיף יסמין 2 ליטר,קוסמופארם,IL,אל סבון כיף,ליטרים,2.00,ליטר,false,0,23.20,11.60,true,1,
7290012823817,false,תח.רחצה כיף חלב לבנדר750,קוסמופארם,IL,תחליב רחצה כיף,מיליליטרים,750.00,"100 מ""ל",false,0,11.90,1.59,true,1,
7290012849947,false,דייסת 8 דגנים 200 גרם,נאופארם,IL,דייסת 8 דגנים,גרמים,200.00,100 גרם,false,0,13.90,6.95,true,1,
7290012850004,false,מחית תפוח וגזר 100 גרם,נאופארם,IL,מחית תפוח וגזר,גרמים,100.00,100 גרם,false,0,6.00,6.00,true,1,
7290012850011,false,מחית תפוחי עץ 190 גרם,נאופארם,IL,מחית תפוחי עץ,גרמים,190.00,100 גרם,false,0,5.90,3.11,true,1,
7290012884986,false,"ציפס לתנור 1.5 ק""ג",תפוגן,IL,ציפס לתנור,קילוגרמים,1.50,"ק""ג",false,0,27.30,18.20,true,1,
7290012929410,false,טריבולה פירות 600גר,,BR,טריבולה פירות 600גר,גרמים,600.00,100 גרם,false,0,20.20,3.37,true,1,
7290012929434,false,טריבולה טופי,,BR,טריבולה טופי,גרמים,600.00,100 גרם,false,0,20.20,3.37,true,1,
7290012929663,false,לקקן סודה ג'מבו70יח 630ג,,,לקקן סודה ג'מבו70יח 630ג,גרמים,630.00,100 גרם,false,0,37.40,5.94,true,1,
7290012929793,false,ספגטי מחיטה מלאה 500 גרם,,TR,ספגטי מחיטה מלאה 500 גרם,גרמים,500.00,100 גרם,false,0,5.10,1.02,true,1,
7290012929946,false,טונה עם פלפל 150X3 גרם,,TH,טונה עם פלפל 150X3 גרם,גרמים,450.00,100 גרם,false,0,15.90,3.53,true,1,
7290012929953,false,טונה במים 150X3 גרם,,TH,טונה במים 150X3 גרם,גרמים,450.00,100 גרם,false,0,15.90,3.53,true,1,
7290012929960,false,שלישיית טונה,,TH,שלישיית טונה,גרמים,450.00,100 גרם,false,0,15.90,3.53,true,1,
7290012938580,false,מש.סנסודיין הלבנה עדינ75,גלקסוסמיתקליין,,משחת סנסודיין,מיליליטרים,75.00,"100 מ""ל",false,0,24.90,33.20,true,1,
7290012938740,false,משחת סנסודיין פרש מינט75,סמית קליין,GB,משחת סנסודיין,מיליליטרים,75.00,"100 מ""ל",false,0,24.90,33.20,true,1,
7290012983047,false,סילאן 900גרם,,IL,סילאן 900גרם,גרמים,900.00,100 גרם,false,0,18.00,2.00,true,1,
7290012984228,false,מאגדת מנגו פסיפלורה 6יח,נסטלה,IL,מאגדת מנגו פסיפלורה 6יח,גרמים,468.00,100 גרם,false,0,24.50,5.24,true,1,
7290013010001,false,"עגבניות מרוסקות בד""צ260ג",זנלכל,IL,"עגבניות מרוסקות בד""צ260ג",גרמים,260.00,100 גרם,false,0,6.90,2.65,true,1,
7290013010018,false,"רוטב פסטה זנלכל בד""צ260ג",זנלכל,IL,"רוטב פסטה זנלכל בד""צ260ג",גרמים,260.00,100 גרם,false,0,6.90,2.65,true,1,
7290013010025,false,"רוטב פיצה בד""צ 260 גרם",זנלכל,IL,"רוטב פיצה בד""צ 260 גרם",גרמים,260.00,100 גרם,false,0,6.90,2.65,true,1,
7290013010032,false,"רוטב שקשוקה בד""צ 260 גרם",זנלכל,IL,"רוטב שקשוקה בד""צ 260 גרם",גרמים,260.00,100 גרם,false,0,6.90,2.65,true,1,
7290013010094,false,ר.בולונז פרי מבורך260 גר,זנלכל,IL,ר.בולונז פרי מבורך260 גר,גרמים,260.00,100 גרם,false,0,6.90,2.65,true,1,
7290013010254,false,בסיס עגבניות לבישול260 ג,זנלכל,IL,בסיס עגבניות לבישול260 ג,גרמים,260.00,100 גרם,false,0,6.90,2.65,true,1,
7290013027016,false,לחם קמח מלא+100%דגנים750,מאפיית שלמה א. אנג'ל,IL,לחם קמח מלא+100%דגנים750,גרמים,750.00,100 גרם,false,0,14.20,1.89,true,1,
7290013027399,false,לחם מלא+100%שיפון-קל750ג,מאפיית שלמה א. אנג'ל,IL,לחם מלא+100%שיפון-קל750ג,גרמים,750.00,100 גרם,false,0,16.20,2.16,true,1,
7290013027535,false,לחם שיפון קל 750 גרם,מאפיית שלמה א. אנג'ל,IL,לחם שיפון קל 750 גרם,גרמים,750.00,100 גרם,false,0,15.10,2.01,true,1,
7290013027849,false,לחם אנג'ל100קל+שיפון500,מאפיית שלמה א. אנג'ל,IL,לחם אנג'ל100קל+שיפון500,גרמים,500.00,100 גרם,false,0,14.90,2.98,true,1,
7290013027917,false,לחם מלא קל 500 גרם,מאפיית שלמה א. אנג'ל,IL,לחם מלא קל 500 גרם,גרמים,500.00,100 גרם,false,0,17.60,3.52,true,1,
7290013038005,false,ג'אמפ תפוחים 1.5 ליטר,טמפו,IL,ג'אמפ תפוחים,ליטרים,1.50,ליטר,false,0,5.90,3.93,true,1,
7290013038234,false,מים אקווה נובה 2*6 ליטר,טמפו,IL,אקווה נובה 6 בקב,ליטרים,12.00,ליטר,false,0,10.40,0.87,true,1,
7290013068361,false,"שמן זית אליעד 750 מ""ל",אליעד בית בד בגולן,IL,שמן זית,מיליליטרים,750.00,"100 מ""ל",false,0,40.20,5.36,true,1,
7290013080301,false,באגסי גריל,,IL,באגסי גריל,גרמים,400.00,100 גרם,false,0,8.90,2.23,true,1,
7290013080479,false,באגסי בצל,,IL,באגסי בצל,גרמים,400.00,100 גרם,false,0,8.90,2.23,true,1,
7290013083661,false,מטרנה אקסטרה קר שלב1 700,נסטלה,IL,מטרנה אקסטרה קר,גרמים,700.00,100 גרם,false,0,63.90,9.13,true,1,
7290013083678,false,מטרנה אקסטרה קר שלב2 700,נסטלה,IL,מטרנה אקסטרה קר,גרמים,700.00,100 גרם,false,0,63.90,9.13,true,1,
7290013083685,false,מטרנה אקסטרה קר שלב3 700,נסטלה,IL,מטרנה אקסטרה קר,גרמים,700.00,100 גרם,false,0,63.90,9.13,true,1,
7290013117212,false,בורקס פילו גבינה 600 גרם,"מעדנות בע""מ",IL,בורקס פילו גבינה 600 גרם,גרמים,600.00,100 גרם,false,0,22.10,3.68,true,1,
7290013117229,false,"בורקס פילו תפו""א 600 גרם","מעדנות בע""מ",IL,"בורקס תפו""א",גרמים,600.00,100 גרם,false,0,22.10,3.68,true,1,
7290013144010,false,"קמח תופח 1 ק""ג",טחנות ישראליות,IL,קמח תופח,קילוגרמים,1.00,"ק""ג",false,0,8.60,8.60,true,1,
7290013144171,false,תערובת עוגת שוקולד560גרם,א.ל ייצור ושיווק תבלינים,IL,תערובת לעוגה,גרמים,560.00,100 גרם,false,0,17.50,3.13,true,1,
7290013144195,false,תערובת כדורי שוקולד500גר,א.ל ייצור ושיווק תבלינים,IL,תערובת כ.שוקולד,גרמים,500.00,100 גרם,false,0,17.50,3.50,true,1,
7290013144201,false,תערובת פנקייק 400 גרם,א.ל ייצור ושיווק תבלינים,IL,תערובת פנקייק,גרמים,400.00,100 גרם,false,0,14.70,3.68,true,1,
7290013144218,false,תערובת עוגת וניל 560 גרם,א.ל ייצור ושיווק תבלינים,IL,תערובת עוגה וניל,גרמים,560.00,100 גרם,false,0,17.50,3.13,true,1,
7290013144225,false,תערובת עוגת שיש 560 גרם,א.ל ייצור ושיווק תבלינים,IL,תערובת עוגת שיש,גרמים,560.00,100 גרם,false,0,17.50,3.13,true,1,
7290013144232,false,פודינג וניל 80 גרם,א.ל ייצור ושיווק תבלינים,IL,פודינג וניל,גרמים,80.00,100 גרם,false,0,5.60,7.00,true,1,
7290013144393,false,"תמצית בטעם וניל 50 מ""ל",א.ל ייצור ושיווק תבלינים,IL,תמצית וניל,מיליליטרים,50.00,"100 מ""ל",false,0,4.70,9.40,true,1,
7290013144409,false,"תמצית בטעם רום 50 מ""ל",א.ל ייצור ושיווק תבלינים,IL,תמצית רום,מיליליטרים,50.00,"100 מ""ל",false,0,4.70,9.40,true,1,
7290013144492,false,"תמצית בטעם קפה 50 מ""ל",א.ל ייצור ושיווק תבלינים,IL,תמצית קפה,מיליליטרים,50.00,"100 מ""ל",false,0,9.20,18.40,true,1,
7290013144539,false,"צבע מאכל אדום 50 מ""ל",א.ל ייצור ושיווק תבלינים,IL,צבע מאכל אדום,מיליליטרים,50.00,"100 מ""ל",false,0,4.40,8.80,true,1,
7290013144614,false,סירופ מייפל 100% 236 גרם,INDUSRIES LES,,סירופ מייפל,גרמים,236.00,100 גרם,false,0,43.60,18.47,true,1,
7290013144751,false,סירופ בטעם מייפל 500גרם,גלעם,IL,סירופ טעם מייפל,גרמים,500.00,100 גרם,false,0,13.90,2.78,true,1,
7290013144768,false,סירופ בטעם שוקולד 500גרם,גלעם,IL,סירופ טעם שוקולד,גרמים,500.00,100 גרם,false,0,13.90,2.78,true,1,
7290013145048,false,צנוברים 100 גרם,א.ל ייצור ושיווק תבלינים,IL,צנוברים,גרמים,100.00,100 גרם,false,0,33.10,33.10,true,1,
7290013145161,false,פקאן מסוכר 100 גרם,א.ל ייצור ושיווק תבלינים,IL,פקאן מסוכר,גרמים,100.00,100 גרם,false,0,16.00,16.00,true,1,
7290013145178,false,קוקוס טחון לבן 100 גרם,א.ל ייצור ושיווק תבלינים,IL,קוקוס טחון לבן,גרמים,100.00,100 גרם,false,0,4.40,4.40,true,1,
7290013145192,false,שומשום 100 גרם,א.ל ייצור ושיווק תבלינים,IL,שומשום 100 גרם,גרמים,100.00,100 גרם,false,0,4.30,4.30,true,1,
7290013145215,false,שומשום 400 גרם,א.ל ייצור ושיווק תבלינים,IL,שומשום,גרמים,400.00,100 גרם,false,0,13.50,3.38,true,1,
7290013145390,false,שוקולד צ'יפס 250 גרם,אינטרגטה,IL,שוקולד צ'יפס,גרמים,250.00,100 גרם,false,0,9.60,3.84,true,1,
7290013145406,false,שוקולד צ'יפס לבן 250 גרם,אינטרגטה,IL,שוקולד צ'יפס,גרמים,250.00,100 גרם,false,0,9.00,3.60,true,1,
7290013145437,false,שוקולד צ'יפס 48% 250 גרם,אינטרגטה,IL,שוקולד צ'יפס,גרמים,250.00,100 גרם,false,0,12.90,5.16,true,1,
7290013145444,false,שוקולד צ'יפס 66% 250 גרם,אינטרגטה,IL,שוקולד צ'יפס,גרמים,250.00,100 גרם,false,0,17.90,7.16,true,1,
7290013145529,false,סוכריות צבעוניות לקישוט,א.ל ייצור ושיווק תבלינים,IL,סוכריות לקישוט,גרמים,90.00,100 גרם,false,0,5.10,5.67,true,1,
7290013145628,false,סוכ.צבעוניות לקישוט 200ג,א.ל ייצור ושיווק תבלינים,IL,סוכריות צבעוניות,גרמים,200.00,100 גרם,false,0,8.90,4.45,true,1,
7290013145840,false,סוכר וניל בצלופן 10 יח',"י.כהן בע""מ",IL,סוכר וניל בצלופן 10 יח',יחידה,1.00,יחידה,false,0,2.30,2.30,true,1,
7290013145857,false,אבקת אפיה בצלופן 10 יח',"י.כהן בע""מ",IL,אבקת אפיה בצלופן 10 יח',יחידה,1.00,יחידה,false,0,2.30,2.30,true,1,
7290013145864,false,ג'לטין טהור אבקה 28 גרם,א.ל ייצור ושיווק תבלינים,IL,ג'לטין טהור,גרמים,28.00,100 גרם,false,0,11.10,39.64,true,1,
7290013145901,false,סודה לשתיה 100 גרם,א.ל ייצור ושיווק תבלינים,IL,סודה לשתיה,גרמים,100.00,100 גרם,false,0,2.50,2.50,true,1,
7290013145918,false,אבקת סוכר 100 גרם,א.ל ייצור ושיווק תבלינים,IL,אבקת סוכר,גרמים,100.00,100 גרם,false,0,2.30,2.30,true,1,
7290013145925,false,קורנפלור 100 גרם,א.ל ייצור ושיווק תבלינים,IL,קורנפלור,גרמים,100.00,100 גרם,false,0,2.30,2.30,true,1,
7290013145956,false,שמרים יבשים בוואקום500ג,אנג'ל איסט,CN,שמרים יבשים,גרמים,500.00,100 גרם,false,0,15.10,3.02,true,1,
7290013145963,false,שמרים יבשים בוואקום125ג,אנג'ל איסט,CN,שמרים יבשים,גרמים,125.00,100 גרם,false,0,7.10,5.68,true,1,
7290013156266,false,נשיקות מיני טעם תות100ג,.,IL,נשיקות מיני תות,גרמים,100.00,100 גרם,false,0,18.90,18.90,true,1,
7290013262028,false,"תבנית חלה ח""פ",,IL,"תבנית חלה ח""פ",יחידה,1.00,יחידה,false,0,11.20,11.20,true,1,
7290013262103,false,"תבנית סיר ח""פ",,,"תבנית סיר ח""פ",יחידה,1.00,יחידה,false,0,11.20,11.20,true,1,
7290013267566,false,גל.קרמיסימו בומבה 1.33לי,שטראוס,IL,גל.קרמיסימו בומבה 1.33לי,ליטרים,1.30,ליטר,false,0,19.90,15.31,true,1,
7290013267665,false,מאגדת מיני סולרו טרופי,שטראוס,IL,מאגדת מיני סולרו טרופי,גרמים,295.00,100 גרם,false,0,25.50,8.64,true,1,
7290013268020,false,מקסימה סופר מרוכז פרש 1ל,סנו,IL,מרכך כביסה,ליטרים,1.00,ליטר,false,0,17.90,17.90,true,1,
7290013268037,false,מקסימה ס.מרוכז לבנדר 1ל',סנו,IL,מרכך כביסה,ליטרים,1.00,ליטר,false,0,17.90,17.90,true,1,
7290013268198,false,תחליב רחצה כיף מאסק 750מ,קוסמופארם,IL,תחליב רחצה כיף,מיליליטרים,750.00,"100 מ""ל",false,0,11.90,1.59,true,1,
7290013268433,false,שמפו קרמה מן לכל שיער700,קוסמופארם,IL,שמפו קרמה מן,מיליליטרים,700.00,"100 מ""ל",false,0,17.20,2.46,true,1,
7290013268464,false,"קרם גוף קרמה מאסק 500מ""ל",קוסמופארם,IL,קרם גוף קרמה,מיליליטרים,500.00,"100 מ""ל",false,0,28.80,5.76,true,1,
7290013268624,false,"שמפו כיף גלואו 750 מ""ל",קוסמופארם,IL,שמפו כיף,מיליליטרים,750.00,"100 מ""ל",false,0,14.10,1.88,true,1,
7290013268631,false,"שמפו כיף קול 750 מ""ל",קוסמופארם,IL,שמפו כיף,מיליליטרים,750.00,"100 מ""ל",false,0,14.10,1.88,true,1,
7290013268648,false,"שמפו כיף רומנס 750 מ""ל",קוסמופארם,IL,שמפו כיף,מיליליטרים,750.00,"100 מ""ל",false,0,14.10,1.88,true,1,
7290013268686,false,"מרכך כיף רומנס 750 מ""ל",קוסמופארם,IL,מרכך כיף,מיליליטרים,750.00,"100 מ""ל",false,0,14.10,1.88,true,1,
7290013268891,false,אוקסיג'ן ג'ל 3ליטר,סנו,,אוקסיג'ן ג'ל,ליטרים,3.00,ליטר,false,0,33.90,11.30,true,1,
7290013268907,false,מקסימה ג'ל לכביסה 3ל,סנו,IL,מקסימה ג'ל,ליטרים,3.00,ליטר,false,0,35.00,11.67,true,1,
7290013268938,false,סנובון מאסק,,,סנובון מאסק,גרמים,165.00,100 גרם,false,0,12.00,7.27,true,1,
7290013269003,false,מקסימה מרכך בייבי 1 ליטר,סנו,IL,מקסימה מרכך,ליטרים,1.00,ליטר,false,0,18.90,18.90,true,1,
7290013269096,false,מטליות ניקוי עור,,IL,מטליות ניקוי עור,יחידה,1.00,יחידה,false,0,19.90,19.90,true,1,
7290013269263,false,מקסימה ג'ל,,IL,מקסימה ג'ל,ליטרים,3.00,ליטר,false,0,35.00,11.67,true,1,
7290013269287,false,ג'ל כביסה מרוכז,,IL,ג'ל כביסה מרוכז,ליטרים,3.00,ליטר,false,0,35.00,11.67,true,1,
7290013269300,false,ניילון נצמד פלוס,,IL,ניילון נצמד פלוס,מטרים,150.00,מטר,false,0,35.80,0.24,true,1,
7290013269485,false,מש.אורביטול אוקסיג'ן145ג,קוסמופארם,IL,משחת שיניים,גרמים,145.00,100 גרם,false,0,13.90,9.59,true,1,
7290013269669,false,ריצפז פנטזיה,,IL,ריצפז פנטזיה,ליטרים,3.00,ליטר,false,0,13.70,4.57,true,1,
7290013269690,false,סנובון לאסלה,,IL,סנובון לאסלה,מיליליטרים,55.00,"100 מ""ל",false,0,12.20,22.18,true,1,
7290013269706,false,סנובון ג'ל לאסלה,,IL,סנובון ג'ל לאסלה,מיליליטרים,55.00,"100 מ""ל",false,0,12.20,22.18,true,1,
7290013269867,false,צמד מפות שולחן,,IL,צמד מפות שולחן,יחידה,1.00,יחידה,false,0,11.60,11.60,true,1,
7290013284181,false,מלפפונים בחומץ,,,מלפפונים בחומץ,גרמים,560.00,100 גרם,false,0,8.00,1.43,true,1,
7290013302182,false,פריכיות תירס במליחות130ג,,BE,פריכיות תירס במליחות130ג,גרמים,130.00,100 גרם,false,0,7.40,5.69,true,1,
7290013302212,false,"קמח כוסמין מנופה 1 ק""ג",,,"קמח כוסמין מנופה 1 ק""ג",קילוגרמים,1.00,"ק""ג",false,0,19.20,19.20,true,1,
7290013302229,false,"קמח מלא %70 מנופה 1 ק""ג",,IL,"קמח מלא %70 מנופה 1 ק""ג",קילוגרמים,1.00,"ק""ג",false,0,12.20,12.20,true,1,
7290013302236,false,פסטה פרפלה ג'מבו 500 גרם,,TR,פסטה פרפלה ג'מבו 500 גרם,גרמים,500.00,100 גרם,false,0,3.60,0.72,true,1,
7290013302243,false,פסטה מסולסלת 500 גרם,,TR,פסטה מסולסלת 500 גרם,גרמים,500.00,100 גרם,false,0,3.60,0.72,true,1,
7290013302250,false,פסטה פרח 500 גרם,,TR,פסטה פרח 500 גרם,גרמים,500.00,100 גרם,false,0,3.60,0.72,true,1,
7290013302267,false,מחיות בייבי,,,מחיות בייבי,קילוגרמים,1.14,"ק""ג",false,0,25.40,22.28,true,1,
7290013302366,false,6 מחיות קוקטייל,,CZ,6 מחיות קוקטייל,גרמים,780.00,100 גרם,false,0,21.40,2.74,true,1,
7290013358295,false,קראנצוס גריל 200 גרם,מנה,IL,קראנצוס 200 גרם,גרמים,200.00,100 גרם,false,0,6.40,3.20,true,1,
7290013358301,false,קראנצוס ברביקיו 200 גרם,מנה,IL,קראנצוס 200 גרם,גרמים,200.00,100 גרם,false,0,6.40,3.20,true,1,
7290013358318,false,קראנצוס פלאפל 200 גרם,מנה,IL,קראנצוס 200 גרם,גרמים,200.00,100 גרם,false,0,6.40,3.20,true,1,
7290013358325,false,קראנצוס בצל 200 גרם,מנה,IL,קראנצוס 200 גרם,גרמים,200.00,100 גרם,false,0,6.40,3.20,true,1,
7290013358356,false,פירורי לחם מוזהבים350גרם,עינת,IL,פירורי לחם,גרמים,350.00,100 גרם,false,0,7.90,2.26,true,1,
7290013358363,false,פרורי לחם יפני מוזהב300ג,עינת,IL,פרורי לחם יפני,גרמים,300.00,100 גרם,false,0,9.90,3.30,true,1,
7290013358370,false,פרורי לחם יפני שום 300גר,עינת,IL,פרורי לחם יפני,גרמים,300.00,100 גרם,false,0,9.90,3.30,true,1,
7290013358431,false,קרוטונים אפויים לסלט200ג,עינת,IL,קרוטונים לסלט,גרמים,200.00,100 גרם,false,0,11.90,5.95,true,1,
7290013358523,false,שבבי בצל מטוגן 150גרם,טופ טייטס,NL,שבבי בצל מטוגן,גרמים,150.00,100 גרם,false,0,13.90,9.27,true,1,
7290013358882,false,אייר פופס טורטייה טבעי40,דיאבטיקום,IL,חטיף אייר פופס,גרמים,40.00,100 גרם,false,0,5.00,12.50,true,1,
7290013472205,false,פטריות שמפניון,,NL,פטריות שמפניון,גרמים,400.00,100 גרם,false,0,6.20,1.55,true,1,
7290013474155,false,מארז חטיף דג דג40גרם6Xיח,יוניליוור,IL,מארז חטיף דג דג,גרמים,240.00,100 גרם,false,0,10.90,4.54,true,1,
7290013474377,false,בייגלה דקים מלח ים300גרם,יוניליוור,IL,בייגלה דקים,גרמים,300.00,100 גרם,false,0,10.90,3.63,true,1,
7290013525543,false,"חומוס מזרחי 1 ק""ג",סלטי שמיר,IL,"חומוס מזרחי 1 ק""ג",קילוגרמים,1.00,"ק""ג",false,0,12.00,12.00,true,1,
7290013525789,false,עריסה מרוקאית 150 גרם,סלטי שמיר,IL,עריסה מרוקאית 150 גרם,גרמים,150.00,100 גרם,false,0,7.90,5.27,true,1,
7290013525796,false,סחוג תימני 150 גרם,סלטי שמיר,IL,סחוג תימני 150 גרם,גרמים,150.00,100 גרם,false,0,7.90,5.27,true,1,
7290013525802,false,סחוג אדום 150 גרם,סלטי שמיר,IL,סחוג אדום 150 גרם,גרמים,150.00,100 גרם,false,0,7.90,5.27,true,1,
7290013525819,false,שום כתוש 150 גרם,סלטי שמיר,IL,שום כתוש 150 גרם,גרמים,150.00,100 גרם,false,0,7.90,5.27,true,1,
7290013531117,false,רוטב פסטה לילדים 260 גרם,זנלכל,IL,רוטב פסטה,גרמים,260.00,100 גרם,false,0,5.20,2.00,true,1,
7290013531414,false,רוטב פומודורו פרי מבורך,זנלכל,IL,רוטב פומודורו פרי מבורך,גרמים,260.00,100 גרם,false,0,6.90,2.65,true,1,
7290013584175,false,ספרייט 1.5*6 ליטר,החברה המרכזית לייצור משקאות,IL,ספרייט 1.5*6 ליטר,ליטרים,9.00,ליטר,false,0,36.90,4.10,true,1,
7290013584182,false,ספרייט 1.5 ליטר,החברה המרכזית לייצור משקאות,IL,ספרייט 1.5 ליטר,ליטרים,1.50,ליטר,false,0,6.50,4.33,true,1,
7290013584816,false,"משק""ל פריגת לימונענע1.5ל",פריגת,IL,"משק""ל פריגת",ליטרים,1.50,ליטר,false,0,6.50,4.33,true,1,
7290013585233,false,"ספרייט זירו 330 מ""ל",החברה המרכזית לייצור משקאות,IL,"ספרייט זירו 330 מ""ל",מיליליטרים,330.00,"100 מ""ל",false,1,5.90,1.79,true,1,
7290013585240,false,ספרייט זירו 1.5 ליטר,החברה המרכזית לייצור משקאות,IL,ספרייט זירו 1.5 ליטר,ליטרים,1.50,ליטר,false,1,6.50,4.33,true,1,
7290013585271,false,ספרייט זירו 1.5*6 ליטר,החברה המרכזית לייצור משקאות,IL,ספרייט זירו 1.5*6 ליטר,ליטרים,9.00,ליטר,false,1,36.90,4.10,true,1,
7290013585325,false,קוקה קולה 2*6 ליטר,החברה המרכזית לייצור משקאות,IL,קוקה קולה 6 יח,ליטרים,12.00,ליטר,false,1,44.90,3.74,true,1,
7290013585356,false,פיוז תה פירות יער 1.5ל',מבשלות בירה בינלאומיות,IL,פיוז תה פירות יער 1.5ל',ליטרים,1.50,ליטר,false,1,7.50,5.00,true,1,
7290013585370,false,קוקה קולה 2 ליטר,החברה המרכזית לייצור משקאות,IL,קוקה קולה,ליטרים,2.00,ליטר,false,1,7.50,3.75,true,1,
7290013585462,false,קוקה קולה זירו 2*6 ליטר,החברה המרכזית לייצור משקאות,IL,קוקה קולה זירו 2*6 ליטר,ליטרים,12.00,ליטר,false,1,44.90,3.74,true,1,
7290013585493,false,פריגת אננס פסיפלורה1.5ל,מבשלות בירה בינלאומיות,IL,"משק""ל פריגת",ליטרים,1.50,ליטר,false,1,6.50,4.33,true,1,
7290013591524,false,מטרנה אקסט.קר קומפורט400,נסטלה,IL,מטרנה אקסטרה,גרמים,400.00,100 גרם,false,0,45.90,11.48,true,1,
7290013608260,false,מיץ רימונים סחוט טרי 1ל',גניר,IL,מיץ רימונים,ליטרים,1.00,ליטר,false,0,22.20,22.20,true,1,
7290013608352,false,מיץ תפוזים 100% 3 ליטר,גניר,IL,מיץ תפוזים 100% 3 ליטר,ליטרים,3.00,ליטר,false,1,31.90,10.63,true,1,
7290013625151,false,מיץ ענבים לבן 1 ליטר,,ES,מיץ ענבים לבן 1 ליטר,ליטרים,1.00,ליטר,false,0,15.30,15.30,true,1,
7290013625274,false,שמן קנולה מועשר 1 ליטר,,IL,שמן קנולה מועשר 1 ליטר,ליטרים,1.00,ליטר,false,0,12.60,12.60,true,1,
7290013625311,false,גרעיני תירס,,TH,גרעיני תירס,גרמים,340.00,100 גרם,false,0,4.90,1.44,true,1,
7290013625489,false,פרכיות חיטה מלאה 130 גרם,,BE,פרכיות חיטה מלאה 130 גרם,גרמים,130.00,100 גרם,false,0,7.40,5.69,true,1,
7290013625922,false,איטריות דקות 400 גרם,,TR,איטריות דקות 400 גרם,גרמים,400.00,100 גרם,false,0,5.10,1.28,true,1,
7290013625939,false,איטריות דקיקות 400 גרם,,TR,איטריות דקיקות 400 גרם,גרמים,400.00,100 גרם,false,0,5.10,1.28,true,1,
7290013677006,false,חומוס 500 גרם,מיה,IL,חומוס 500 גרם,גרמים,500.00,100 גרם,false,0,12.10,2.42,true,1,
7290013677020,false,שעועית לבנה 500 גרם,מיה,IL,שעועית לבנה,גרמים,500.00,100 גרם,false,0,12.90,2.58,true,1,
7290013677037,false,עדשים ירוקים 500 גרם,מיה,IL,עדשים ירוקים,גרמים,500.00,100 גרם,false,0,10.00,2.00,true,1,
7290013677068,false,כוסמת 500 גרם,מיה,IL,כוסמת 500 גרם,גרמים,500.00,100 גרם,false,0,12.20,2.44,true,1,
7290013677075,false,חיטה 500 גרם,מיה,IL,חיטה 500 גרם,גרמים,500.00,100 גרם,false,0,9.00,1.80,true,1,
7290013677105,false,אפונה 500 גרם,מיה,IL,אפונה 500 גרם,גרמים,500.00,100 גרם,false,0,9.00,1.80,true,1,
7290013677167,false,אורז פרסי 500 גרם,מיה,IL,אורז פרסי 500 גרם,גרמים,500.00,100 גרם,false,0,9.20,1.84,true,1,
7290013677198,false,אורז בסמטי 500 גרם,מיה,IL,אורז בסמטי 500 גרם,גרמים,500.00,100 גרם,false,0,12.20,2.44,true,1,
7290013677266,false,תבלין לפיצה בשקית 80 גרם,מיה,IL,תבלין לפיצה בשקית 80 גרם,גרמים,80.00,100 גרם,false,0,4.90,6.13,true,1,
7290013677273,false,גריל דג שקית 80 גרם,מיה,IL,גריל דג שקית 80 גרם,גרמים,80.00,100 גרם,false,0,4.90,6.13,true,1,
7290013677303,false,חוויג' תימני בשקית 50 גר,מיה,IL,חוויג' תימני בשקית 50 גר,גרמים,50.00,100 גרם,false,0,4.90,9.80,true,1,
7290013677686,false,פפריקה מרוקאית בשקית80ג,מיה,IL,פפריקה מרוקאית בשקית80ג,גרמים,80.00,100 גרם,false,0,4.90,6.13,true,1,
7290013677808,false,"אורז יסמין 1 ק""ג",מיה,IL,"אורז יסמין 1 ק""ג",קילוגרמים,1.00,"ק""ג",false,0,10.20,10.20,true,1,
7290013677822,false,"גריסי פנינה 1 ק""ג",מיה,IL,גריסי פנינה 1 ק,קילוגרמים,1.00,"ק""ג",false,0,10.20,10.20,true,1,
7290013677846,false,"כוסמת 1 ק""ג",מיה,IL,"כוסמת 1 ק""ג",קילוגרמים,1.00,"ק""ג",false,0,14.20,14.20,true,1,
7290013683601,false,עוגת קצפת היער השחור1.3ק,גידרון,IL,עוגת קצפת,קילוגרמים,1.30,"ק""ג",false,0,77.90,59.92,true,1,
7290013683700,false,עוגת קצפת קפוצ'ינו 1.3קג,גידרון,IL,עוגת קצפת,קילוגרמים,1.30,"ק""ג",false,0,77.90,59.92,true,1,
7290013702005,false,מים טעם פירות יער 1.5 ל,יפאורה שותפות מובגלת לשיווק,IL,מים טעם פירות יער 1.5 ל,ליטרים,1.50,ליטר,false,0,6.00,4.00,true,1,
7290013702029,false,שוופס מים טעם אפרסק 1.5ל,יפאורה שותפות מובגלת לשיווק,IL,שוופס מים טעם אפרסק 1.5ל,ליטרים,1.50,ליטר,false,0,6.00,4.00,true,1,
7290013702043,false,שוופס מים טעם ענבים 1.5ל,יפאורה שותפות מובגלת לשיווק,IL,שוופס מים טעם ענבים 1.5ל,ליטרים,1.50,ליטר,false,0,6.00,4.00,true,1,
7290013702111,false,ספרינג תה 1.5*4 ליטר,יפאורה שותפות מובגלת לשיווק,IL,ספרינג תה 4 יח',ליטרים,6.00,ליטר,false,0,21.90,3.65,true,1,
7290013702371,false,שוופס מים בטעם תפוח 1.5ל,יפאורה שותפות מובגלת לשיווק,IL,שוופס מים בטעם תפוח 1.5ל,ליטרים,1.50,ליטר,false,0,6.00,4.00,true,1,
7290013702463,false,שוופס מוגז למונייד 1.5 ל,יפאורה שותפות מובגלת לשיווק,IL,שוופס מוגז למונייד 1.5 ל,ליטרים,1.50,ליטר,false,0,6.80,4.53,true,1,
7290013702470,false,שוופס מוגז לימונדה ורודה,יפאורה שותפות מובגלת לשיווק,IL,שוופס מוגז לימונדה ורודה,ליטרים,1.50,ליטר,false,0,6.80,4.53,true,1,
7290013702555,false,שוופס מוגז עדין אננס1.5ל,יפאורה שותפות מובגלת לשיווק,IL,שוופס מוגז עדין אננס1.5ל,ליטרים,15.00,ליטר,false,0,6.80,0.45,true,1,
7290013847379,false,טונה סטארקיסט בשמן 6יח,סטארקיסט,IL,טונה סטארקיסט,גרמים,840.00,100 גרם,false,1,29.90,3.56,true,1,
7290013848277,false,"קרם גוף כיף שקדים 200מ""ל",קוסמופארם,IL,קרם גוף כיף,מיליליטרים,200.00,"100 מ""ל",false,0,19.20,9.60,true,1,
7290013848437,false,דאו.קרמה מן אקטיב 200מל,קוסמופארם,IL,דאו.קרמה מן,מיליליטרים,200.00,"100 מ""ל",false,0,24.40,12.20,true,1,
7290013848635,false,קרמה אלפא שמפו רגיל 700,קוסמופארם,IL,שמפו שיער קרמה,מיליליטרים,700.00,"100 מ""ל",false,0,20.90,2.99,true,1,
7290013848659,false,קרמה אלפא שמפו צבוע 700מ,קוסמופארם,IL,שמפו שיער קרמה,מיליליטרים,700.00,"100 מ""ל",false,0,20.90,2.99,true,1,
7290013848666,false,קרמה אלפא שמפו מתולתל700,קוסמופארם,IL,שמפו שיער קרמה,מיליליטרים,700.00,"100 מ""ל",false,0,20.90,2.99,true,1,
7290013848673,false,קרמה אלפא שמפו ומרכך700מ,קוסמופארם,IL,מרכך שיער קרמה,מיליליטרים,700.00,"100 מ""ל",false,0,20.90,2.99,true,1,
7290013848697,false,קרמה אלפא מרכך יבש 700מל,קוסמופארם,IL,מרכך שיער קרמה,מיליליטרים,700.00,"100 מ""ל",false,0,20.90,2.99,true,1,
7290013848710,false,קרמה אלפא מרכך מתולתל700,קוסמופארם,IL,מרכך שיער קרמה,מיליליטרים,700.00,"100 מ""ל",false,0,20.90,2.99,true,1,
7290013848765,false,מקסימה ג'ל כביסה,,IL,מקסימה ג'ל כביסה,יחידה,1.00,יחידה,false,0,30.50,30.50,true,1,
7290013848918,false,דאו.קרמה רול און דבש75מ,קוסמופארם,IL,דאודורנט קרמה,מיליליטרים,75.00,"100 מ""ל",false,0,19.90,26.53,true,1,
7290013848925,false,דאו.קרמה סטיק קלאסי75ג,קוסמופארם,IL,דאודורנט קרמה,גרמים,75.00,100 גרם,false,0,23.00,30.67,true,1,
7290013883469,false,אסטוניש קרם אמבט,,IL,אסטוניש קרם אמבט,מיליליטרים,550.00,"100 מ""ל",false,0,18.50,3.36,true,1,
7290013906052,false,נקניקיות פרגיות 300 גרם,טירת צבי,IL,נקניקיות פרגיות,גרמים,300.00,100 גרם,false,0,13.90,4.63,true,1,
7290013906205,false,פסטרמה שום וצ'ילי 400 גר,טירת צבי,IL,פסטרמה שום+צ'לי,גרמים,400.00,100 גרם,false,0,34.90,8.73,true,1,
7290013906311,false,פסטרמה מעושנת קהילות400ג,טירת צבי,IL,פסטרמה 400 גרם,גרמים,400.00,100 גרם,false,0,34.90,8.73,true,1,
7290013919359,false,עוגיות מובחרות בדלי 600ג,קונדטוריית אנגל,IL,עוגיות מובחרות בדלי 600ג,גרמים,600.00,100 גרם,false,0,14.90,2.48,true,1,
7290013919366,false,עוגיות מובחרות בדלי 700ג,קונדטוריית אנגל,IL,עוגיות מובחרות בדלי 700ג,גרמים,700.00,100 גרם,false,0,14.90,2.13,true,1,
7290013927101,false,"עוגה ללא סוכר תפו""ע450ג","אחדות בע""מ א.ת. ברקן",IL,"עוגה ללא סוכר תפו""ע450ג",גרמים,450.00,100 גרם,false,0,15.30,3.40,true,1,
7290013927156,false,עוגה ללא סוכר פ.יער450ג,"אחדות בע""מ א.ת. ברקן",IL,עוגה ללא סוכר פ.יער450ג,גרמים,450.00,100 גרם,false,0,15.30,3.40,true,1,
7290013927323,false,עוגת בראוניס 400 גרם,"אחדות ביח""ר לטחינה",IL,עוגת בראוניס,גרמים,400.00,100 גרם,false,0,12.90,3.23,true,1,
7290013997180,false,"נקניקיה דלישס צמחי 1 ק""ג",טבעול,IL,נקניקיה דלישס,גרמים,1000.00,100 גרם,false,0,41.30,4.13,true,1,
7290013997371,false,נקנק.צמח.טבעול אריז2קג,טבעול,IL,נקניקיות טבעול,קילוגרמים,2.00,"ק""ג",false,0,59.90,29.95,true,1,
7290014002128,false,תה ירוק לימונית מנטה25שק,ויסוצקי,IL,תה ירוק לימונית,גרמים,37.00,100 גרם,false,0,26.90,72.70,true,1,
7290014002135,false,תה ירוק מיקס 25 שקיקים,ויסוצקי,IL,תה ירוק מיקס,גרמים,37.00,100 גרם,false,0,26.90,72.70,true,1,
7290014002173,false,תה ירוק תפוז 25ש1.5*גר,ויסוצקי,IL,תה ירוק תפוז,גרמים,75.00,100 גרם,false,0,26.90,35.87,true,1,
7290014002197,false,חליטת קמומיל ולימונית25ש,ויסוצקי,IL,חליטת קמומיל,גרמים,75.00,100 גרם,false,0,17.60,23.47,true,1,
7290014002203,false,חליטת לימונים לואיזה 25ש,ויסוצקי,IL,חליטת לימונים,גרמים,75.00,100 גרם,false,0,17.60,23.47,true,1,
7290014002586,false,חליטת חורף ג'ינג'ר דבש20,ויסוצקי,IL,חליטת ג'ינגר+דבש,גרמים,30.00,100 גרם,false,0,17.60,58.67,true,1,
7290014002685,false,חליטת אקליפטוס הדר20שק,ויסוצקי,IL,חליטת אקליפטוס,גרמים,30.00,100 גרם,false,0,17.60,58.67,true,1,
7290014002982,false,תה ירוק סטיביה+לימונית25,ויסוצקי,IL,תה ירוק סטיביה+לימונית25,גרמים,37.00,100 גרם,false,0,26.90,72.70,true,1,
7290014083806,false,עוגיות טעם חמאה,,PT,עוגיות טעם חמאה,גרמים,350.00,100 גרם,false,0,13.10,3.74,true,1,
7290014090088,false,אפונה וגזר,,IL,אפונה וגזר,קילוגרמים,1.50,"ק""ג",false,0,16.90,11.27,true,1,
7290014090095,false,ירקות העונה,,IL,ירקות העונה,קילוגרמים,1.50,"ק""ג",false,0,16.90,11.27,true,1,
7290014090576,false,פולי סויה 450 גרם,,IL,פולי סויה 450 גרם,גרמים,450.00,100 גרם,false,0,10.00,2.22,true,1,
7290014090583,false,עוגיות קוקיס 400 גרם,.,IL,עוגיות קוקיס,גרמים,400.00,100 גרם,false,0,20.90,5.23,true,1,
7290014090620,false,תחתיות ארטישוק 600גרם,.,IL,תחתיות ארטישוק 600גרם,גרמים,600.00,100 גרם,false,15,21.90,3.65,true,1,
7290014126237,false,מר מאסל לניקוי כללי 1ל,AMBALAJ APS,TR,מר מאסל לנ.כללי,ליטרים,1.00,ליטר,false,0,13.70,13.70,true,1,
7290014126312,false,מר מאסל לחדר אמבטיה 750מ,AMBALAJ APS,CN,מר מאסל לאמבטיה,מיליליטרים,750.00,"100 מ""ל",false,0,20.50,2.73,true,1,
7290014241589,false,מיקס אגוזים 150גרם,פיצוחי הטיב,IL,מיקס אגוזים,גרמים,150.00,100 גרם,false,0,14.90,9.93,true,1,
7290014241763,false,קשיו טבעי 200גרם,פיצוחי הטיב,IL,קשיו טבעי 200גרם,גרמים,200.00,100 גרם,false,0,19.90,9.95,true,1,
7290014241800,false,געלה קלוי 200גרם,פיצוחי הטיב,IL,געלה קלוי 200גרם,גרמים,200.00,100 גרם,false,0,9.90,4.95,true,1,
7290014256620,false,"BUZZ קריניאנו 750מ""ל",יקבי כרמל,IL,קריניאנו BUZZ,מיליליטרים,750.00,"100 מ""ל",false,0,29.90,3.99,true,1,
7290014256637,false,"BUZZ מוסקטו 750מ""ל",יקבי כרמל,IL,מוסקטו BUZZ,מיליליטרים,750.00,"100 מ""ל",false,0,29.90,3.99,true,1,
7290014256651,false,BUZZ אדום חצי יבש750מ,יקבי כרמל,IL,אדום חצי יבשBUZZ,מיליליטרים,750.00,"100 מ""ל",false,0,29.90,3.99,true,1,
7290014258389,false,מטרנה מהדרין ספיישל 400,נסטלה,IL,מטרנה 400גרם,גרמים,400.00,100 גרם,false,0,46.90,11.73,true,1,
7290014258716,false,מטרנה צמחית 700 גרם,נסטלה,IL,מטרנה צמחי,גרמים,700.00,100 גרם,false,0,53.30,7.61,true,1,
7290014325050,false,קורנפלור 500 גרם,מיה,IL,קורנפלור 500 גרם,גרמים,500.00,100 גרם,false,0,7.40,1.48,true,1,
7290014325128,false,לקקנים פירות טרופים220 ג,מיה,IL,לקקנים פירות טרופים220 ג,גרמים,220.00,100 גרם,false,0,9.60,4.36,true,1,
7290014397200,false,3 מברשות שיניים אורביטול,קוסמופארם,IL,מברשות שיניים,יחידה,1.00,יחידה,false,0,15.10,15.10,true,1,
7290014397279,false,שקיות מזון,,IL,שקיות מזון,יחידה,1.00,יחידה,false,0,12.30,12.30,true,1,
7290014397286,false,מרכך כביסה מרוכז,,IL,מרכך כביסה מרוכז,ליטרים,1.00,ליטר,false,0,17.90,17.90,true,1,
7290014397293,false,מרכך מרוכז פריחה לבנה1ל,,IL,מרכך מרוכז פריחה לבנה1ל,ליטרים,1.00,ליטר,false,0,17.90,17.90,true,1,
7290014397453,false,מסיר כתמים 3ליטר,,IL,מסיר כתמים 3ליטר,ליטרים,3.00,ליטר,false,0,33.90,11.30,true,1,
7290014397675,false,מרכך כביסה 4ליטר,,IL,מרכך כביסה 4ליטר,ליטרים,4.00,ליטר,false,0,21.90,5.48,true,1,
7290014397736,false,מ. כביסה מקסימה,,IL,מ. כביסה מקסימה,ליטרים,4.00,ליטר,false,0,21.90,5.48,true,1,
7290014397767,false,ריצפז פרש הום,,IL,ריצפז פרש הום,ליטרים,2.00,ליטר,false,0,20.70,10.35,true,1,
7290014426061,false,משחת שיניים הלו קיטי50מ,כצט,IL,משחת שיניים הלו קיטי50מ,מיליליטרים,50.00,"100 מ""ל",false,0,13.90,27.80,true,1,
7290014435704,false,סלמון מעושן 100 גרם,סלטי שמיר,IL,סלמון מעושן 100 גרם,גרמים,100.00,100 גרם,false,0,16.90,16.90,true,1,
7290014435810,false,הרינג כבוש עם בצל 180גרם,סלטי שמיר,IL,הרינג כבוש עם בצל 180גרם,גרמים,180.00,100 גרם,false,0,16.90,9.39,true,1,
7290014435834,false,מקרל מעושן פרוס בשמן180ג,סלטי שמיר,IL,מקרל מעושן פרוס בשמן180ג,גרמים,180.00,100 גרם,false,0,20.90,11.61,true,1,
7290014435841,false,פילה מטיאס הולנדי שמן180,סלטי שמיר,IL,פילה מטיאס הולנדי שמן180,גרמים,180.00,100 גרם,false,0,16.90,9.39,true,1,
7290014459007,false,"קוביות ת""א 700גרם",תפוגן,IL,"קוביות ת""א",גרמים,700.00,100 גרם,false,0,16.00,2.29,true,1,
7290014459052,false,"שניצל תירס תפוגן 1.800ק""",תפוגן,IL,שניצל תירס תפוגן,קילוגרמים,1.80,"ק""ג",false,0,44.90,24.94,true,1,
7290014459069,false,נקניקיות מן הצומח 1.800ק,תפוגן,IL,נקניקיות מן הצומ,קילוגרמים,1.80,"ק""ג",false,0,46.90,26.06,true,1,
7290014459083,false,"ציפס כפרי 1.5 ק""ג",תפוגן,IL,ציפס כפרי,קילוגרמים,1.50,"ק""ג",false,0,25.90,17.27,true,1,
7290014459113,false,ביסבול איטלקי 700גרם,תפוגן,IL,ביסבול איטלקי,גרמים,700.00,100 גרם,false,0,17.10,2.44,true,1,
7290014466135,false,"הר חרמון אינדיגו 375 מ""ל",יקבי רמת הגולן קצרין,IL,הר חרמון אינדיגו,מיליליטרים,375.00,"100 מ""ל",false,0,20.50,5.47,true,1,
7290014471061,false,צ'וקטה וופל,,IL,צ'וקטה וופל,גרמים,70.00,100 גרם,false,0,4.90,7.00,true,1,
7290014473539,false,פטריות חתוכות דל נתרן 40,,NL,פטריות חתוכות דל נתרן 40,גרמים,400.00,100 גרם,false,0,6.90,1.73,true,1,
7290014473577,false,רסק תפוחי עץ 550 גרם,,CZ,רסק תפוחי עץ 550 גרם,גרמים,550.00,100 גרם,false,0,10.90,1.98,true,1,
7290014473607,false,"רסק תפו""ע ואפרסק 550 גרם",,CZ,"רסק תפו""ע ואפרסק 550 גרם",גרמים,550.00,100 גרם,false,0,10.90,1.98,true,1,
7290014473881,false,גביע אור משמן,,IL,גביע אור משמן,יחידה,1.00,יחידה,false,0,69.90,69.90,true,1,
7290014562387,false,גרגרים נמסים קמומיל 200,,IL,גרגרים נמסים קמומיל 200,גרמים,200.00,100 גרם,false,0,20.90,10.45,true,1,
7290014562394,false,גרגרים נמסים שומר 200 גר,,IL,גרגרים נמסים שומר 200 גר,גרמים,200.00,100 גרם,false,0,20.90,10.45,true,1,
7290014562684,false,פריכיות אורז מרובעות 130,בטר אנד דיפרנט,IL,פריכיות אורז,גרמים,130.00,100 גרם,false,1,6.90,5.31,true,1,
7290014562691,false,פריכיות תירס 130 גרם,בטר אנד דיפרנט,IL,פריכיות תירס,גרמים,130.00,100 גרם,false,1,6.90,5.31,true,1,
7290014562752,false,תרכיז סיידר תפוחים 250 מ,בטר אנד דיפרנט,IL,תרכיז סיידר תפוח,מיליליטרים,250.00,"100 מ""ל",false,1,11.90,4.76,true,1,
7290014562868,false,סילאן טבעי,,,סילאן טבעי,יחידה,1.00,יחידה,false,0,25.90,25.90,true,1,
7290014603073,false,מאגדת מיני מגנום דאבל גר,שטראוס,IL,מאגדת מיני מגנום,גרמים,310.00,100 גרם,false,0,29.90,9.65,true,1,
7290014603547,false,גל.קרמיסימו וניל+שוק1.3.,שטראוס,IL,גל.קרמיסימו וניל+שוק1.3.,מיליליטרים,665.00,"100 מ""ל",false,0,19.90,2.99,true,1,
7290014603554,false,קרמיסימו סנדיי וניל תות,שטראוס,IL,קרמיסימו סנדיי וניל תות,ליטרים,1.33,ליטר,false,0,19.90,14.96,true,1,
7290014603813,false,קרמיסימו מסטיק וניל 1330,שטראוס,IL,גלידת קרמיסימו,ליטרים,1.33,ליטר,false,0,19.90,14.96,true,1,
7290014603820,false,קרמיסימו ונילה פקאן 1330,שטראוס,IL,גלידת קרמיסימו,ליטרים,1.33,ליטר,false,0,19.90,14.96,true,1,
7290014673403,false,פלפל שחור טחון 250 גרם,,IL,פלפל שחור טחון 250 גרם,גרמים,250.00,100 גרם,false,0,27.20,10.88,true,1,
7290014692817,false,מוצרלה מגורדת,,,מוצרלה מגורדת,גרמים,200.00,100 גרם,false,0,15.90,7.95,true,1,
7290014725294,false,סוכרזית סוכרלוז 100שקיות,"ביסקול בע""מ",IL,סוכרזית סוכרלוז 100שקיות,גרמים,100.00,100 גרם,false,0,19.90,19.90,true,1,
7290014731028,false,"כוס קרטון 240 מ""ל 50 יח",פאלאס,IL,כוסות קרטון50יח,יחידה,1.00,יחידה,false,1,4.90,4.90,true,1,
7290014745360,false,שניצל מעדן ביתי רובין600,עוף טוב,IL,שניצל מעדן ביתי,גרמים,600.00,100 גרם,false,0,40.00,6.67,true,1,
7290014745391,false,חטיפי שניצל רובין 700גרם,עוף טוב,IL,חטיפי שניצל,גרמים,700.00,100 גרם,false,0,25.00,3.57,true,1,
7290014745414,false,שניצל דק ענק רובין 700גר,עוף טוב,IL,שניצל דק ענק,גרמים,700.00,100 גרם,false,0,32.00,4.57,true,1,
7290014745551,false,שניצל מספרים ע.טוב 100%,עוף טוב,IL,שניצל מספרים,גרמים,700.00,100 גרם,false,0,37.30,5.33,true,1,
7290014745599,false,ע.ט.שניצל עוף ביתי צפי.צ,עוף טוב,IL,שניצל ביתי,גרמים,600.00,100 גרם,false,0,41.30,6.88,true,1,
7290014745698,false,נקניקיות איכותיות 400גרם,עוף טוב,IL,נקניקיות עוף טוב,גרמים,400.00,100 גרם,false,0,15.50,3.88,true,1,
7290014746541,false,מיני שניצל מהודו 700 גר',פיליפס,IL,מיני שניצל הודו,גרמים,700.00,100 גרם,false,1,29.90,4.27,true,1,
7290014746961,false,שניצל בציפוי מעודן700גרם,עוף טוב,IL,שניצל ביתי 700גר,גרמים,700.00,100 גרם,false,1,39.90,5.70,true,1,
7290014747005,false,חטיפי שניצל 700 גרם,עוף טוב,IL,חטיפי שניצל 700ג,גרמים,700.00,100 גרם,false,1,25.90,3.70,true,1,
7290014758346,false,מעדן סויה שוק2%. 125*2גר,,IL,מעדן סויה שוק2%. 125*2גר,גרמים,250.00,100 גרם,false,0,9.00,3.60,true,1,
7290014758360,false,מעדן סויה תות1.6% 125*2ג,,IL,מעדן סויה תות1.6% 125*2ג,גרמים,250.00,100 גרם,false,0,9.00,3.60,true,1,
7290014758681,false,קוטג 1% 250 גרם,,IL,קוטג 1% 250 גרם,גרמים,250.00,100 גרם,false,0,5.50,2.20,true,1,
7290014759084,false,גבינת נפוליאון 16% 225גר,,IL,גבינת נפוליאון 16% 225גר,גרמים,225.00,100 גרם,false,0,13.90,6.18,true,1,
7290014759244,false,באדי תות 2 יח,,IL,באדי תות 2 יח,ליטרים,1.00,ליטר,false,0,14.90,14.90,true,1,
7290014760141,false,משקה שקדים טרי 1 ליטר,סוי מג'יק,IL,משקה שקדים,ליטרים,1.00,ליטר,false,1,12.90,12.90,true,1,
7290014761018,false,גיל בטעם וניל,,IL,גיל בטעם וניל,גרמים,125.00,100 גרם,false,0,1.60,1.28,true,1,
7290014761193,false,פרילי פירות יער 125 גרם,תנובה,IL,פרילי פירות יער,גרמים,125.00,100 גרם,false,0,3.50,2.80,true,1,
7290014761230,false,נפוליאון פלפל+פפריקה225ג,,IL,נפוליאון פלפל+פפריקה225ג,גרמים,225.00,100 גרם,false,0,13.90,6.18,true,1,
7290014761247,false,מאגדת יופלה פרי 150*4גרם,תנובה,IL,מאגדת יופלה,גרמים,600.00,100 גרם,false,1,14.90,2.48,true,1,
7290014761278,false,"יופלה בד""צ אננס 0% 150 ג",תנובה,IL,יופלה אננס,גרמים,150.00,100 גרם,false,1,4.70,3.13,true,1,
7290014761292,false,"YYY תות בד""ץ",,IL,"YYY תות בד""ץ",גרמים,500.00,100 גרם,false,0,12.90,2.58,true,1,
7290014761377,false,קרלו שוקולד קצפת,,IL,קרלו שוקולד קצפת,גרמים,126.00,100 גרם,false,0,2.50,1.98,true,1,
7290014761681,false,בולגרית למריחה ציזיקי200,תנובה,IL,בולגרית למריחה ציזיקי200,גרמים,200.00,100 גרם,false,0,13.90,6.95,true,1,
7290014791077,false,ספרינג תה ענבים 1.5 ליטר,יפאורה שותפות מובגלת לשיווק,IL,ספרינג תה ענבים 1.5 ליטר,ליטרים,1.50,ליטר,false,0,6.20,4.13,true,1,
7290014791138,false,ספרינג קולקשן דובדבן1.25,יפאורה שותפות מובגלת לשיווק,IL,ספרינג קולקשן דובדבן1.25,ליטרים,1.25,ליטר,false,0,13.00,10.40,true,1,
7290014791213,false,שוופס מים 0קלור.תפוח1.5ל,יפאורה שותפות מובגלת לשיווק,IL,שוופס מים 0קלור.תפוח1.5ל,ליטרים,1.50,ליטר,false,0,6.00,4.00,true,1,
7290014791237,false,שוופס מים 0קלור.אפרסק1.5,יפאורה שותפות מובגלת לשיווק,IL,שוופס מים 0קלור.אפרסק1.5,ליטרים,1.50,ליטר,false,0,6.00,4.00,true,1,
7290014791541,false,שוופס גולד ראשן 1.5 ליטר,יפאורה שותפות מובגלת לשיווק,IL,שוופס גולד ראשן 1.5 ליטר,ליטרים,1.50,ליטר,false,0,7.90,5.27,true,1,
7290014791558,false,שוופס סודה נענע לי1.5*4ל,יפאורה שותפות מובגלת לשיווק,IL,שוופס סודה נענע לי1.5*4ל,ליטרים,6.00,ליטר,false,0,10.50,1.75,true,1,
7290014791565,false,שוופס מוגז ענבים 1.5ליטר,יפאורה שותפות מובגלת לשיווק,IL,שוופס מוגז ענבים 1.5ליטר,ליטרים,1.50,ליטר,false,1,6.80,4.53,true,1,
7290014791596,false,תפוזינה לימונדה ורודה1.5,יפאורה שותפות מובגלת לשיווק,IL,תפוזינה לימונדה,ליטרים,1.50,ליטר,false,0,5.90,3.93,true,1,
7290014791619,false,שוופס סודה נענע ליים1.5ל,יפאורה שותפות מובגלת לשיווק,IL,שוופס סודה,ליטרים,1.50,ליטר,false,0,3.30,2.20,true,1,
7290014791770,false,פרוט ווטר ענבים 1.5 ליטר,יפאורה שותפות מובגלת לשיווק,IL,פרוט ווטר ענבים 1.5 ליטר,ליטרים,1.50,ליטר,false,1,6.90,4.60,true,1,
7290014791787,false,פרוט ווטר אננס 1.5 ליטר,יפאורה שותפות מובגלת לשיווק,IL,פרוט ווטר אננס 1.5 ליטר,ליטרים,1.50,ליטר,false,1,6.90,4.60,true,1,
7290014791794,false,פרוט ווטר תפוח 1.5 ליטר,יפאורה שותפות מובגלת לשיווק,IL,פרוט ווטר תפוח 1.5 ליטר,ליטרים,1.50,ליטר,false,1,6.90,4.60,true,1,
7290014791800,false,פרוט ווטר אפרסק 1.5 ליטר,יפאורה שותפות מובגלת לשיווק,IL,פרוט ווטר אפרסק 1.5 ליטר,ליטרים,1.50,ליטר,false,1,6.90,4.60,true,1,
7290014791817,false,פרוט ווטר אבטיח 1.5 ליטר,יפאורה שותפות מובגלת לשיווק,IL,פרוט ווטר אבטיח 1.5 ליטר,ליטרים,1.50,ליטר,false,1,6.90,4.60,true,1,
7290014940086,false,הלחמניה להמבורגר 50*8ג,מאפיית שלמה א. אנג'ל,IL,הלחמניה להמבורגר 50*8ג,גרמים,400.00,100 גרם,false,0,12.90,3.23,true,1,
7290014940093,false,הלחמניה הקלה 54*6 גרם,מאפיית שלמה א. אנג'ל,IL,הלחמניה הקלה 54*6 גרם,גרמים,324.00,100 גרם,false,0,13.50,4.17,true,1,
7290014949782,false,"קרם ניקוי הדרים 750 מ""ל",AMBALAJ APS,IL,קרם ניקוי הדרים,מיליליטרים,750.00,"100 מ""ל",false,0,15.90,2.12,true,1,
7290015033084,false,קוסקוס אמיתי,,IL,קוסקוס אמיתי,גרמים,350.00,100 גרם,false,0,3.90,1.11,true,1,
7290015037204,false,כרוב לבן 400גרם א.הארץ,קטיף,IL,כרוב לבן 400גרם א.הארץ,גרמים,400.00,100 גרם,false,0,10.90,2.73,true,1,
7290015037228,false,קולסלאו 400גרם א.הארץ,קטיף,IL,קולסלאו 400גרם א.הארץ,גרמים,400.00,100 גרם,false,0,10.90,2.73,true,1,
7290015037235,false,חסה אייסברג א.הארץ 300ג,קטיף,IL,חסה אייסברג,גרמים,300.00,100 גרם,false,0,10.90,3.63,true,1,
7290015037242,false,לקט ים תיכוני 350גרם,קטיף,IL,לקט ים תיכוני 350גרם,גרמים,350.00,100 גרם,false,0,10.90,3.11,true,1,
7290015037273,false,פטרוזליה אוצר הארץ יחידה,קטיף,IL,פטרוזליה אוצר הארץ יחידה,יחידה,1.00,יחידה,false,0,7.90,7.90,true,1,
7290015037280,false,כוסברה אוצר הארץ יחידה,קטיף,IL,כוסברה אוצר הארץ יחידה,יחידה,1.00,יחידה,false,0,7.90,7.90,true,1,
7290015037402,false,בצל ירוק א.הארץ יחידה,קטיף,IL,בצל ירוק א.הארץ יחידה,יחידה,1.00,יחידה,false,0,8.90,8.90,true,1,
7290015037419,false,סלרי אוצר הארץ יחידה,קטיף,IL,סלרי אוצר הארץ יחידה,יחידה,1.00,יחידה,false,0,8.90,8.90,true,1,
7290015037440,false,כרוב לבן שלם א.הארץ,קטיף,IL,כרוב לבן שלם א.הארץ,גרמים,0.00,"ק""ג",true,0,13.90,13.90,true,1,
7290015039369,false,שלישית נתחי טונה,,TH,שלישית נתחי טונה,גרמים,480.00,100 גרם,false,0,17.90,3.73,true,1,
7290015057011,false,אטריות להקפצה,,TR,אטריות להקפצה,גרמים,400.00,100 גרם,false,0,7.90,1.98,true,1,
7290015057028,false,אטריות להקפצה,,TR,אטריות להקפצה,גרמים,400.00,100 גרם,false,0,7.90,1.98,true,1,
7290015057066,false,עלי גפן 400 גרם,,CN,עלי גפן 400 גרם,גרמים,400.00,100 גרם,false,0,10.90,2.73,true,1,
7290015057080,false,פעקלך קטן,,IL,פעקלך קטן,יחידה,1.00,יחידה,false,0,4.00,4.00,true,1,
7290015057127,false,מקלות חמוצים,,TR,מקלות חמוצים,גרמים,18.00,100 גרם,false,0,1.90,10.56,true,1,
7290015057226,false,פופסים ברביקיו 18X20 גרם,,IL,פופסים ברביקיו 18X20 גרם,גרמים,360.00,100 גרם,false,0,11.90,3.31,true,1,
7290015057240,false,פופסים פיצה 18X20 גרם,,IL,פופסים פיצה 18X20 גרם,גרמים,360.00,100 גרם,false,0,11.90,3.31,true,1,
7290015057264,false,צינור תות וניל,,IL,צינור תות וניל,גרמים,300.00,100 גרם,false,0,10.90,3.63,true,1,
7290015139229,false,מטבעות שוקולד זהב סגול42,כרמית,IL,מטבעות שוקולד,גרמים,42.00,100 גרם,false,1,5.50,13.10,true,1,
7290015139359,false,מארז חנוכה בית גרם117גרם,כרמית,IL,מארז חנוכה בית,יחידה,1.00,יחידה,false,1,13.50,13.50,true,1,
7290015150101,false,ויסוצקידס נענע 20 שקיקים,ויסוצקי,IL,ויסוצקידס נענע,גרמים,54.00,100 גרם,false,0,18.90,35.00,true,1,
7290015150378,false,תה קר אפרסק 20 שקיקים,ויסוצקי,IL,תה קר אפרסק,גרמים,50.00,100 גרם,false,1,17.90,35.80,true,1,
7290015150583,false,תה ירוק לימון ודבש 25שק',ויסוצקי,IL,תה ירוק ויסוצקי,גרמים,37.00,100 גרם,false,1,26.90,72.70,true,1,
7290015150613,false,חליטת קינמון ליקריץ20שק',ויסוצקי,IL,חליטת חורף,גרמים,48.00,100 גרם,false,1,17.60,36.67,true,1,
7290015155311,false,שישיית פרינוק,,IL,שישיית פרינוק,קילוגרמים,1.14,"ק""ג",false,0,19.90,17.46,true,1,
7290015193016,false,"רוטב טריאקי 340 מ""ל",לינג סאוג האנג,TH,רוטב טריאקי,מיליליטרים,340.00,"100 מ""ל",false,0,10.90,3.21,true,1,
7290015193306,false,מעדני מלך דובשניות 500 ג,אנגל שיבולים,IL,דובשניות,גרמים,500.00,100 גרם,false,1,11.90,2.38,true,1,
7290015282512,false,מטבוחה 300 גרם,סלטי שמיר,IL,מטבוחה 300 גרם,גרמים,300.00,100 גרם,false,0,10.00,3.33,true,1,
7290015282529,false,תורכי איסטנבול 300 גרם,סלטי שמיר,IL,תורכי איסטנבול 300 גרם,גרמים,300.00,100 גרם,false,0,10.00,3.33,true,1,
7290015339049,false,ריבת תות שדה 340 גרם,,HU,ריבת תות שדה 340 גרם,גרמים,340.00,100 גרם,false,0,11.90,3.50,true,1,
7290015339056,false,ריבת דובדבן 340 גרם,,HU,ריבת דובדבן 340 גרם,גרמים,340.00,100 גרם,false,0,11.90,3.50,true,1,
7290015339230,false,פסטה קנלוני 250 גרם,,IT,פסטה קנלוני 250 גרם,גרמים,250.00,100 גרם,false,0,11.90,4.76,true,1,
7290015339254,false,בילאגיו טריו,,TR,בילאגיו טריו,גרמים,400.00,100 גרם,false,0,6.60,1.65,true,1,
7290015339261,false,פסטה ספירלה,,IL,פסטה ספירלה,גרמים,350.00,100 גרם,false,0,2.30,0.66,true,1,
7290015339285,false,פסטה צינורות,,TR,פסטה צינורות,גרמים,350.00,100 גרם,false,0,2.30,0.66,true,1,
7290015339292,false,פסטה קונכיות,,TR,פסטה קונכיות,גרמים,350.00,100 גרם,false,0,2.30,0.66,true,1,
7290015339322,false,לקקן עגול 5X50 גרם,,BR,לקקן עגול 5X50 גרם,גרמים,250.00,100 גרם,false,0,10.90,4.36,true,1,
7290015339384,false,בילאגיו טריו,,TR,בילאגיו טריו,גרמים,400.00,100 גרם,false,0,6.60,1.65,true,1,
7290015339476,false,"אורז פרסי קלאסי 5 ק""ג",יותאי פרודוס קומפני,TH,"אורז פרסי קלאסי 5 ק""ג",קילוגרמים,5.00,"ק""ג",false,1,29.90,5.98,true,1,
7290015339599,false,שוקולד מריר עם שברי אגוז,,CH,שוקולד מריר עם שברי אגוז,גרמים,100.00,100 גרם,false,0,8.20,8.20,true,1,
7290015339698,false,דובדבנים חמוצים בסירופ 6,דונקליטי קונזרוון,HU,דובדבנים בסירופ,גרמים,680.00,100 גרם,false,1,10.90,1.60,true,1,
7290015347488,false,"סוכר דמררה בשקית 1 ק""ג",מיה,IL,"סוכר דמררה בשקית 1 ק""ג",קילוגרמים,1.00,"ק""ג",false,0,11.90,11.90,true,1,
7290015597012,false,מאגדת מיני מגנום ברולה 8,שטראוס,IL,מאגדת מיני מגנום,גרמים,285.00,100 גרם,false,0,29.90,10.49,true,1,
7290015642095,false,איקרה רומני 400 גרם,מעדני מיקי,IL,איקרה רומני,גרמים,400.00,100 גרם,false,0,12.90,3.23,true,1,
7290015642101,false,איקרה בלקני 400 גרם,מעדני מיקי,IL,איקרה בלקני,גרמים,400.00,100 גרם,false,0,12.90,3.23,true,1,
7290015642118,false,חציל יווני 400 גרם,מעדני מיקי,IL,חציל יווני,גרמים,400.00,100 גרם,false,0,7.90,1.98,true,1,
7290015642163,false,"סלט תפו""א 400 גרם",מעדני מיקי,IL,"סלט תפו""א",גרמים,400.00,100 גרם,false,0,7.90,1.98,true,1,
7290015642170,false,סלט חציל במיונז 400 גרם,מעדני מיקי,IL,סלט חציל במיונז,גרמים,400.00,100 גרם,false,0,7.90,1.98,true,1,
7290015642200,false,סלט טורקי 400 גרם,מעדני מיקי,IL,סלט טורקי,גרמים,400.00,100 גרם,false,0,7.90,1.98,true,1,
7290015642323,false,מטיאס פרובנציאל 400 גרם,מעדני מיקי,IL,מטיאס פרובנציאל,גרמים,400.00,100 גרם,false,0,17.90,4.48,true,1,
7290015642354,false,טחינה מיקי,,IL,טחינה מיקי,גרמים,400.00,100 גרם,false,0,7.90,1.98,true,1,
7290015664011,false,רולי פרי בטעם משמש 21 גר,טעמן,IL,רולי פרי בטעם מש,גרמים,21.00,100 גרם,false,1,3.90,18.57,true,1,
7290015664042,false,רול פרי בטעם תות 21גר,טעמן,IL,רול פרי בטעם תו,גרמים,21.00,100 גרם,false,1,3.90,18.57,true,1,
7290015664059,false,רולי פרי בטעם ענבים 21 ג,טעמן,IL,רולי פרי בטעם ענ,יחידה,1.00,יחידה,false,1,3.90,3.90,true,1,
7290015664943,false,רולי פרי בטעם תות 35 ג,GIDA LNDUSTRIEL,TR,רולי פרי תות,גרמים,35.00,100 גרם,false,1,3.90,11.14,true,1,
7290015664950,false,רול פרי בטעם פטל 35 גרם,GIDA LNDUSTRIEL,TR,רול פרי פטל,גרמים,35.00,100 גרם,false,1,3.90,11.14,true,1,
7290055090689,false,מיני קוקיס מרוקאיות600ג,כרמית,IL,מיני קוקיס,גרמים,600.00,100 גרם,false,0,16.90,2.82,true,1,
7290055090702,false,איגלושלוקי 70 י 2.030 מל,כרמית,IL,איגלושלוקי,ליטרים,2.03,ליטר,false,0,11.00,5.42,true,1,
7290055090801,false,"שוקולד לבן ללת""ס 85 גרם",כרמית,IL,"שוקולד לבן ללת""ס 85 גרם",גרמים,85.00,100 גרם,false,0,8.30,9.76,true,1,
7290100240144,false,בדין תרסיס מייבש ורוד500,זוהר דליה,IL,תרסיס למייבש,מיליליטרים,500.00,"100 מ""ל",false,0,20.70,4.14,true,1,
7290100241707,false,מרכך כביסה בדין פירות 4ל,יוניליוור,IL,מרכך כביסה בדין,ליטרים,4.00,ליטר,false,0,21.90,5.48,true,1,
7290100242353,false,ברנפלקס 750 גרם,יוניליוור,,ברנפלקס,גרמים,750.00,100 גרם,false,0,31.00,4.13,true,1,
7290100243664,false,"בדין אקסטרה סגול 960 מ""ל",יוניליוור,TR,מרכך כביסה בדין,מיליליטרים,960.00,"100 מ""ל",false,0,19.90,2.07,true,1,
7290100243671,false,"בדין אקסטרה כחול 960 מ""ל",יוניליוור,TR,מרכך כביסה בדין,מיליליטרים,960.00,"100 מ""ל",false,0,19.90,2.07,true,1,
7290100243688,false,"בדין אקסטרה ורוד 960 מ""ל",יוניליוור,TR,מרכך כביסה בדין,מיליליטרים,960.00,"100 מ""ל",false,0,19.90,2.07,true,1,
7290100244609,false,רוטב לסלט אלף האיים290מל,יוניליוור,IL,רוטב אלף האיים,מיליליטרים,290.00,"100 מ""ל",false,0,14.00,4.83,true,1,
7290100245231,false,נמס בכוס ט.עוף ש.מרק50גר,יוניליוור,IL,נמס בכוס ט.עוף,גרמים,50.00,100 גרם,false,0,7.50,15.00,true,1,
7290100247051,false,תח.רחצה פינוק קלאסי 700מ,יוניליוור,IL,תחליב רחצה פינוק,מיליליטרים,700.00,"100 מ""ל",false,0,13.90,1.99,true,1,
7290100247068,false,תחליב פינוק לבנד.וניל700,יוניליוור,IL,תחליב רחצה פינוק,מיליליטרים,700.00,"100 מ""ל",false,0,13.90,1.99,true,1,
7290100247075,false,תח.רחצה פינוק רוח ים700מ,יוניליוור,IL,תחליב רחצה פינוק,מיליליטרים,700.00,"100 מ""ל",false,0,13.90,1.99,true,1,
7290100247099,false,תח.רחצה פינוק סיגליות700,יוניליוור,IL,תחליב רחצה פינוק,מיליליטרים,700.00,"100 מ""ל",false,0,13.90,1.99,true,1,
7290100247105,false,תחליב רח.פינוק קוקוס700מ,יוניליוור,IL,תחליב רחצה פינוק,מיליליטרים,700.00,"100 מ""ל",false,0,13.90,1.99,true,1,
7290100247556,false,קורנפלקס ללא גלוטן 500גר,יוניליוור,IT,קורנפלקס תלמה,גרמים,500.00,100 גרם,false,0,22.40,4.48,true,1,
7290100247778,false,מרק פטריות מוקרם 79 גרם,יוניליוור,IL,מרק פטריות,גרמים,79.00,100 גרם,false,0,9.80,12.41,true,1,
7290100249352,false,מרק טעם עוף 400 גרם,יוניליוור,IL,מרק טעם עוף,גרמים,400.00,100 גרם,false,0,14.60,3.65,true,1,
7290100249376,false,מרק בצל 400 גרם,יוניליוור,IL,מרק בצל,גרמים,400.00,100 גרם,false,0,26.40,6.60,true,1,
7290100249390,false,מרק טעם עוף ר.טבעיים400ג,יוניליוור,IL,מרק טעם עוף,גרמים,400.00,100 גרם,false,0,19.50,4.88,true,1,
7290100249413,false,מרק פטריות ר. טבעיים400ג,יוניליוור,IL,מרק פטריות,גרמים,400.00,100 גרם,false,0,31.50,7.88,true,1,
7290100249482,false,נמס בכוס אפונה 25*2 גרם,יוניליוור,IL,נמס בכוס אפונה,גרמים,50.00,100 גרם,false,0,7.50,15.00,true,1,
7290100249512,false,פירה בטעם ביתי 130X2 גרם,יוניליוור,IL,פירה בטעם ביתי,גרמים,260.00,100 גרם,false,0,12.80,4.92,true,1,
7290100249581,false,רוטב לעוף שזיפים 320 גרם,יוניליוור,IL,רוטב עוף שזיפים,גרמים,320.00,100 גרם,false,0,11.40,3.56,true,1,
7290100249628,false,רוטב עוף ברביקיו סויה310,יוניליוור,IL,רוטב ברביקיו,גרמים,310.00,100 גרם,false,0,11.40,3.68,true,1,
7290100249932,false,"דליפקאן בד""ץ 400 גרם",יוניליוור,IL,דליפקאן,גרמים,400.00,100 גרם,false,0,22.90,5.73,true,1,
7290100651582,false,"קולגייט טוטל 100*2 מ""ל",קולגייט-פלמוליב,PL,זוג משחות שיניים,מיליליטרים,200.00,"100 מ""ל",false,0,34.60,17.30,true,1,
7290100680711,false,פירורית זהב 350 גרם,עינת,IL,פירורית זהב אסם,גרמים,350.00,100 גרם,false,0,9.50,2.71,true,1,
7290100680728,false,פירורית רגילה 350 גרם,אסם,IL,פירורית אסם,גרמים,350.00,100 גרם,false,0,7.90,2.26,true,1,
7290100681015,false,אינסטנ.פודינג ריבת חלב84,אסם,IL,אינסטנט פודינג,גרמים,84.00,100 גרם,false,0,5.20,6.19,true,1,
7290100681114,false,"רוטב סויה סיני אסם600מ""ל",אסם,IL,רוטב סויה אסם,מיליליטרים,600.00,"100 מ""ל",false,0,18.60,3.10,true,1,
7290100681138,false,אפרופו 50*3 גרם,אסם,IL,אפרופו 3יח במארז,גרמים,150.00,100 גרם,false,0,12.60,8.40,true,1,
7290100681503,false,סירופ לימונענע דיאט 1 ל',בית השיטה,IL,סירופ דיאט,ליטרים,1.00,ליטר,false,0,11.00,11.00,true,1,
7290100681640,false,לחמית חיטה מלאה ובצל230ג,אסם,IL,לחמית בצל,גרמים,230.00,100 גרם,false,0,8.10,3.52,true,1,
7290100683217,false,"ויטמינצ'יק תפו""ע 2 ליטר",בית השיטה,IL,"ויטמינצ'יק תפו""ע",ליטרים,2.00,ליטר,false,0,22.50,11.25,true,1,
7290100683880,false,פירה 260 גרם,אסם,IL,פירה אסם,גרמים,260.00,100 גרם,false,0,13.60,5.23,true,1,
7290100684306,false,"רוטב צ'לי מתוק 600 מ""ל",אסם,IL,רוטב צ'לי מתוק,מיליליטרים,600.00,"100 מ""ל",false,0,19.60,3.27,true,1,
7290100685136,false,"מרק טעם עוף פרווה 1 ק""ג",אסם,IL,"מרק טעם עוף פרווה 1 ק""ג",קילוגרמים,1.00,"ק""ג",false,0,11.90,11.90,true,1,
7290100685334,false,מרק עוף רכיבים טבעיים400,אסם,IL,מרק עוף רכיבים טבעיים400,גרמים,400.00,100 גרם,false,0,27.30,6.83,true,1,
7290100685341,false,מרק ט.עוף רכ' טבעיים400ג,אסם,IL,מרק ט.עוף רכ' טבעיים400ג,גרמים,400.00,100 גרם,false,0,18.50,4.63,true,1,
7290100685815,false,במבה יום הולדת 100 גרם,אסם,IL,במבה יום הולדת,גרמים,100.00,100 גרם,false,0,5.00,5.00,true,1,
7290100685846,false,במבה 100 גרם,אסם,IL,במבה,גרמים,100.00,100 גרם,false,0,5.00,5.00,true,1,
7290100686164,false,ביסלי ברביקיו 35*6 גרם,אסם,IL,ביסלי מארז 6 יח,גרמים,210.00,100 גרם,false,0,13.60,6.48,true,1,
7290100686171,false,ביסלי גריל 6 * 35 גרם,אסם,IL,ביסלי מארז 6 יח,גרמים,210.00,100 גרם,false,0,13.60,6.48,true,1,
7290100687109,false,במבה נוגט 60 גרם,אסם,IL,במבה נוגט,גרמים,60.00,100 גרם,false,0,5.00,8.33,true,1,
7290100689035,false,פייבר וואן 460 גרם,ג'נרל מילס,US,פייבר וואן,גרמים,460.00,100 גרם,false,0,24.90,5.41,true,1,
7290100689264,false,האני נאט צ'יריוס 615 גרם,ג'נרל מילס,US,הני נאט צ'יריוס,גרמים,615.00,100 גרם,false,0,25.60,4.16,true,1,
7290100700006,false,"חיטה 1 ק""ג",סוגת,IL,חיטה,קילוגרמים,1.00,"ק""ג",false,0,8.30,8.30,true,1,
7290100700020,false,גריסי פנינה 500 גרם,סוגת,IL,גריסי פנינה,גרמים,500.00,100 גרם,false,0,7.00,1.40,true,1,
7290100700242,false,"אורז מלא עגול סוגת 1 ק""ג",סוגת,IL,אורז מלא עגול,קילוגרמים,1.00,"ק""ג",false,0,10.60,10.60,true,1,
7290100700273,false,קינואה סוגת 500 גרם,סוגת,IL,קינואה סוגת,גרמים,500.00,100 גרם,false,0,19.90,3.98,true,1,
7290100700327,false,"גריסי פנינה 1 ק""ג",סוגת,IL,"גריסי פנינה 1ק""ג",קילוגרמים,1.00,"ק""ג",false,0,11.00,11.00,true,1,
7290100700389,false,"אורז אדום סוגת 1 ק""ג",סוגת,IL,אורז אדום סוגת,קילוגרמים,1.00,"ק""ג",false,0,12.00,12.00,true,1,
7290100700396,false,"אורז יסמין קלאסי 1 ק""ג",סוגת,IL,אורז יסמין סוגת,קילוגרמים,1.00,"ק""ג",false,0,16.50,16.50,true,1,
7290100700402,false,"חומוס ענק 1 ק""ג",סוגת,IL,חומוס ענק,קילוגרמים,1.00,"ק""ג",false,0,14.80,14.80,true,1,
7290100701324,false,"סוכר דק דק 1 ק""ג",סוגת,IL,סוכר דק דק,קילוגרמים,1.00,"ק""ג",false,0,6.40,6.40,true,1,
7290100701454,false,גרישה 500 גרם,סוגת,IL,גרישה 500 גרם,גרמים,500.00,100 גרם,false,0,6.50,1.30,true,1,
7290100701577,false,"קמח לחם 1 ק""ג",סוגת,IL,"קמח לחם 1 ק""ג",קילוגרמים,1.00,"ק""ג",false,0,8.20,8.20,true,1,
7290100701881,false,"קמח פיצה ופוקצ'ה 1 ק""ג",שטיבל,IL,"קמח פיצה ופוקצ'ה 1 ק""ג",קילוגרמים,1.00,"ק""ג",false,0,8.20,8.20,true,1,
7290100702260,false,קוסקוס דק 350 גרם,סוגת,IL,קוסקוס דק,גרמים,350.00,100 גרם,false,0,8.10,2.31,true,1,
7290100702383,false,"קמח תופח 1 ק""ג",שטיבל,IL,"קמח תופח 1 ק""ג",קילוגרמים,1.00,"ק""ג",false,0,8.20,8.20,true,1,
7290100702680,false,פתיתים קידס חיות 400 ג,אסיף תעשיות מזון,IL,פתיתים קידס חיות,גרמים,400.00,100 גרם,false,0,5.20,1.30,true,1,
7290100850411,false,מיקס חטיפים 190 גרם,שטראוס,IL,מיקס חטיפים 190 גרם,גרמים,190.00,100 גרם,false,0,14.60,7.68,true,1,
7290100850459,false,מיקס חטיפים 390 גרם,עלית,IL,מיקס חטיפים 390 גרם,גרמים,390.00,100 גרם,false,0,24.40,6.26,true,1,
7290100850909,false,דוריטוס נאצ'ו מקסיקני70ג,עלית,IL,דוריטוס נאצ'ו,גרמים,70.00,100 גרם,false,0,3.40,4.86,true,1,
7290100850916,false,דוריטוס חמוץ חריף 70 גרם,עלית,IL,דוריטוס חמוץ ח,גרמים,70.00,100 גרם,false,0,3.40,4.86,true,1,
7290100850923,false,דוריטוס גריל 70 גרם,עלית,IL,דוריטוס גריל 70 גרם,גרמים,70.00,100 גרם,false,0,3.40,4.86,true,1,
7290100850930,false,דוריטוס דיפ טבעי 70 גרם,עלית,IL,חטיף דוריטוס דיפ,גרמים,70.00,100 גרם,false,0,3.40,4.86,true,1,
7290100852606,false,קפה טורקי 100*4 גרם,עלית,IL,קפה טורקי 4 יח,גרמים,400.00,100 גרם,false,0,29.50,7.38,true,1,
7290100853689,false,בראוניס שוקולד עשירה380ג,עלית,IL,בראוניס שוקולד,גרמים,380.00,100 גרם,false,0,17.30,4.55,true,1,
7290100854266,false,שוקולד מריר 60%קקאו100ג,עלית,IL,שוקולד מריר,גרמים,100.00,100 גרם,false,0,8.90,8.90,true,1,
7290100856253,false,ממרח שוק.ל.תוס.סוכר300ג,עלית,IL,ממרח שוקולד פרה,גרמים,300.00,100 גרם,false,0,15.00,5.00,true,1,
7290100857045,false,שוק.ספלנדיד מריר קפה100ג,עלית,IL,שוקולד ספלנדיד,גרמים,100.00,100 גרם,false,0,10.70,10.70,true,1,
7290100858219,false,טבלת פסק זמן טראפלס110גר,עלית,IL,טבלת פסק זמן,גרמים,110.00,100 גרם,false,0,8.40,7.64,true,1,
7290100858226,false,טבלת פסק זמן קלאסי110גרם,עלית,IL,טבלת פסק זמן,גרמים,110.00,100 גרם,false,0,8.40,7.64,true,1,
7290100858592,false,קקאו עלית 150 גרם,עלית,IL,קקאו עלית,גרמים,150.00,100 גרם,false,0,11.30,7.53,true,1,
7290100858608,false,קקאו עלית 500 גרם,עלית,IL,קקאו עלית 500 גרם,גרמים,500.00,100 גרם,false,0,32.80,6.56,true,1,
7290100858868,false,מסטיק מאסט מנטה עדין28גר,עלית,IL,מסטיק מאסט,גרמים,28.00,100 גרם,false,0,4.60,16.43,true,1,
7290100858875,false,מסטיק מאסט מנטה קלאסי28ג,עלית,IL,מסטיק מאסט,גרמים,28.00,100 גרם,false,0,4.60,16.43,true,1,
7290100859162,false,שוקולד פרה60% מריר100*2ג,עלית,IL,שוקולד מריר 2 יח,גרמים,200.00,100 גרם,false,0,15.30,7.65,true,1,
7290100921180,false,מרכך הוואי שמני הזנה 700,טרופיקל דגיל,IL,מרכך הוואי,מיליליטרים,700.00,"100 מ""ל",false,0,9.90,1.41,true,1,
7290100921197,false,שמפו הוואי ביו רימון700מ,טרופיקל דגיל,IL,שמפו הוואי,מיליליטרים,700.00,"100 מ""ל",false,0,9.90,1.41,true,1,
7290100921401,false,שמפו הוואי קרטין מחזק700,טרופיקל דגיל,IL,שמפו הוואי,מיליליטרים,700.00,"100 מ""ל",false,0,9.90,1.41,true,1,
7290100921517,false,"שמפו הוואי שיאה 700 מ""ל",טרופיקל דגיל,IL,"שמפו הוואי שיאה 700 מ""ל",מיליליטרים,700.00,"100 מ""ל",false,0,9.90,1.41,true,1,
7290100921562,false,סבון ג'ל אסלה,,IL,סבון ג'ל אסלה,מיליליטרים,60.00,"100 מ""ל",false,0,8.90,14.83,true,1,
7290100921579,false,סבון ג'ל אסלה,,IL,סבון ג'ל אסלה,מיליליטרים,60.00,"100 מ""ל",false,0,8.90,14.83,true,1,
7290100921586,false,סבון ג'ל אסלה לבנדר 60מל,,IL,סבון ג'ל אסלה לבנדר 60מל,מיליליטרים,60.00,"100 מ""ל",false,0,8.90,14.83,true,1,
7290100921593,false,כדוריות לאסלה לימון50ג,הנקל סוד,HU,סבון אסלה,גרמים,50.00,100 גרם,false,0,8.90,17.80,true,1,
7290100921609,false,כדוריות אסלה אוקינוס50ג,הנקל סוד,IL,סבון אסלה,גרמים,50.00,100 גרם,false,0,8.90,17.80,true,1,
7290100921623,false,כדוריות לאסלה אקונומיקה,הנקל סוד,IL,סבון אסלה,גרמים,50.00,100 גרם,false,0,8.90,17.80,true,1,
7290100921654,false,ג'ל לניקוי אסלות,,IL,ג'ל לניקוי אסלות,מיליליטרים,700.00,"100 מ""ל",false,0,10.90,1.56,true,1,
7290100921661,false,ספריי לשירותים,,IL,ספריי לשירותים,מיליליטרים,750.00,"100 מ""ל",false,0,14.90,1.99,true,1,
7290100921722,false,הוואי סבון מגנוליה100*4ג,טרופיקל דגיל,IL,סבון הוואי 4 יח,גרמים,400.00,100 גרם,false,0,13.70,3.43,true,1,
7290100921760,false,"שמפו הוואי ספורט 700 מ""ל",טרופיקל דגיל,IL,שמפו הוואי,מיליליטרים,700.00,"100 מ""ל",false,0,9.90,1.41,true,1,
7290100921784,false,ג'ל רחצה הוואי אשכול750מ,טרופיקל דגיל,IL,ג'ל רחצה הוואי,מיליליטרים,750.00,"100 מ""ל",false,0,15.30,2.04,true,1,
7290100921791,false,ג'ל רחצה הוואי מלון 750,טרופיקל דגיל,IL,ג'ל רחצה הוואי,מיליליטרים,750.00,"100 מ""ל",false,0,15.30,2.04,true,1,
7290100922316,false,ג'ל רחצה הוואי פינק 750,טרופיקל דגיל,IL,ג'ל רחצה הוואי,מיליליטרים,750.00,"100 מ""ל",false,0,15.30,2.04,true,1,
7290100922354,false,הוואי סבון מלון 100*4ג,טרופיקל דגיל,IL,סבון הוואי 4 יח,גרמים,400.00,100 גרם,false,0,13.70,3.43,true,1,
7290100922385,false,שמפו הוואי נקטר מזין 700,טרופיקל דגיל,IL,שמפו הוואי נקטר מזין 700,מיליליטרים,700.00,"100 מ""ל",false,0,9.90,1.41,true,1,
7290100922392,false,מרכך הוואי נקטר מזין 700,טרופיקל דגיל,IL,מרכך הוואי,מיליליטרים,700.00,"100 מ""ל",false,0,9.90,1.41,true,1,
7290100922408,false,תחליב רחצה הוואי נקטר750,טרופיקל דגיל,IL,תחליב רחצה הוואי נקטר750,מיליליטרים,750.00,"100 מ""ל",false,0,15.30,2.04,true,1,
7290100922514,false,תח.רחצה הוואי שקדים 750,טרופיקל דגיל,IL,תחליב רחצה הוואי,מיליליטרים,750.00,"100 מ""ל",false,0,15.30,2.04,true,1,
7290100922545,false,שמפו הוואי קריסטל גלו700,טרופיקל דגיל,IL,שמפו הוואי קריסטל גלו700,מיליליטרים,700.00,"100 מ""ל",false,1,9.90,1.41,true,1,
7290100922552,false,מרכך הוואי קריסטל גלו700,טרופיקל דגיל,IL,מרכך הוואי,מיליליטרים,700.00,"100 מ""ל",false,1,9.90,1.41,true,1,
7290100923122,false,תח.רחצה הוואי יוגורט 750,טרופיקל דגיל,IL,תחליב רחצה הוואי,מיליליטרים,750.00,"100 מ""ל",false,0,15.30,2.04,true,1,
7290100923146,false,תחליב רחצה הוואי משי750מ,טרופיקל דגיל,IL,תחליב רחצה הוואי,מיליליטרים,750.00,"100 מ""ל",false,0,15.30,2.04,true,1,
7290100923153,false,תחליב רחצה הוואי קאקא750,טרופיקל דגיל,IL,תחליב רחצה הוואי קאקא750,מיליליטרים,750.00,"100 מ""ל",false,0,15.30,2.04,true,1,
7290100923177,false,ג'ל רחצה הוואי סחלבים750,טרופיקל דגיל,IL,ג'ל רחצה הוואי סחלבים750,מיליליטרים,750.00,"100 מ""ל",false,0,15.30,2.04,true,1,
7290100925478,false,פרסיל ג'ל כביסה 5 ליטר,הנקל סוד,IL,פרסיל ג'ל כביסה,ליטרים,5.00,ליטר,false,0,66.10,13.22,true,1,
7290100925966,false,מרכך כב.סוד מרוכז כחול1ל,הנקל סוד,TR,מרכך כביסה סוד,ליטרים,1.00,ליטר,false,0,16.50,16.50,true,1,
7290100925980,false,מרכך כב.סוד מרוכז סגול1ל,הנקל סוד,TR,מרכך כביסה סוד,ליטרים,1.00,ליטר,false,0,16.50,16.50,true,1,
7290100925997,false,מרכך כב.סוד מרוכז אדום1ל,הנקל סוד,TR,מרכך כביסה סוד,ליטרים,1.00,ליטר,false,0,16.50,16.50,true,1,
7290100926277,false,פרסיל ג'ל,,IL,פרסיל ג'ל,ליטרים,5.00,ליטר,false,0,66.10,13.22,true,1,
7290100926598,false,פרסיל סופרא,,IL,פרסיל סופרא,קילוגרמים,5.00,"ק""ג",false,0,52.90,10.58,true,1,
7290100927786,false,אבקת סוד,,IL,אבקת סוד,קילוגרמים,7.00,"ק""ג",false,0,46.90,6.70,true,1,
7290100928561,false,אבקת כביסה סוד,,IL,אבקת כביסה סוד,קילוגרמים,5.00,"ק""ג",false,0,46.90,9.38,true,1,
7290100928639,false,נוזל לרצפות כחול 2ל,,IL,נוזל לרצפות כחול 2ל,ליטרים,2.00,ליטר,false,0,20.00,10.00,true,1,
7290100928646,false,סוד נוזל לרצפות,,IL,סוד נוזל לרצפות,ליטרים,2.00,ליטר,false,0,20.00,10.00,true,1,
7290100928714,false,פרסיל ג'ל בלאק 2.7 ליטר,,IL,פרסיל ג'ל בלאק 2.7 ליטר,ליטרים,2.70,ליטר,false,0,42.90,15.89,true,1,
7290100928752,false,"נוזל הברקה למדיח 750 מ""ל",,IL,"נוזל הברקה למדיח 750 מ""ל",מיליליטרים,750.00,"100 מ""ל",false,0,23.20,3.09,true,1,
7290100928820,false,שמפו הוואי לברק קורן 700,טרופיקל דגיל,IL,שמפו הוואי,מיליליטרים,700.00,"100 מ""ל",false,0,9.90,1.41,true,1,
7290100928844,false,תח.רחצה הוואי ויולה750,טרופיקל דגיל,IL,תחליב רחצה הוואי,מיליליטרים,750.00,"100 מ""ל",false,0,15.30,2.04,true,1,
7290100929742,false,מרכך מרוכז ארומה,,IL,מרכך מרוכז ארומה,מיליליטרים,900.00,"100 מ""ל",false,0,17.30,1.92,true,1,
7290100929889,false,פרסיל ג'ל לבנדר 3 ליטר,,IL,פרסיל ג'ל לבנדר 3 ליטר,ליטרים,3.00,ליטר,false,0,42.90,14.30,true,1,
7290101110460,false,גל.וניל בטעם של פעם כשלפ,גלידות פלדמן,IL,גל.וניל בטעם של פעם כשלפ,ליטרים,1.30,ליטר,false,0,24.80,19.08,true,1,
7290101487470,false,לייד ס.סטיק אלוורה כחול,קולגייט-פלמוליב,US,לייד ס.סטיק אלוורה כחול,גרמים,45.00,100 גרם,false,0,24.90,55.33,true,1,
7290101488286,false,ליידי ס.סטיק 24/7ורוד150,קולגייט-פלמוליב,MX,ליידי ספיד סטיק,מיליליטרים,150.00,"100 מ""ל",false,0,24.40,16.27,true,1,
7290101488316,false,ליידי ספיד סטיק ורוד 65ג,קולגייט-פלמוליב,US,ליידי ספיד סטיק,גרמים,65.00,100 גרם,false,0,28.90,44.46,true,1,
7290101488323,false,ליידי ספיד סטיק סגול 65ג,קולגייט-פלמוליב,US,ליידי ספיד סטיק,גרמים,65.00,100 גרם,false,0,28.90,44.46,true,1,
7290101863410,false,סיליט אקונומיקה ספריי750,רקיט בנקיזר,PL,סילים ספריי,מיליליטרים,750.00,"100 מ""ל",false,0,15.90,2.12,true,1,
7290101864127,false,וניש קליה ספריי 750מל,רקיט בנקיזר,PL,וניש קליה ספריי,מיליליטרים,750.00,"100 מ""ל",false,0,21.90,2.92,true,1,
7290101865261,false,"פיניש נוזל הברקה 800 מ""ל",רקיט בנקיזר,PL,פיניש נוזל הברקה,מיליליטרים,800.00,"100 מ""ל",false,0,29.90,3.74,true,1,
7290101866176,false,קולון101 ג'ל כביסה3ליטר,רקיט בנקיזר,,קולון ג'ל,ליטרים,3.00,ליטר,false,0,27.90,9.30,true,1,
7290101866633,false,קליה ג'ל מסיר כתמים 3ל,רקיט בנקיזר,,וניש קליה ג'ל,ליטרים,3.00,ליטר,false,0,30.00,10.00,true,1,
7290101866787,false,וניש קליה מסיר כתמים 3ל,רקיט בנקיזר,IL,וניש לכביסה לבנה,ליטרים,3.00,ליטר,false,0,30.00,10.00,true,1,
7290101866916,false,ג'ל כביסה קולון 101,רקיט בנקיזר,IL,ג'ל קולון 101,ליטרים,3.00,ליטר,false,0,27.90,9.30,true,1,
7290101867135,false,קולון 101 ג'ל כביסה 5ל,רקיט בנקיזר,IL,ג'ל כביסה קולון,ליטרים,5.00,ליטר,false,0,50.40,10.08,true,1,
7290101868514,false,אבקת כביסה קולון 101 3קג,רקיט בנקיזר,IL,אבקת כביסה קולון,קילוגרמים,3.00,"ק""ג",false,0,29.90,9.97,true,1,
7290101868958,false,פיניש נוזל הברקה 800מל,רקיט בנקיזר,PL,פיניש נוזל הברקה,מיליליטרים,800.00,"100 מ""ל",false,0,29.90,3.74,true,1,
7290101868972,false,פיניש AIO הכל ב1 24 טבלי,רקיט בנקיזר,PL,פיניש טבליות,יחידה,1.00,יחידה,false,1,29.90,29.90,true,1,
7290101868996,false,פיניש AIO הכל ב1 60טבליו,רקיט בנקיזר,PL,פיניש טבליות,יחידה,1.00,יחידה,false,1,59.90,59.90,true,1,
7290101869511,false,קולון ג'ל 101לבנדר 3ל,רקיט בנקיזר,IL,קולון ג'ל לבנדר,ליטרים,3.00,ליטר,false,0,27.90,9.30,true,1,
7290101869528,false,קולון ג'ל כביסה מאסק 3ל',רקיט בנקיזר,IL,קולון ג'ל מאסק,ליטרים,3.00,ליטר,false,0,27.90,9.30,true,1,
7290101869702,false,"פיניש ג'ל למדיח 600 מ""ל",רקיט בנקיזר,PL,פיניש ג'ל למדיח,מיליליטרים,600.00,"100 מ""ל",false,1,36.90,6.15,true,1,
7290101869719,false,"פיניש ג'ל למדיח 600 מ""ל",רקיט בנקיזר,PL,פיניש ג'ל למדיח,מיליליטרים,600.00,"100 מ""ל",false,1,36.90,6.15,true,1,
7290101869740,false,אירויק מכשיר חטא מתוק250,רקיט בנקיזר,PL,אירויק מכשיר,מיליליטרים,250.00,"100 מ""ל",false,1,56.90,22.76,true,1,
7290101869764,false,אירויק מכשיר חלום קיץ250,רקיט בנקיזר,PL,אירויק מכשיר,מיליליטרים,250.00,"100 מ""ל",false,1,56.90,22.76,true,1,
7290101869771,false,איירוויק מילוי 250מל,רקיט בנקיזר,PL,אירוויק מילוי,מיליליטרים,250.00,"100 מ""ל",false,1,33.90,13.56,true,1,
7290101869788,false,איירוויק מילוי 250מל,רקיט בנקיזר,PL,אירוויק מילוי,מיליליטרים,250.00,"100 מ""ל",false,1,33.90,13.56,true,1,
7290101869795,false,איירוויק מילוי 250מל,רקיט בנקיזר,PL,אירוויק מילוי,מיליליטרים,250.00,"100 מ""ל",false,1,33.90,13.56,true,1,
7290101869825,false,איירוויק מילוי אואזיס19מ,רקיט בנקיזר,PL,אירוויק מילוי,מיליליטרים,19.00,"100 מ""ל",false,1,23.90,125.79,true,1,
7290101869849,false,איירוויק מילוי חטא מתוק,רקיט בנקיזר,PL,אירוויק מילוי,מיליליטרים,19.00,"100 מ""ל",false,1,23.90,125.79,true,1,
7290101869917,false,איירוויק מילוי 250מל,רקיט בנקיזר,PL,אירוויק מילוי,מיליליטרים,250.00,"100 מ""ל",false,1,33.90,13.56,true,1,
7290101869924,false,איירוויק מילוי אקזוטי19מ,רקיט בנקיזר,PL,אירוויק מילוי,מיליליטרים,19.00,"100 מ""ל",false,1,23.90,125.79,true,1,
7290101869931,false,איירוויק מילוי יער קסום,רקיט בנקיזר,PL,אירוויק מילוי,מיליליטרים,19.00,"100 מ""ל",false,1,23.90,125.79,true,1,
7290101869962,false,מקלות ריחניים חלום ל.קיץ,רקיט בנקיזר,PL,מקלות ריחניים,יחידה,1.00,יחידה,false,1,19.90,19.90,true,1,
7290102031276,false,"אקטימל תות בננה 100*8מ""ל",שטראוס,IL,אקטימל 8 יח,מיליליטרים,800.00,"100 מ""ל",false,0,21.90,2.74,true,1,
7290102032334,false,קפה נמס וניל 200 גרם,עלית,IL,קפה נמס וניל 200 גרם,גרמים,200.00,100 גרם,false,0,28.30,14.15,true,1,
7290102032822,false,מסטיק מאסט דובדבן מגד28.,עלית,IL,מסטיק מאסט,גרמים,28.00,100 גרם,false,0,4.60,16.43,true,1,
7290102033546,false,דוריטוס נאצ'ו 200 גרם,עלית,IL,דוריטוס נאצ'ו 200 גרם,גרמים,200.00,100 גרם,false,0,9.40,4.70,true,1,
7290102033553,false,דוריטוס חמוץ חריף 200גרם,עלית,IL,דוריטוס חמוץ חריף 200גרם,גרמים,200.00,100 גרם,false,0,9.40,4.70,true,1,
7290102038473,false,שוקולד מריר60% מגדים100ג,עלית,IL,שוקולד מריר 60%,גרמים,100.00,100 גרם,false,0,9.40,9.40,true,1,
7290102060955,false,משחה מרידול משפחתי 100מל,קולגייט-פלמוליב,DE,משחת שיניים,מיליליטרים,100.00,"100 מ""ל",false,0,21.40,21.40,true,1,
7290102060979,false,"משחה שיניים אלמקס 100מ""ל",קולגייט-פלמוליב,DE,משחת שיניים,מיליליטרים,100.00,"100 מ""ל",false,0,16.70,16.70,true,1,
7290102392094,false,חלב עיזים קרטון4.1% 1ל',משק צוריאל תבור,IL,חלב עיזים קרטון,ליטרים,1.00,ליטר,false,0,16.80,16.80,true,1,
7290102392711,false,יוגורט לבן ביו 1.7% 200ג,טרה,IL,יוגורט ביאנקו,גרמים,200.00,100 גרם,false,0,3.80,1.90,true,1,
7290102392728,false,יוגורט לבן ביו 2.8% 200ג,טרה,IL,יוגורט לבן ביו,גרמים,200.00,100 גרם,false,0,3.80,1.90,true,1,
7290102393060,false,יוג.מולר מיקס גליליות150,טרה,IL,יוגורט מולר מיקס,גרמים,150.00,100 גרם,false,0,5.90,3.93,true,1,
7290102393169,false,יוג.תות+חתיכות פרי3% 150,טרה,IL,יוגורט מולר תות,גרמים,150.00,100 גרם,false,0,4.90,3.27,true,1,
7290102393176,false,יוגורט+חתיכ.אפרסק3% 150ג,טרה,IL,יוגורט אפרסק,גרמים,150.00,100 גרם,false,0,4.90,3.27,true,1,
7290102393268,false,גבינה לבנה 5% 750 גרם,טרה,IL,גבינה לבנה 5%,גרמים,750.00,100 גרם,false,0,14.40,1.92,true,1,
7290102393299,false,יוגורט עיזים לשתייה500גר,משק צוריאל תבור,IL,יוגורט עיזים,גרמים,500.00,100 גרם,false,0,12.80,2.56,true,1,
7290102393855,false,יוגורט עיזים+אפרסק 150גר,משק צוריאל תבור,IL,יוגורט עיזים,גרמים,150.00,100 גרם,false,0,6.10,4.07,true,1,
7290102394081,false,מולר מיקס קורנפ.מצופה180,טרה,IL,יוגורט מולר מיקס,גרמים,180.00,100 גרם,false,0,5.90,3.28,true,1,
7290102394821,false,ג.צהובה נעם דק דק28% 200,טרה,IL,גבינה צהובה דק,גרמים,200.00,100 גרם,false,0,14.90,7.45,true,1,
7290102394845,false,גב.צהובה נעם דק דק9% 200,טרה,IL,גבינה צהובה דק9%,גרמים,200.00,100 גרם,false,0,16.90,8.45,true,1,
7290102395101,false,ממרח גבינה+שוק.מו16% 200,טרה,IL,ממרח גבינה מו,גרמים,200.00,100 גרם,false,0,10.90,5.45,true,1,
7290102395217,false,יוג.ביאנקו2%מעודן150*8ג',טרה,IL,יוגורט ביאנקו 8י,קילוגרמים,1.20,"ק""ג",false,0,19.00,15.83,true,1,
7290102395224,false,יוגורט ביאנקו 1.7% 150*8,טרה,IL,יוגורט ביאנקו 8י,קילוגרמים,1.20,"ק""ג",false,0,16.70,13.92,true,1,
7290102395231,false,יוגורט ביאנקו2.8% 150*8ג,טרה,IL,יוגורט ביאנקו 8י,קילוגרמים,1.20,"ק""ג",false,0,16.70,13.92,true,1,
7290102395378,false,גבינה צהובה28%ואקום 360ג,טרה,IL,גבינה צהובה 28%,גרמים,360.00,100 גרם,false,0,20.50,5.69,true,1,
7290102395408,false,נועם גב.צהובה 28% במשקל,טרה,IL,גבינת נועם 28%,קילוגרמים,0.00,"ק""ג",true,0,42.93,42.93,true,1,
7290102395415,false,נועם גב.צהובה9%חריץ משקל,טרה,IL,נועם גב.צהובה9%חריץ משקל,קילוגרמים,0.00,"ק""ג",true,0,69.00,69.00,true,1,
7290102395422,false,ג.נועם צהובה22%חריץ משקל,טרה,IL,גבינת נועם 22%,קילוגרמים,0.00,"ק""ג",true,0,40.80,40.80,true,1,
7290102395460,false,מו שוקולד אגוזים+קצפת123,טרה,IL,מו שוקולד אגוזים,גרמים,123.00,100 גרם,false,0,2.80,2.28,true,1,
7290102395521,false,"שמנת לבישול פקק 500 מ""ל",טרה,IL,"שמנת לבישול פקק 500 מ""ל",מיליליטרים,500.00,"100 מ""ל",false,0,15.90,3.18,true,1,
7290102395774,false,צפתית מעודנת5% 200 גרם,משק צוריאל תבור,IL,צפתית מעודנת 5%,גרמים,200.00,100 גרם,false,0,11.90,5.95,true,1,
7290102396252,false,יוגורט נטורל3% אננס 150ג,טרה,IL,יוגורט נטורל,גרמים,150.00,100 גרם,false,1,4.20,2.80,true,1,
7290102396382,false,צפתית עיזים מעודנת 200גר,משק צוריאל תבור,IL,צפתית עיזים מעודנת 200גר,גרמים,200.00,100 גרם,false,0,20.50,10.25,true,1,
7290102396399,false,מעדן שוקולד 100*8גר,טרה,IL,מעדן שוקולד 8 יח,גרמים,800.00,100 גרם,false,0,13.50,1.69,true,1,
7290102396405,false,מעדן וניל 100*8גרם,טרה,IL,מעדן וניל 8 יח,גרמים,800.00,100 גרם,false,0,13.50,1.69,true,1,
7290102396436,false,מעדן שוקולד מוו1.5% 125ג,טרה,IL,מעדן שוקולד,גרמים,125.00,100 גרם,false,0,2.90,2.32,true,1,
7290102396498,false,מעדן יוגורט תות מוו 125ג,טרה,IL,מעדן יוגורט תות,גרמים,125.00,100 גרם,false,0,2.90,2.32,true,1,
7290102396696,false,מולר מיקס עוגיות 170 גרם,מולר,IL,מולר מיקס עוגיות,גרמים,170.00,100 גרם,false,1,5.90,3.47,true,1,
7290102396719,false,יוגורט0% סימפלי תות 150ג,טרה,IL,יוגורט תות,גרמים,150.00,100 גרם,false,0,4.90,3.27,true,1,
7290102396726,false,יוגורט0%סימפלי אפרסק150ג,טרה,IL,יוגורט אפרסק,גרמים,150.00,100 גרם,false,0,4.90,3.27,true,1,
7290102396733,false,יוגורט0%סימפלי פ.יער150ג,טרה,IL,יוגורט פירות יער,גרמים,150.00,100 גרם,false,0,4.90,3.27,true,1,
7290102396757,false,שוקו מוו קרטון 1 ליטר,טרה,IL,שוקו מוו בקרטון,ליטרים,1.00,ליטר,false,0,12.50,12.50,true,1,
7290102396764,false,שוקו מוו קרטון 2 ליטר,טרה,IL,שוקו מוו 2 ליטר,ליטרים,2.00,ליטר,false,0,21.90,10.95,true,1,
7290102396924,false,מעדן מוו בננה+מוס שוק118,טרה,IL,מעדן מוו בננה,גרמים,118.00,100 גרם,false,1,2.80,2.37,true,1,
7290102396931,false,מעדן מוו בננה 1.5% 125גר,טרה,IL,מעדן מוו בננה,גרמים,125.00,100 גרם,false,1,2.90,2.32,true,1,
7290102397006,false,חלב במתיקות מעודנת3% 1ל',טרה,IL,חלב במתיקות 3%,ליטרים,1.00,ליטר,false,1,7.80,7.80,true,1,
7290102397174,false,משקה יוגsip. תפוז גזר250,טרה,IL,משקה יוגורט מולר,מיליליטרים,250.00,"100 מ""ל",false,1,5.40,2.16,true,1,
7290102397204,false,גב.צהובה נעם דק 22% 200ג,טרה,IL,גבינה צהובה נעם,גרמים,200.00,100 גרם,false,1,14.90,7.45,true,1,
7290102840182,false,פודינג שוקולד פרווה 85גר,מיה,IL,פודינג שוקולד פרווה 85גר,גרמים,85.00,100 גרם,false,0,4.50,5.29,true,1,
7290103124588,false,סב.פלמוליב סגול משאבה750,קולגייט-פלמוליב,TH,סבון פלמוליב,מיליליטרים,750.00,"100 מ""ל",false,0,25.40,3.39,true,1,
7290103124601,false,פלמוליב חלב ודבש משאב750,קולגייט-פלמוליב,TH,סבון פלמוליב,מיליליטרים,750.00,"100 מ""ל",false,0,25.40,3.39,true,1,
7290103126797,false,"קולגייט פרו ריליף 75 מ""ל",קולגייט-פלמוליב,BR,משחת קולגייט,מיליליטרים,75.00,"100 מ""ל",false,0,26.20,34.93,true,1,
7290103401382,false,קפה נמס פרא אפריקאי200גר,עלית,IL,קפה פרא אפריקאי,גרמים,200.00,100 גרם,false,0,30.90,15.45,true,1,
7290103401429,false,קפה נמס קצב ברזילאי200גר,שטראוס,IL,קפה נמס קצב ברזילאי200גר,גרמים,200.00,100 גרם,false,0,30.90,15.45,true,1,
7290103402853,false,אצבעות שוקולד מגדים 96 ג,עלית,IL,אצבעות שוקולד,גרמים,96.00,100 גרם,false,0,7.90,8.23,true,1,
7290103402860,false,אצבעות שוק.עדשים מגדים96,עלית,IL,אצבעות שוקולד,גרמים,96.00,100 גרם,false,0,7.90,8.23,true,1,
7290103407209,false,תפוצ'יפס קידס 30*6 גרם,עלית,IL,תפוצ'יפס קידס6יח,גרמים,180.00,100 גרם,false,0,12.20,6.78,true,1,
7290103407223,false,אצבעות שוק+סוכ.קופצות96ג,עלית,IL,אצבעות שוקולד,גרמים,96.00,100 גרם,false,0,7.90,8.23,true,1,
7290103407902,false,מארז מיני מילקי מהדרין 8,שטראוס,IL,מיני מילקי 8יח',גרמים,720.00,100 גרם,false,0,11.40,1.58,true,1,
7290103700102,false,מגבות מטבח טאצ' 8 יח,,IL,מגבות מטבח טאצ' 8 יח,מטרים,84.00,100 מטר,false,0,13.20,15.71,true,1,
7290103700379,false,טאצ כריות קרצוף ענק 3יח,שניב תעשיות נייר,IL,טאצ כריות קרצוף ענק 3יח,יחידה,1.00,יחידה,false,1,8.90,8.90,true,1,
7290103700386,false,טאצ כריות קרצוף 6 יחידות,שניב תעשיות נייר,IL,טאצ כריות קרצוף 6 יחידות,יחידה,1.00,יחידה,false,1,8.90,8.90,true,1,
7290103700652,false,טאצ ספוג הפלא מארז 6 יחי,שניב תעשיות נייר,IL,טאצ ספוג הפלא מארז 6 יחי,יחידה,1.00,יחידה,false,1,8.90,8.90,true,1,
7290103700997,false,נייר טואלט לאבלי 40 גליל,,IL,נייר טואלט לאבלי 40 גליל,יחידה,1.00,יחידה,false,0,39.90,39.90,true,1,
7290103701093,false,טאץ מיקרופייבר לריצפה,שניב,IL,טאץ מיקרופייבר לריצפה,יחידה,1.00,יחידה,false,1,15.90,15.90,true,1,
7290103701130,false,מיקרופייבר לניקוי כללי,שניב,IL,מיקרופייבר לניקוי כללי,יחידה,1.00,יחידה,false,1,15.90,15.90,true,1,
7290103701161,false,טאצ ניילון נצמד 150 מטר,שניב,IL,טאצ ניילון נצמד 150 מטר,מטרים,150.00,מטר,false,1,24.90,0.17,true,1,
7290104060403,false,מסטיק מאסט בזוקה ענבים28,עלית,IL,מסטיק מאסט בזוקה,גרמים,28.00,100 גרם,false,0,4.60,16.43,true,1,
7290104061219,false,רבע לשבע אגוזים 120 גרם,עלית,IL,רבע לשבע אגוז,גרמים,120.00,100 גרם,false,0,12.60,10.50,true,1,
7290104061417,false,חומוס עם טחינה אחלה 400ג,שטראוס,IL,חומוס עם טחינה אחלה 400ג,גרמים,400.00,100 גרם,false,0,11.50,2.88,true,1,
7290104061431,false,חומוס עם צנובר אחלה 400ג,שטראוס,IL,חומוס עם צנובר אחלה 400ג,גרמים,400.00,100 גרם,false,0,11.50,2.88,true,1,
7290104061448,false,חומוס עם חריף אחלה 400 ג,שטראוס,IL,חומוס עם חריף אחלה 400 ג,גרמים,400.00,100 גרם,false,0,11.50,2.88,true,1,
7290104062681,false,סוכריות מאסט פטל לימון80,עלית,PL,סוכריות מאסט,גרמים,80.00,100 גרם,false,0,7.90,9.88,true,1,
7290104064111,false,אנרג'י שייפ שוק.מריר 6יח,שטראוס,IL,חטיפי אנרג'י 6יח,גרמים,156.00,100 גרם,false,0,18.30,11.73,true,1,
7290104064630,false,דנונה תפוח 3% 150 גרם,שטראוס,IL,דנונה תפוח 3%,גרמים,150.00,100 גרם,false,0,4.80,3.20,true,1,
7290104065187,false,קפה נמס מוקה 200 גרם,עלית,IL,קפה נמס מוקה 200 גרם,גרמים,200.00,100 גרם,false,0,28.30,14.15,true,1,
7290104066016,false,"מילקי טופ עדשים 170 מ""ל",שטראוס,IL,מילקי טופ עדשים,מיליליטרים,170.00,"100 מ""ל",false,0,4.90,2.88,true,1,
7290104066566,false,טחינה אחלה 500 גרם,שטראוס,IL,טחינה אחלה 500גר,גרמים,500.00,100 גרם,false,0,15.30,3.06,true,1,
7290104067198,false,ספלנדיד מריר 70%תפוז100ג,עלית,IL,שוקולד ספלנדיד,גרמים,100.00,100 גרם,false,0,10.70,10.70,true,1,
7290104068539,false,מאסט LL מלון ואבטיח 28גר,עלית,IL,מסטיק מאסט,גרמים,28.00,100 גרם,false,0,4.60,16.43,true,1,
7290104069116,false,סוכריות מאסט קפוצ'ינו80ג,עלית,PL,סוכריות מאסט,גרמים,80.00,100 גרם,false,0,7.90,9.88,true,1,
7290104502903,false,ביסקוויט ללא גלוטן 200גר,אסם,IL,ביסקוויט,גרמים,200.00,100 גרם,false,0,13.30,6.65,true,1,
7290104504228,false,מיני דובונים 20*5 גרם,אסם,,מיני דובונים 5יח,גרמים,100.00,100 גרם,false,0,13.90,13.90,true,1,
7290104508202,false,גביעי גלידה אמריקאים 24י,גילרו,IL,גביעי גלידה,גרמים,120.00,100 גרם,false,0,12.90,10.75,true,1,
7290104508943,false,במבה חטיף בוטנים 200 גרם,אסם,IL,במבה חטיף בוטנים,גרמים,200.00,100 גרם,false,0,10.30,5.15,true,1,
7290104509117,false,חטיפי קריספי שמנת בצל200,אסם,IL,חטיפי קריספי,גרמים,200.00,100 גרם,false,0,11.40,5.70,true,1,
7290104509131,false,חטיפי קריספי תירס 250גרם,אסם,IL,חטיפי קריספי,גרמים,250.00,100 גרם,false,0,11.40,4.56,true,1,
7290104509155,false,חטיפי קריספי גריסיני200ג,אסם,IL,חטיפי קריספי,גרמים,200.00,100 גרם,false,0,11.40,5.70,true,1,
7290104509568,false,במבה ללא גלוטן 80 גרם,אסם,IL,במבה ללא גלוטן,גרמים,80.00,100 גרם,false,0,4.30,5.38,true,1,
7290104570162,false,תמר כבוש500גרם,ששון,IL,תמר כבוש500גרם,גרמים,500.00,100 גרם,false,0,16.90,3.38,true,1,
7290104721427,false,מעדן JOY שוקולד 160 גר,שטראוס,IL,מעדן JOY שוקולד,גרמים,160.00,100 גרם,false,0,4.20,2.63,true,1,
7290104721441,false,לאבנה 5% 500 גרם,שטראוס,IL,לאבנה 5%,גרמים,500.00,100 גרם,false,0,16.00,3.20,true,1,
7290104721533,false,רצועות פלפלים קלויים400ג,שטראוס,IL,רצועות פלפלים,גרמים,400.00,100 גרם,false,0,15.90,3.98,true,1,
7290104722028,false,שוקולד פרה לבן מגדים100ג,עלית,IL,שוקולד לבן מגדים,גרמים,100.00,100 גרם,false,0,5.90,5.90,true,1,
7290104726231,false,מעדן JOY וניל 160 גרם,שטראוס,IL,מעדן JOY וניל,גרמים,160.00,100 גרם,false,0,4.20,2.63,true,1,
7290104726262,false,דני לשתיה שוקולד 125*4ג,שטראוס,IL,דני לשתיה 4 יח,גרמים,500.00,100 גרם,false,0,10.90,2.18,true,1,
7290104726712,false,מארז מילקי ט.שוקולד170*8,שטראוס,IL,מארז מילקי 8 יח',ליטרים,1.36,ליטר,false,0,21.10,15.51,true,1,
7290104726767,false,שוקו.חלב שברי אגוזים100ג,עלית,IL,שוקולד חלב,גרמים,100.00,100 גרם,false,0,5.70,5.70,true,1,
7290104728242,false,צ'יקו תחליף קפה 130 גרם,עלית,IL,צ'יקו תחליף קפה 130 גרם,גרמים,130.00,100 גרם,false,0,24.90,19.15,true,1,
7290104728310,false,שמנת עמידה לקצפת38% 250מ,יטבתה,IL,שמנת עמידה לקצפת38% 250מ,גרמים,250.00,100 גרם,false,0,6.20,2.48,true,1,
7290104729539,false,אנרג'י אגוזים+שוק.חלב6יח,שטראוס,IL,חטיפי אנרג'י,גרמים,180.00,100 גרם,false,0,18.30,10.17,true,1,
7290104850042,false,כפות מוכספות,,IL,כפות מוכספות,יחידה,1.00,יחידה,false,0,8.60,8.60,true,1,
7290104851193,false,"מפות שולחן ח""פ",,IL,"מפות שולחן ח""פ",יחידה,1.00,יחידה,false,0,7.20,7.20,true,1,
7290104851889,false,מגבונים שישייה,,IL,מגבונים שישייה,יחידה,1.00,יחידה,false,0,27.20,27.20,true,1,
7290104851964,false,מפות שולחן עבות,,IL,מפות שולחן עבות,יחידה,1.00,יחידה,false,0,14.30,14.30,true,1,
7290104851971,false,מפות שולחן עבות,,IL,מפות שולחן עבות,יחידה,1.00,יחידה,false,0,14.30,14.30,true,1,
7290104853142,false,זוג נר ליל סדר 2יח,,IL,זוג נר ליל סדר 2יח,יחידה,1.00,יחידה,false,0,10.10,10.10,true,1,
7290104960970,false,"דאו.טיטניום מטאל 180 מ""ל",קרליין,,דאו.טיטניום,מיליליטרים,150.00,"100 מ""ל",false,0,20.90,13.93,true,1,
7290104961205,false,תח.רחצה נקה7 מלפפו750מ,אמיליה קוסמטיקס,IL,תחליב רחצה נקה,מיליליטרים,750.00,"100 מ""ל",false,0,13.90,1.85,true,1,
7290104961212,false,תח.רחצה נקה7 דובדבן 750מ,אמיליה קוסמטיקס,IL,תחליב רחצה,מיליליטרים,750.00,"100 מ""ל",false,0,13.90,1.85,true,1,
7290104961243,false,תח.רחצה נקה7 קוקוס 750מ,אמיליה קוסמטיקס,IL,תחליב רחצה,מיליליטרים,750.00,"100 מ""ל",false,0,13.90,1.85,true,1,
7290104961250,false,תחליב רחצה נקה7 וניל 750,נקה,IL,תחליב רחצה נקה,מיליליטרים,750.00,"100 מ""ל",false,0,13.90,1.85,true,1,
7290104961991,false,סב.צלול נק ה חמאת 500*3מ,אמיליה קוסמטיקס,IL,נקה 7 סבון 3 יח,ליטרים,1.50,ליטר,false,0,19.90,13.27,true,1,
7290104962004,false,סב.צלול נקה7 ורוד 500*3מ,אמיליה קוסמטיקס,IL,נקה 7 סבון 3 יח,ליטרים,1.50,ליטר,false,0,19.90,13.27,true,1,
7290104962110,false,"דאו.קרליין לנערות150מ""ל",קרליין,IL,ספריי נושם,מיליליטרים,150.00,"100 מ""ל",false,0,13.80,9.20,true,1,
7290104962660,false,דאו.נושם ללא אלומיניו150,קרליין,IL,ספריי נושם,מיליליטרים,150.00,"100 מ""ל",false,0,13.80,9.20,true,1,
7290105180100,false,כפפות ויניל XL 100 יח,איזי טאצ',CN,כפפות ויניל XL 100 יח,יחידה,1.00,יחידה,false,0,19.10,19.10,true,1,
7290105180193,false,"בקבוק צר 125מ""ל",אריסטוקרט,IL,"בקבוק צר 125מ""ל",יחידה,1.00,יחידה,false,0,7.60,7.60,true,1,
7290105180216,false,פלסטרים שקופים 100 יח,,,פלסטרים שקופים 100 יח,יחידה,1.00,יחידה,false,0,12.20,12.20,true,1,
7290105180223,false,פלסטרים שקופים 50 יח,,,פלסטרים שקופים 50 יח,יחידה,1.00,יחידה,false,0,7.10,7.10,true,1,
7290105180230,false,פלסטר מצויר לילדים 30יח,,,פלסטר מצויר לילדים 30יח,יחידה,1.00,יחידה,false,0,7.10,7.10,true,1,
7290105180346,false,בקבוק רחב ללא ביספינול,אריסטוקרט,TH,בקבוק רחב,יחידה,1.00,יחידה,false,0,18.00,18.00,true,1,
7290105180353,false,סכין גילוח 10 יח,אריסטוקרט,IL,סכין גילוח 10 יח,יחידה,1.00,יחידה,false,0,11.00,11.00,true,1,
7290105180360,false,3מוצץ סיליקון צבעוני קטן,אריסטוקרט,TH,3מוצץ סיליקון צבעוני קטן,יחידה,1.00,יחידה,false,0,17.00,17.00,true,1,
7290105180377,false,מוצץ סיליקון צבע.שלישייה,אריסטוקרט,TH,מוצץ סיליקון צבע.שלישייה,יחידה,1.00,יחידה,false,0,17.00,17.00,true,1,
7290105180421,false,זוג סכיני גילוח 2 יחי',אריסטוקרט,IL,זוג סכיני גילוח 2 יחי',יחידה,1.00,יחידה,false,0,6.90,6.90,true,1,
7290105180490,false,"טלק ריחני כשל""פ 200 גרם",אריסטוקרט,IL,"טלק ריחני כשל""פ 200 גרם",גרמים,200.00,100 גרם,false,1,12.90,6.45,true,1,
7290105180544,false,זוג מוצצי הלו קיטי הפינס,אריסטוקרט,CN,זוג מוצצי הלו קיטי הפינס,יחידה,1.00,יחידה,false,0,25.90,25.90,true,1,
7290105180704,false,בקבוק צר גדול הלו קיטי3-,אריסטוקרט,TH,בקבוק צר גדול הלו קיטי3-,יחידה,1.00,יחידה,false,0,12.90,12.90,true,1,
7290105180766,false,בקבוק רחב הלו קיטי סופט,אריסטוקרט,TH,בקבוק רחב הלו קיטי סופט,יחידה,1.00,יחידה,false,0,25.90,25.90,true,1,
7290105360649,false,סוכ.מאסט תותים בשמנת70גר,עלית,IL,סוכריות מאסט,גרמים,70.00,100 גרם,false,0,7.90,11.29,true,1,
7290105360762,false,"שמן זית 1 עדין 750 מ""ל",יד מרדכי,IL,שמן זית 1 עדין,מיליליטרים,750.00,"100 מ""ל",false,0,39.90,5.32,true,1,
7290105361578,false,החומוסיה של אבי יפו400גר,שטראוס,IL,החומוסיה של אבי יפו400גר,גרמים,400.00,100 גרם,false,0,14.90,3.73,true,1,
7290105361714,false,"טבלת פ""ז לבן מגדים 110ג",עלית,IL,טבלת פסק זמן,גרמים,110.00,100 גרם,false,0,8.40,7.64,true,1,
7290105362193,false,עוגות אישיות מגולגלות245,עלית,IL,עוגות אישיות,גרמים,245.00,100 גרם,false,0,19.00,7.76,true,1,
7290105362339,false,שמנת לבישול15%מהדרין250,שטראוס,IL,שמנת לבישול15%מהדרין250,מיליליטרים,250.00,"100 מ""ל",false,0,9.10,3.64,true,1,
7290105362377,false,כיף כף מגדים 45 גרם,עלית,IL,כיף כף מגדים 45ג,גרמים,45.00,100 גרם,false,0,4.50,10.00,true,1,
7290105363572,false,שוק.פרה ביסקויט מגדים100,עלית,IL,שוקולד ביסקוויט,גרמים,100.00,100 גרם,false,0,6.40,6.40,true,1,
7290105364289,false,כיף כף מקלות פצפוצים40גר,עלית,IL,כיף כף מקלות,גרמים,40.00,100 גרם,false,0,5.00,12.50,true,1,
7290105366986,false,סימפ.חציל קלוי ושום 200ג,שטראוס,IL,סימפ.חציל קלוי ושום 200ג,גרמים,200.00,100 גרם,false,0,11.30,5.65,true,1,
7290105367020,false,סימפוניה טבעי 25% 210גרם,שטראוס,IL,גבינת סימפוניה,גרמים,210.00,100 גרם,false,0,13.30,6.33,true,1,
7290105367297,false,יוגורט מ.מעודנת2% 150גר,שטראוס,IL,יוגורט דנונה2%,גרמים,150.00,100 גרם,false,0,3.00,2.00,true,1,
7290105367617,false,דנונה דיאט תות בתחתית150,שטראוס,IL,דנונה פרי 0%,גרמים,150.00,100 גרם,false,0,4.80,3.20,true,1,
7290105368171,false,מילקישייק ט.שוק.וקצפת143,שטראוס,IL,מילקי שייק,גרמים,143.00,100 גרם,false,0,5.00,3.50,true,1,
7290105368331,false,"מילקי בטעם תות 170 מ""ל",שטראוס,IL,מילקי טעם תות,מיליליטרים,170.00,"100 מ""ל",false,0,2.80,1.65,true,1,
7290105368355,false,מילקי שוקולד עשיר 133גרם,שטראוס,IL,מילקי שוקולד,גרמים,133.00,100 גרם,false,1,3.80,2.86,true,1,
7290105368386,false,מילקי וניל ופצופצים133ג,שטראוס,IL,מילקי וניל,גרמים,133.00,100 גרם,false,1,3.80,2.86,true,1,
7290105368485,false,חומוס לניגוב+מטבוחה 400ג,שטראוס,IL,חומוס לניגוב,גרמים,400.00,100 גרם,false,0,11.50,2.88,true,1,
7290105368898,false,לבן בטעם אפרסק 100 גרם,יטבתה,IL,לבן בטעם אפרסק,גרמים,100.00,100 גרם,false,0,1.40,1.40,true,1,
7290105368904,false,"שמנת מתוקה 32% 250 מ""ל",שטראוס,IL,"שמנת מתוקה 32% 250 מ""ל",מיליליטרים,250.00,"100 מ""ל",false,0,8.10,3.24,true,1,
7290105368928,false,שמנת 9% יטבתה מהדרין200מ,שטראוס,IL,שמנת 9% יטבתה,מיליליטרים,200.00,"100 מ""ל",false,0,3.20,1.60,true,1,
7290105368959,false,פונץ בננה+פקק מהדרין250מ,שטראוס,IL,משקה פונץ' בננה,מיליליטרים,250.00,"100 מ""ל",false,0,5.30,2.12,true,1,
7290105369147,false,שוק.ספלנדיד פירות יער100,שטראוס,IL,שוקולד ספלנדיד,גרמים,100.00,100 גרם,false,0,10.70,10.70,true,1,
7290105369802,false,צ'יטוס קראנצ' גבינה30*6ג,עלית,IL,צ'יטוס מארז 6 יח,גרמים,180.00,100 גרם,false,0,12.20,6.78,true,1,
7290105430441,false,סב.פלמוליב סחלב שחור750מ,קולגייט-פלמוליב,TR,סבון פלמוליב,מיליליטרים,750.00,"100 מ""ל",false,0,25.40,3.39,true,1,
7290105430458,false,סבון פלמוליב שקדים 750 מ,קולגייט-פלמוליב,TR,סבון פלמוליב,מיליליטרים,750.00,"100 מ""ל",false,0,25.40,3.39,true,1,
7290105433930,false,קולגייט טריפל אקשן100*2,קולגייט-פלמוליב,IL,משחת קולגייט,מיליליטרים,200.00,"100 מ""ל",false,1,16.00,8.00,true,1,
7290105433961,false,ליידי ספיד סטיק דובדב150,קולגייט-פלמוליב,IL,ליידי ספיד סטיק,מיליליטרים,150.00,"100 מ""ל",false,0,24.40,16.27,true,1,
7290105439345,false,תבנית אפיה חד פעמי מלבני,.,IL,תבנית אפיה,יחידה,1.00,יחידה,false,1,2.50,2.50,true,1,
7290105439369,false,"תבנית אפיה ח""פ אינגליש ק",.,IL,תבנית אפיה,יחידה,1.00,יחידה,false,1,2.20,2.20,true,1,
7290105439376,false,תבנית אפיה חד פעמי מתומן,.,IL,תבנית אפיה,יחידה,1.00,יחידה,false,1,2.90,2.90,true,1,
7290105474124,false,"בונזו מחולק 12 ק""ג",ביופט,IL,בונזו מחולק 12קג,קילוגרמים,12.00,"ק""ג",false,0,119.90,9.99,true,1,
7290105474148,false,מעדן בונזו עוף ובקר 170,PRODUCTS FOOD HIQ,TH,מעדן בונזו,גרמים,170.00,100 גרם,false,0,8.90,5.24,true,1,
7290105474162,false,מעדן בונזו טונה 170 גרם,PRODUCTS FOOD HIQ,TH,מעדן בונזו,גרמים,170.00,100 גרם,false,0,8.90,5.24,true,1,
7290105690777,false,מרק נמס פטריות 24*2ג,אסם,IL,מרק נמס פטריות,גרמים,48.00,100 גרם,false,0,7.90,16.46,true,1,
7290105691088,false,ביסלי גריל 70*3 גרם,אסם,IL,ביסלי גריל 3 יח,גרמים,210.00,100 גרם,false,0,11.40,5.43,true,1,
7290105691224,false,קריספי טורטיה שום בצל60ג,"פרח תעשיות מזון בע""מ",IL,קריספי טורטיה,גרמים,60.00,100 גרם,false,0,8.20,13.67,true,1,
7290105691323,false,חרוזית בתיבול לימון 560ג,בית השיטה,IL,זית חרוזית,גרמים,560.00,100 גרם,false,0,15.20,2.71,true,1,
7290105691415,false,בייגלה שמיניות ללא גלוטן,אסם,,בייגלה שמיניות,גרמים,250.00,100 גרם,false,0,13.80,5.52,true,1,
7290105691699,false,עוג.ביס בטעם חמאה300ג,כרמית,IL,עוגיות ביס חמאה,גרמים,300.00,100 גרם,false,0,10.20,3.40,true,1,
7290105691934,false,"קמח שמרים 1 ק""ג",תחנת קמח המפרץ,IL,"קמח שמרים 1 ק""ג",קילוגרמים,1.00,"ק""ג",false,0,11.50,11.50,true,1,
7290105693341,false,במבה 25*10 גרם,אסם,,במבה 10 יח,גרמים,250.00,100 גרם,false,0,16.90,6.76,true,1,
7290105693457,false,עוגת דמקה שוקו וניל320גר,אסם,IL,עוגת הבית,גרמים,320.00,100 גרם,false,0,12.90,4.03,true,1,
7290105694614,false,ספגטי מהיר הכנה 500 גרם,זארה,IT,ספגטי מהיר הכנה,גרמים,500.00,100 גרם,false,0,12.60,2.52,true,1,
7290105694775,false,טריקס פירות דגני תירס480,ג'נרל מילס,US,טריקס בטעם פירות,גרמים,480.00,100 גרם,false,0,24.90,5.19,true,1,
7290105694928,false,מרק בצל רכיבים טבעיים220,אסם,IL,מרק בצל,גרמים,220.00,100 גרם,false,0,18.70,8.50,true,1,
7290105961525,false,שוק.ספלנדיד מריר85% 100ג,שטראוס,IL,שוק.ספלנדיד מריר85% 100ג,גרמים,100.00,100 גרם,false,0,10.70,10.70,true,1,
7290105961778,false,אצבעות ש.לבן מגדים 96 גר,עלית,IL,אצבעות שוקולד,גרמים,96.00,100 גרם,false,0,7.90,8.23,true,1,
7290105964915,false,פופקורן טבעי 80 גרם,שטראוס,IL,פופקורן טבעי 80 גרם,גרמים,80.00,100 גרם,false,0,5.40,6.75,true,1,
7290105965486,false,ספלנדיד אקוודור מריר 62%,שטראוס,IL,ספלנדיד אקוודור מריר 62%,גרמים,100.00,100 גרם,false,0,10.70,10.70,true,1,
7290105965738,false,דנונה לשתיה תות בננה267ג,שטראוס,IL,דנונה לשתיה,גרמים,267.00,100 גרם,false,0,5.30,1.99,true,1,
7290105966377,false,"משקה סחלב מהדרין 850 מ""ל",יטבתה,IL,משקה סחלב,מיליליטרים,850.00,"100 מ""ל",false,0,11.50,1.35,true,1,
7290105968067,false,חומוס לניגוב+גרגרים400גר,שטראוס,IL,חומוס לניגוב+גרגרים400גר,גרמים,400.00,100 גרם,false,0,11.50,2.88,true,1,
7290106411357,false,סוכריות גומי,,IL,סוכריות גומי,גרמים,100.00,100 גרם,false,0,5.00,5.00,true,1,
7290106411890,false,ממתק חמוץ קולה שטיח 50 ג,,IL,ממתק חמוץ,גרמים,50.00,100 גרם,false,0,4.90,9.80,true,1,
7290106411920,false,ממתק חמוץ תות קשית50גרם,,HK,ממתק חמוץ,גרמים,50.00,100 גרם,false,0,4.90,9.80,true,1,
7290106411937,false,ממתק חמוץ,,HK,ממתק חמוץ,גרמים,50.00,100 גרם,false,0,4.90,9.80,true,1,
7290106503007,false,זוג הד&שולדרס מנטול 500X,פרוקטר אנד גמבל,FR,זוג הד&שולדרס,ליטרים,1.00,ליטר,false,1,49.90,49.90,true,1,
7290106520066,false,רבע לשבע 160 גרם,עלית,IL,רבע לשבע 160 גרם,גרמים,160.00,100 גרם,false,0,12.60,7.88,true,1,
7290106520073,false,עוג.בוקר קרם שוקולד25*6ג,,IL,עוג.בוקר קרם שוקולד25*6ג,גרמים,150.00,100 גרם,false,0,15.90,10.60,true,1,
7290106520462,false,מילקי קייק 4 * 34 גרם,TSC,IT,מילקי קייק 4יח,גרמים,136.00,100 גרם,false,1,9.90,7.28,true,1,
7290106520905,false,סלט טורקי 400 גרם,שטראוס,IL,סלט טורקי,גרמים,400.00,100 גרם,false,0,15.90,3.98,true,1,
7290106520912,false,"שמנת לבישול 9% 250 מ""ל",שטראוס,IL,"שמנת לבישול 9% 250 מ""ל",מיליליטרים,250.00,"100 מ""ל",false,0,9.10,3.64,true,1,
7290106521049,false,סלט קוביות סלק 400 גרם,שטראוס,IL,סלט קוביות סלק,גרמים,400.00,100 גרם,false,0,15.90,3.98,true,1,
7290106521056,false,קוביות גזר מרוקאי 500גרם,שטראוס,IL,קוביות גזר מרוקאי 500גרם,גרמים,500.00,100 גרם,false,0,15.90,3.18,true,1,
7290106523388,false,מסטיק מאסט מגדים 140 גרם,שטראוס,IL,מסטיק מאסט מגדים 140 גרם,גרמים,140.00,100 גרם,false,0,19.00,13.57,true,1,
7290106525320,false,שוקולית לאפיה 500 גרם,עלית,IL,שוקולית לאפיה,גרמים,500.00,100 גרם,false,0,14.90,2.98,true,1,
7290106525689,false,ספלנדיד אגוז.לוז מריר110,שטראוס,IL,ספלנדיד אגוז.לוז מריר110,גרמים,110.00,100 גרם,false,0,14.90,13.55,true,1,
7290106527423,false,אקטיביה שזיף 1.5% 150*4ג,שטראוס,IL,מארז אקטיביה 4יח,גרמים,600.00,100 גרם,false,0,19.60,3.27,true,1,
7290106528864,false,מאסט פפרמינט ממולא25גרם,שטראוס,IL,מאסט פפרמינט ממולא25גרם,גרמים,25.00,100 גרם,false,1,5.00,20.00,true,1,
7290106571273,false,מאגדת קראנצ שוקולד5יכשלפ,נסטלה,IL,מאגדת קראנצ שוקולד5יכשלפ,גרמים,360.00,100 גרם,false,0,36.90,10.25,true,1,
7290106572027,false,לחמית חמישה דגנים 190גרם,אסם,IL,לחמית 5 דגנים,גרמים,190.00,100 גרם,false,0,8.10,4.26,true,1,
7290106572614,false,דובונים פיצה 40 גרם,אסם,IL,דובונים פיצה,גרמים,40.00,100 גרם,false,0,4.50,11.25,true,1,
7290106572652,false,דובונים גן חיות 40 גרם,אסם,IL,דובונים גן חיות,גרמים,40.00,100 גרם,false,0,4.50,11.25,true,1,
7290106573574,false,חומוס ירושלמי צבר 400גרם,צבר,IL,חומוס צבר,גרמים,400.00,100 גרם,false,0,12.00,3.00,true,1,
7290106573628,false,חומוס עם טחינה צבר 400גר,צבר,IL,חומוס עם טחינה,גרמים,400.00,100 גרם,false,0,12.00,3.00,true,1,
7290106573703,false,חציל פיקנטי רפי כהןג400,צבר,IL,חציל פיקנטי צבר,גרמים,400.00,100 גרם,false,0,16.70,4.18,true,1,
7290106573796,false,חומוס זעתר צבר 400 גרם,צבר,IL,חומוס זעתר צבר,גרמים,400.00,100 גרם,false,0,11.60,2.90,true,1,
7290106573819,false,חומוס אבו גוש צבר 400 גר,צבר,IL,חומוס אבו גוש,גרמים,400.00,100 גרם,false,0,11.40,2.85,true,1,
7290106573963,false,ביסלי ברביקיו 67*3 גרם,אסם,IL,ביסלי ברבקיו 3יח,גרמים,201.00,100 גרם,false,0,11.40,5.67,true,1,
7290106574328,false,אורז עם אטריות וירקות130,אסם,IL,אורז עם אטריות,גרמים,130.00,100 גרם,false,0,12.10,9.31,true,1,
7290106574793,false,עוגת שוקו שוקוצ'יפס350ג,אסם,IL,עוגת הבית,גרמים,350.00,100 גרם,false,0,12.90,3.69,true,1,
7290106574953,false,בייגלה שטוחים שומשום300ג,אסם,IL,בייגלה שטוחים,גרמים,300.00,100 גרם,false,0,11.90,3.97,true,1,
7290106574977,false,בייגלה שטוחים מלח300גרם,אסם,IL,בייגלה שטוחים,גרמים,300.00,100 גרם,false,0,11.90,3.97,true,1,
7290106575257,false,עוגת סופלה טעם שוקולד340,אסם,IL,עוגת סופלה הבית,גרמים,340.00,100 גרם,false,0,12.90,3.79,true,1,
7290106575332,false,פתיתים פלוס בורגול 400 ג,קוסקוס מזון,IL,פתיתים פלוס,גרמים,400.00,100 גרם,false,0,6.90,1.73,true,1,
7290106576209,false,ביסלי אקסטרים מעושן 70 ג,אסם,IL,ביסלי אקסטרים,גרמים,70.00,100 גרם,false,0,4.80,6.86,true,1,
7290106576513,false,חומוס צבר 400 גרם,צבר,IL,חומוס צבר,גרמים,400.00,100 גרם,false,0,9.90,2.48,true,1,
7290106576537,false,חומוס מסעדה צבר 700גרם,צבר,IL,חומוס מסעדה צבר,גרמים,700.00,100 גרם,false,0,11.50,1.64,true,1,
7290106576797,false,"לה קרמריהצמחי וניל כשל""פ",נסטלה,IL,"לה קרמריה כשל""פ",ליטרים,1.40,ליטר,false,0,23.00,16.43,true,1,
7290106576810,false,"לה קרמריהצמחי ריבת כשל""פ",נסטלה,IL,"לה קרמריה צמחי,",ליטרים,1.40,ליטר,false,0,23.00,16.43,true,1,
7290106576858,false,"לה קרמריה תותים כשל""פ .1",נסטלה,IL,"לה קרמריה כשל""פ",ליטרים,1.40,ליטר,false,0,23.00,16.43,true,1,
7290106576926,false,לה קרמריה שוקו וניל לייט,נסטלה,IL,לה קרמריה לייט,ליטרים,1.40,ליטר,false,0,23.90,17.07,true,1,
7290106576957,false,לה קרמריה שוקו וניל כשלפ,נסטלה,IL,"לה קרמריה כשל""פ",ליטרים,1.40,ליטר,false,0,23.00,16.43,true,1,
7290106577282,false,טחינה צבר מרובע 400 גרם,צבר,IL,טחינה צבר,גרמים,400.00,100 גרם,false,0,11.90,2.98,true,1,
7290106577527,false,סלט קולסלו מרובע צבר400ג,צבר,IL,סלט קולסלו צבר,גרמים,400.00,100 גרם,false,0,13.10,3.28,true,1,
7290106578333,false,חציל על האש מרובע צבר400,צבר,IL,חציל על האש צבר,גרמים,400.00,100 גרם,false,0,12.50,3.13,true,1,
7290106579231,false,עוגיות תפוז פיטנס 180גרם,אסם,IL,עוגיות פיטנס,גרמים,180.00,100 גרם,false,0,11.90,6.61,true,1,
7290106579293,false,סלט סלק רפי כהן 400 גרם,צבר,IL,סלט סלק רפי כהן,גרמים,400.00,100 גרם,false,0,16.70,4.18,true,1,
7290106651173,false,רביעיית טעמי מגדים 160 ג,עלית,IL,רביעיית טעמי מגדים 160 ג,גרמים,160.00,100 גרם,false,0,13.90,8.69,true,1,
7290106651272,false,פרכיות אנרגי מיני טבעי25,,IL,פרכיות אנרגי מיני טבעי25,גרמים,25.00,100 גרם,false,0,4.50,18.00,true,1,
7290106651401,false,דנונה3% 4תות+ 4אפרסק150ג,שטראוס,IL,מארז דנונה 4+4,קילוגרמים,1.20,"ק""ג",false,0,28.90,24.08,true,1,
7290106652514,false,בפלות וניל קראנץ 300 גרם,עלית,IL,בפלות קראנץ,גרמים,300.00,100 גרם,false,0,6.90,2.30,true,1,
7290106653719,false,דני שוקולד מיני 95*8גרם,שטראוס,IL,דני שוקולד 8 יח,גרמים,760.00,100 גרם,false,0,13.80,1.82,true,1,
7290106653726,false,דני וניל מיני 95*8גרם,שטראוס,IL,דני וניל 8 יח,גרמים,760.00,100 גרם,false,0,13.80,1.82,true,1,
7290106654105,false,מילקי פבלובה 120 גרם,שטראוס,IL,מילקי פבלובה,גרמים,120.00,100 גרם,false,1,4.90,4.08,true,1,
7290106654228,false,מאגדת מאסט פרי 28*5גרם,עלית,IL,מאגדת מאסט פרי,גרמים,140.00,100 גרם,false,0,19.00,13.57,true,1,
7290106654365,false,אינסטנט פודינג וניל80גרם,שטראוס,IL,אינסטנט פודינג וניל80גרם,יחידה,1.00,יחידה,false,0,6.00,6.00,true,1,
7290106654969,false,חומוס כפרי אחלה750גרם,שטראוס,IL,חומוס כפרי אחלה750גרם,גרמים,750.00,100 גרם,false,0,14.00,1.87,true,1,
7290106655645,false,דנונה שכבות דיאט0% 4+4,שטראוס,IL,מארז דנונה 4+4יח,קילוגרמים,1.20,"ק""ג",false,0,28.90,24.08,true,1,
7290106656512,false,בפלות טורטית 360 גרם,עלית,IL,בפלות טורטית,גרמים,360.00,100 גרם,false,0,17.90,4.97,true,1,
7290106656727,false,חיוכים שוקולד 600 גרם,עלית,IL,חיוכים שוקולד 600 גרם,גרמים,600.00,100 גרם,false,0,18.90,3.15,true,1,
7290106656734,false,חיוכים וניל 600 גרם,עלית,IL,חיוכים וניל 600 גרם,גרמים,600.00,100 גרם,false,0,18.90,3.15,true,1,
7290106656895,false,סימפוניה עגבנ.מיובשות200,שטראוס,IL,סימפוניה עגבנ.מיובשות200,גרמים,200.00,100 גרם,false,0,11.30,5.65,true,1,
7290106656901,false,סימפוניה25% זיתים 210ג,שטראוס,IL,סימפוניה25% זיתים 210ג,גרמים,210.00,100 גרם,false,0,13.30,6.33,true,1,
7290106657762,false,עדשים ק.קראש פרווה153ג,עלית,IL,עדשים ק.קראש153ג,גרמים,153.00,100 גרם,false,0,16.90,11.05,true,1,
7290106659957,false,דבש טהור מפרחי בר 320גרם,עלית,IL,דבש טהור,גרמים,320.00,100 גרם,false,1,21.30,6.66,true,1,
7290106660748,false,מיקס מיני פרה קראנצ200'ג,שטראוס,IL,מיקס מיני פרה קראנצ200'ג,גרמים,200.00,100 גרם,false,0,14.60,7.30,true,1,
7290106661882,false,תפו.שמנת בצל שמיטה 50 ג,שטראוס,IL,תפו.שמנת בצל שמיטה 50 ג,גרמים,50.00,100 גרם,false,0,3.90,7.80,true,1,
7290106661905,false,תפו.קראנץ מקסיקני שמיטה,שטראוס,IL,תפוציפס קראנץ,גרמים,50.00,100 גרם,false,0,3.90,7.80,true,1,
7290106661929,false,תפו.קראנצ טבעישמיטה 50 ג,שטראוס,IL,תפו.קראנצ טבעישמיטה 50 ג,גרמים,50.00,100 גרם,false,0,3.90,7.80,true,1,
7290106661943,false,תפוציפס קראנצ שמיטה 50 ג,שטראוס,IL,תפוציפס קראנצ,גרמים,50.00,100 גרם,false,0,3.90,7.80,true,1,
7290106661967,false,תפוציפס טבעי שמיטה 50 ג,שטראוס,IL,תפוציפס טבעי 50ג,גרמים,50.00,100 גרם,false,0,3.90,7.80,true,1,
7290106661974,false,תפו. מקסיקני שמיטה 200גר,שטראוס,IL,תפוציפס מקסיקני,גרמים,200.00,100 גרם,false,0,10.20,5.10,true,1,
7290106661981,false,תפו. אקס טבעי שמיטה200ג,שטראוס,IL,תפו. אקס טבעי שמיטה200ג,גרמים,200.00,100 גרם,false,0,10.00,5.00,true,1,
7290106661998,false,תפו. קרנץ שמיטה 200גר,שטראוס,IL,תפוציפס קרנצ',גרמים,200.00,100 גרם,false,0,10.20,5.10,true,1,
7290106662377,false,רבע לשבע בוטנים 120 גרם,עלית,IL,רבע לשבע בוטנים,גרמים,120.00,100 גרם,false,1,12.60,10.50,true,1,
7290106662506,false,עוג.גרנולה קינמון21.4*7ג,עלית,IL,עוג.גרנולה קינמון21.4*7ג,גרמים,150.00,100 גרם,false,1,15.90,10.60,true,1,
7290106662667,false,חומוס עם זיתים זעתר400ג,שטראוס,IL,חומוס עם זיתים זעתר400ג,גרמים,400.00,100 גרם,false,1,11.50,2.88,true,1,
7290106663541,false,"רוטב צ'ילי שום 280 מ""ל",בית אל מזון,IL,רוטב צ'ילי שום,מיליליטרים,280.00,"100 מ""ל",false,1,14.90,5.32,true,1,
7290106663558,false,"רוטב טריאקי רימון 280מ""ל",בית אל מזון,IL,רוטב טריאקי,מיליליטרים,280.00,"100 מ""ל",false,1,14.90,5.32,true,1,
7290106663626,false,חמישיית פרה מריר מגדים 1,עלית,IL,חמישיית פרה מריר מגדים 1,גרמים,500.00,100 גרם,false,0,22.10,4.42,true,1,
7290106663633,false,מארז תפוציפס שמיטה 50X4,שטראוס,IL,תפוצ'יפס 4 יח,גרמים,200.00,100 גרם,false,0,10.20,5.10,true,1,
7290106663992,false,"צ'אי מסאלה מהדרין 850מ""ל",יטבתה,IL,צ'אי מסאלה,מיליליטרים,850.00,"100 מ""ל",false,1,11.50,1.35,true,1,
7290106664548,false,רוטב שמנת4+גבינות9% 250מ,שטראוס,IL,רוטב שמנת4+גבינות9% 250מ,מיליליטרים,250.00,"100 מ""ל",false,1,10.90,4.36,true,1,
7290106664555,false,רוטב שמנת+עגבניות9% 250מ,שטראוס,IL,רוטב שמנת,מיליליטרים,250.00,"100 מ""ל",false,1,10.90,4.36,true,1,
7290106664562,false,רוטב שמנת+פטריות 9% 200מ,שטראוס,IL,רוטב שמנת+פטריות 9% 200מ,מיליליטרים,250.00,"100 מ""ל",false,1,10.90,4.36,true,1,
7290106668263,false,חומוס שיפקה 125 גרם,שטראוס,IL,חומוס שיפקה,גרמים,125.00,100 גרם,false,1,5.30,4.24,true,1,
7290106668713,false,דנונה פירות יער 3% 150גר,שטראוס,IL,דנונה פירות יער,גרמים,150.00,100 גרם,false,1,4.80,3.20,true,1,
7290106669093,false,שוקו.פרה טעם בננה ספליט,עלית,IL,שוקולד פרה,גרמים,100.00,100 גרם,false,1,7.10,7.10,true,1,
7290106720039,false,מאסט ספירמינט ממולא25גרם,שטראוס,IL,מאסט ספירמינט ממולא25גרם,גרמים,25.00,100 גרם,false,1,5.00,20.00,true,1,
7290106720435,false,סוכר.מאסט מנטה אקליפטו80,עלית,IL,סוכריות מאסט,גרמים,80.00,100 גרם,false,0,7.90,9.88,true,1,
7290106720862,false,מארז נר מגדים 105 גרם,שטראוס,IL,מארז נר מגדים,גרמים,105.00,100 גרם,false,1,13.90,13.24,true,1,
7290106720893,false,מארז חנוכייה מגדים 186גר,שטראוס,IL,מארז חנוכייה,גרמים,186.00,100 גרם,false,1,20.90,11.24,true,1,
7290106721371,false,דוריטוס חמוץ מתוק 200גרם,עלית,IL,דוריטוס חמוץ,גרמים,200.00,100 גרם,false,0,9.40,4.70,true,1,
7290106721593,false,דוריטוס חמוץ מתוק6י40*גר,עלית,IL,מארז דוריטוס,גרמים,240.00,100 גרם,false,0,11.90,4.96,true,1,
7290106721609,false,דוריטוס חמוץ חריף 40*6גר,עלית,IL,דוריטוס חמוץ חריף 40*6גר,גרמים,240.00,100 גרם,false,0,11.90,4.96,true,1,
7290106721876,false,תפוציפס ברביקיו שמיטה50ג,שטראוס,IL,תפוציפס ברביקיו,גרמים,50.00,100 גרם,false,0,3.90,7.80,true,1,
7290106722200,false,שוק.מריר בטעם טירמיסו100,שטראוס,IL,שוקולד פרה,גרמים,100.00,100 גרם,false,1,7.10,7.10,true,1,
7290106723443,false,שוקולד לבן במילוי תות50ג,עלית,IL,שוקולד לבן במילוי תות50ג,גרמים,50.00,100 גרם,false,1,4.50,9.00,true,1,
7290106723504,false,עוג.דגנים עם שבבי שוק150,עלית,IL,עוג.דגנים עם שבבי שוק150,גרמים,150.00,100 גרם,false,1,12.90,8.60,true,1,
7290106724419,false,עוגיות חיוכים וניל 150גר,עלית,IL,עוגיות חיוכים וניל 150גר,גרמים,150.00,100 גרם,false,1,4.70,3.13,true,1,
7290106725010,false,פיתה קראנצ' זעתר60*4 גרם,שטראוס,IL,פיתה קראנצ' 4 יח,גרמים,240.00,100 גרם,false,1,11.90,4.96,true,1,
7290106725355,false,דנונה תות 99 קלוריות150ג,שטראוס,IL,דנונה תות 99,גרמים,150.00,100 גרם,false,1,4.90,3.27,true,1,
7290106725423,false,רבע לשבע חלבה 120 גרם,עלית,IL,רבע לשבע חלבה,גרמים,120.00,100 גרם,false,1,12.60,10.50,true,1,
7290106725522,false,"רוטב שזיף רימון 280 מ""ל",בית אל מזון,IL,רוטב שזיף רימון,מיליליטרים,280.00,"100 מ""ל",false,1,14.90,5.32,true,1,
7290106725737,false,שוקו.פרה טופי קרמל מגדים,עלית,IL,שוקולד פרה,גרמים,100.00,100 גרם,false,1,7.10,7.10,true,1,
7290107280013,false,מגבוני ליטופים,,IL,מגבוני ליטופים,יחידה,1.00,יחידה,false,0,28.70,28.70,true,1,
7290107280167,false,תחליב רחצה קרמה וניל750מ,קוסמופארם,IL,תחליב רחצה קרמה,מיליליטרים,750.00,"100 מ""ל",false,0,19.90,2.65,true,1,
7290107280389,false,מתז ג'ט לאמבט,,IL,מתז ג'ט לאמבט,מיליליטרים,750.00,"100 מ""ל",false,0,19.90,2.65,true,1,
7290107280396,false,מתז ג'ט למטבח,,IL,מתז ג'ט למטבח,מיליליטרים,750.00,"100 מ""ל",false,0,19.90,2.65,true,1,
7290107280402,false,ג'ט לניקוי כללי,,IL,ג'ט לניקוי כללי,ליטרים,2.00,ליטר,false,0,19.90,9.95,true,1,
7290107280471,false,ספארק טבליות למדיח 30 יח,סנו,IL,טבליות למדיח,יחידה,1.00,יחידה,false,0,30.00,30.00,true,1,
7290107280488,false,סנובון WAVE פרחים 45גר,סנו,IL,סנובון WAVE,גרמים,45.00,100 גרם,false,0,9.90,22.00,true,1,
7290107280495,false,סנובון WAVE לימון 45גר,סנו,IL,סנובון WAVE,גרמים,45.00,100 גרם,false,0,9.90,22.00,true,1,
7290107280501,false,סנובון WAVE אורנים 45גר,סנו,PL,סנובון WAVE,גרמים,45.00,100 גרם,false,0,9.90,22.00,true,1,
7290107280518,false,מקסימה ג'אוול 8קג,סנו,IL,מקסימה ג'אוול,קילוגרמים,8.00,"ק""ג",false,0,54.90,6.86,true,1,
7290107280679,false,ספארק טבליות למדיח 70 יח,סנו,IL,טבליות למדיח,יחידה,1.00,יחידה,false,0,54.90,54.90,true,1,
7290107280723,false,נוזל לכלים לימון 700מל,סנו,IL,נוזל לכלים לימון,מיליליטרים,700.00,"100 מ""ל",false,0,10.90,1.56,true,1,
7290107280730,false,"נוזל לכלים לבנדר 700 מ""ל",סנו,IL,נוזל כלים לבנדר,מיליליטרים,700.00,"100 מ""ל",false,0,10.90,1.56,true,1,
7290107280747,false,"נוזל לכלים קלאסי 700מ""ל",סנו,IL,נוזל לכלים קלאסי,מיליליטרים,700.00,"100 מ""ל",false,0,10.90,1.56,true,1,
7290107280754,false,"נוזל לכלים שקד 700 מ""ל",סנו,IL,נוזל לכלים שקד,מיליליטרים,700.00,"100 מ""ל",false,0,10.90,1.56,true,1,
7290107280761,false,ספארק לכלים לימון+משאבה,סנו,IL,נוזל כלים לימון,ליטרים,1.00,ליטר,false,0,11.90,11.90,true,1,
7290107640206,false,פינוק מרכך למגע משי700 מ,יוניליוור,IL,מרכך פינוק,מיליליטרים,700.00,"100 מ""ל",false,0,13.20,1.89,true,1,
7290107640213,false,פינוק ת.רחצה למגע משי700,יוניליוור,IL,תחליב רחצה פינוק,מיליליטרים,700.00,"100 מ""ל",false,0,13.90,1.99,true,1,
7290107640428,false,"פינוק ת.רחצה רגוע 700מ""ל",יוניליוור,IL,תחליב רחצה פינוק,מיליליטרים,700.00,"100 מ""ל",false,1,13.90,1.99,true,1,
7290107640435,false,פינוק ת.רחצה לרעננות 700,יוניליוור,IL,תחליב רחצה פינוק,מיליליטרים,700.00,"100 מ""ל",false,1,13.90,1.99,true,1,
7290107640664,false,קליק בייגלה שוקולד חלב70,יוניליוור,IL,קליק בייגלה,גרמים,70.00,100 גרם,false,1,6.30,9.00,true,1,
7290107641081,false,שמפו פינוק קשקש.מנטול700,יוניליוור,IL,שמפו פינוק,מיליליטרים,700.00,"100 מ""ל",false,1,13.20,1.89,true,1,
7290107641098,false,פינוק 2ב1 קשקשים 700 מל,יוניליוור,IL,שמפו פינוק,מיליליטרים,700.00,"100 מ""ל",false,1,13.20,1.89,true,1,
7290107641685,false,קליק דאב קרם שוקולד70גרם,יוניליוור,IL,חטיף קליק,גרמים,70.00,100 גרם,false,1,6.30,9.00,true,1,
7290107641982,false,נמס בכוס טעם סחלב 31 גרם,יוניליוור,IL,נמס בכוס,גרמים,31.00,100 גרם,false,1,4.90,15.81,true,1,
7290107641999,false,נמס בכוס עגבניות חריף48ג,יוניליוור,IL,נמס בכוס,גרמים,48.00,100 גרם,false,1,7.50,15.63,true,1,
7290107871990,false,פסטה צינורות 500 גרם,זארה,IT,פסטה צינורות,גרמים,500.00,100 גרם,false,0,5.80,1.16,true,1,
7290107873239,false,פתי בר קרמל 500גרם,אסם,IL,פתיבר קרמל,גרמים,500.00,100 גרם,false,1,11.60,2.32,true,1,
7290107874366,false,ביסלי נאצ'וס חמוץ חריף50,דוגוס,TR,ביסלי נאצ'וס,גרמים,50.00,100 גרם,false,1,3.50,7.00,true,1,
7290107874687,false,ביסלי נאצ'וס צ'לי 50 גרם,דוגוס,TR,ביסלי נאצ'וס,גרמים,50.00,100 גרם,false,1,3.50,7.00,true,1,
7290107875400,false,להקרמריה פיסטוק מוקה 1.4,נסטלה,IL,להקרמריה,ליטרים,1.40,ליטר,false,0,23.00,16.43,true,1,
7290107876544,false,מרק נמס תירס 18*5 גרם,אסם,IL,מרק נמס תירס 5יח,גרמים,90.00,100 גרם,false,1,13.70,15.22,true,1,
7290107876568,false,מרק נמס עגבניות 19*5 גרם,אסם,IL,מרק נמס עגבנ5.יח,גרמים,95.00,100 גרם,false,1,13.70,14.42,true,1,
7290107876582,false,מרק נמס אפונה 18*5 גרם,אסם,IL,מרק נמס אפונה5יח,גרמים,90.00,100 גרם,false,1,13.70,15.22,true,1,
7290107876605,false,מרק נמס פטריות 17*5 גרם,אסם,IL,מרק נמס פטריות5*,גרמים,85.00,100 גרם,false,1,13.70,16.12,true,1,
7290107876650,false,מלפפונים במלח 7-9 670גרם,בית השיטה,IL,מלפפונים במלח,גרמים,670.00,100 גרם,false,1,6.40,0.96,true,1,
7290107877527,false,מרק נמס עגבניות 30*2גרם,אסם,IL,מרק נמס עגבניות,גרמים,60.00,100 גרם,false,1,7.90,13.17,true,1,
7290107877541,false,מרק נמס טעם עוף 26*2 גרם,אסם,IL,מרק נמס טעם עוף,גרמים,52.00,100 גרם,false,1,7.90,15.19,true,1,
7290107934473,false,דנונה אקטיביה1.5% 150*8מ,שטראוס,IL,אקטביה 1.5% 8 יח,ליטרים,1.20,ליטר,false,1,21.90,18.25,true,1,
7290107934480,false,דנונה אקטיביה 3% 150*8מ,שטראוס,IL,אקטביה 3% 8 יח,ליטרים,1.20,ליטר,false,1,21.90,18.25,true,1,
7290107934497,false,דנונה אקטיביה1.5% 150*4מ,שטראוס,IL,אקטביה1.5% 4 יח,מיליליטרים,600.00,"100 מ""ל",false,1,11.90,1.98,true,1,
7290107934503,false,דנונה אקטיביה 3% 150*4מל,שטראוס,IL,אקטביה 3% 4 יח,מיליליטרים,600.00,"100 מ""ל",false,1,11.90,1.98,true,1,
7290108200188,false,גולד ג'ל מסיר כתמים 940,רקיט בנקיזר,IT,וניש גולד ג'ל,מיליליטרים,940.00,"100 מ""ל",false,1,21.90,2.33,true,1,
7290108200201,false,גולד להסרת כתמים 1.35קג,רקיט בנקיזר,IT,גולד אבקה,קילוגרמים,1.35,"ק""ג",false,1,36.90,27.33,true,1,
7290108200218,false,גולד אבקה 1.35ק,רקיט בנקיזר,IT,וניש גולד אבקה,קילוגרמים,1.35,"ק""ג",false,1,36.90,27.33,true,1,
7290108200232,false,גולד אבקה לכב.לבנה 470 ג,רקיט בנקיזר,IT,וניש גולד אבקה,גרמים,470.00,100 גרם,false,1,21.90,4.66,true,1,
7296058000311,false,פריכיות זעתר שמן זית 40ג,,IL,פריכיות זעתר שמן זית 40ג,גרמים,40.00,100 גרם,false,0,7.60,19.00,true,1,
7296073126713,false,אובלטים קימל,,IL,אובלטים קימל,גרמים,300.00,100 גרם,false,0,9.20,3.07,true,1,
7296073126737,false,אובלטים מלוחים,,IL,אובלטים מלוחים,גרמים,300.00,100 גרם,false,0,9.20,3.07,true,1,
7296073126744,false,שקיות אשפה,,IL,שקיות אשפה,יחידה,1.00,יחידה,false,0,16.30,16.30,true,1,
7296073126751,false,שקיות אשפה,,IL,שקיות אשפה,יחידה,1.00,יחידה,false,0,18.60,18.60,true,1,
7296073126768,false,שקיות אשפה 75X90 יש 50X2,,IL,שקיות אשפה 75X90 יש 50X2,יחידה,1.00,יחידה,false,0,23.70,23.70,true,1,
7296073126775,false,שקיות אשפה,,IL,שקיות אשפה,יחידה,1.00,יחידה,false,0,27.00,27.00,true,1,
7296073126782,false,שקיות אוכל,,IL,שקיות אוכל,יחידה,1.00,יחידה,false,0,12.00,12.00,true,1,
7296073126805,false,שקיות הקפאה,,IL,שקיות הקפאה,יחידה,1.00,יחידה,false,0,13.00,13.00,true,1,
7296073126812,false,שקיות הקפאה,,IL,שקיות הקפאה,יחידה,1.00,יחידה,false,0,13.00,13.00,true,1,
7296073126829,false,תבנית + מכסה 5יח,,IL,תבנית + מכסה 5יח,יחידה,1.00,יחידה,false,0,12.00,12.00,true,1,
7296073126836,false,תבניות אפיה,,IL,תבניות אפיה,יחידה,1.00,יחידה,false,0,12.20,12.20,true,1,
7296073126850,false,תבנית+מכסה 10יח,,IL,תבנית+מכסה 10יח,יחידה,1.00,יחידה,false,0,12.20,12.20,true,1,
7296073126867,false,תבנית גדולה 7 יח,,IL,תבנית גדולה 7 יח,יחידה,1.00,יחידה,false,0,11.00,11.00,true,1,
7296073126874,false,תבנית אינגליש10י,,IL,תבנית אינגליש10י,יחידה,1.00,יחידה,false,0,11.60,11.60,true,1,
7296073126881,false,תבנית ענקית 4 יח,,IL,תבנית ענקית 4 יח,יחידה,1.00,יחידה,false,0,11.90,11.90,true,1,
7296073126935,false,נייר אפייה,,IL,נייר אפייה,יחידה,1.00,יחידה,false,0,9.60,9.60,true,1,
7296073126959,false,"כוסות ח""פ",,IL,"כוסות ח""פ",יחידה,1.00,יחידה,false,0,4.70,4.70,true,1,
7296073126966,false,כוסות לשתיה קרה,,IL,כוסות לשתיה קרה,יחידה,1.00,יחידה,false,0,9.40,9.40,true,1,
7296073126973,false,כוס אלגנט לבן,,IL,כוס אלגנט לבן,יחידה,1.00,יחידה,false,0,9.30,9.30,true,1,
7296073126997,false,כוס אלגנט קרם,,IL,כוס אלגנט קרם,יחידה,1.00,יחידה,false,0,9.30,9.30,true,1,
7296073127024,false,כוסות יין שקוף,,IL,כוסות יין שקוף,יחידה,1.00,יחידה,false,0,3.20,3.20,true,1,
7296073127031,false,צלחת גדולה,,IL,צלחת גדולה,יחידה,1.00,יחידה,false,0,21.00,21.00,true,1,
7296073127048,false,צלחות גדול לבן,,IL,צלחות גדול לבן,יחידה,1.00,יחידה,false,0,38.80,38.80,true,1,
7296073127055,false,צלחת גדולה לבן,,IL,צלחת גדולה לבן,יחידה,1.00,יחידה,false,0,14.30,14.30,true,1,
7296073127079,false,צלחות גדול קרם,,IL,צלחות גדול קרם,יחידה,1.00,יחידה,false,0,14.30,14.30,true,1,
7296073127086,false,צלחת גדולה זהב,,IL,צלחת גדולה זהב,יחידה,1.00,יחידה,false,0,14.30,14.30,true,1,
7296073127109,false,צלחות קטן,,IL,צלחות קטן,יחידה,1.00,יחידה,false,0,13.40,13.40,true,1,
7296073127116,false,צלחת קטנה לבן,,IL,צלחת קטנה לבן,יחידה,1.00,יחידה,false,0,26.70,26.70,true,1,
7296073127123,false,צלחת קטנה לבן,,IL,צלחת קטנה לבן,יחידה,1.00,יחידה,false,0,11.50,11.50,true,1,
7296073127147,false,צלחת קטנה קרם,,IL,צלחת קטנה קרם,יחידה,1.00,יחידה,false,0,11.50,11.50,true,1,
7296073127154,false,צלחת קטנה זהב,,IL,צלחת קטנה זהב,יחידה,1.00,יחידה,false,0,11.50,11.50,true,1,
7296073127178,false,"צלחת מרק""יש50""יח",,IL,"צלחת מרק""יש50""יח",יחידה,1.00,יחידה,false,0,12.10,12.10,true,1,
7296073127222,false,צלחת מרק זהב,,IL,צלחת מרק זהב,יחידה,1.00,יחידה,false,0,11.50,11.50,true,1,
7296073127253,false,צלחות ליפתנית,,IL,צלחות ליפתנית,יחידה,1.00,יחידה,false,0,6.80,6.80,true,1,
7296073127260,false,ליפתניות מהודר,,,ליפתניות מהודר,יחידה,1.00,יחידה,false,0,13.40,13.40,true,1,
7296073127277,false,ליפתנית לבן,,,ליפתנית לבן,יחידה,1.00,יחידה,false,0,8.60,8.60,true,1,
7296073127291,false,ליפתנית קרם,,IL,ליפתנית קרם,יחידה,1.00,יחידה,false,0,8.60,8.60,true,1,
7296073127307,false,ליפתנית זהב,,IL,ליפתנית זהב,יחידה,1.00,יחידה,false,0,8.60,8.60,true,1,
7296073127321,false,מגש אובלי לבן,,IL,מגש אובלי לבן,יחידה,1.00,יחידה,false,0,17.60,17.60,true,1,
7296073127345,false,מגש אובלי קרם,,IL,מגש אובלי קרם,יחידה,1.00,יחידה,false,0,17.60,17.60,true,1,
7296073127352,false,מגש אובלי זהב,,,מגש אובלי זהב,יחידה,1.00,יחידה,false,0,17.60,17.60,true,1,
7296073127376,false,קערית אובלית 25י,,IL,קערית אובלית 25י,יחידה,1.00,יחידה,false,0,6.80,6.80,true,1,
7296073127413,false,קערית אובלית 36י,,IL,קערית אובלית 36י,יחידה,1.00,יחידה,false,0,8.10,8.10,true,1,
7296073127437,false,צלחת בינונית,,IL,צלחת בינונית,יחידה,1.00,יחידה,false,0,22.40,22.40,true,1,
7296073127444,false,צלחות ענק,,,צלחות ענק,יחידה,1.00,יחידה,false,0,19.90,19.90,true,1,
7296073127529,false,"ופלים שוקולד 1.5 ק""ג",עדין,IL,ופלים שוקולד,קילוגרמים,1.50,"ק""ג",false,0,24.50,16.33,true,1,
7296073127536,false,ופלים לימון יש 800 גרם,עדין,IL,ופלים לימון,גרמים,800.00,100 גרם,false,0,11.90,1.49,true,1,
7296073127543,false,"ופלים שוקולד ""יש"" 800 גר",עדין,IL,ופלים שוקולד,גרמים,800.00,100 גרם,false,0,11.90,1.49,true,1,
7296073127550,false,"ופלים לימון ""יש"" 250 גרם",עדין,IL,ופלים לימון,גרמים,250.00,100 גרם,false,0,5.10,2.04,true,1,
7296073127567,false,"ופלים שוקולד ""יש"" 250 גר",עדין,IL,ופלים שוקולד,גרמים,250.00,100 גרם,false,0,5.10,2.04,true,1,
7296073127574,false,גלילי ופל שוקולד 100 גרם,עדין,IL,גלילי ופל,גרמים,100.00,100 גרם,false,0,4.50,4.50,true,1,
7296073127581,false,גלילי ופל אגוזים 100 גרם,עדין,IL,גלילי ופל,גרמים,100.00,100 גרם,false,0,4.50,4.50,true,1,
7296073127598,false,ופלים סוויט מצופים 800גר,עדין,IL,ופלים סוויט,גרמים,800.00,100 גרם,false,0,17.60,2.20,true,1,
7296073127604,false,ופלים מצופים שוקולד 600ג,עדין,IL,ופלים מצופים,גרמים,600.00,100 גרם,false,0,15.20,2.53,true,1,
7296073127895,false,תבניות אלומיניום,,IL,תבניות אלומיניום,יחידה,1.00,יחידה,false,0,12.30,12.30,true,1,
7296073127901,false,מגבוני בד עבים,,IL,מגבוני בד עבים,יחידה,1.00,יחידה,false,0,23.90,23.90,true,1,
7296073127932,false,פריכיות אורז,,IL,פריכיות אורז,גרמים,310.00,100 גרם,false,0,12.90,4.16,true,1,
7296073128175,false,"נייר טואלט פרימ"".יש32""גל",שניב תעשיות נייר,IL,נייר טואלט,מטרים,589.00,100 מטר,false,0,36.10,6.13,true,1,
7296073128182,false,"נייר טואלט ""יש"" 48גלילים",שניב תעשיות נייר,IL,נייר טואלט,מטרים,883.00,100 מטר,false,0,32.90,3.73,true,1,
7296073128199,false,"מגבות נייר ""יש"" 12גלילים",שניב תעשיות נייר,IL,מגבות נייר,מטרים,12.00,מטר,false,0,18.90,1.58,true,1,
7296073128342,false,כורכום,,IL,כורכום,גרמים,100.00,100 גרם,false,0,7.80,7.80,true,1,
7296073128373,false,פפריקה מתוקה,,IL,פפריקה מתוקה,גרמים,100.00,100 גרם,false,0,8.10,8.10,true,1,
7296073128397,false,פפריקה מתוקה,,IL,פפריקה מתוקה,גרמים,100.00,100 גרם,false,0,8.10,8.10,true,1,
7296073128410,false,קינמון טחון,,IL,קינמון טחון,גרמים,100.00,100 גרם,false,0,8.10,8.10,true,1,
7296073128458,false,אורגנו,,IL,אורגנו,גרמים,40.00,100 גרם,false,0,8.10,20.25,true,1,
7296073128519,false,כמון,,IL,כמון,גרמים,100.00,100 גרם,false,0,7.80,7.80,true,1,
7296073128571,false,כמון,,IL,כמון,גרמים,50.00,100 גרם,false,0,4.60,9.20,true,1,
7296073128618,false,פלפל שחור,,IL,פלפל שחור,גרמים,50.00,100 גרם,false,0,7.10,14.20,true,1,
7296073128632,false,פפריקה חריפה,,IL,פפריקה חריפה,גרמים,80.00,100 גרם,false,0,4.60,5.75,true,1,
7296073128694,false,פפריקה מתוקה,,IL,פפריקה מתוקה,גרמים,400.00,100 גרם,false,0,23.90,5.98,true,1,
7296073128755,false,וופל בלגי 150 גרם,גילרו,IL,וופל בלגי,גרמים,150.00,100 גרם,false,0,4.40,2.93,true,1,
7296073128779,false,פתיבר שוקו 110 גרם,מגדנית הדר,IL,פתיבר שוקו,גרמים,110.00,100 גרם,false,0,3.50,3.18,true,1,
7296073128786,false,קרקר מלח 110 גרם,מגדנית הדר,IL,קרקר מלח,גרמים,110.00,100 גרם,false,0,3.60,3.27,true,1,
7296073128823,false,פתיבר 500 גרם,מגדנית הדר,IL,פתיבר,גרמים,500.00,100 גרם,false,0,9.50,1.90,true,1,
7296073128878,false,עוגיות סנדוויץ שוקו900גר,מגדנית הדר,IL,עוגיות סנדוויץ,גרמים,900.00,100 גרם,false,0,23.10,2.57,true,1,
7296073128885,false,עוגיות סנדוויץ וניל900גר,מגדנית הדר,IL,עוגיות סנדוויץ,גרמים,900.00,100 גרם,false,0,23.10,2.57,true,1,
7296073128908,false,מיץ ענבים 1 ליטר,יקבי ארזה,IL,מיץ ענבים,ליטרים,1.00,ליטר,false,0,11.20,11.20,true,1,
7296073128915,false,יין לקידוש בציר 1 ליטר,יקבי ארזה,IL,יין לקידוש,ליטרים,1.00,ליטר,false,0,16.90,16.90,true,1,
7296073129066,false,קמח לבן,,IL,קמח לבן,קילוגרמים,1.00,"ק""ג",false,0,3.00,3.00,true,1,
7296073129264,false,"אקונומיקה ריחנית""יש"" 4ל'",סנו,IL,ארונומיקה,ליטרים,4.00,ליטר,false,0,6.90,1.73,true,1,
7296073129288,false,סבון אסלה,,,סבון אסלה,גרמים,165.00,100 גרם,false,0,15.10,9.15,true,1,
7296073129318,false,"מרכך כביסה לבן ""יש"" 4ל'",סנו,IL,מרכך כביסה,ליטרים,4.00,ליטר,false,0,13.90,3.48,true,1,
7296073129325,false,"מרכך כביסה כחול ""יש"" 4ל'",סנו,,מרכך כביסה,ליטרים,4.00,ליטר,false,0,13.90,3.48,true,1,
7296073129745,false,זוג רדידים,,IL,זוג רדידים,מטרים,2.00,מטר,false,0,16.90,8.45,true,1,
7296073129752,false,ניילון נצמד 2X,,IL,ניילון נצמד 2X,מטרים,2.00,מטר,false,0,11.30,5.65,true,1,
7296073129776,false,פתיבר שוקו יש 500 גרם,מגדנית הדר,IL,פתיבר שוקו,גרמים,500.00,100 גרם,false,0,9.50,1.90,true,1,
7296073129974,false,"סלט חומוס מזרחי ""יש"" 1קג",סלטי שמיר,IL,סלט חומוס מזרחי,קילוגרמים,1.00,"ק""ג",false,0,11.50,11.50,true,1,
7296073130482,false,סבון אסלה,,,סבון אסלה,גרמים,165.00,100 גרם,false,0,12.70,7.70,true,1,
7296073132103,false,פתיתים אורז,,IL,פתיתים אורז,גרמים,500.00,100 גרם,false,0,5.40,1.08,true,1,
7296073132110,false,פתיתים קוסקוס,,IL,פתיתים קוסקוס,גרמים,500.00,100 גרם,false,0,5.40,1.08,true,1,
7296073132127,false,פרורי לחם,,IL,פרורי לחם,גרמים,500.00,100 גרם,false,0,5.90,1.18,true,1,
7296073132134,false,פרורי לחם מוזהב,,IL,פרורי לחם מוזהב,גרמים,500.00,100 גרם,false,0,4.90,0.98,true,1,
7296073132837,false,"נר נשמה ""יש""",,IL,"נר נשמה ""יש""",יחידה,1.00,יחידה,false,0,1.80,1.80,true,1,
7296073132844,false,"נר חימום""יש50""יח",,IL,"נר חימום""יש50""יח",יחידה,1.00,יחידה,false,0,12.90,12.90,true,1,
7296073132851,false,"נר שבועי ""יש""",,IL,"נר שבועי ""יש""",יחידה,1.00,יחידה,false,0,11.90,11.90,true,1,
7296073132868,false,"נר חימום""יש100""י",,IL,"נר חימום""יש100""י",יחידה,1.00,יחידה,false,0,21.90,21.90,true,1,
7296073133605,false,טחינה יש 500 גרם,"אחדות ביח""ר לטחינה",IL,טחינה,גרמים,500.00,100 גרם,false,0,11.90,2.38,true,1,
7296073133797,false,סולת,,IL,סולת,קילוגרמים,1.00,"ק""ג",false,0,3.30,3.30,true,1,
7296073133810,false,קמח תופח,,IL,קמח תופח,קילוגרמים,1.00,"ק""ג",false,0,7.10,7.10,true,1,
7296073133926,false,שמן קנולה,,BE,שמן קנולה,ליטרים,1.00,ליטר,false,0,7.90,7.90,true,1,
7296073133933,false,ספגטי,,TR,ספגטי,גרמים,500.00,100 גרם,false,0,3.20,0.64,true,1,
7296073133940,false,ספגטיני,,TR,ספגטיני,גרמים,500.00,100 גרם,false,0,3.20,0.64,true,1,
7296073133995,false,שמן זית כתית,,ES,שמן זית כתית,מיליליטרים,750.00,"100 מ""ל",false,0,30.90,4.12,true,1,
7296073134107,false,ממחטות אף דו שכבתי צץ רץ,שניב תעשיות נייר,IL,ממחטות אף,יחידה,1.00,יחידה,false,0,10.90,10.90,true,1,
7296073134152,false,מפיות חד שכבתי 100 יח',שניב תעשיות נייר,IL,מפיות חד שכבתי,יחידה,1.00,יחידה,false,0,5.40,5.40,true,1,
7296073134497,false,"דבש לחיץ ""יש"" 350 גרם",מכוורת עמק חפר,IL,דבש לחיץ,גרמים,350.00,100 גרם,false,0,20.10,5.74,true,1,
7296073134510,false,"דבש ""יש"" 1.5 ק""ג",מכוורת עמק חפר,IL,דבש יש,קילוגרמים,1.50,"ק""ג",false,0,57.00,38.00,true,1,
7296073134527,false,"דבש ""יש"" 500 גרם",מכוורת עמק חפר,IL,דבש יש,גרמים,500.00,100 גרם,false,0,24.80,4.96,true,1,
7296073135012,false,צלחות ענק קרם,,IL,צלחות ענק קרם,יחידה,1.00,יחידה,false,0,19.90,19.90,true,1,
7296073135036,false,צלחות ענק זהב,,IL,צלחות ענק זהב,יחידה,1.00,יחידה,false,0,19.90,19.90,true,1,
7296073135050,false,מגש אובלי 12 יח,,,מגש אובלי 12 יח,יחידה,1.00,יחידה,false,0,12.40,12.40,true,1,
7296073135074,false,מגש אובלי 12יח,,,מגש אובלי 12יח,יחידה,1.00,יחידה,false,0,12.40,12.40,true,1,
7296073136217,false,משקה הקפאה 8 יח,,IL,משקה הקפאה 8 יח,גרמים,800.00,100 גרם,false,0,4.90,0.61,true,1,
7296073140511,false,"גביעי גלידה ""יש"" 105 גרם",גילרו,IL,גביעי גלידה,גרמים,105.00,100 גרם,false,0,11.40,10.86,true,1,
7296073142454,false,פטריות חתוכות,,NL,פטריות חתוכות,גרמים,290.00,100 גרם,false,0,4.60,1.59,true,1,
7296073142478,false,צ'יפס קלאסי יש 2.2קג,תפוגן,IL,צ'יפס קלאסי,קילוגרמים,2.20,"ק""ג",false,0,22.90,10.41,true,1,
7296073148524,false,שמן זית למאור,,IL,שמן זית למאור,ליטרים,1.00,ליטר,false,0,24.00,24.00,true,1,
7296073151371,false,"זוג מפות ח""פ""יש",,IL,"זוג מפות ח""פ""יש",יחידה,1.00,יחידה,false,0,9.20,9.20,true,1,
7296073151616,false,"כפות ח""פ 100 יח",,IL,"כפות ח""פ 100 יח",יחידה,1.00,יחידה,false,0,7.40,7.40,true,1,
7296073151623,false,"מזלגות ח""פ ""יש""",,IL,"מזלגות ח""פ ""יש""",יחידה,1.00,יחידה,false,0,7.40,7.40,true,1,
7296073151630,false,"סכינים ח""פ 100יח",,IL,"סכינים ח""פ 100יח",יחידה,1.00,יחידה,false,0,7.40,7.40,true,1,
7296073151647,false,"כפות ח""פ 100יח",,IL,"כפות ח""פ 100יח",יחידה,1.00,יחידה,false,0,7.40,7.40,true,1,
7296073151678,false,"כפות ח""פ""יש50""יח",,IL,"כפות ח""פ""יש50""יח",יחידה,1.00,יחידה,false,0,6.10,6.10,true,1,
7296073151692,false,"כפות ח""פ 50יח יש",,IL,"כפות ח""פ 50יח יש",יחידה,1.00,יחידה,false,0,6.10,6.10,true,1,
7296073151760,false,"סכינים ח""פ 50יח",,IL,"סכינים ח""פ 50יח",יחידה,1.00,יחידה,false,0,6.10,6.10,true,1,
7296073151791,false,"סכינים ח""פ 50 יח",,IL,"סכינים ח""פ 50 יח",יחידה,1.00,יחידה,false,0,6.10,6.10,true,1,
7296073151807,false,"כפיות ח""פ""יש50""י",,IL,"כפיות ח""פ""יש50""י",יחידה,1.00,יחידה,false,0,6.10,6.10,true,1,
7296073151814,false,"כפיות ח""פ 50 יח",,IL,"כפיות ח""פ 50 יח",יחידה,1.00,יחידה,false,0,6.10,6.10,true,1,
7296073151845,false,"כפיות ח""פ 50 יח",,IL,"כפיות ח""פ 50 יח",יחידה,1.00,יחידה,false,0,6.10,6.10,true,1,
7296073152729,false,רדיד אלומיניום,,IL,רדיד אלומיניום,יחידה,1.00,יחידה,false,0,26.70,26.70,true,1,
7296073160960,false,מטיות ריצפה 4 יח,,IL,מטיות ריצפה 4 יח,יחידה,1.00,יחידה,false,0,10.00,10.00,true,1,
7296073160977,false,מטליות לניקוי,,IL,מטליות לניקוי,יחידה,1.00,יחידה,false,0,10.70,10.70,true,1,
7296073160984,false,גליל מטליות כללי,,IL,גליל מטליות כללי,יחידה,1.00,יחידה,false,0,18.60,18.60,true,1,
7296073160991,false,ננס כריות מתכת,,,ננס כריות מתכת,יחידה,1.00,יחידה,false,0,5.60,5.60,true,1,
7296073161004,false,צמר פלדה 5 יח,,IL,צמר פלדה 5 יח,גרמים,5.00,100 גרם,false,0,4.30,86.00,true,1,
7296073161028,false,מטלית מיקרופייבר,,IL,מטלית מיקרופייבר,יחידה,1.00,יחידה,false,0,9.70,9.70,true,1,
7296073161035,false,מטלית מיקרופייבר,,IL,מטלית מיקרופייבר,יחידה,1.00,יחידה,false,0,5.90,5.90,true,1,
7296073161042,false,סקוטש משובח 3 יח,,IL,סקוטש משובח 3 יח,יחידה,1.00,יחידה,false,0,6.90,6.90,true,1,
7296073161059,false,כרית יפנית 6 יח,,IL,כרית יפנית 6 יח,יחידה,1.00,יחידה,false,0,8.60,8.60,true,1,
7296073161066,false,ספוג פלא 6יח,,IL,ספוג פלא 6יח,יחידה,1.00,יחידה,false,0,9.90,9.90,true,1,
7296073162902,false,"תירס ""יש"" 550 גרם",זנלכל,IL,"תירס ""יש"" 550גרם",גרמים,550.00,100 גרם,false,0,4.90,0.89,true,1,
7296073162933,false,"תירס לייט ""יש"" 550 גרם",זנלכל,IL,"תירס לייט ""יש""",גרמים,550.00,100 גרם,false,0,5.90,1.07,true,1,
7296073162940,false,"אפונה ""יש"" 550 גרם",זנלכל,IL,"אפונה ""יש"" 550גר",גרמים,550.00,100 גרם,false,0,6.70,1.22,true,1,
7296073162957,false,"אפונה וגזר ""יש"" 550 גרם",זנלכל,IL,אפונה וגזר 550ג,גרמים,550.00,100 גרם,false,0,6.80,1.24,true,1,
7296073162988,false,"שעועית אפויה ""יש"" 580גרם",זנלכל,IL,שעועית אפויה,גרמים,580.00,100 גרם,false,0,5.50,0.95,true,1,
7296073163008,false,"חומוס ""יש"" 550 גרם",זנלכל,IL,"חומוס ""יש550""גרם",גרמים,550.00,100 גרם,false,0,6.90,1.25,true,1,
7296073170129,false,"רסק עגבניות 22%100ג""יש""",פריניר,IL,רסק עגבניות 100ג,גרמים,100.00,100 גרם,false,0,1.80,1.80,true,1,
7296073170136,false,רסק עגבניות %22 260 גרם,פריניר,IL,רסק עגבניות 260ג,גרמים,260.00,100 גרם,false,0,3.60,1.38,true,1,
7296073170471,false,תבניות מאפינס,,IL,תבניות מאפינס,יחידה,1.00,יחידה,false,0,9.80,9.80,true,1,
7296073171102,false,חטיף גריל 70 גרם,מנה,IL,חטיף גריל 70 גרם,גרמים,70.00,100 גרם,false,0,2.90,4.14,true,1,
7296073171119,false,"חטיף גריל""יש"" 200 גרם",מנה,IL,חטיף גריל 200גרם,גרמים,200.00,100 גרם,false,0,6.10,3.05,true,1,
7296073171454,false,"חטיף ברביקיו""יש",,,"חטיף ברביקיו""יש",גרמים,70.00,100 גרם,false,0,2.90,4.14,true,1,
7296073187714,false,"ניוקי 500ג ""יש""",,IL,"ניוקי 500ג ""יש""",גרמים,500.00,100 גרם,false,0,3.20,0.64,true,1,
7296073189398,false,"פחם 2 ק""ג ""יש""",,,"פחם 2 ק""ג ""יש""",קילוגרמים,2.00,"ק""ג",false,0,14.50,7.25,true,1,
7296073190059,false,"וופלים""יש20X25""ג",,IL,"וופלים""יש20X25""ג",גרמים,500.00,100 גרם,false,0,13.40,2.68,true,1,
7296073206392,false,מלפפון במלח 9-7 560 גרם,פריניר,IL,מלפפון במלח,גרמים,560.00,100 גרם,false,0,4.40,0.79,true,1,
7296073206408,false,מלפפונים בחומץ 7-9 560 ג,פריניר,IL,מלפפון בחומץ,גרמים,560.00,100 גרם,false,0,4.40,0.79,true,1,
7296073206415,false,מלפפון במלח 10-12 560 גר,פריניר,IL,מלפפון במלח,גרמים,560.00,100 גרם,false,0,6.50,1.16,true,1,
7296073206422,false,לפפון בחומץ 10-12 560 גר,פריניר,IL,מלפון בחומץ,גרמים,560.00,100 גרם,false,0,6.50,1.16,true,1,
7296073206477,false,זית ירוק נטול גלעין 560,פריניר,IL,זיתים ירוקים,גרמים,560.00,100 גרם,false,0,7.90,1.41,true,1,
7296073206491,false,זיתים נטולי גלעין מושחר,פריניר,IL,זית נטול גלעין,גרמים,560.00,100 גרם,false,0,8.50,1.52,true,1,
7296073206521,false,זית ירוק שלם 12-15 560 ג,פריניר,IL,זית ירוק שלם,גרמים,560.00,100 גרם,false,0,7.00,1.25,true,1,
7296073211624,false,"פילה אמנון ק""ג",שופרסל,CN,פילה אמנון,קילוגרמים,0.00,"ק""ג",true,0,44.90,44.90,true,1,
7296073219934,false,"קמח 1 ק""ג",,IL,"קמח 1 ק""ג",קילוגרמים,1.00,"ק""ג",false,0,3.00,3.00,true,1,
7296073220145,false,מלפפונים במלח 13-17 560ג,פריניר,IL,מלפפונים במלח 13-17 560ג,גרמים,560.00,100 גרם,false,0,7.90,1.41,true,1,
7296073224969,false,געפילטע פיש 670ג,,IL,געפילטע פיש 670ג,גרמים,670.00,100 גרם,false,0,14.90,2.22,true,1,
7296073225447,false,"קפה נמס ""יש""",,IL,"קפה נמס ""יש""",גרמים,200.00,100 גרם,false,0,12.90,6.45,true,1,
7296073236115,false,לחם אחיד פרוס 750 גרם,מאפיית דוידוביץ,IL,לחם אחיד פרוס 750 גרם,גרמים,750.00,100 גרם,false,1,4.90,0.65,true,1,
7296073237297,false,"חציל במיונז ""יש"" 400 גרם",סלטי שמיר,IL,חציל במיונז 400,גרמים,400.00,100 גרם,false,1,6.90,1.73,true,1,
7296073237303,false,"כרוב אדום""יש"" 400 גרם",סלטי שמיר,IL,כרוב אדום 400גרם,גרמים,400.00,100 גרם,false,1,6.90,1.73,true,1,
7296073237310,false,חציל על האש בטחינה 400גר,סלטי שמיר,IL,חציל על האש400גר,גרמים,400.00,100 גרם,false,1,6.90,1.73,true,1,
7296073237327,false,"טחינה ביתית 400 גרם""יש""",סלטי שמיר,IL,טחינה ביתית 400ג,גרמים,400.00,100 גרם,false,1,6.90,1.73,true,1,
7296073237334,false,"סלט תפו""א ""יש"" 400 גרם",סלטי שמיר,IL,"סלט תפו""א 400גרם",גרמים,400.00,100 גרם,false,1,6.90,1.73,true,1,
7296073237341,false,"מטבוחה ""יש"" 400 גרם",סלטי שמיר,IL,מטבוחה 400 גרם,גרמים,400.00,100 גרם,false,1,6.90,1.73,true,1,
7296073237358,false,"חציל על האש""יש"" 400 גרם",סלטי שמיר,IL,חציל על האש 400ג,גרמים,400.00,100 גרם,false,1,6.90,1.73,true,1,
7296073237365,false,"חומוס עם מסבחה400ג ""יש """,סלטי שמיר,IL,חומוס עם מסבחה,גרמים,400.00,100 גרם,false,1,6.90,1.73,true,1,
7296073237372,false,"סלט סלק מגורד 400 ג ""יש""",סלטי שמיר,IL,סלט סלק מגורד,גרמים,400.00,100 גרם,false,1,6.90,1.73,true,1,
7296073237389,false,"סלט גזר מרוקאי400גרם""יש""",סלטי שמיר,IL,סלט גזר מרוקאי,גרמים,400.00,100 גרם,false,1,6.90,1.73,true,1,
7296073237396,false,"סלט קולסלאו 400גרם""יש""",סלטי שמיר,IL,סלט קולסלאו,גרמים,400.00,100 גרם,false,1,6.90,1.73,true,1,
7296073237402,false,חומוס עם הרבה טחינה400ג,סלטי שמיר,IL,חומוס עם טחינה,גרמים,400.00,100 גרם,false,1,6.90,1.73,true,1,
7296146007819,false,פתילייט 50 יחידות,,IL,פתילייט 50 יחידות,יחידה,1.00,יחידה,false,0,3.00,3.00,true,1,
7296146077775,false,פתילונים משושים,,IL,פתילונים משושים,יחידה,1.00,יחידה,false,0,3.30,3.30,true,1,
7297292000310,false,סריגית (בדית) 18 יחידות,כ.כיפות שיווק וסחר,IL,סריגית (בדית) 18 יחידות,יחידה,1.00,יחידה,false,0,6.90,6.90,true,1,
7610243003497,false,דורגול מסיר אבן,,IL,דורגול מסיר אבן,ליטרים,1.00,ליטר,false,0,25.50,25.50,true,1,
7613032045753,false,דגנ.בוקר פיטנס שוקולד375,נסטלה,FR,פיטנס שוקולד,גרמים,375.00,100 גרם,false,0,23.00,6.13,true,1,
7613032416157,false,דגני פיטנס שקדים ודבש355,נסטלה,FR,דגני פיטנס שקדים,גרמים,355.00,100 גרם,false,0,23.00,6.48,true,1,
7613033539107,false,מחית תפוח בננה שלב2 130ג,נסטלה,PL,מחית שלב 2 מטרנה,גרמים,130.00,100 גרם,false,0,5.60,4.31,true,1,
7613033539121,false,מחית סלט פירות שלב2 130ג,נסטלה,PL,מחית שלב 2 מטרנה,גרמים,130.00,100 גרם,false,0,5.60,4.31,true,1,
7613033539749,false,מחית תפוח בננה שלב3 190ג,נסטלה,PL,מחית שלב 3 מטרנה,גרמים,190.00,100 גרם,false,0,6.40,3.37,true,1,
7613033539800,false,מחית פירות טרופ.שלב3 190,נסטלה,PL,מחית שלב 3 מטרנה,גרמים,190.00,100 גרם,false,0,6.40,3.37,true,1,
7613033592843,false,"דוגלי גזע קטן 3 ק""ג",נסטלה פורינה,HU,דוגלי גזע קטן,קילוגרמים,3.00,"ק""ג",false,0,49.40,16.47,true,1,
7613033592898,false,"דוגלי בשר ועוף 3 ק""ג",נסטלה פורינה,HU,דוגלי בשר ועוף,קילוגרמים,3.00,"ק""ג",false,0,43.30,14.43,true,1,
7613033592959,false,"דוגלי בשר ועוף 12 ק""ג",נסטלה פורינה,HU,דוגלי בשר ועוף,קילוגרמים,12.00,"ק""ג",false,0,112.50,9.38,true,1,
7613033975554,false,ביסקוויט מטרנה ט.טבעי180,נסטלה,IL,ביסקוויט מטרנה,גרמים,180.00,100 גרם,false,0,16.30,9.06,true,1,
7613500107105,false,50 רפידות הנקה ג'וסונס,ג'ונסון,FR,רפידות הנקה,יחידה,1.00,יחידה,false,0,33.00,33.00,true,1,
7617900102012,false,לאקי סטרייק אדום חפיסה,bat,CH,לאקי סטרייק אדום חפיסה,יחידה,1.00,יחידה,false,0,30.50,30.50,false,1,
7617900102043,false,לאקי סטרייק כחול חפיסה,bat,CH,לאקי סטרייק כחול חפיסה,יחידה,1.00,יחידה,false,0,30.50,30.50,false,1,
7622300001568,false,קפה ג'קובס קרוננג 200 גר,מונדלייז,DE,קפה נמס ג'קובס,גרמים,200.00,100 גרם,false,0,29.90,14.95,true,1,
7702018010639,false,8סכינ.פיוזן פרוגליד ידני,פרוקטר & גמבל,DE,8סכינ.פיוזן פרוגליד ידני,יחידה,1.00,יחידה,false,0,169.50,169.50,true,1,
7702018866984,false,4סכיני גילוח פיוז'ן ידני,פרוקטר & גמבל,DE,סכיני גילוח,יחידה,1.00,יחידה,false,0,79.90,79.90,true,1,
7702174068826,false,ללקן יוגטה טעם פירות216ג,אלדור,EC,ללקן יוגטה טעם פירות216ג,גרמים,216.00,100 גרם,false,0,9.90,4.58,true,1,
7702174068833,false,יוגטה אייס קרים בשקית216,אלדור,CO,לקקן יוגטה,גרמים,216.00,100 גרם,false,0,9.90,4.58,true,1,
7702174070201,false,לקקן יוגטה מגיק 216גרם,אלדור,CO,לקקן יוגטה מג'יק,גרמים,216.00,100 גרם,false,0,9.90,4.58,true,1,
7790580300302,false,בון בון צהוב 306 גרם,,IL,בון בון צהוב 306 גרם,גרמים,306.00,100 גרם,false,0,18.40,6.01,true,1,
7790580315979,false,סוכריות ממולאות,,IL,סוכריות ממולאות,גרמים,470.00,100 גרם,false,0,17.30,3.68,true,1,
7790580315986,false,סוכריות ממולאות,,AR,סוכריות ממולאות,גרמים,470.00,100 גרם,false,0,17.30,3.68,true,1,
7790580316013,false,טופי חלב 483 גרם,,IL,טופי חלב 483 גרם,גרמים,483.00,100 גרם,false,0,20.10,4.16,true,1,
7790580328931,false,סוכ. ממולא דובדבן 470 ג,,AR,סוכ. ממולא דובדבן 470 ג,גרמים,470.00,100 גרם,false,0,17.30,3.68,true,1,
7891024100363,false,קולגייט סנסיטיב פרו רליף,קולגייט-פלמוליב,BR,משחת קולגייט,מיליליטרים,75.00,"100 מ""ל",false,0,26.20,34.93,true,1,
7891024124826,false,קולגייט אופטיק וייט 75מל,קולגייט-פלמוליב,IL,משחת קולגייט,מיליליטרים,75.00,"100 מ""ל",false,0,26.90,35.87,true,1,
7891024128824,false,קולגייט טריפל אקשן 100מל,קולגייט-פלמוליב,BR,קולגייט טריפל אקשן 100מל,מיליליטרים,100.00,"100 מ""ל",false,0,12.50,12.50,true,1,
8000380004911,false,ופלים קואדרטיני אגוז250ג,לואקר,IT,ופל קואדרטיני,גרמים,250.00,100 גרם,false,0,15.30,6.12,true,1,
8000380004966,false,ופלים קואדרטיני קקאו250ג,לואקר,IT,ופל קואדרטיני,גרמים,250.00,100 גרם,false,0,15.30,6.12,true,1,
8000500023624,false,חטיף קינדר הפי היפו 5יח',פררו - אלבה,IT,חטיף קינדר הפי היפו 5יח',גרמים,102.00,100 גרם,false,0,13.20,12.94,true,1,
8000500023976,false,בונ.רפאלו 150 גרם,פררו - אלבה,IT,בונ.רפאלו 150 גרם,גרמים,150.00,100 גרם,false,0,18.30,12.20,true,1,
8000500029350,false,קינדר בואנו 43*3 גרם,פררו - אלבה,PL,קינדר בואנו 43*3 גרם,גרמים,129.00,100 גרם,false,0,13.80,10.70,true,1,
8000500071083,false,שוקולד קינדר 200 גרם,פררו - אלבה,IT,שוקולד קינדר 200 גרם,גרמים,200.00,100 גרם,false,0,14.20,7.10,true,1,
8000500075708,false,ביצי קינדר ג'וי כחול20*3,פררו - אלבה,ZA,ביצי קינדר ג'וי כחול20*3,גרמים,60.00,100 גרם,false,0,15.30,25.50,true,1,
8000500121436,false,קינדר בואנו לבן 39*3 גרם,פררו - אלבה,PL,קינדר בואנו לבן 39*3 גרם,גרמים,117.00,100 גרם,false,0,13.80,11.79,true,1,
8000500126325,false,ביצי קינדר ג'וי ורוד20*3,פררו - אלבה,ZA,ביצי קינדר ג'וי ורוד20*3,גרמים,60.00,100 גרם,false,0,15.30,25.50,true,1,
8000700000050,false,סבון דאב מוצק לבן100X4גר,יוניליוור,DE,סבון דאב רביעייה,גרמים,400.00,100 גרם,false,0,16.90,4.23,true,1,
8005200036561,false,נסטי מוגז בטעם אפרסק1.5ל,סן-פלגרינו,IT,נסטי מוגז אפרסק,ליטרים,1.50,ליטר,false,1,7.90,5.27,true,1,
8005200496525,false,נסטי בטעם אפרסק 1.5 ליטר,סן-פלגרינו,IT,נסטי בטעם אפרסק,ליטרים,1.50,ליטר,false,0,7.50,5.00,true,1,
8005200516520,false,נסטי דיאט טעם אפרסק 1.5ל,סן-פלגרינו,IT,נסטי דיאט אפרסק,ליטרים,1.50,ליטר,false,0,7.50,5.00,true,1,
8005200536528,false,נסטי מנגו אננס 1.5 ליטר,סן-פלגרינו,IT,נסטי מנגו אננס,ליטרים,1.50,ליטר,false,0,7.50,5.00,true,1,
8007178120310,false,"חומץ בלסמי גקובזי 500מ""ל",ג'אקובזי,IT,"חומץ בלסמי גקובזי 500מ""ל",מיליליטרים,500.00,"100 מ""ל",false,0,21.30,4.26,true,1,
8008090044012,false,טבליות ספירה 30 יחידות,זובלה,IT,טבליות ספירה 30 יחידות,יחידה,1.00,יחידה,false,0,13.50,13.50,true,1,
8076800195033,false,ספגטיני מס' 3 500 גרם,ברילה,IT,ספגטיני מס' 3,גרמים,500.00,100 גרם,false,0,10.90,2.18,true,1,
8076800195057,false,ספגטיני מס' 5 ברילה500גר,ברילה,IT,ספגטי מס 5 ברילה,גרמים,500.00,100 גרם,false,0,10.90,2.18,true,1,
8076802085981,false,פסטה פוזילי מס98' 500גרם,ברילה,IT,פוזילי ברילה,גרמים,500.00,100 גרם,false,0,10.90,2.18,true,1,
8076809512268,false,פסטה גירנדולה מס34' 500ג,ברילה,IT,פסטה גירנדולה,גרמים,500.00,100 גרם,false,0,10.90,2.18,true,1,
8076809513388,false,רוטב לפסטה ארביאטה400גרם,ברילה,IT,רוטב לפסטה ארביאטה400גרם,גרמים,400.00,100 גרם,false,0,15.00,3.75,true,1,
8076809513692,false,רוטב לפסטה נפוליטנה400גר,ברילה,IT,רוטב לפסטה,גרמים,400.00,100 גרם,false,0,15.00,3.75,true,1,
8076809523738,false,לזניה ברילה 500 גרם,ברילה,IT,לזניה ברילה 500 גרם,גרמים,500.00,100 גרם,false,0,23.20,4.64,true,1,
8410104039134,false,"פיניש לניקוי מדיח 250מ""ל",רקיט בנקיזר,PL,פיניש ניקוי מדיח,מיליליטרים,250.00,"100 מ""ל",false,0,20.30,8.12,true,1,
8590160891652,false,קפה נמס ג'קובס גולד200ג,מונדלייז,DE,קפה גיקובס גולד,גרמים,200.00,100 גרם,false,0,35.80,17.90,true,1,
8594019380748,false,חטיפי ביס חמוציות 132 גר,סמיקס,CZ,חטיפי ביס גו פיט,גרמים,132.00,100 גרם,false,0,14.90,11.29,true,1,
8594019380922,false,דגני בוקר דבש+אגוזי לוז,סמיקס,CZ,דגנים גו פיט,גרמים,340.00,100 גרם,false,0,19.90,5.85,true,1,
8683323040100,false,חיספוסים תותי פרוטי 35 ג,סאדאט,TR,חיספוסים,גרמים,35.00,100 גרם,false,1,1.50,4.29,true,1,
8683323041107,false,חיספוסים תות שדה 35 גרם,סאדאט,TR,חיספוסים,גרמים,35.00,100 גרם,false,1,1.50,4.29,true,1,
8690327511727,false,"בירה קייזר 500 מ""ל","פורמן ס.א. בע""מ",PL,בירה קייזר,מיליליטרים,500.00,"100 מ""ל",false,1,6.90,1.38,true,1,
8690637041129,false,שמפו דאב לשיער פגום 400מ,יוניליוור,TR,שמפו דאב,מיליליטרים,400.00,"100 מ""ל",false,0,18.20,4.55,true,1,
8690637041143,false,מרכך דאב לשיער פגום 400מ,יוניליוור,TR,מרכך דאב,מיליליטרים,400.00,"100 מ""ל",false,0,18.20,4.55,true,1,
8690637555084,false,בדין אקסטרא פריחת התפוז,יוניליוור,TR,מרכך בדין אקסטרא,מיליליטרים,960.00,"100 מ""ל",false,0,19.90,2.07,true,1,
8690637577512,false,דאו.אקס ספריי אקסייט150מ,יוניליוור,TR,דאודורנט אקס,מיליליטרים,150.00,"100 מ""ל",false,0,22.90,15.27,true,1,
8690637611698,false,דאו.אקס לגבר אנרכי 150 מ,יוניליוור,TR,דאודורנט אקס,מיליליטרים,150.00,"100 מ""ל",false,0,22.90,15.27,true,1,
8690637631009,false,אקס בודי ספריי אפולו 150,יוניליוור,IL,אקס בודי ספריי,מיליליטרים,150.00,"100 מ""ל",false,0,22.90,15.27,true,1,
8690637682551,false,בדין אקסטרה שחור960מל,יוניליוור,IL,בדין אקסטרה,מיליליטרים,960.00,"100 מ""ל",false,0,19.90,2.07,true,1,
8690637688218,false,תה ירוק נגיעות לימון 20,יוניליוור,IL,תה ירוק ליפטון,גרמים,30.00,100 גרם,false,0,17.40,58.00,true,1,
8690637704437,false,דאב שמפו שמני הזנה 600 מ,יוניליוור,TR,שמפו דאב,מיליליטרים,600.00,"100 מ""ל",false,0,22.50,3.75,true,1,
8690637704451,false,דאב מרכך שמני הזנה 600 מ,יוניליוור,TR,דאב מרכך,מיליליטרים,600.00,"100 מ""ל",false,0,22.50,3.75,true,1,
8690770322598,false,שמרים יבשים 125 גרם,הנמל,,שמרים יבשים 125 גרם,גרמים,125.00,100 גרם,false,0,6.20,4.96,true,1,
8690777203012,false,פלפל ירוק כבוש,,TR,פלפל ירוק כבוש,גרמים,600.00,100 גרם,false,0,13.80,2.30,true,1,
8690777206051,false,חציל קלוי,,TR,חציל קלוי,גרמים,650.00,100 גרם,false,0,13.80,2.12,true,1,
8690784211505,false,גלייד אירוסול 300 מל,vaill aerosol coster,TR,גלייד מטהר אוויר,מיליליטרים,300.00,"100 מ""ל",false,0,9.80,3.27,true,1,
8690784315227,false,גלייד אוטומטי לבנדר269מ,vaill aerosol coster,TR,גלייד אוטומטי,מיליליטרים,269.00,"100 מ""ל",false,1,67.50,25.09,true,1,
8692440001086,false,כוסות פלססטיק ש.קרה100יח,שניב,IL,כוסות פלסטיק100י,יחידה,1.00,יחידה,false,1,3.90,3.90,true,1,
8693323002909,false,סוכ.גומי תולעים חמוץ250ג,סאאדת,IL,סוכריות גומי,גרמים,100.00,100 גרם,false,0,12.00,12.00,true,1,
8693323003906,false,ג'לי בצורת דובנים 250,סאאדת,IL,ג'לי דובונים,גרמים,250.00,100 גרם,false,0,12.00,4.80,true,1,
8693323004903,false,סוכ.ג'לי בצורת טבעות250ג,סאדאט,TR,סוכ.ג'לי בצורת טבעות250ג,גרמים,250.00,100 גרם,false,0,12.00,4.80,true,1,
8693323007904,false,ג'לי בטעם קולה 250 גרם,סאאדת,IL,ג'לי קולה,גרמים,250.00,100 גרם,false,0,12.00,4.80,true,1,
8693323013905,false,ג'לי בצורת דובונים 800 ג,סאאדת,IL,ג'לי בצורת דובונ,גרמים,800.00,100 גרם,false,0,18.80,2.35,true,1,
8693323014902,false,ג'לי בצורת טבעות 800 גרם,סאאדת,IL,ג'לי בצורת טבעות,גרמים,800.00,100 גרם,false,0,18.80,2.35,true,1,
8693323030902,false,מרשמלו ממולא גלי 500 גרם,סאאדת,IL,מרשמלו ממולא גלי,גרמים,500.00,100 גרם,false,0,14.90,2.98,true,1,
8693323031909,false,מרשמלו ממולא גלי 90 גרם,סאאדת,IL,מרשמלו ממולא גלי 90 גרם,גרמים,90.00,100 גרם,false,0,4.60,5.11,true,1,
8693323048013,false,ג'לי בצורת אבטיח 800 גרם,סאאדת,TR,ג'לי בצורת אבטיח,גרמים,800.00,100 גרם,false,0,18.80,2.35,true,1,
8693323689018,false,סוכ.ג'לי בצורת בננה250גר,סאדאט,TR,סוכריות ג'לי,גרמים,250.00,100 גרם,false,1,12.00,4.80,true,1,
8693495037853,false,קולגייט 2מברשת סלים סופט,קולגייט-פלמוליב,CN,2 מברשות קולגייט,יחידה,1.00,יחידה,false,0,34.30,34.30,true,1,
8693495041263,false,ג'ל רחצה לגבר פלמוליב500,קולגייט-פלמוליב,TR,ג'ל רחצה,מיליליטרים,500.00,"100 מ""ל",false,1,20.00,4.00,true,1,
8697530910743,false,פאל מאל כחול חפיסה,bat,TR,פאל מאל כחול חפיסה,יחידה,1.00,יחידה,false,0,27.50,27.50,false,1,
8697530910750,false,פאל מאל כחול ארוך חפ.,bat,TR,פאל מאל כחול ארוך חפ.,יחידה,1.00,יחידה,false,0,27.50,27.50,false,1,
8710428005762,false,סימילאק איזומיל NGטף400,אבוט,IL,סימילאק איזומיל,גרמים,400.00,100 גרם,false,0,45.70,11.43,true,1,
8710502470028,false,עוג.שוקוצ'יפס נוגטלי160ג,מרבה,NL,עוגיות שוקוצ'יפס,גרמים,160.00,100 גרם,false,0,12.00,7.50,true,1,
8711700665834,false,סבון מוצק דאב 100*6 גרם,יוניליוור,IL,סבון דאב שישייה,גרמים,600.00,100 גרם,false,0,24.20,4.03,true,1,
8711700796712,false,אקס ג'ל רחצה אפולו 400מ,יוניליוור,IL,אקס ג'ל רחצה,מיליליטרים,400.00,"100 מ""ל",false,0,14.40,3.60,true,1,
8712561234122,false,"אקס ג'ל רחצה פיס 400 מ""ל",יוניליוור,DE,אקס ג'ל רחצה,מיליליטרים,400.00,"100 מ""ל",false,0,14.40,3.60,true,1,
8712561461436,false,"אקס ג'ל רחצה גולד 400מ""ל",יוניליוור,IL,אקס ג'ל רחצה,מיליליטרים,400.00,"100 מ""ל",false,0,14.40,3.60,true,1,
8712561650366,false,"אקס ג'ל רחצה בלאק 400מ""ל",יוניליוור,GB,אקס ג'ל רחצה,מיליליטרים,400.00,"100 מ""ל",false,0,14.40,3.60,true,1,
8714789177229,false,4 מב.קולגייט אקסטרה קלין,קולגייט-פלמוליב,VN,4 מברשות שיניים,יחידה,1.00,יחידה,false,0,21.20,21.20,true,1,
8714789218465,false,2 מברשות קולגייט סופט,קולגייט-פלמוליב,CN,2 מברשות שיניים,יחידה,1.00,יחידה,false,0,36.40,36.40,true,1,
8714789237039,false,קולגייט מולטי פרוטקשן75מ,קולגייט-פלמוליב,PL,משחת שיניים,מיליליטרים,75.00,"100 מ""ל",false,0,18.90,25.20,true,1,
8714789292939,false,2 מברש.קולגייט מקס פרש S,קולגייט-פלמוליב,CN,2 מברשות שיניים,יחידה,1.00,יחידה,false,0,25.40,25.40,true,1,
8714789303925,false,2 מברשות קולגייט סנסטיב,קולגייט-פלמוליב,CH,2 מברשות קולגייט סנסטיב,יחידה,1.00,יחידה,false,0,36.40,36.40,true,1,
8714789402918,false,אג'קס חג.פרחים אדום 1.5ל,קולגייט-פלמוליב,GR,אג'קס לניקוי,ליטרים,1.50,ליטר,false,0,21.00,14.00,true,1,
8714789402970,false,אג'קס חגיגת פרח.ירוק 1.5,קולגייט-פלמוליב,GR,אג'קס חגיגת פרח.ירוק 1.5,ליטרים,1.50,ליטר,false,0,21.00,14.00,true,1,
8714789450315,false,פלמוליב לכלים לימון1.5ל',קולגייט-פלמוליב,IL,פלמוליב לכלים,ליטרים,1.50,ליטר,false,0,17.90,11.93,true,1,
8714789473970,false,קולגייט טוטל אדוונס 100מ,קולגייט-פלמוליב,PL,קולגייט טוטל אדוונס 100מ,מיליליטרים,100.00,"100 מ""ל",false,0,19.10,19.10,true,1,
8714789529561,false,קולגייט פרו ריליף+הלבנ75,קולגייט-פלמוליב,BR,משחת קולגייט,מיליליטרים,75.00,"100 מ""ל",false,0,26.20,34.93,true,1,
8714789552897,false,קולגייט טוטל אדוונס 100מ,קולגייט-פלמוליב,PL,משחת קולגייט,מיליליטרים,100.00,"100 מ""ל",false,0,19.10,19.10,true,1,
8714789686530,false,פלמוליב לכלים קלאסי900מל,קולגייט-פלמוליב,GR,פלמוליב לכלים,מיליליטרים,900.00,"100 מ""ל",false,0,15.00,1.67,true,1,
8714789686547,false,פלמוליב לכלים לימון900מל,קולגייט-פלמוליב,GR,פלמוליב לכלים לימון900מל,מיליליטרים,900.00,"100 מ""ל",false,0,15.00,1.67,true,1,
8714789722610,false,משחת קולגייט סנסטיב 75מל,קולגייט-פלמוליב,PL,משחת קולגייט סנסטיב 75מל,מיליליטרים,75.00,"100 מ""ל",false,0,18.90,25.20,true,1,
8714789740058,false,זוג מברשת שיניים קולגייט,קולגייט-פלמוליב,IL,זוג מברשת שיניים,יחידה,1.00,יחידה,false,0,20.20,20.20,true,1,
8714789791913,false,אג'קס פרחי לוטוס 1.5 ל,קולגייט-פלמוליב,GR,אג'קס פרחי לוטוס 1.5 ל,ליטרים,1.50,ליטר,false,0,21.00,14.00,true,1,
8714789831190,false,קולגייט טוטל אינטרדנטל75,קולגייט-פלמוליב,PL,משחת קולגייט,גרמים,75.00,100 גרם,false,0,24.90,33.20,true,1,
8714789855929,false,משחת קולגייט טוטל גאם75מ,קולגייט-פלמוליב,IL,משחת קולגייט,מיליליטרים,75.00,"100 מ""ל",false,0,24.90,33.20,true,1,
8714789930848,false,משחת אופטיק וייט אינסט75,קולגייט-פלמוליב,PL,משחת קולגייט,מיליליטרים,75.00,"100 מ""ל",false,0,26.90,35.87,true,1,
8714789971230,false,אג'קס ניקוי כללי סבון 2ל,קולגייט-פלמוליב,GR,אג'קס ניקוי כללי סבון 2ל,ליטרים,2.00,ליטר,false,0,26.90,13.45,true,1,
8715700419732,false,מתבל עגבניות היינץ700גרם,היינץ,NL,מתבל עגבניות,גרמים,700.00,100 גרם,false,0,12.90,1.84,true,1,
8718114047249,false,סבון מוצק דאב 100*6 גרם,יוניליוור,DE,סבון דאב שישייה,גרמים,600.00,100 גרם,false,0,24.20,4.03,true,1,
8718951038738,false,אג'קס חג.הפרחים כתום1.5ל,קולגייט-פלמוליב,GR,אג'קס חג.פרחים,ליטרים,1.50,ליטר,false,1,21.00,14.00,true,1,
8718951044913,false,"משחת מרידול להלבנה 75מ""ל",גאבה,DE,משחת מרידול,מיליליטרים,75.00,"100 מ""ל",false,1,21.90,29.20,true,1,
8850389105825,false,סאפה אלוורה ענבים 1 ליטר,FOOD GENERAL SAPANAN,TH,סאפה אלוורה ענבים 1 ליטר,ליטרים,1.00,ליטר,false,0,12.20,12.20,true,1,
8850389105832,false,סאפה אלוורה תפוחים 1ליטר,FOOD GENERAL SAPANAN,TH,סאפה אלוורה תפוחים 1ליטר,ליטרים,1.00,ליטר,false,0,12.20,12.20,true,1,
8850389105849,false,סאפה אלוורה אפרסק 1 ליטר,FOOD GENERAL SAPANAN,TH,סאפה אלוורה אפרסק 1 ליטר,ליטרים,1.00,ליטר,false,0,12.20,12.20,true,1,
8850632604259,false,יוגטה חמוץ מקלות תות 50ג,סאאדת,TR,יוגטה חמוץ מקלות תות 50ג,גרמים,50.00,100 גרם,false,0,6.00,12.00,true,1,
8850632604372,false,יוגטה חמוץ שטיח תות 50גר,סאאדת,TR,יוגטה ממתק חמוץ,גרמים,50.00,100 גרם,false,0,6.00,12.00,true,1,
8850632604402,false,יוגטה חמוץ שטיח מעורב50ג,סאאדת,TH,יוגטה ממתק חמוץ,גרמים,50.00,100 גרם,false,0,6.00,12.00,true,1,
8888021200720,false,שמינית סוללות AAA,אנרג'ייזר,US,8 סוללות AAA,יחידה,1.00,יחידה,false,0,27.50,27.50,true,1,
8901537024014,false,"אורז בסמטי מובחר 1 ק""ג",,IN,"אורז בסמטי מובחר 1 ק""ג",קילוגרמים,1.00,"ק""ג",false,0,15.90,15.90,true,1,
9007829022023,false,"סוכר לבן 1 ק""ג","אגרנה צוקר בע""מ",AT,"סוכר לבן 1 ק""ג",קילוגרמים,1.00,"ק""ג",false,1,3.90,3.90,true,1,
9310088007671,false,14 תחבושות דיפנד סופר,חוגלה קימברלי,VN,תחבושות דיפנד,יחידה,1.00,יחידה,false,0,23.00,23.00,true,1,
9310088007688,false,12 תחבושות דיפנד אקסטרה,חוגלה קימברלי,VN,תחבושות דיפנד,יחידה,1.00,יחידה,false,0,23.00,23.00,true,1,
