code,internal_code,name,manufacturer_name,manufacture_country,manufacturer_item_description,unit_qty,quantity,unit_of_measure,weighted,qty_in_package,price,unit_of_measure_price,allow_discount,status,item_id
32147230,false,"מיץ לימון משומר 200מ""ל(לימונית אקסטרא)",ג'נרל מילס סאן אדריא,,"מיץ לימון משומר 200מ""ל",מיליליטרים,200.00,"100 מ""ל",false,,6.40,0.0320,true,1,829923
40084107,false,ביצת שוקולד הפתעה קינדר,פרדי קונדטוריה אס פי,,ביצת קינדר הפתעה,גרמים,20.00,100 גרם,false,,4.90,0.2450,true,1,1028237
40099132,false,מסטיק הובה בובה Hubba Bubba בטעם תות,הובה בובה Hubba Bubba,,הובה בובה טעם תות 35,גרמים,35.00,100 גרם,false,,3.00,0.0857,true,1,799690
40099606,false,"מסטיק אורביט לל""ס ירוק מנטה 5 יח'",ריגלי צרפת,,מסטיק אורביט ירוק 20,גרמים,30.00,100 גרם,false,,1.90,0.0633,true,1,799689
40111216,false,באונטי חטיף קוקוס ושוקולד 57ג',"נארז ע""י : א.ג. גילר",,חטיף באונטי שוקולד ק,גרמים,57.00,100 גרם,false,,3.90,0.0684,true,1,810403
40173351,false,"בירה מייסלס חיטה אורגינל 500 מ""ל",מייסלס Maisel's,,בירה מייסלס חיטה אור,מטרים,500.00,100 מ'ל,false,,10.90,0.0218,true,1,6426225
42101666,false,"מסטיק בטעם מנטה ואקליפטוס איירווייבס 35 גרם לל""ס",ריגלי,,מסטיק איירוייבוז אקל,גרמים,35.00,100 גרם,false,,5.70,0.1629,true,1,1425834
42123866,false,מסטיק הובה בובה צ'אנק פירות קלאסי 35ג',הובה בובה Hubba Bubba,,הובה בובה בטעם פירות,גרמים,35.00,100 גרם,false,,3.00,0.0857,true,1,799696
42299363,false,"ניוואה - דאודורנט רול און לגבר פרש פאוור 50 מ""ל",ביירסדורץ,,דאו רול און פרש לגבר,100 מל,50.00,100 מל,false,,12.90,0.2580,true,1,1989572
42306788,false,מסטיק בטעם אוכמניות ומנטה איירווייבס 35 גרם,ריגלי,,מסטיק אורביט מסטיק א,גרמים,35.00,100 גרם,false,,5.70,0.1629,true,1,1425839
50398904,false,"קרם חמצן 6% אינדולה 60 מ""ל",גדעון קוסמטיקס,,אינדולה חמצן 6%,100 מל,60.00,100 מל,false,,3.90,0.0650,true,1,803301
59013662,false,דאב דאו רולאון קקאו והיביסקוס 50 מל,"יוניליוור אנגליה, דרך קו",,דאב דאו רולאון קקאו,מטרים,50.00,100 מ'ל,false,,14.90,0.2980,true,1,6343374
72940754,false,"מילקי מעדן וניל עם קצפת שטראוס 133 מ""ל","שטראוס גרופ בע""\מ",,מילקי מעדן וניל עם ק,מיליליטרים,133.00,"100 מ""ל",false,,2.70,0.0203,true,1,818243
72940761,false,"מילקי מעדן שוקולד עם קצפת שטראוס 133 מ""ל",מיוצר עי קונדיטוריית,,מילקי מעדן שוקולד עם,מיליליטרים,133.00,"100 מ""ל",false,,2.70,0.0203,true,1,818244
72940952,false,מעדן מילקי בטעם שוקולד עם אקסטרה קצפת,"שטראוס גרופ בע""\מ",,מילקי מעדן פי 2 קצפת,מיליליטרים,107.00,"100 מ""ל",false,,3.50,0.0327,true,1,818245
72940976,false,סלט כרוב אדום אחלה 250 גרם,מיוצר עי קונדיטוריית,,סלט כרוב אדום אחלה 2,גרמים,250.00,100 גרם,false,,7.40,0.0296,true,1,818246
72940983,false,סלט חומוס 250 גר אחל,מיוצר עי קונדיטוריית,,חומוס אחלה 250 גרם,גרמים,250.00,100 גרם,false,,6.90,0.0276,true,1,818247
72941041,false,מעדן מילקי מיני בטעם שוקולד עם קצפת,"שטראוס גרופ בע""\מ",,מילקי מעדן מיני שוקו,מטרים,70.00,100 מ'ל,false,,2.00,0.0286,true,1,818248
72945308,false,קוביות שמרים לאפיה שמרית 2*25 ג',"פאקא תעשיות בע""\מ",,שמרים טריים לאפיה שמ,גרמים,50.00,100 גרם,false,,3.30,0.0660,true,1,818249
72961209,false,"שמנת חמוצה 15% 200מל בד""צ תנובה",תנובה מרכז שיתופי לש,,שמנית 15% 200מל בדצ,מיליליטרים,200.00,"100 מ""ל",false,,2.40,0.0120,true,1,802774
72961223,false,"גילה 3% תנובה 200 מ""ל",תנובה מרכז שיתופי לש,,גיל 3% 200מל בדצ,מיליליטרים,200.00,"100 מ""ל",false,,1.50,0.0075,true,1,802776
72961506,false,יוגורט עם תות 1.5% שומן 125 ג' פרילי,מיוצר עי קונדיטוריית,,פרילי תות גביע 125 ג,מיליליטרים,125.00,"100 מ""ל",false,,3.30,0.0264,true,1,802777
72961520,false,"פרילי יוגורט עם אננס 1.5% תנובה 125 מ""ל",מיוצר עי קונדיטוריית,,פרילי יוגורט עם אננס,מיליליטרים,125.00,"100 מ""ל",false,,3.30,0.0264,true,1,802779
72961544,false,"באדי יוגורט בטעם תות שדה 3% תנובה 125 מ""ל",מחלבת אלון תבור,,באדי יוגורט בטעם תות,מיליליטרים,125.00,"100 מ""ל",false,,2.90,0.0232,true,1,802780
72964422,false,יוגורט פרחים 4.5% שומן 200 גרם,מחלבת תנובה,,יוגורט לבן 4.5% תנוב,מיליליטרים,200.00,"100 מ""ל",false,,2.60,0.0130,true,1,802789
72986233,false,באדי מעדן וניל גביע 1.5%שומן 125 גרם בדצ,מחלבת אלון תבור,,"באדי וניל בד""צ 125מל",מיליליטרים,125.00,"100 מ""ל",false,,2.90,0.0232,true,1,802790
72986240,false,באדי מעדן חלב בטעם שוקולד תנובה 125 גרם,מחלבת אלון תבור,,"באדי שוקו בד""צ 125מל",מיליליטרים,125.00,"100 מ""ל",false,,2.80,0.0224,true,1,802791
72986370,false,"גלידת בן & ג'ריס פיינטים וניל 500מ""ל",מוצרי איכות אמריקאיים,,גלידה וניל בן אנד ג',מיליליטרים,500.00,"100 מ""ל",false,,18.90,0.0378,true,1,813986
72986424,false,"גלידת בן & ג'ריס פיינטים קרם עוגיות 500מ""ל",מוצרי איכות אמריקאיים בע,,גלידת פיינטים קרם עו,מיליליטרים,420.00,"100 מ""ל",false,,18.90,0.0450,true,1,813987
72986448,false,"גלידת בן & ג'ריס פיינטים טופי קראנץ 500מ""ל",מוצרי איכות אמריקאיים בע,,גלידה טופי קראנץ' בן,מיליליטרים,500.00,"100 מ""ל",false,,18.90,0.0378,true,1,813988
72986455,false,"גלידה ניו יורק סופר פאדג' צ'אנק בן אנד ג'ריס 500 מ""ל",מוצרי איכות אמריקאיים בע,,גלידה ניו יורק סופר,מיליליטרים,500.00,"100 מ""ל",false,,18.90,0.0378,true,1,813989
72986479,false,"גלידה שוקולד אגוז עם בננות בן וג'ירי 500 מ""ל",מוצרי איכות אמריקאיים בע,,גלידה צ'אנקי מאנקי ב,מיליליטרים,500.00,"100 מ""ל",false,,18.90,0.0378,true,1,813990
72989425,false,"גלידת בן & ג'ריס פיינטים שוקולד בראוניז 500מ""ל",מוצרי איכות אמריקאיים בע,,גלידה שוקולד בראוניס,מיליליטרים,500.00,"100 מ""ל",false,,18.90,0.0378,true,1,813991
72991886,false,"גלידת דולצ'ה בטעם ריבת חלב עם פאדג' בן וג'ירי 500 מ""ל",מוצרי איכות אמריקאיים בע,,גלידה דולצ'ה דה לצה,מיליליטרים,750.00,"100 מ""ל",false,,18.90,0.0252,true,1,813992
72993637,false,מעדן חלב בטעם שוקולד 125 ג' דני,"שטראוס גרופ בע""\מ",,דני בטעם שוקולד 1.5%,מיליליטרים,125.00,"100 מ""ל",false,,2.50,0.0200,true,1,818259
72994061,false,חטיף פסק זמן GOOD גלילית לבן 40 גרם,שולן צ'\יקולטה גידה סאן.,,Good2 פסק זמן 36 גרם,גרמים,36.00,100 גרם,false,,4.10,0.1139,true,1,805340
80042556,false,POLPA עגבניות חתוכות דק 400 גרם MUTTI,"איי, בי, אינבוו",,שימורי עגבניות חתוכו,גרמים,400.00,100 גרם,false,,5.90,0.0148,true,1,6335897
80042563,false,רסק עגבניות MUTTI{צהוב} 700 גרם,"איי, בי, אינבוו",,מחית עגבניות קלה 700,גרמים,700.00,100 גרם,false,,11.90,0.0170,true,1,6295441
80050025,false,סוכריות טיק טק תפוז 16 גרם,פררו - אלבה,,טיק טק תפוז 16 גרם,גרמים,16.00,100 גרם,false,,2.90,0.1812,true,1,814495
80050124,false,סוכריות טיק טק מנטה 16 גרם,פררו - אלבה,,טיק טק מנטה 16 גרם,גרמים,16.00,100 גרם,false,,2.90,0.1812,true,1,814496
80052760,false,קינדר בואנו Kinder Bueno עם חלב ואגוזי לוז,פררו - אלבה,,שוקולד קינדר בואנו 4,גרמים,43.00,100 גרם,false,,3.40,0.0791,true,1,814505
80083696,false,גנדולה עוגיות דגנים ופירות אורגני 250,,,עוגיות אורגניות עם פ,גרמים,250.00,100 גרם,false,,14.50,0.0580,true,1,6330294
80083764,false,גנדולה עוגיות דגנים ש.שועל אורגני 250,תות תעשיות מזון (201,,עוגיות אורגניות עם ש,גרמים,250.00,100 גרם,false,,14.50,0.0580,true,1,6330295
80136194,false,חטיפי הפי היפו Happy Hippo במילוי קרם חלבי ואגוזי לוז,קינדר Kinder,,הפי היפו אגוז 5*20ג,גרמים,100.00,100 גרם,false,,11.50,0.1150,true,1,3709860
80176800,false,נוטלה ממרח שוקולד 750 גרם,פררו תעשיות איטליה ס,,ממרח נוטלה 750 גרם,גרמים,750.00,100 גרם,false,,24.70,0.0329,true,1,814507
80177173,false,ממרח שוקולד נוטלה 350 גרם,פררו - אלבה,,ממרח נוטלה 350 גרם,גרמים,350.00,100 גרם,false,,12.90,0.0369,true,1,814509
80177609,false,אצבעות שוקולד קינדר Kinder ארבע יחידות,פררו - אלבה,,אצבעות קינדר שוקולד,גרמים,50.00,100 גרם,false,,3.40,0.0680,true,1,814512
80177616,false,אצבעות שוקולד קינדר Kinder שמונה יחידות,פררו - אלבה,,אצבעות קינדר שוקולד,גרמים,100.00,100 גרם,false,,6.80,0.0680,true,1,814513
80310167,false,קינדר מקסי מאגדת שישיה,קינדר,,קינדר שוקולד מקסי 12,גרמים,126.00,100 גרם,false,,9.50,0.0754,true,1,5935594
80310891,false,ג'וי ביצת הפתעה קינדר 20 גרם,קריות זול,,ג'וי ביצת הפתעה קינד,גרמים,20.00,100 גרם,false,,4.90,0.2450,true,1,814516
80761761,false,קינדר בואנו לבן בודד 39 גרם,ליימן שליסל,,קינדר בואנו לבן בודד,גרמים,43.00,100 גרם,false,,3.40,0.0791,true,1,814523
80773429,false,מנטוס בקבוק מעוגל - מסטיק ללא סוכר בטעם תות 60 גרם,"פרפטי ואן מלה ג'\ידה,סאן",,מסטיק מנטוס פיור פרש,גרמים,60.00,100 גרם,false,,8.80,0.1467,true,1,4031820
80773443,false,מנטוס בקבוק מעוגל - מסטיק ללא סוכר בטעם מנטה 60 גרם,"פרפטי ואן מלה ג'\ידה,סאן",,מסטיק מנטוס מעוגל 60,גרמים,60.00,100 גרם,false,,8.80,0.1467,true,1,2917469
80776307,false,מסטיק מנטוס ביג בבקבוק מעוגל טעם פירות מנטה 90 ג',פרפטי ואן מלה הולנד,,מסטיק מנטוס ביג מעוג,גרמים,90.00,100 גרם,false,,16.90,0.1878,true,1,2917492
80780595,false,מסטיק מנטוס ביג בבקבוק מעוגל טעם מנטה-עדינה 90 ג',פרפטי ואן מלה הולנד,,מסטיק מנטוס ביג מעוג,גרמים,90.00,100 גרם,false,,16.90,0.1878,true,1,2917493
80790990,false,מסטיק מנטוס בבקבוק מעוגל בטעם פירות -מנטה 60 ג',"פרפטי ואן מלה ג'\ידה,סאן",,מסטיק מנטוס מעוגל 60,גרמים,60.00,100 גרם,false,,8.80,0.1467,true,1,2917470
80831402,false,סוכריות מנטוס מנטה עדינה 30 יח' ללא סוכר CLEAN BREATH,פרפטי ואן מלה,,מנטוס סוכריות מנטה ע,יח',1.00,יח',false,,6.90,6.9000,true,1,6290693
80832560,false,סוכריות מנטוס פירות יער 21 ג' ללא סוכר CLEAN BREATH,פרפטי ואן מלה,,סוכריות מנטוס ללא סו,יחידה,1.00,יחידה,false,,6.90,6.9000,true,1,6473861
80843184,false,מנטוס מסטיק פיור פרש בטעם ענבים 60גר,פרפטי ואן מלה הולנד,,מסטיק מנטוס פיור פרש,גרמים,60.00,100 גרם,false,,8.80,0.1467,true,1,6386617
80854753,false,סוכריות מנטוס מנטה 30 יח' ללא סוכר CLEAN BREATH,פרפטי ואן מלה,,מנטוס סוכריות מנטה ל,יח',1.00,יח',false,,6.90,6.9000,true,1,6290694
80864295,false,סוכריות פיור וויט טעם מנטה עדינה 60 ג' מנטוס,"פרפטי ואן מלה ג'ידה,סאן",,מסטיק מנטוס פיור ווי,גרמים,78.00,100 גרם,false,,8.80,0.1128,true,1,6404396
80896081,false,מנטוס בקבוק מעוגל - מסטיק ללא סוכר בטעם אבטיח 60 גרם,"פרפטי ואן מלה ג'\ידה,סאן",,מסטיק מנטוס פיור פרש,גרמים,90.00,100 גרם,false,,8.80,0.0978,true,1,4031821
80913467,false,מנטוס בקבוק מעוגל - מסטיק ללא סוכר בטעם מנטה,פרפטי ואן מלה הולנד,,מסטיק מנטוס מעוגל 60,גרמים,60.00,100 גרם,false,,8.80,0.1467,true,1,2917471
80926481,false,מסטיק מנטוס פיור פרש בבקבוק בינוני בטעם אבטיח 90ג',"פרפטי ואן מלה ג'ידה,סאן",,מסטיק מנטוס ביג אבטי,גרמים,90.00,100 גרם,false,,16.90,0.1878,true,1,5139362
80936848,false,סוכריות טיק טק בטעם תות שדה,ליימן-שליסל,,טיק טק בודד תות שדה,גרמים,16.00,100 גרם,false,,2.90,0.1812,true,1,914242
80945468,false,סוכריות פיור וויט טעם מנטה מתוקה 60 ג' מנטוס,"פרפטי ואן מלה ג'ידה,סאן",,מסטיק מנטוס פיור ווי,גרמים,78.00,100 גרם,false,,8.80,0.1128,true,1,6404397
80979128,false,מנטוס מסטיק בקבוק מעוגל בטעם דובדבן,פרפטי ואן מלה הולנד,,מסטיק מנטוס פיור פרש,גרמים,60.00,100 גרם,false,,8.80,0.1467,true,1,6386618
80982470,false,מנטוס מסטיק פיור פרוסט בטעם מנטה חזקה 60 ג',פרפטי ואן מלה ברדה,,מנטוס מסטיק פיור פרו,גרמים,60.00,100 גרם,false,,8.80,0.1467,true,1,6377809
80986348,false,סוכריות פיור וויט טעם מנטה 60 ג' מנטוס,"פרפטי ואן מלה ג'ידה,סאן",,מסטיק מנטוס פיור ווי,גרמים,78.00,100 גרם,false,,8.80,0.1128,true,1,6404398
80995128,false,מנטוס בקבוק עגול בטעם הדרים בתוספת ויטמינים 60 גרם,פרפטי ואן מלה הולנד,,מנטוס מסטיק הדרים 60,יחידה,0.00,יחידה,false,,8.80,0.0000,true,1,6502584
87108538,false,סוכריות בטעם תות מנטוס 37.5 גרם,הדקלאים אגודת שיתופי,,סוכריות בטעם תות מנט,גרמים,37.50,100 גרם,false,,2.80,0.0747,true,1,814533
87108712,false,סוכריות בטעם פירות מנטוס 4*37.5 גרם,פרפטי ואן מלה ברדה,,סוכריות בטעם פירות מ,גרמים,150.00,100 גרם,false,,10.90,0.0727,true,1,814535
87311396,false,מנטוס ריינבאוו סוכריות לעיסה בטעמי פירות,פרפטי ואן מלה ברדה,,מנטוס ריינבואו בודד,גרמים,37.50,100 גרם,false,,2.80,0.0747,true,1,814545
90087011,false,מיץ תפוחים 100% קרטונית ראוך,Rauch fruchtsafte gm,,מיץ תפוחים 1 ל' 12XR,ליטרים,1.00,ליטר,false,,11.10,11.1000,true,1,835681
90087066,false,מיץ תפוזים 100% טבעי 1 ל' RAUCH,ראוך Rauch,,מיץ תפוזים ראוך 100%,יח',1.00,יח',false,,11.10,11.1000,true,1,803874
90087271,false,נקטר אוכמניות 1 ליטר קרטונית ראוך,Rauch fruchtsafte gm,,נקטר אוכמניות שחורות,100 מל,1.00,100 מל,false,,11.10,11.1000,true,1,803875
90087547,false,מיץ עגבניות 1 ליטר ראוך קרטונית,Rauch fruchtsafte gm,,מיץ עגבניות 1 ל,ליטרים,1.00,ליטר,false,,11.10,11.1000,true,1,803876
90087769,false,מיץ אננס 100% קרטונית ראוך,Rauch fruchtsafte gm,,מיץ אננס 12XHAPPY DA,ליטרים,1.00,ליטר,false,,11.10,11.1000,true,1,803877
90087974,false,חומץ טבעי מתפוחים 750 מל,ראוך פרוכטסאפה,,חומץ תפוחים 5% 750 מ,מיליליטרים,750.00,"100 מ""ל",false,,11.70,0.0156,true,1,803879
90162602,false,רד בול משקה אנרגיה פקדון 30 אג,רד בול ג'י.אם.בי. אץ,,משקה אנרגיה רד בול 2,מיליליטרים,250.00,"100 מ""ל",false,,5.90,0.0236,true,1,5482532
90446269,false,"משקה רד בול אבטיח מוגז פחית 250 מ""ל",ראון פרוכטסאפה,,משקה אנרגיה רד בול א,מיליליטרים,250.00,"100 מ""ל",false,,5.90,0.0236,true,1,6373162
96137130,false,"דאודורנט דאב רול און אגס ואלוורה 150 מ""ל",יוניליוור פיליפינים,,דאב דאודורנט רול-און,מטרים,50.00,100 מ'ל,false,,14.90,0.2980,true,1,6476235
8112100298,false,"שמן שומשום טהור מזרח ומערב 185 מ""ל",Flavor full foods in,,שמן שומשום טהור 185,מיליליטרים,185.00,"100 מ""ל",false,,14.50,0.0784,true,1,817955
9800800056,false,חטיף שוקולד עם מקלות לחם אנד גו,פררו - אלבה,DE,נוטלה אנד גו 52 ג,יח',1.00,יח',false,,4.90,4.9000,true,1,1106593
10900678148,false,דיאמונד רדיד אלומיניום נון סטיק,דיימונד,,דיימונד רדיד אלומניו,יח',1.00,יח',false,,14.90,14.9000,true,1,6411174
11210000094,false,"רוטב ""טבסקו"" על בסיס פלפל אדום 60 מ""ל",מקאילהייני אייבורי,,רוטב חריף טבסקו 60 מ,מטרים,60.00,100 מ'ל,false,,9.80,0.1633,true,1,812362
11210007253,false,"רוטב ""טבסקו"" על בסיס פלפל אדום ושום 60 מ""ל",מקאילהייני אייבורי,,רוטב שום ופלפל טבסקו,מטרים,60.00,100 מ'ל,false,,9.80,0.1633,true,1,812363
11210009387,false,"רוטב ""טבסקו"" על בסיס פלפל ירוק חריף 60 מ""ל",מקאילהייני אייבורי,,רוטב פלפל ירוק טבסקו,מטרים,60.00,100 מ'ל,false,,9.80,0.1633,true,1,812364
11210607040,false,"רוטב ""טבסקו"" על בסיס פלפל צ'יפוטלי [בטעם מעושן] 60 מ""ל",מקאילהייני Mc.Ilhenn,,טבסקו מעושן צ'יפוטלי,מטרים,60.00,100 מ'ל,false,,9.90,0.1650,true,1,884831
11210618503,false,"רוטב טבסקו על בסיס פלפל סקורפיון 60מ""ל",מק. אילהיני קו,,טבסקו פלפל חריף סקור,יח',1.00,יח',false,,14.90,14.9000,true,1,6296660
11210698055,false,רוטב טבסקו סרירציה 566 גרם,מק. אילהיני קו,,טבסקו סוריצ'ה חריף 5,גרמים,566.00,100 גרם,false,,24.50,0.0433,true,1,3712688
16000185517,false,דגני בוקר פייבר וואן עתירי סובין FIBRE1,בטר אנד דיפרנט,,פייבר וואן 555 גרם,גרמים,555.00,100 גרם,false,,24.80,0.0447,true,1,6413997
16000281684,false,חטיפי גרנולה קראנצ'י עם פקאן נייצ'ר ואלי 5*42 גרם,ליימן מותגים,,חטיפי גרנולה קראנצ'י,גרמים,210.00,100 גרם,false,,14.90,0.0710,true,1,814551
16000423534,false,חטיפי גרנולה קראנצ'י עם שיבולת שועל ושוקולד מריר נייצ'ר ואלי 5*42 גרם,ג'נרל מילס סאן אדריאן,,חטיפי גרנולה קראנצ'י,גרמים,210.00,100 גרם,false,,14.90,0.0710,true,1,814553
16000548404,false,חטיפי גרנולה קראנצ'י עם שיבולת שועל ודבש נייצ'ר ואלי 5*42 גרם,ג'נרל מילס סאן אדריאן,,חטיפי גרנולה קראנצ'י,גרמים,210.00,100 גרם,false,,14.90,0.0710,true,1,814558
16000548503,false,חטיפי גרנולה קראנצ'י עם מייפל וסוכר חום נייצ'ר ואלי 5*42 גרם,ג'נרל מילס סאן אדריאן,,חטיפי גרנולה קראנצ'י,גרמים,210.00,100 גרם,false,,14.90,0.0710,true,1,814560
16000548602,false,חטיפי גרנולה קראנצ'י קינמון נייצ'ר ואלי 5*24 גרם,ג'נרל מילס סאן אדריאן,,חטיפי גרנולה קראנצ'י,גרמים,210.00,100 גרם,false,,14.90,0.0710,true,1,814562
16000548909,false,חטיפי גרנולה קראנצ'י במגוון טעמים נייצ'ר ואלי 5*42 גרם,ג'נרל מילס סאן אדריאן,,חטיפי גרנולה קראנצ'י,גרמים,210.00,100 גרם,false,,14.90,0.0710,true,1,814564
16229909819,false,קרם קוקוס 1 ליטר AROY-D,תאי וורלד,,קרם קוקוס 1 ליטר,ליטרים,1.00,ליטר,false,,24.90,24.9000,true,1,1043170
18000701223,false,"פילסברי, עוגה בטעם שוקולד, תערובת להכנת עוגה בטעם שוקולד. 500 גרם",הדקלאים אגודת שיתופי,,תערובת להכנת עוגת שו,גרמים,500.00,100 גרם,false,,15.90,0.0318,true,1,814566
18000703494,false,"פילסברי, עוגה בטעם וניל, תערובת להכנת עוגה בטעם וניל. 500 גרם.",הדקלאים אגודת שיתופי,,תערובת להכנת עוגת ונ,גרמים,500.00,100 גרם,false,,15.90,0.0318,true,1,814567
18000703517,false,תערובת להכנת עוגת שיש פילסברי 550 גרם,הדקלאים אגודת שיתופי,,תערובת להכנת עוגת שי,גרמים,550.00,100 גרם,false,,15.90,0.0289,true,1,814568
18000766413,false,"פילסברי, עוגה בטעם שוקולד, תערובת להכנת עוגה בטעם שוקולד. 550 גרם.",הדקלאים אגודת שיתופי,,תערובת לעוגת בראוניס,גרמים,550.00,100 גרם,false,,15.90,0.0289,true,1,814569
21231828256,false,אוכמניות כחולות קפואות 500ג רמילוי,,,אוכמניות כחולות קפוא,גרמים,500.00,100 גרם,false,,14.90,0.0298,true,1,6334051
21231828263,false,מיקס פירות טרופיים מוקפא 500ג רמילוי,,,מיקס פירות טרופיים מ,גרמים,500.00,100 גרם,false,,14.90,0.0298,true,1,6334075
21231828270,false,תערובת פירות יער מוקפא 500ג רמילוי,,,תערובת פירות יער מוק,גרמים,500.00,100 גרם,false,,14.90,0.0298,true,1,6335158
21231828294,false,חתיכות אננס מוקפא 500ג רמילוי,,,חתיכות אננס מוקפא 50,גרמים,500.00,100 גרם,false,,14.90,0.0298,true,1,6334076
21231829208,false,דובדבן חמוץ מגולען קפוא 500ג רמילוי,,,דובדבן חמוץ מגולען ק,גרמים,500.00,100 גרם,false,,14.90,0.0298,true,1,6334077
21231829215,false,תות שדה מוקפא 500ג רמילוי,,,תות שדה מוקפא 500ג ר,גרמים,500.00,100 גרם,false,,14.90,0.0298,true,1,6335159
21231829239,false,קוביות מנגו מוקפא 500ג רמילוי,,,קוביות מנגו מוקפא 50,גרמים,500.00,100 גרם,false,,14.90,0.0298,true,1,6334053
22200956932,false,דאודורנט ספיד סטיק גל 24/7 כחול 85 גר,הנסיך- מפעל לייצור ט,,דאודורנט 24/7 ג'ל כח,גרמים,51.00,100 גרם,false,,16.90,0.3314,true,1,804496
25675502079,false,דקיקי שוקולד במילוי קרם תפוז 200 גר,,,דקיקי שוקולד במילוי,גרמים,200.00,100 גרם,false,,15.80,0.0790,true,1,6404403
25675502086,false,דקיקי שוקולד במילוי קרם קרמל 200 גר,,,דקיקי שוקולד במילוי,גרמים,200.00,100 גרם,false,,15.80,0.0790,true,1,6500807
30000315958,false,קוואקר פרוטאין בננה אגוזים 366 גרם,קוואקר אוטס קומפני,,קוואקר פרוטאין בננה,גרמים,366.00,100 גרם,false,,20.90,0.0571,true,1,5697558
31200001597,false,חמוציות אושן ספריי קליית גת בשקית 170 גרם,ליימן מותגים,,חמוציות אושן ספריי 1,גרמים,170.00,100 גרם,false,,10.90,0.0641,true,1,814574
33617000026,false,קרקר ואזה 203-275 גרם מקמח מלא 260,כלורוקס אוקלנד,,וואזה מקמח מלא 260גר,גרמים,260.00,100 גרם,false,,12.90,0.0496,true,1,877628
33617340610,false,קרקר ואזה 203-275 גרם מקמח שיפון 275,כלורוקס אוקלנד,,פת פריכה קמח שיפון 2,גרמים,275.00,100 גרם,false,,12.90,0.0469,true,1,800737
34000148301,false,הרשי נטיפי שוקולד מריר לאפייה 340 גר,ליימן מותגים,,הרשי נטיפי שוקולד מר,גרמים,340.00,100 גרם,false,,18.60,0.0547,true,1,2973714
34000196173,false,הרשי טבלה XL בטעם שוקולד לבן עם שברי עוגיות 113 גרם,ליימן מותגים,US,הרשיז קוקיס אנד קרים,גרמים,113.00,100 גרם,false,,7.50,0.0664,true,1,1076380
34000312177,false,הרשי סירופ בטעם שוקולד 680 גרם,ליימן מותגים,,הרשי סירופ שוקולד 68,מיליליטרים,680.00,"100 מ""ל",false,,17.90,0.0263,true,1,913665
34000470563,false,ריסז מיניס באריזה משפחתית 215 גרם,ליימן מותגים,,ריסז מיניס פאוץ 215,100 קרטון,215.00,100 קרטון,false,,18.90,0.0879,true,1,5593251
34000544028,false,סוכריות ארוכות בטעם תות טוויזלרס Twizzlers,ליימן מותגים,,טוויזלרס ממתק תות 19,גרמים,198.00,100 גרם,false,,6.90,0.0348,true,1,812371
34000544431,false,ממתקי הרשיז טוויזלרס טעם דובדבן 172 גרם,ליימן מותגים,,טוויזלרס ממתק טעם דו,גרמים,172.00,100 גרם,false,,6.90,0.0401,true,1,812373
34000996643,false,הרשי דרופס באריזה משפחתית 215 גרם,ליימן מותגים,,הרשי דרופס,100 קרטון,215.00,100 קרטון,false,,18.90,0.0879,true,1,5593252
35000458476,false,קולגייט מברשת שיניים ילדים מארז רביעייה,קולגייט פלמוליב,,קולגייט מברשת ילדים,יח',1.00,יח',false,,17.90,17.9000,true,1,5744401
36000183399,false,"ליטל סווימרס בגד-ים חד פעמי 7-15 ק""ג M האגיס",חוגלה קימברלי,,בגד ים חד פעמי S האג,יח',12.00,יח',false,,29.90,2.4917,true,1,815151
37600207188,false,חמאת בוטנים סקיפי קלאסי 462 גרם,חברת המזון אלגוד,US,חמאת בוטנים סקיפי קלאסי 4,גרמים,462.00,100 גרם,false,,17.90,0.0387,true,1,956110
37600207256,false,חמאת בוטנים סקיפי עם שברי בוטנים 462 גרם,חברת המזון אלגוד,US,חמאת בוטנים סקיפי עם שברי,גרמים,462.00,100 גרם,false,,17.90,0.0387,true,1,956111
37600207287,false,סקיפי חמאת בוטנים בטעם דבש 462 גרם,חברת המזון אלגוד.,US,חמאת בוטנים סקיפי עם דבש,גרמים,462.00,100 גרם,false,,17.90,0.0387,true,1,956112
37600297943,false,מטבל סלסה חריף- צ'י צ'י 439 גר,מותגים,,מטבל סלסה חריף- צ'י,מטרים,439.00,100 מ'ל,false,,18.90,0.0431,true,1,6511006
37977005455,false,מאמ מחזיק מוצץ כחול,General,,מחזיק למוצץ מאם,יח',1.00,יח',false,,24.90,24.9000,true,1,811870
37977050059,false,מוצץ לתינוק ללא ביספנול 0-2 מאם 2 יחידות,General,,מוצץ לתינוק ללא ביספ,יח',2.00,יח',false,,32.80,16.4000,true,1,811872
38000138638,false,חטיף צ'יפס פרינגלס פיצה 158 גרם,פרינגלס מנופקצ'ורינג קונ,,חטיף צ'יפס פרינגלס פ,גרמים,158.00,100 גרם,false,,8.90,0.0563,true,1,2387269
38000138720,false,חטיף צ'יפס פרינגלס ראנץ 158 גרם,פרינגלס מנופקצ'ורינג קונ,,חטיף צ'יפס פרינגלס ר,גרמים,158.00,100 גרם,false,,8.90,0.0563,true,1,4729092
38000183928,false,פרינגלס דבש וחרדל 158 גרם,פרינגלס מניופקצ'ורינ,,פרינגלס חרדל ודבש 15,גרמים,158.00,100 גרם,false,,8.90,0.0563,true,1,6334724
38000202278,false,חטיף צ'יפס גלי בטעם אורגינל מלוח,פרינגלס מניופקצ'ורינ,,פרינגלס אורגינל 137,גרמים,137.00,100 גרם,false,,7.90,0.0577,true,1,6334726
38000232152,false,פרינגלס חטיפי תפוח אדמה בטעם ברביקיו 158 גרם,פרינגלס מנופקצ'ורינג קומ,,פרינגלס ביג ברביקיו,גרמים,158.00,100 גרם,false,,7.90,0.0500,true,1,6276041
38000232169,false,פרינגלס מידי אורגינל 67 גרם.,פרינגלס מנופקצ'ורינג קונ,,פרינגלס מידי אורגינל,גרמים,67.00,100 גרם,false,,4.90,0.0731,true,1,6276042
38000232176,false,פרינגלס ביג שמנת בצל 158 גרם,פרינגלס מנופקצ'ורינג קונ,,פרינגלס ביג שמנת בצל,גרמים,158.00,100 גרם,false,,8.90,0.0563,true,1,6276043
38000232183,false,פרינגלס ביג אורגינל 149 גרם,פרינגלס מנופקצ'ורינג קונ,,פרינגלס ביג אורגינל,גרמים,149.00,100 גרם,false,,7.90,0.0530,true,1,6276044
38000845253,false,חטיף צ'יפס פרינגלס מידי שמנת בצל 71 גרם,פרינגלס מנופקצ'ורינג קונ,,חטיף צ'יפס פרינגלס מ,גרמים,71.00,100 גרם,false,,4.90,0.0690,true,1,1358893
38527591053,false,קואקר דגנים מרובעים שיבולת שועל וקינמון,קוואקר אוטס קומפני,,דגני בוקר מרובעים קי,גרמים,411.00,100 גרם,false,,18.90,0.0460,true,1,814062
38527591060,false,דגני קוואקר מרובעים Quaker Squares עם סוכר חום,קוואקר אוטס קומפני,,דגני בוקר מרובעים קו,גרמים,411.00,100 גרם,false,,18.90,0.0460,true,1,814063
40000512943,false,סוכריות אם אנד אמס M&M שוקולד חלב,M&M אם אנד אם,,אם אנד אם שוקולד 303,גרמים,303.00,100 גרם,false,,19.90,0.0657,true,1,4492468
40000513568,false,סוכריות אם אנד אמס M&M שוקולד חלב,M&M אם אנד אם,,אם אנד אם שוקולד 156,גרמים,155.00,100 גרם,false,,9.90,0.0639,true,1,3020804
40000514480,false,M&M אריזה קטנה's שוקולד אריזה קטנה 48 גרם,M&M אם אנד אם,,אם אנד אם שוקו 48 גר,גרמים,48.00,100 גרם,false,,4.70,0.0979,true,1,1973739
40000514510,false,M&M אריזה קטנה's בוטנים אריזה קטנה 49 גרם,M&M אם אנד אם,,אמ אנד אם חטיף בוטני,גרמים,49.00,100 גרם,false,,4.70,0.0959,true,1,1761276
40232885518,false,אוכמניות יחידה,אראל תוצרת חקלאית בע,,אוכמניות,יח',1.00,יח',false,,13.90,13.9000,true,1,3583998
41390001079,false,"רוטב סויה קיקומן מופחת נתרן 444 מ""ל",קיקומן פודז אינק,US,רוטב סויה קיקומן מופ,מיליליטרים,444.00,"100 מ""ל",false,,19.80,0.0446,true,1,989806
41500805023,false,"רוטב פלפל רד האט 354 מ""ל",רקיט בנקיזר,,רוטב פלפל רד האט 354,מטרים,354.00,100 מ'ל,false,,22.90,0.0647,true,1,6506814
42400108153,false,דגני בוקר צבעוניים בטעם פירות טוטי פרוטיס,פוסט ארצות הברית,,דגנים ממותקים טעם פי,גרמים,350.00,100 גרם,false,,19.90,0.0569,true,1,6349190
46214372250,false,"עוגיות שטרודל פריכות תפו""ע וצימוקים",קריות זול,,עוגיות שטרודל תפוח ע,גרמים,200.00,100 גרם,false,,9.80,0.0490,true,1,814074
46214731552,false,עוגיות שוקולד צ'יפס 37% גודיס 225 גרם,קריניציה ויטמינה אס,,עוגיות שוקולד צ'יפס,גרמים,225.00,100 גרם,false,,9.80,0.0436,true,1,814076
50000032648,false,פנסי פיסט נתחי בשר ו,,,פנסי פיסט נתחי בשר ו,יח',1.00,יח',false,,5.70,5.7000,true,1,6031450
50000429448,false,פריסקיז פנסי פיסט פטה מוס סלמון 85 גרם,נסטלה פורינה USA סט,,פנסי פיסט מוס סלמון,גרמים,85.00,100 גרם,false,,5.70,0.0671,true,1,806571
50000429943,false,פנסי פיסט גורמה עוף 85 גרם,פורינה,,פנסי פיסט גורמה עוף,100 יח',85.00,100 יח',false,,5.70,0.0671,true,1,6104786
51500000793,false,קונפיטורת אוכמניות סמקרס,,,קונפיטורת אוכמניות 3,גרמים,340.00,100 גרם,false,,14.90,0.0438,true,1,6395784
51500000816,false,קונפיטורת דובדבנים 340 גר,,,קונפיטורת דובדבנים 3,גרמים,340.00,100 גרם,false,,14.90,0.0438,true,1,6395785
51500000953,false,קונפיטורת תות שדה סמקרס,,,קונפיטורת תות 340 גר,גרמים,340.00,100 גרם,false,,14.90,0.0438,true,1,6395786
51500017005,false,סמארקס חמאת בוטנים 454 גר,סמאקרס,,סמארקס חמאת בוטנים 4,גרמים,454.00,100 גרם,false,,17.90,0.0394,true,1,6458587
51500255162,false,"חמאת בוטנים לל""ג JIF אריזת 454ג'",ג'י.אס.קיי קונסיומר,,גיפ חמאת בוטנים חלקה,גרמים,454.00,100 גרם,false,,17.90,0.0394,true,1,3529127
52100070643,false,תמצית בטעם שקדים מקורמיק 29 גרם,מקורמיק,,תמצית טעם שקדים,יח',1.00,יח',false,,9.90,9.9000,true,1,5767250
52100070780,false,"תמצית תפוז טהורה 29 מ""ל",מקורמיק,,תמצית תפוז,יח',1.00,יח',false,,17.90,17.9000,true,1,6188619
52100070865,false,"תמצית וניל טהור מקורמיק 29 מ""ל",מקורמיק האנט ואלי,,תמצית וניל טהור מקור,מטרים,28.00,100 מ'ל,false,,29.90,1.0679,true,1,810429
52100070995,false,תמצית בטעם וניל מקורמיק 59 גרם,מקורמיק,,תמצית טעם וניל,יח',1.00,יח',false,,10.90,10.9000,true,1,5767251
55369902564,false,אפלסנקס רביעיות רסק תפוחי עץ ללא תוספת סוכר עברית,ליהי אורצ'דאניק,,מחית תפוחי עץ ללא תו,גרמים,452.00,100 גרם,false,,13.30,0.0294,true,1,812392
58449860075,false,כדורי למור בטעם חמאת בוטנים ושוקולד ללא גלוטן,נאטשר פאת פוד,,לאמור דגני שוקולד וח,גרמים,284.00,100 גרם,false,,23.90,0.0842,true,1,6304793
58449870241,false,"כדורוני תירס עם קקאו לל""ג אורגני 284 גרם",נאטשר פאת פוד,,דגני שוקו שימפס 284ג,גרמים,284.00,100 גרם,false,,23.90,0.0842,true,1,6304794
64144090013,false,פאם תרסיס על בסיס שמן קנולה בטעם חמאה,קונאגרה פודס,,תרסיס שמן קנולה בטעם,מיליליטרים,148.00,"100 מ""ל",false,,16.90,0.1142,true,1,814581
64144090020,false,"ספריי שמן PAM בטעם שמן זית 141 מ""ל",ליימן מותגים,,תרסיס שמן זית פאם 14,מיליליטרים,141.00,"100 מ""ל",false,,16.90,0.1199,true,1,814582
64144090051,false,"ספריי שמן PAM קנולה אורגינל 148 מ""ל",קונאגרה פודס,,תרסיס שמן פאם קנולה,מיליליטרים,148.00,"100 מ""ל",false,,16.90,0.1142,true,1,1005406
73490129919,false,ביסקוויט ביס קסטה הדר 250 גרם,אפיפית נצרת,,ביסקוויט ביס קסטה הד,גרמים,250.00,100 גרם,false,,4.90,0.0196,true,1,818197
73490151934,false,"מיץ ענבים גאולה קונקורד 650 מ""ל",קדם פוד פרודקטסn\,US,מיץ ענבים גאולה 650,מיליליטרים,650.00,"100 מ""ל",false,,12.90,0.0198,true,1,1148591
73490153419,false,מיץ ענבים קדם גאולה קונקורד 1.89 ליטר,קדם פוד פרודקטסn\,US,מיץ ענבים גאולה 1.89,ליטרים,1.89,ליטר,false,,26.90,14.2328,true,1,802211
76840100156,false,"בן אנד גריס גלידת צרי גרסיה 500 מ""ל",מוצרי איכות אמריקאיים בע,,בן גריס צ'רי גרסיה 4,מיליליטרים,473.00,"100 מ""ל",false,,18.90,0.0400,true,1,1005371
76840100583,false,גלידה וניל +בצק עוגיות ושוקולד צי'פס 473ג,מוצרי איכות אמריקאיים בע,,גלידה בן & ג'ריס בצק,מיליליטרים,500.00,"100 מ""ל",false,,18.90,0.0378,true,1,814002
76840400218,false,"גלידה בן&ג'ריס תות שדה ועוגת גבינה 500מ""ל",מוצרי איכות אמריקאיים בע,,גלידה בן &ג'ריס עוגת,מל,473.00,מל,false,,18.90,0.0400,true,1,908917
77245110610,false,סוכריות מאסט ללא סוכר בטעם מנטה 80 ג'עלית,MIESZKO S.A - MS. JO,,סוכריות מנטה ללא תוס,גרמים,80.00,100 גרם,false,,6.90,0.0863,true,1,805350
77343001117,false,נר שבת 72 רגיל,,,נרות שבת 72/8,יח',1.00,יח',false,,26.90,26.9000,true,1,6424602
77975010167,false,סניידרס חטיף מקלוני חיטה בתוספת דבש 340.2 גרם,סניידרס אוף האנובר,,מקלוני חיטה סניידרס,גרמים,340.00,100 גרם,false,,14.90,0.0438,true,1,3395773
77975036976,false,מטבל עגבניות בחריפות עדינה סניידרס 439 ג',סניידרס אוף האנובר,,מטבל עגבניות בחריפות,גרמים,439.00,100 גרם,false,,16.90,0.0385,true,1,1250480
77975091975,false,סניידרס סנדוויץ' בייגלה במילוי קרם בטעם פיצה 226 גר',סניידרס,,סנדויץ בייגלה במילוי,גרמים,226.80,100 גרם,false,,14.90,0.0657,true,1,6030963
77975093108,false,"בייגלה מצופה כעכים בציפוי בטעם שוקולד לבן, 141 ג סניידרס",סניידרס Snyder's,,חטיף בייגלה סניידרס,גרמים,150.00,100 גרם,false,,16.70,0.1113,true,1,6466980
77975094624,false,"סניידרס סנדוויץ בייגלה במילוי חמאת בוטנים , 226 ג'",סניידרס Snyder's,,סניידרס שברי בייגלה,יח',1.00,יח',false,,14.90,14.9000,true,1,6322477
77975094631,false,סניידרס סנדוויץ' בייגלה במילוי קרם בטעם צ'דר 226 גרם,סניידרס Snyder's,,בייגלה סנדוויץ גבינה,גרמים,266.00,100 גרם,false,,14.90,0.0560,true,1,6322478
77975094761,false,סניידרס חטיפים על בסיס קמח חיטה בטעם גבינת צ'דר,סניידרס אוף האנובר,,שברי בייגל בטעם גבינ,גרמים,340.00,100 גרם,false,,14.90,0.0438,true,1,6368785
77975094778,false,סניידרס שברי בייגלה בטעם דבש חרדל ובצל,סניידרס אוף האנובר,,שברי בייגל חרדל ודבש,גרמים,340.00,100 גרם,false,,14.90,0.0438,true,1,6377988
77975095133,false,שברי בייגלה בטעם פיקנטי 318 ג' סניידרס,סניידרס Snyder's,,סניידרס שברי בייגלה,גרמים,319.00,100 גרם,false,,14.90,0.0467,true,1,6503889
77975095157,false,סניידרס שברי בייגלה בטעם חלפיניו 318 גרם,ליימן מותגים,,סניידרס שברי בייגלה,גרמים,318.00,100 גרם,false,,14.90,0.0469,true,1,6444158
85696608037,false,טופו רך ללא גלוטן 340ג' (כ) Morinaga,Morinaga NUTRITIONAL,,טופו רך ללא גלוטן 34,גרמים,349.00,100 גרם,false,,12.70,0.0364,true,1,976983
85696608044,false,טופו ללא גלוטן 349ג' (כ) Morinaga,Morinaga NUTRITIONAL,,טופו ללא גלוטן 349ג',גרמים,349.00,100 גרם,false,,12.70,0.0364,true,1,976984
89397344348,false,דיניקולה רוטב פסטה עם שום קלוי 680 גרם,ג'יאובני פוד אינק,,דניקולה רוטב פסטה שו,גרמים,737.00,100 גרם,false,,16.60,0.0225,true,1,812418
183837123408,false,"טריז'רז אורז בסמטי 5 ק""ג",צימאן לטל סטיה,,טריז'רז אורז בסמטי 5,גרמים,5000.00,100 גרם,false,,32.70,0.0065,true,1,6489898
305213079004,false,"תחליב גוף להזנה עמוקה צהוב וזלין 600 מ""ל","יוניליוור, ג'פרסון סיטי,",,וזלין תחליב גוף להזנ,מיליליטרים,618.00,"100 מ""ל",false,,19.90,0.0322,true,1,3655765
308910525744,false,אטריות אורז דקות 454 גרם ורמיצ'לי (כ),ליאן תאי רייס,,אטריות אורז דקות 454,גרמים,454.00,100 גרם,false,,10.50,0.0231,true,1,817964
350007641646,false,משחת שיניים ומי פה 2 ב-1 לנשימה רעננה,קולגייט Colgate,,משחת שיניים קולגייט,יח',1.00,יח',false,,18.90,18.9000,true,1,6357186
446000088998,false,"ספריי לניקוי חלונות ומשטחים כלורקס 946 מ""ל",,,ספריי לניקוי חלונות,100 מל,946.00,100 מל,false,,19.50,0.0206,true,1,6498040
608614331475,false,כרובית ארוזה ביכורי,חקלאי,,כרובית ארוזה,יח',1.00,יח',false,,9.90,9.9000,true,1,5384044
628154383659,false,דגני בוקר פרוטי פבלס פוסט 311 גרם,פוסט ארצות הברית,,סדרת ילדים פרוטי פבל,גרמים,411.00,100 גרם,false,,19.90,0.0484,true,1,6443376
638102203090,false,חטיף על בסיס חלבון סויה פאדג' גרהם,"אבוט נוטרישן, מעבדות",,חטיף ZOON פאדג שוקול,יח',1.00,יח',false,,13.90,13.9000,true,1,6257842
649870162182,false,סיגר בופלו מצופה ברווז,,,סיגר בופלו מצופה ברו,יח',1.00,יח',false,,19.90,19.9000,true,1,6031523
649870162809,false,דונאט בופלו מצופה,,,דונאט בופלו מצופה,יח',1.00,יח',false,,14.90,14.9000,true,1,6031524
649870165732,false,חטיף נייטיב לכלב קוב,לנגי,,חטיף נייטיב לכלב,יח',1.00,יח',false,,14.90,14.9000,true,1,6375396
649870166081,false,נייטיב בקר ברוטבלחתול 85 גר,נייטיב,,נייטיב בקר ברוטבלחתו,גרמים,85.00,100 גרם,false,,4.90,0.0576,true,1,6390754
649870166098,false,נייטיב עוף ברוטב חתול 85 גר,נייטיב,,נייטיב עוף ברוטב חתו,גרמים,85.00,100 גרם,false,,4.90,0.0576,true,1,6390755
649870166166,false,נייטיב פטה עוף לחתול גור 85 גר,נייטיב,,נייטיב פטה עוף לחתול,גרמים,85.00,100 גרם,false,,4.90,0.0576,true,1,6390762
681131129855,false,"שלוס בירה בלגית 5% פחית 500 מ""ל",מבשלת מרטנס,,שלוס קרון בירה 5% פח,מיליליטרים,500.00,"100 מ""ל",false,,5.90,0.0118,true,1,827679
693493010788,false,"נאצוס חטיף טורטיה ע""ב תירס ברביקיו 200 ג",או. קיי סניקס,,חטיף טורטיה תירס טעם,יח',1.00,יח',false,,9.90,9.9000,true,1,6373181
693493029209,false,ריחן לרכב,,,ריחן לרכב,יח',1.00,יח',false,,5.00,5.0000,true,1,5948416
693493029223,false,ריחן לרכב,,,ריחן לרכב,יח',1.00,יח',false,,5.00,5.0000,true,1,5948418
693493029254,false,ריחן לרכב,,,ריחן לרכב,יח',1.00,יח',false,,5.00,5.0000,true,1,5948421
693493034456,false,סרדין מרוקאי בשמן זי,אטלנטיק הום סרדינס א,,סרדין בשמן זית 125גר,גרמים,125.00,100 גרם,false,,5.70,0.0456,true,1,6309271
693493126304,false,"פולי קפה 1 ק""ג",,,"פולי קפה 1 ק""ג",גרמים,100.00,100 גרם,false,,39.90,0.3990,true,1,6350950
693493140461,false,"קפה טורקי טחון וואקום 1 ק""ג רמילוי",,,קפה טורקי טחון וואקו,יח',1.00,יח',false,,39.90,39.9000,true,1,6370339
693493151405,false,קפה טורקי רביעייה 400 ג רמי לוי,,,קפה טורקי רביעייה 40,גרמים,400.00,100 גרם,false,,16.90,0.0422,true,1,6390418
693493182607,false,קפסולות קולומביה פרמיום רמי לוי,,,קפסולות קולומביה פרמ,יח',1.00,יח',false,,7.80,7.8000,true,1,6447273
693493182614,false,קפסולות טרדיציונה פרמיום רמי לוי,,,קפסולות טרדיציונה פר,יח',1.00,יח',false,,7.80,7.8000,true,1,6447269
693493182621,false,קפסולות אורו פרמיום רמי לוי,,,קפסולות אורו פרמיום,יח',1.00,יח',false,,7.80,7.8000,true,1,6447270
693493182638,false,קפסולות ויוצ'ה פרמיום רמי לוי,,,קפסולות ויוצ'ה פרמיו,יח',1.00,יח',false,,7.80,7.8000,true,1,6447271
693493182645,false,קפסולות ברזיל פרמיום רמי לוי,,,קפסולות ברזיל פרמיום,יח',1.00,יח',false,,7.80,7.8000,true,1,6447272
705988319778,false,פאזל 1000 MASTERPIECE - ציפורי שיר,,,פאזל 1000 MASTERPIEC,יחידה,0.00,יחידה,false,,29.90,0.0000,true,1,6504018
705988717659,false,פאזל 1000 MASTERPIECE - מרכז ההמבורגר,,,פאזל 1000 MASTERPIEC,יחידה,0.00,יחידה,false,,29.90,0.0000,true,1,6504022
705988718120,false,פאזל 1000 MASTERPIECE - להתלכלך,,,פאזל 1000 MASTERPIEC,יחידה,0.00,יחידה,false,,29.90,0.0000,true,1,6504051
705988719035,false,פאזל 1000 MASTERPIECE - אופקים חדשים,,,פאזל 1000 MASTERPIEC,יחידה,0.00,יחידה,false,,29.90,0.0000,true,1,6504052
705988719042,false,פאזל 1000 MASTERPIECE - חיים מתוקים,,,פאזל 1000 MASTERPIEC,יחידה,0.00,יחידה,false,,29.90,0.0000,true,1,6504053
705988719059,false,פאזל 1000 MASTERPIECE - נצל את היום,,,פאזל 1000 MASTERPIEC,יחידה,0.00,יחידה,false,,29.90,0.0000,true,1,6504054
728229123590,false,טרה אורגינל חטיף על בסיס ירקות שורש בטעם טבעי 110 גרם,הונדורס צ'יפס יצור א,IL,טרה מירקות אקזוטיים 110ג[,גרמים,110.00,100 גרם,false,,14.80,0.1345,true,1,829955
728229123613,false,טרה חטיף על בסיס תפוח אדמה כחול בטעם טבעי 110 גרם,היין סלסטיאל גרופ,IL,טרה מתפוח אדמה כחול 110ג',גרמים,110.00,100 גרם,false,,14.80,0.1345,true,1,829956
728229124764,false,טרה חטיף על בסיס בטטה עם מלח ים 110 גרם,היין פיוצ'ור נטורל פ,,טרה בטטה עם מלח ים 1,גרמים,110.00,100 גרם,false,,14.80,0.1345,true,1,5118427
728229130154,false,טרה חטיף על בסיס בטטה וסלק בטעם טבעי 110 גרם,הונדורס צ'יפס יצור א,IL,טרה מבטטה וסלק - 110ג'[3],גרמים,110.00,100 גרם,false,,14.80,0.1345,true,1,829959
728229130444,false,"חטיף על בסיס ירקות שורש עם בטטה, תפו""א כחול וסלק",היין סלסטיאל גרופ,IL,טרה מירקות אקזוטיים כחולי,גרמים,110.00,100 גרם,false,,14.90,0.1355,true,1,829960
753182231761,false,"משקה אנרגיה BLU ללא תוספת סוכר 250 מ""ל",אקווה ויט,,בלו סיקס ללא סוכר 25,מיליליטרים,250.00,"100 מ""ל",false,,4.20,0.0168,true,1,821785
753182340302,false,אבקת וואסבי 35 גרם (קינגדאוו) (כ),מזרח ומערב,,אבקת וואסבי 35 גרם (,גרמים,35.00,100 גרם,false,,11.50,0.3286,true,1,875260
768404001640,false,"גלידה בן&ג'ריס קפה משפחתית 500מ""ל",מוצרי איכות אמריקאיים בע,,גלידה קפה בן אנד ג'ר,מיליליטרים,473.00,"100 מ""ל",false,,18.90,0.0400,true,1,814010
769904000997,false,שקדי מרק ללא גלוטן200גרם,דגש- דוכן גן שמואל,,שקדי מרק 200 גרם דגש,גרמים,200.00,100 גרם,false,,13.80,0.0690,true,1,1074219
787269647824,false,נשיקות ענבים מיכל הקטנה כשלפ 2022,,,נשיקות ענבים מיכל הק,גרמים,100.00,100 גרם,false,,10.90,0.1090,true,1,6461119
818570007066,false,"פיור וניל טהור 29 מ""ל ""ווטקינס""","ג'יי אר ווטקינס בע""מ",,ווטקינס תמצית וניל ט,יח',1.00,יח',false,,29.80,29.8000,true,1,3590864
839762000641,false,משקה איילנד מנגו נקטר 1 ל',פארייפאבה אגרואינדוס,,נקטר מנגו איילנד 1 ל,ליטרים,1.00,ליטר,false,,11.80,11.8000,true,1,799820
839762000658,false,איילנד גויאבה המשקה של חופי סיני 1 ליטר,The Egyptian Co. for,MX,נקטר גויאבה איילנד 1,מטרים,1.00,100 מ'ל,false,,11.80,11.8000,true,1,799821
841058006633,false,"אדג' ג'יל גילוח מועשר בשיבולת שועל 198 מ""ל",אנרג'ייזר,,אדג' ג'ל גילוח מועשר,גרמים,198.00,100 גרם,false,,14.90,0.0753,true,1,6328175
850004207789,false,בשר מיטבולס 290 ג' ביונד מיט,תאי פרזידנט פוד פאבל,,מיטבולס ביונד מיט 29,גרמים,290.00,100 גרם,false,,31.80,0.1097,true,1,6415403
850006036028,false,מאפה חיטה מקלונים בטעם סלק בצל 400 ג' עבאדי,עבאדי,,מאפה חיטה מקלונים טע,גרמים,400.00,100 גרם,false,,16.90,0.0422,true,1,6445627
851621000050,false,בירה חיטה בטעם הדרים 1664 בלאנק - שישייה,קרלסברג ספליי קומפאני פו,,שישיית 1664 בלאנק בק,יח',1.00,יח',false,,39.90,39.9000,true,1,6296658
855958006556,false,צורו טונה 56 גרם,,,צורו טונה 56 גרם,יחידה,0.00,יחידה,false,,15.90,0.0000,true,1,6495945
856591000055,false,עוגיות מזרחיות קריספי שרוף במיוחד,מאפיית יוסף ושמחה עבאדי,,עוגיות מזרחיות עבאדי,גרמים,400.00,100 גרם,false,,16.90,0.0422,true,1,1399416
856591000062,false,עוגיות מזרחיות עם מלח עבאדי 400 גרם,מאפיית יוסף ושמחה עבאדי,,עוגיות מזרחיות עם מל,גרמים,400.00,100 גרם,false,,16.90,0.0422,true,1,813588
856591000109,false,עבאדי עוגיות מזרחיות פריך במיוחד 400 גרם,מאפיית יוסף ושמחה עבאדי,,עוגיות מזרחיות פריך,גרמים,400.00,100 גרם,false,,16.90,0.0422,true,1,813591
856591000512,false,עוגיות מזרחיות מקלונים עם שומשום עבאדי 400 גרם,מאפיית יוסף ושמחה עבאדי,,עוגיות מזרחיות מקלונ,גרמים,400.00,100 גרם,false,,16.90,0.0422,true,1,813592
856591000918,false,מארז שמיניית חטיף טבעי עבאדי,עבאדי,,מארז חטיף טבעי 8*40ג,יח',1.00,יח',false,,16.90,16.9000,true,1,6361662
856591000949,false,"מאפה חיטה מלוח ""קטנטנים"" עבאדי 350 גרם",עבאדי,,עוגיות קטנטנים של עב,גרמים,350.00,100 גרם,false,,16.90,0.0483,true,1,6391194
856591000970,false,מאפה חיטה עבאדי מקלונים בטעם חריף 400 גר,עבאדי,,מאפה חיטה מקלונים טע,גרמים,400.00,100 גרם,false,,16.90,0.0422,true,1,6445630
859547004329,false,ספוג ניקוי צבעוני סקראב דדי Scrub Daddy,סקארקיסט,,סקראב דדי,יחידה,0.00,יחידה,false,,17.70,0.0000,true,1,6468005
859547004466,false,קירצוף וספוג ניקוי SCRUB DADDY,סקראב דאבי,,סקראב דדי למון,יחידה,1.00,יחידה,false,,17.70,17.7000,true,1,6468006
884912126115,false,גרייט גריינס דגני בוקר עם פירות יבשים פוסט 453 גרם,הנסיך- מפעל לייצור ט,,גרייט גריינס דגני בו,גרמים,453.00,100 גרם,false,,21.90,0.0483,true,1,823356
884912129512,false,דגני בוקר קוקו פוסט פלינסטונס 311 גרם,פוסט לקיוויל,,קוקו פלינסטונס טעם ק,גרמים,311.00,100 גרם,false,,19.90,0.0640,true,1,933216
884912180629,false,דגני בוקר מחיטה מלאה גרוסה שרדד וויט,פוסט ארצות הברית,,פוסט שרדד וויט 464 ג,גרמים,464.00,100 גרם,false,,21.90,0.0472,true,1,1052858
884912342737,false,דגני בוקר קריספי וופל פוסט 326 גרם.,הנסיך- מפעל לייצור ט,,וואפל קריספ,גרמים,326.00,100 גרם,false,,19.90,0.0610,true,1,6270385
884912359155,false,דגני בוקר האני באנצ'ס האני רוסטד פוסט 340 גרם,פוסט ארצות הברית,,האני באנצ' דגני בוקר,גרמים,411.00,100 גרם,false,,21.80,0.0530,true,1,6443351
884912359162,false,האני באנצ' דגני בוקר עם שקדים פוסט 411 גרם,פוסט ארצות הברית,,האני באנצ' דגני בוקר,גרמים,411.00,100 גרם,false,,21.80,0.0530,true,1,6443352
884912359414,false,דגני בוקר האני באנצס קינמון 340 ג' POST,פוסט ארצות הברית,,האני באנצס קינמון 41,גרמים,411.00,100 גרם,false,,21.80,0.0530,true,1,6443377
884912359421,false,דגני בוקר האני באנצ'ס מייפל ופקאן פוסט 340 גרם,פוסט ארצות הברית,,האני באנצס פקאן מייפ,גרמים,411.00,100 גרם,false,,21.80,0.0530,true,1,6443353
884912359483,false,דגני בוקר האני באנצ'ס תות פוסט 311 גרם,פוסט ארצות הברית,,פוסט האני באנצס תות,גרמים,368.00,100 גרם,false,,21.80,0.0592,true,1,6443354
884912365200,false,דגני בוקר אוראו שחור ולבן 311 גרם,פוסט ארצות הברית,,דגני בוקר אוראו 311,גרמים,311.00,100 גרם,false,,19.90,0.0640,true,1,6490045
884912365217,false,דגני בוקר אוראו שחור ולבן 311 גרם,פוסט ארצות הברית,,דגני בוקר אוראוס 311,גרמים,311.00,100 גרם,false,,19.90,0.0640,true,1,6368585
884912377142,false,דגני בוקר האני באנצ'ס וניל פוסט 340 גרם,פוסט ארצות הברית,,האני באנצס וניל 411,גרמים,411.00,100 גרם,false,,21.80,0.0530,true,1,6443378
893594002068,false,"חטיף פופקורן צ`יפס עם מלח ים,28 ג HANTRONIX",PepsiCo inc. Frito lay Division,,פופקורנס מלח ים 28 י,יחידה,0.00,יחידה,false,,6.90,0.0000,true,1,6494360
1230000116022,false,המבורגר ביונד מיט מארז זוגות 226ג,ביונד מיט קליפורניה ארהב,,המבורגר ביונד מיט 2*,גרמים,226.00,100 גרם,false,,27.90,0.1235,true,1,6457901
3045206312257,false,דזיטול מגבונים לחיטוי כללי 36 יחידות,יעקב יעקבי ובניו בעמ,,דזיטול מגבונים לכל מ,100 יח',1.00,100 יח',false,,9.90,9.9000,true,1,812571
3046920028004,false,לינדט שוקולד אקסלנס מריר 70% 100 גר,לינדט ושפרונגלי קילשברג,,לינדט אקסלנס 70% מוצ,גרמים,100.00,100 גרם,false,,14.90,0.1490,true,1,810438
3046920028363,false,לינדט אקסלנס 85% מוצקי קקאו 100 גרם,לינדט ושפרונגלי קילשברג,,לינדט אקסלנס 85% מוצ,גרמים,100.00,100 גרם,false,,14.90,0.1490,true,1,810439
3046920028721,false,לינדט אקסלנס סטרוברי 100גר`,לינדט ושפרונגלי קילשברג,,לינדט אקסלנס 99% 50,גרמים,50.00,100 גרם,false,,14.90,0.2980,true,1,2250163
3046920029759,false,אקסלנס שוקולד מריר 90% לינדט (100 גרם),לינדט ושפרונגלי קילשברג,,לינדט אקסלנס 90% מוצ,גרמים,100.00,100 גרם,false,,14.90,0.1490,true,1,1039423
3059943015104,false,"אירוויק מבשם אויר נטול גז בניחוח פריסיה ויסמין 345 מ""ל",רקיט בנקיזר (ניר איסט) בעמ,PL,AIRWICK F&JASMINE 12X345M,מיליליטרים,345.00,"100 מ""ל",false,,12.90,0.0374,true,1,821416
3059943015128,false,מבשם אוויר נטול גז אקווה מיסט בניחוח לבנדר פראי ואוויר הרים,רקיט בנקיזר (ניר איסט) בעמ,PL,AIRWICK W.LAVENDER 12X345,מיליליטרים,345.00,"100 מ""ל",false,,12.90,0.0374,true,1,821417
3059943016507,false,"אירוויק ספריי בניחוח לבנדר וקמומיל 240 מ""ל",רקיט בנקיזר (ניר איסט) בעמ,GB,ARW Aerosol Lav&Cam 12x24,מיליליטרים,240.00,"100 מ""ל",false,,9.90,0.0413,true,1,821418
3059944022415,false,רצועות שעווה מוכנות לשימוש מועשרת בתמציות ובניחוח ורדים,רקיט בנקיזר (ניר איסט) בעמ,FR,Veet CWS blossom missoni,יח',10.00,יח',false,,19.90,1.9900,true,1,821430
3069900201327,false,זיתים שחורים בשקית וואקום 400 גר,ויצמן פרימיום בעמ,,זיתים שחורים בשקית ו,גרמים,400.00,100 גרם,false,,10.90,0.0273,true,1,2961254
3073781161663,false,גבינה מותכת 18.5% שומן לה וואש קירי,בני ג`ורג` שוקחה (חיפה) בעמ,,גבינה לואשקירי 128 ג,גרמים,128.00,100 גרם,false,,11.90,0.0930,true,1,6382117
3073781161687,false,גבינה לוואש קרי(מותכת) 16 יח 256 גר,בני ג`ורג` שוקחה (חיפה) בעמ,,גבינה לואשקירי 256 ג,גרמים,256.00,100 גרם,false,,22.70,0.0887,true,1,6382118
3073781162790,false,גבינה מותכת בייבי בל 120 גרם,א. סיימן סחר בעמ,,גבינה מותכת בייבי בל,גרמים,120.00,100 גרם,false,,20.70,0.1725,true,1,6448029
3141360054405,false,פיניש מפיץ ריח למדיח בניחוח לימון וליים,רקיט בנקיזר (ניר איסט) בעמ,HU,"FINSH,IT,DEO LEMON*20 MON",יח',1.00,יח',false,,14.90,14.9000,true,1,2236545
3161911229199,false,חמאה צרפתית רכה למריחה אל & ויר 250 גרם,א. סיימן סחר בעמ,,חמאה צרפתית רכה למרי,גרמים,250.00,100 גרם,false,,21.90,0.0876,true,1,811070
3161911366429,false,חמאה צרפתית מלוחה רכה למריחה אלוויר 250 גר',א. סיימן סחר בעמ,,חמאה צרפתית מלוחה רכ,גרמים,250.00,100 גרם,false,,21.90,0.0876,true,1,811072
3161911393210,false,אלוויר חמאה נורמנדי מלוחה 200 גרם,א.סיימן סחר בעמ,,אלוויר חמאת נורמנדי,גרמים,200.00,100 גרם,false,,18.70,0.0935,true,1,6453634
3178530402353,false,עוגות מיני מדלן קלאסי סאן מישל 175 גרם,סאן מישל ביסוויט,,עוגות מדליין 175 גרם,גרמים,175.00,100 גרם,false,,10.70,0.0611,true,1,4317348
3178530407938,false,עוגיות מיני מדליין עם שוקוצ'יפס סאן מישל 175 גרם,א. סיימן סחר בעמ,,מיני עוגיות מדליין 1,גרמים,175.00,100 גרם,false,,11.50,0.0657,true,1,4317350
3178530409673,false,עוגיות פיל סאן מישל קרמל 100 גר`,סאן מישל צ'\אמפאגנאק,,עוגיות פלמיה קרמל,גרמים,150.00,100 גרם,false,,14.80,0.0987,true,1,6328678
3178530411478,false,ביסקוויטים גאלט עם חמאה ומלח ים,א. סיימן סחר בעמ,,גלאט חמאה 150 גר,גרמים,150.00,100 גרם,false,,11.50,0.0767,true,1,4317310
3178530412703,false,עוגיות חמאה דונאט עם שוקולד 180 גר,א. סיימן סחר בעמ,,דונאט שיש,גרמים,180.00,100 גרם,false,,14.70,0.0817,true,1,6328679
3178530417357,false,בראוניז שוקולד לבן סנט מישל 210 גרם,א. סיימן סחר בעמ,,בראוניז שוקולד לבן,יח',1.00,יח',false,,16.40,16.4000,true,1,6358516
3178530417418,false,עוגיות חמאה דונאט עם שוקולד ציפס 180 גר,א. סיימן סחר בעמ,,דונאט שוקולד ציפס,גרמים,180.00,100 גרם,false,,14.70,0.0817,true,1,6328680
3179732348913,false,פרייה מים מינרליים טבעיים מבעבעים 1 ליטר פלסטיק,נסטלה ווטרס ספלאי,FR,פרייה מים מינרלים פל,ליטרים,1.00,ליטר,false,,8.90,8.9000,true,1,1149408
3254550033217,false,סנט מור גבינת ברי איסיני 220 גרם,אף.סי תבליני בגליל ב,,סנט מור גבינת ברי אי,גרמים,220.00,100 גרם,false,,28.90,0.1314,true,1,4317232
3387390320244,false,פיטנס דגני בוקר מחיטה מלאה עם פירות נסטלה 375 גרם,קבוצת אוסם סחר שותפות מוגבלת,,פיטנס דגני בוקר מחיט,גרמים,375.00,100 גרם,false,,19.90,0.0531,true,1,806579
3387390525960,false,קראנץ' דגני בוקר עם שוקולד חלב נסטלה 500 גרם,קבוצת אוסם סחר שותפות מוגבלת,,קראנץ' דגני בוקר עם,גרמים,500.00,100 גרם,false,,19.90,0.0398,true,1,806580
3387390730852,false,פיטנס דגנים מחיטה מלאה ואורז נסטלה 375 גרם,קבוצת אוסם סחר-שות.מוגבלת,,פיטנס דגנים מחיטה מל,גרמים,375.00,100 גרם,false,,19.90,0.0531,true,1,806581
3523230025638,false,"גבינת עיזים בושה טבעי, 125 גרם",א. סיימן סחר בעמ,,גבינת עיזים בושה טבע,גרמים,125.00,100 גרם,false,,24.90,0.1992,true,1,4317195
3523230025652,false,"גבינת מיני בושה עם שום ועשי תיבול ועשבי, 125 גרם",א. סיימן סחר בעמ,,גבינת עיזים בושה שום,גרמים,125.00,100 גרם,false,,23.90,0.1912,true,1,4317196
3523230026826,false,"גבינת עיזים למריחה פירמידה, 140 גרם",א. סיימן סחר בעמ,,עיזים פירמידה 140 גר,גרמים,140.00,100 גרם,false,,21.90,0.1564,true,1,2709841
3523230026888,false,"גבינת עיזים שום ועשבי תיבול למריחה פירמידה, 140 גרם",א. סיימן סחר בעמ,,עיזים פירמידה שום וע,גרמים,140.00,100 גרם,false,,21.90,0.1564,true,1,2709842
3523230045827,false,גבינת סנט מור עיזים160גר,א. סיימן סחר בעמ,,גבינת סנט מור 160 גר,גרמים,160.00,100 גרם,false,,27.50,0.1719,true,1,6377973
3563490014898,false,ריין דיז'ון חרדל דיז'ון 265 גרם,דיפלומט מפיצים (1968) בעמ**,FR,חרדל דיז'ון לחיץ 265 גר',גרמים,265.00,100 גרם,false,,9.90,0.0374,true,1,1013908
3574660089547,false,טמפונים נורמל קלאסי אובה 32 יחידות,ג'\ונסון אנד ג'\ונסון,,טמפונים נורמל קלאסי,יח',32.00,יח',false,,19.90,0.6219,true,1,804534
3574660115154,false,או-בה טמפונים קלאסי סופר 32יח',ג'\ונסון אנד ג'\ונסון,,טמפונים סופר אובה 32,יח',32.00,יח',false,,19.90,0.6219,true,1,804538
3574660333466,false,טמפונים מיני פרו קומפורט אובה 32 יחידות,הנסיך- מפעל לייצור ט,,טמפונים מיני פרו קומ,יח',32.00,יח',false,,24.90,0.7781,true,1,804565
3574660514643,false,קרם לחות רב שימושי עשיר נוטרוגינה 300 מל,ניוטרוג'ינה Neutrogena,,ניוטרוג'ינה קרם לחות,מיליליטרים,300.00,"100 מ""ל",false,,26.90,0.0897,true,1,861540
3574661199894,false,"נוטרוגינה קרם ידיים ויזבלי ריניו 75 מ""ל",ניוטרוג'ינה Neutrogena,,ניוטרוגינה קרם ידיים,מטרים,75.00,100 מ'ל,false,,24.90,0.3320,true,1,1250426
3574661487328,false,קרפרי מגני תחתון אורגינל פלוס 56 יח',הדקלאים אגודת שיתופי,,קרפרי מגן תחתון רגיל,יח',56.00,יח',false,,15.90,0.2839,true,1,6101630
3574661487335,false,מגן תחתון קרפרי מקסי לונג ריחני 40 יחידות,ש. שסטוביץ בע`מ,,מגן תחתון קרפרי 40 י,יח',1.00,יח',false,,15.90,15.9000,true,1,6035127
3574661487618,false,קרפרי מגן תחתון מקסי לארג'' מבושם 48 יח'',ג'ויה מעבדות לקוסמטי,,קרפרי מגן תחתון מקסי,יח',1.00,יח',false,,15.90,15.9000,true,1,6179002
3574661487625,false,מגן תחתון קרפרי מקסי לארג 48 יחידות,הדקלאים אגודת שיתופי,,מגן תחתון קרפרי מקסי,יח',1.00,יח',false,,15.90,15.9000,true,1,6104147
3574661500355,false,קרפרי מגן תחתון מקסי לונג רגיל 40 יח',ג'ויה מעבדות לקוסמטי,,מגן תחתון קרפרי 40 י,יח',1.00,יח',false,,15.90,15.9000,true,1,6035128
3574661501901,false,שטיפה אינטימית יומיומית מכיל תה ירוק ואלוורה,קולגייט פלמוליב,,שטיפה אינטימית אלוור,יח',1.00,יח',false,,16.90,16.9000,true,1,5930522
3574661552576,false,קרפרי מגן תחתון רגיל טנגה לבן 56 יח חדש,הדקלאים אגודת שיתופי,,קרפרימגן תחתון טנגה,יח',1.00,יח',false,,15.90,15.9000,true,1,6294447
3574661552804,false,מגן תחתון קרפרי אלוורה 56 יחידות,הדקלאים אגודת שיתופי,,קרפרי מגן תחתון אלוו,יח',1.00,יח',false,,15.90,15.9000,true,1,6294448
3574661552811,false,מגן תחתון קרפרי כותון אוורירי 56 יחידות,הדקלאים אגודת שיתופי,,קרפרי כותון אוורירי,יח',1.00,יח',false,,15.90,15.9000,true,1,6294449
3574661554877,false,מגן תחתון קרפרי כותון מבושם 56 יחידות,הנסיך- מפעל לייצור ט,,קרפרי כותון מבושם 56,יח',1.00,יח',false,,15.90,15.9000,true,1,6294450
3574661561226,false,"ליסטרין אדוונס 600 מ""ל",,,ליסטרין אדוונס 600 מ,מיליליטרים,600.00,"100 מ""ל",false,,17.90,0.0298,true,1,6362629
3574661610344,false,נטרוגינה קרם לחות עשיר ומרוכז לעור יבש ע,גונסון אנד גונסון סנטה ב,,נוטרוגינה קרם לחות א,מיליליטרים,300.00,"100 מ""ל",false,,29.90,0.0997,true,1,6419751
3574669907682,false,גונסונס בייבי טלק 500 גרם חדש,גונסון אנד גונסון,,גונסון בייבי טלק 500,גרמים,500.00,100 גרם,false,,29.90,0.0598,true,1,5561931
3574669907767,false,גונסונס בייבי שמפו קמומיל 750 מל חדש,ג'ונסונס בייבי,,גונסונס בייבי שמפו ק,מיליליטרים,750.00,"100 מ""ל",false,,23.90,0.0319,true,1,5561879
3574669907972,false,"גונסונס שמפו טיפות של ברק 750 מ""ל חדש",ג'ונסונס Johnson's,,גונסונס שמפו 750 מל,מיליליטרים,750.00,"100 מ""ל",false,,23.90,0.0319,true,1,5561849
3574669908481,false,גונסונס בייבי אל סבון אמבט 750 מל חדש,ג'ונסונס Johnson's,,גונסון בייבי אלסבון,מיליליטרים,750.00,"100 מ""ל",false,,19.90,0.0265,true,1,5561852
3574669908665,false,גונסונס בייבי אל סבון לפני השינה 750 מל,גונסון אנד גונסון,,גונסון בייבי אלסבון,מיליליטרים,750.00,"100 מ""ל",false,,19.90,0.0265,true,1,5561853
3574669909204,false,גונסונס בייבי שמן לתינוק 300 מל,ג'ונסונס Johnson's,,גונסון בייבי שמן 300,יח',1.00,יח',false,,19.90,19.9000,true,1,5561933
3600521094341,false,קסטינג קרם גלוס מס200',לוריאל פריז,,קסטינג 200 שחור מעוד,יח',1.00,יח',false,,34.90,34.9000,true,1,799003
3600521094365,false,קסטינג 300 חום כהה מאוד,לוריאל פריז,,קסטינג 300 חום כהה מ,מיליליטרים,300.00,"100 מ""ל",false,,34.90,0.1163,true,1,799005
3600521720219,false,קרם פנים לילה עם פעולה משולשת לכל סוגי העור,לוריאל ישראל קוסמטיקס בעמ,,דרמו פעולה משולשת לי,מטרים,50.00,100 מ'ל,false,,44.90,0.8980,true,1,799072
3600522236450,false,לוריאל - אקסלנס קרם 6.46 אדום בהיר נחושתי,לוריאל פריז,,אקסלנס קרם 6.46 אדום,יח',1.00,יח',false,,34.90,34.9000,true,1,6194032
3600522344070,false,אלביב מסכת קולור פרוטקט לוריאל (300 מל),לוריאל ישראל קוסמטיקס בעמ,,אלביב מסכה קולור פרו,מיליליטרים,300.00,"100 מ""ל",false,,24.90,0.0830,true,1,831963
3600522550129,false,קרם אנטי-אייג'ינג יום אייג' ספשיאליסט +45,לוריאל ישראל קוסמטיקס בעמ,,לוריאל אייג' ספשיאלי,מיליליטרים,50.00,"מ""ל",false,,49.90,0.9980,true,1,1826932
3600522550167,false,קרם אנטי-אייג'ינג לילה אייג' ספשיאליסט +45,לוריאל ישראל קוסמטיקס בעמ,,לוריאל אייג' ספשיאלי,מיליליטרים,50.00,"100 מ""ל",false,,49.90,0.9980,true,1,1826933
3600522632436,false,קרם אנטי-אייג'ינג לילה אייג' ספשיאליסט +55,לוריאל ישראל קוסמטיקס בעמ,,לוריאל אייג' ספשיאלי,מיליליטרים,50.00,"100 מ""ל",false,,49.90,0.9980,true,1,1826935
3600523192717,false,לוריאל - מג'יק ריטאצ' גוון 4 בלונד בז',לוריאל ליברמו,,ספריי צבע לשיער ריי,יח',1.00,יח',false,,34.90,34.9000,true,1,6357134
3600523193141,false,תרסיס לכיסוי שורשי השיער Magic Retouch שחור,לוריאל ליברמו,,ספריי צבע לשיער מג'י,מיליליטרים,200.00,"מ""ל",false,,34.90,0.1745,true,1,2187032
3600523193165,false,תרסיס לכיסוי שורשי השיער Magic Retouch חום בהיר,לוריאל ליברמו,,ספריי צבע לשיער מג'י,מיליליטרים,200.00,"מ""ל",false,,34.90,0.1745,true,1,2187034
3600523305957,false,לוריאל מסיכה שחורה לניקוי עמוק חימר,"קרלסרו, גרמניה",,מסיכה שחורה לניקוי ע,מיליליטרים,50.00,"100 מ""ל",false,,29.90,0.5980,true,1,3731710
3600523337712,false,לוריאל - מג'יק ריטאצ' 6 חום מהגוני,לוריאל,,מג'יק ריטאצ' חום מהג,יח',1.00,יח',false,,34.90,34.9000,true,1,4492460
3600523363193,false,לוריאל הידרה גינייס גל לחות לעור יבש,"לוריאל פרודקשן דויטשלנד,",,HG ג'ל לחות לעור יבש,יח',1.00,יח',false,,49.90,49.9000,true,1,6304746
3600523476619,false,לוריאל - דרמו פרחים ג'ל ניקוי כחול (החלפת ברקוד),סופרוריאל אולניי,,דרמו פרחים ג'ל ניקוי,יח',1.00,יח',false,,34.90,34.9000,true,1,5744508
3600523587865,false,לוריאל - אלביב קרם לשיער דרים לונג 200,לוריאל - אלביב Elvive,,אלביב קרם לשיער דרים,מיליליטרים,200.00,"100 מ""ל",false,,24.90,0.1245,true,1,5731029
3600523605972,false,אלביב קרם לחות מועשר בשמן קוקוס 300 מל,לוריאל ישראל קוסמטיקס בעמ,,אלביב מסכה קוקוס 300,מיליליטרים,300.00,"100 מ""ל",false,,24.90,0.0830,true,1,3986155
3600523642489,false,מסכת הזנה אינטנסיבית 6 שמנים לשיער יבש,לוריאל ישראל קוסמטיקס בעמ,,אלביב מסכת שמנים 300,מיליליטרים,300.00,"100 מ""ל",false,,24.90,0.0830,true,1,5527794
3600523651900,false,מרכך לחיזוק סיב השערה לכל סוגי השיער,לוריאל ישראל קוסמטיקס בעמ,,אלביב מרכך פול רזיסט,מיליליטרים,550.00,"100 מ""ל",false,,14.90,0.0271,true,1,4497044
3600523652228,false,"לוריאל - אלביב מרכך טוטאל ריפר 550 מ""ל",לוריאל ישראל קוסמטיקס בעמ,,אלביב מרכך טוטאל ריפ,מיליליטרים,550.00,"100 מ""ל",false,,14.90,0.0271,true,1,4497103
3600523652242,false,"לוריאל - אלביב שמפו קולור פרוטקט 550 מ""ל",לוריאל ישראל קוסמטיקס בעמ,,אלביב שמפו קולור פרו,מיליליטרים,550.00,"100 מ""ל",false,,14.90,0.0271,true,1,4497084
3600523652259,false,"לוריאל - אלביב מרכך קולור פרוטקט 550 מ""ל",לוריאל ישראל קוסמטיקס בעמ,,אלביב מרכך קולור פרו,מיליליטרים,550.00,"100 מ""ל",false,,14.90,0.0271,true,1,4497105
3600523652280,false,"לוריאל אלביב שמפו מועשר ב 6 שמנים, 550 מ""ל",לוריאל ישראל קוסמטיקס בעמ,,אלביב שמפו 6 שמנים 5,מיליליטרים,550.00,"100 מ""ל",false,,14.90,0.0271,true,1,4497046
3600523652297,false,"מרכך לשיער אלביב זהב 6 שמנים , 550 מ""ל",לוריאל ישראל קוסמטיקס בעמ,,אלביב מרכך 6 שמנים 5,מיליליטרים,550.00,"100 מ""ל",false,,14.90,0.0271,true,1,4497047
3600523716524,false,לוריאל - דרמו רויטליפט קלאסי קרם אדום עברית,"קרלסרו, גרמניה",,דרמו רויטליפט קלאסי,יח',1.00,יח',false,,59.90,59.9000,true,1,6269518
3600523755806,false,"לוריאל - אלביב שמפו קוקוס 550 מ""ל",לוריאל ישראל קוסמטיקס בעמ,,אלביב שמפו קוקוס 550,יח',1.00,יח',false,,14.90,14.9000,true,1,6114974
3600523756322,false,"לוריאל - אלביב מרכך קוקוס 550 מ""ל",לוריאל ישראל קוסמטיקס בעמ,,אלביב מרכך קוקוס 550,יח',1.00,יח',false,,14.90,14.9000,true,1,6114975
3600523782567,false,"לוריאל - אלביב שמפו דרים לונג 500 מ""ל",לוריאל ישראל קוסמטיקס בעמ,,אלביב שמפו דרים לונג,מיליליטרים,500.00,"100 מ""ל",false,,14.90,0.0298,true,1,5731030
3600523782574,false,מסכה לשיער לוריאל אלביב דרים לונג 300 מל,לוריאל ישראל קוסמטיקס בעמ,,אלביב מסכה דרים לונג,מיליליטרים,300.00,"100 מ""ל",false,,24.90,0.0830,true,1,5731031
3600523782581,false,מרכך מתיר קשרים לשיער ארוך ופגום Dream Long,לוריאל ישראל קוסמטיקס בעמ,,אלביב מרכך דרים לונג,מיליליטרים,500.00,"100 מ""ל",false,,14.90,0.0298,true,1,5731032
3600523823604,false,לוריאל - דרמו היאלורון אקספרט לילה,לוריאל פרודקשן דויטשלנד,,לוריאל קרם אנטי אייג,יח',1.00,יח',false,,49.90,49.9000,true,1,6337472
3600523823611,false,לוריאל - היאלורון אקספרט יום SPF20,סופרוקוס,,לוריאל קרם אנטי אייג,יח',1.00,יח',false,,49.90,49.9000,true,1,6337473
3600523936946,false,"לוריאל - אלביב מסכת פול רזיסט 300 מ""ל",לוריאל ישראל קוסמטיקס בעמ,,אלביב מסכת ארג'נין 3,מיליליטרים,300.00,"100 מ""ל",false,,24.90,0.0830,true,1,6386644
3600523953677,false,לוריאל - דרמו רויטליפט קלאסי יום SPF30 עברית,"קרלסרו, גרמניה",,רויטליפט קרם יום SPF,100 מל,50.00,100 מל,false,,59.90,1.1980,true,1,6368251
3600523991525,false,"לוריאל - דרמו רויטליפט קלאסי סרום 30 מ""ל","קרלסרו, גרמניה",,דרמו רויטליפט סרום 3,מטרים,30.00,100 מ'ל,false,,59.90,1.9967,true,1,6463954
3600523991556,false,לוריאל הידרה גינייס גל לחות לעור מעורב,לוריאל,,לוריאל דרמו הידרה גי,מטרים,70.00,100 מ'ל,false,,49.90,0.7129,true,1,6435383
3600524051334,false,אלביב מרכך חומצה היאלורונית 400 מל,לוריאל ישראל קוסמטיקס בעמ,,אלביב מרכך היאלרונית,מטרים,400.00,100 מ'ל,false,,14.90,0.0373,true,1,6476376
3600524051570,false,לוריאל - אלביב מסכה היאלורונית 300 מ''ל,לוריאל ישראל קוסמטיקס בעמ,,אלביב מסכה היאלרונית,מטרים,300.00,100 מ'ל,false,,24.90,0.0830,true,1,6476377
3600541029323,false,מסיר איפור עמיד במים אסנשיאלס 2 ב-1,לוריאל ישראל קוסמטיקס בעמ,,גרנייה אסנשיאל מסיר,מיליליטרים,200.00,"100 מ""ל",false,,19.90,0.0995,true,1,799189
3600541402270,false,"גרנייה - דאודורנט ספריי לאישה אינביזיבל BWC (ירוק) 150 מ""ל",לוריאל ישראל קוסמטיקס בעמ,,דאו ספריי אינביזיבל,מיליליטרים,150.00,"100 מ""ל",false,,11.90,0.0793,true,1,929477
3600541928275,false,מי פנים מיסלריים דו-פאזיים מסיר איפור עמיד במים,לוריאל ישראל קוסמטיקס בעמ,,גרנייה מים מיסלריים,מיליליטרים,400.00,"100 מ""ל",false,,29.90,0.0747,true,1,2053962
3600541937475,false,גרניה פיור גרגרים מסיכה לעור מעורב עד שמן,לוריאל ישראל קוסמטיקס בעמ,,גרנייה פיור נקוי 3ב1,מיליליטרים,150.00,"100 מ""ל",false,,29.90,0.1993,true,1,1594663
3600541956223,false,"גרנייה פיור לניקוי וטיפול בסימנים ופגעי עם מברשת 150 מ""ל",לוריאל ישראל קוסמטיקס בעמ,,גרנייה פיור אקספוברש,מיליליטרים,150.00,"100 מ""ל",false,,29.90,0.1993,true,1,1594665
3600542097239,false,גרנייה - מסכת טישו פחם תה שחור,ביוטיקוס אינטרנשיונאל,,גרנייה מסכת טישו פחם,יח',1.00,יח',false,,14.90,14.9000,true,1,5731033
3600542216623,false,"גרנייה - דאודורנט רול און לאישה אקשן קונטרול רול 96 שעות 50 מ""ל",סופרוקוס,,דאודורנט רול גרנייה,מטרים,50.00,100 מ'ל,false,,11.90,0.2380,true,1,6269190
3600542216647,false,"גרנייה - דאודורנט ספריי לאישה 96 שעות אקשן קונטר 150 מ""ל",לוריאל ישראל קוסמטיקס בעמ,,גרנייה דאו ספריי 96,מטרים,50.00,100 מ'ל,false,,11.90,0.2380,true,1,6269191
3600542232036,false,גרניה סקין נט אלו גל אלוורה ללחות 50 מל,לוריאל,,גרנייה אלו ג'לי 50 מ,יח',1.00,יח',false,,39.90,39.9000,true,1,5731036
3600542245340,false,גרנייה - אוליה מיני קיט 1 שחור עמוק,גרנייה,,אוליה מיני קיט 1 שחו,יח',1.00,יח',false,,29.90,29.9000,true,1,6304750
3600542245371,false,גרנייה - אוליה מיניקיט 110 בלונד אולטרה בהיר,גרנייה,,אוליה מיניקיט 110 סו,יח',1.00,יח',false,,29.90,29.9000,true,1,6304752
3600542245395,false,גרנייה - אוליה מיני קיט 3 חום שחור,גרנייה,,אוליה מיני קיט 3 חום,יח',1.00,יח',false,,29.90,29.9000,true,1,6304753
3600542245449,false,גרנייה - אוליה מיני קיט 5 חום טבעי,גרנייה,,אוליה מיני קיט 5 חום,יח',1.00,יח',false,,29.90,29.9000,true,1,6304756
3600542245456,false,גרנייה - אוליה מיני קיט 5.3 חום זהוב,גרנייה,,אוליה מיני קיט 5.3 ח,יח',1.00,יח',false,,29.90,29.9000,true,1,6304757
3600542245487,false,גרנייה - אוליה מיני קיט 6 חום בהיר,לוריאל,,אוליה מיני קיט 6 חום,יח',1.00,יח',false,,29.90,29.9000,true,1,6304758
3600542245500,false,גרנייה - אוליה מיני קיט 6.3 חום זהוב בהיר,גרנייה,,אוליה מיני קיט 6.3 ח,יח',1.00,יח',false,,29.90,29.9000,true,1,6304759
3600542245548,false,גרנייה - אוליה מיני קיט 7 בלונד כהה,גרנייה,,אוליה מיני קיט 7 בלו,יח',1.00,יח',false,,29.90,29.9000,true,1,6304760
3600542245593,false,גרנייה - אוליה מיני קיט 8 בלונד,גרנייה,,אוליה מיני קיט 8 בלו,יח',1.00,יח',false,,29.90,29.9000,true,1,6304762
3600542309974,false,"גרנייה - דאודורנט רול און לאישה מגנזיום 50 מ""ל",סופרוקוס,,גרנייה מינרל דאו רול,יח',1.00,יח',false,,11.90,11.9000,true,1,6331832
3600542310444,false,"גרנייה - דאודורנט ספריי לאישה מגנזיום 150 מ""ל",סופרוקוס,,גרנייה דאו ספריי מגנ,יח',1.00,יח',false,,7.90,7.9000,true,1,6331833
3600542328647,false,גרניה סקין נט קרם גל אלוורה 50 מל,לוריאל,,גרנייה קרם יום אלוור,יח',1.00,יח',false,,39.90,39.9000,true,1,6361685
3600542365758,false,גרניה בוטניקל מי פנים ענבים 200 מל,"קוסמופול, פולין",,גרנייה מי פנים ענבים,מיליליטרים,200.00,"100 מ""ל",false,,19.90,0.0995,true,1,6349300
3600542365796,false,בוטניקל ג`ל ניקוי ענבים 200 מל גרניה,לוריאל ישראל קוסמטיקס בעמ,,גרנייה ג'ל ניקוי ענב,מיליליטרים,200.00,"100 מ""ל",false,,19.90,0.0995,true,1,6333591
3600542366151,false,גרנייה - קרם לחות בוטניקלס ורדים,לוריאל ישראל קוסמטיקס בעמ,,קרם לחות ורדים גרניי,מיליליטרים,200.00,"100 מ""ל",false,,29.90,0.1495,true,1,6349301
3600542367936,false,גרניה סקין נט מי פנים אלוורה 200 מל,לוריאל ישראל קוסמטיקס בעמ,,גרנייה אלו מי פנים א,יח',1.00,יח',false,,24.90,24.9000,true,1,6361686
3600542375801,false,קרם גרנייה פיוראקטיב 3ב1 פחם 150 מל,לוריאל ישראל קוסמטיקס בעמ,,גרנייה פיור אקטיב 3,מיליליטרים,150.00,"100 מ""ל",false,,29.90,0.1993,true,1,6357135
3600542380492,false,גרנייה - מסכת טישו ויטמין סי,לוריאל,,גרנייה מסכת טישו ויט,מטרים,15.00,100 מ'ל,false,,14.90,0.9933,true,1,6445606
3600542385091,false,"גרנייה - דאודורנט רול און לאישה אקשן קונטרול 72 שעות 50 מ""ל",לוריאל ישראל קוסמטיקס בעמ,,גרנייה דאו. רול אקשן,יח',1.00,יח',false,,11.90,11.9000,true,1,6349367
3600542385107,false,"גרנייה - דאודורנט רול און לאישה אינביזיבל BWC (ירוק) 50 מ""ל",לוריאל ישראל קוסמטיקס בעמ,,דאודורנט רול אינביזי,מטרים,50.00,100 מ'ל,false,,11.90,0.2380,true,1,6435384
3600542385220,false,"גרנייה - דאודורנט רול און לאישה פרוטקשן 6 פלורל (סגול) 50 מ""ל",לוריאל ישראל קוסמטיקס בעמ,,גרנייה דאו. רול פרוט,יח',1.00,יח',false,,11.90,11.9000,true,1,6349368
3600542385275,false,"גרנייה - דאודורנט רול און לאישה פיור אקטיב 50 מ""ל",לוריאל ישראל קוסמטיקס בעמ,,גרנייה דאו. רול און,יח',1.00,יח',false,,11.90,11.9000,true,1,6349371
3600542385312,false,גרניה טישו מסק מסכת רימונים לעור יבש,לוריאל,,גרנייה טישו מסק רימו,יח',1.00,יח',false,,12.90,12.9000,true,1,6368252
3600542385329,false,גרניה טישו מסק מסכת תה ירוק לעור רגיל,לוריאל,,גרנייה מסכת טישו תה,יח',1.00,יח',false,,12.90,12.9000,true,1,6367885
3600542397926,false,"גרנייה - דאודורנט ספריי לאישה פרוטקשן 6 כותנה (ורוד) 150 מ""ל",לוריאל ישראל קוסמטיקס בעמ,,דאו ספריי פרוטקשן6 כ,מיליליטרים,150.00,"100 מ""ל",false,,11.90,0.0793,true,1,6368255
3600542398206,false,גרניה סקין נט תרחיץ אלוורה 200 מל,לוריאל ישראל קוסמטיקס בעמ,,גרנייה אלו ג'ל ניקוי,יח',1.00,יח',false,,21.90,21.9000,true,1,6361687
3600542412773,false,גרניה פיור אקטיב פיל אוף פחם מסכה 50 מל,סופרוריאל אולניי,,גרנייה פיור פיל אוף,יח',1.00,יח',false,,29.90,29.9000,true,1,6382136
3600542421638,false,"גרנייה - פרוקטיס היירפוד שמפו מקדמיה 350 מ""ל",לוריאל ישראל קוסמטיקס בעמ,,גרנייה פרוקטיס היפור,יח',1.00,יח',false,,14.90,14.9000,true,1,6383752
3600542421645,false,"גרנייה - פרוקטיס היירפוד מרכך מקדמיה 350 מ""ל",לוריאל ישראל קוסמטיקס בעמ,,גרנייה פרוקטיס היפור,יח',1.00,יח',false,,14.90,14.9000,true,1,6383753
3600542421669,false,"גרנייה - פרוקטיס היירפוד מרכך פפאיה 350 מ""ל",לוריאל ישראל קוסמטיקס בעמ,,גרנייה פרוקטיס היפור,יח',1.00,יח',false,,14.90,14.9000,true,1,6383754
3600542421720,false,גרנייה פרוקטיס היפורד מסכה פפאיה 390 גר,"אינטרביוטי קוסמטיק בע""\מ",,גרנייה פרוקטיס היפור,יח',1.00,יח',false,,34.90,34.9000,true,1,6383758
3600542421737,false,גרנייה פרוקטיס היפורד מסכה מקדמיה 390 גר,לוריאל ישראל קוסמטיקס בעמ,,גרנייה פרוקטיס היפור,יח',1.00,יח',false,,34.90,34.9000,true,1,6383759
3600542431828,false,גרנייה - קולור נטורלס 1 שחור טבעי חדש,לוריאל ישראל קוסמטיקס בעמ,,קולור נטורלס גוון 1,יח',1.00,יח',false,,19.90,19.9000,true,1,6429771
3600542431835,false,גרנייה - קולור נטורלס 3 חום כהה מאוד חדש,לוריאל ישראל קוסמטיקס בעמ,,קולור נטורלס גוון 3,יח',1.00,יח',false,,19.90,19.9000,true,1,6429772
3600542431842,false,גרנייה - קולור נטורלס 4 חום כהה טבעי חדש,לוריאל ישראל קוסמטיקס בעמ,,קולור נטורלס גוון 4,יח',1.00,יח',false,,19.90,19.9000,true,1,6429773
3600542431859,false,גרנייה - קולור נטורלס 5 חום טבעי חדש,לוריאל ישראל קוסמטיקס בעמ,,קולור נטורלס גוון 5,יח',1.00,יח',false,,19.90,19.9000,true,1,6429774
3600542431866,false,גרנייה קולור נטורלס צבע לשיער חום בהיר 6,לוריאל ישראל קוסמטיקס בעמ,,לוריאל קולור נטורלס,מיליליטרים,50.00,"100 מ""ל",false,,19.90,0.3980,true,1,6429744
3600542431873,false,גרנייה - קולור נטורלס 7 בלונד טבעי חדש,לוריאל ישראל קוסמטיקס בעמ,,קולור נטורלס גוון 7,יח',1.00,יח',false,,19.90,19.9000,true,1,6429775
3600542431880,false,גרנייה - קולור נטורלס 8 בלונד בהיר חדש,לוריאל ישראל קוסמטיקס בעמ,,קולור נטורלס 8 בלונד,גרמים,112.00,100 גרם,false,,19.90,0.1777,true,1,6429809
3600542431910,false,גרנייה - קולור נטורלס 2.1 שחור כחול חדש,לוריאל ישראל קוסמטיקס בעמ,,קולור נטורלס 2.1 שחו,גרמים,112.00,100 גרם,false,,19.90,0.1777,true,1,6429811
3600542431927,false,גרנייה - קולור נטורלס 8.1 בלונד אפרפר בהיר חדש,לוריאל ישראל קוסמטיקס בעמ,,קולור נטורלס 8.1 בלו,גרמים,112.00,100 גרם,false,,19.90,0.1777,true,1,6429777
3600542431934,false,גרנייה - קולור נטורלס 6.25 חום אגוז חדש,לוריאל ישראל קוסמטיקס בעמ,,קולור נטורלס גוון 6.,יח',1.00,יח',false,,19.90,19.9000,true,1,6429778
3600542431958,false,גרנייה - קולור נטורלס 7.3 בלונד זהוב חדש,לוריאל ישראל קוסמטיקס בעמ,,קולור נטורלס גוון 7.,יח',1.00,יח',false,,19.90,19.9000,true,1,6429779
3600542431972,false,צבע לשיער קולור נטורלס - 111 בלונד אולטרה בהיר אפור,לוריאל ישראל קוסמטיקס בעמ,,קולור נטורלס בלונד א,גרמים,112.00,100 גרם,false,,19.90,0.1777,true,1,6429813
3600542431996,false,גרנייה - קולור נטורלס 5.15 חום שוקולד עשיר חדש,לוריאל ישראל קוסמטיקס בעמ,,קולור נטורלס גוון 5.,יח',1.00,יח',false,,19.90,19.9000,true,1,6429781
3600542432009,false,גרנייה - קולור נטורלס 4.5 חום שוקולד כהה חדש,לוריאל ישראל קוסמטיקס בעמ,,קולור נטורלס גוון 4.,יח',1.00,יח',false,,19.90,19.9000,true,1,6429782
3600542432016,false,צבע לשיער קולור נטורלס- 5.25 חום מהגוני פנינה בהיר,לוריאל ישראל קוסמטיקס בעמ,,קולור נטורלס 5.25 חו,גרמים,112.00,100 גרם,false,,19.90,0.1777,true,1,6429814
3600542432023,false,גרנייה - קולור נטורלס 2 שחור מעודן חדש,לוריאל ישראל קוסמטיקס בעמ,,קולור נטורלס גוון 2,יח',1.00,יח',false,,19.90,19.9000,true,1,6429783
3600542432054,false,גרנייה - קולור נטורלס 9.1 בלונד בהיר מאוד א חדש,קוסמופול,,קולור נטורלס 9.1 בלו,גרמים,112.00,100 גרם,false,,19.90,0.1777,true,1,6429785
3600542433266,false,גרנייה - סרום לפנים ויטמין C סקין אקטיב,לוריאל ישראל קוסמטיקס בעמ,,גרנייה סרום ויטמין C,יח',1.00,יח',false,,49.90,49.9000,true,1,6450158
3600542456579,false,מים מיסלר ויטמין סי 400 מל גרנייה,לוריאל ישראל קוסמטיקס בעמ,,גרנייה מיסלר ויטמין,יח',1.00,יח',false,,29.90,29.9000,true,1,6445607
3600542456586,false,גרניה מי מיסלר עם מי ורדים 400 מל,לוריאל,,גרנייה מיסלר ורדים,מיליליטרים,400.00,"100 מ""ל",false,,29.90,0.0747,true,1,6503917
3600542503211,false,"גרנייה - פרוקטיס היירפוד מסכה חמאת קקאו 390 מ""ל",לוריאל,,גרנייה פרוקטיס היפור,גרמים,390.00,100 גרם,false,,34.90,0.0895,true,1,6496850
3600542503235,false,"גרנייה - פרוקטיס היירפוד מרכך חמאת קקאו 350 מ""ל","אינטרביוטי קוסמטיק בע""\מ",,גרנייה פרוקטיס היפור,מטרים,350.00,100 מ'ל,false,,14.90,0.0426,true,1,6496851
3600542503242,false,"גרנייה - פרוקטיס היירפוד שמפו חמאת קקאו 350 מ""ל","אינטרביוטי קוסמטיק בע""\מ",,גרנייה פרוקטיס היפור,מטרים,350.00,100 מ'ל,false,,14.90,0.0426,true,1,6496852
3607340717635,false,אדידס גל רחצה לגבר אייס דייב 400 מל,דנשר (1963) בעמ,,אדידס אייס דייב ג'ל,מיליליטרים,400.00,"100 מ""ל",false,,9.90,0.0248,true,1,4008963
3608580075646,false,קינפיטורה שזיפים 370 גר,בון מאמא,,קינפיטורה שזיפים 370,גרמים,370.00,100 גרם,false,,19.70,0.0532,true,1,6382107
3614224050986,false,"אדידס - דאודורנט ספריי לגבר אדיפאוור 72 שעות 150 מ""ל","ב.א מזון בע""מ",,דאו' אדידס ספריי לגב,מיליליטרים,150.00,"100 מ""ל",false,,12.90,0.0860,true,1,6317507
3616303057916,false,"אדידס 8 בודי ספריי 150מ""ל",,,אדידס 8 בודי ספריי 1,מיליליטרים,150.00,"100 מ""ל",false,,14.90,0.0993,true,1,6508652
3616303057978,false,"אדידס 8 דאו ספריי לגבר150מ""ל",,,אדידס 8 דאו ספריי לג,מיליליטרים,150.00,"100 מ""ל",false,,12.90,0.0860,true,1,6508653
3616303303037,false,"אדידס 8 ג'ל רחצה 400מ""ל",,,אדידס 8 ג'ל רחצה 400,מיליליטרים,400.00,"100 מ""ל",false,,14.90,0.0373,true,1,6508626
3661163991146,false,"אדידס - דאודורנט ספריי לאישה קול אנד קר פרש 150 מ""ל",מיוצר עי קונדיטוריית,PT,דאו' ספריי אשה קול אנד קר,מיליליטרים,150.00,"100 מ""ל",false,,14.90,0.0993,true,1,830025
3661163991580,false,"אדידס - דאודורנט ספריי לאישה קול אנד קר 6 ב-1 150 מ""ל",מיוצר עי קונדיטוריית,PT,דאו' ספריי אישה קול אנד ק,מיליליטרים,150.00,"100 מ""ל",false,,14.90,0.0993,true,1,830027
3665468301723,false,אירוויק באז מבשם ומנטרל ריחות בניחוח לילות לבנים 237 מ'ל,רקיט בנקיזר (ניר איסט) בעמ,,איירוויק נטול גז 237,מטרים,237.00,100 מ'ל,false,,14.90,0.0629,true,1,6488207
3700604201175,false,אריסה טונסאית פיקנטי,,,פלפל צ'ומה 190 גר,גרמים,190.00,100 גרם,false,,9.90,0.0521,true,1,6414002
3838824127149,false,צבע לשיער פאלטה שחור כחול 1-1,שוורצקופף והנקל,,"צבעי שיער ""פלטה""",יח',1.00,יח',false,,19.90,19.9000,true,1,803311
3838824127200,false,צבע לשיער פאלטה סמי קיט 3-0 חום כהה,שוורצקופף והנקל,,"צבעי שיער ""פלטה""",יח',1.00,יח',false,,19.90,19.9000,true,1,803313
3838824127248,false,צבע לשיער פאלטה סמי קיט חום בהיר 5-0,שוורצקופף והנקל,,"צבעי שיער ""פלטה""",יח',1.00,יח',false,,19.90,19.9000,true,1,803315
3838824127262,false,פלטה סמי קיט בלונד כהה 6-0 צבע שיער,שוורצקופף והנקל,,"צבעי שיער ""פלטה""",יח',1.00,יח',false,,19.90,19.9000,true,1,803316
3838824127286,false,צבע לשיער פאלטה סמי קיט 7-0 בלונד בינוני,שוורצקופף והנקל,,"צבעי שיער ""פלטה""",יח',1.00,יח',false,,19.90,19.9000,true,1,803317
3838824127309,false,צבע לשיער פאלטה סמי קיט בלונד בהיר 8-0,שוורצקופף והנקל,,"צבעי שיער ""פלטה""",יח',1.00,יח',false,,19.90,19.9000,true,1,803318
3838824127361,false,פלטה סמי קיט ערמונים בינוני5-68 צבע שיער,שוורצקופף והנקל,,"צבעי שיער ""פלטה""",יח',1.00,יח',false,,19.90,19.9000,true,1,803320
3838824127507,false,פלטה סמי קיט חום קטיפתי 4-60 צבע שיער,שוורצקופף והנקל,,"צבעי שיער ""פלטה""",יח',1.00,יח',false,,19.90,19.9000,true,1,803324
3838824127583,false,צבע לשיער פאלטה סמי קיט 6-88 אדום בוער,שוורצקופף והנקל,,"צבעי שיער ""פלטה""",יח',1.00,יח',false,,19.90,19.9000,true,1,803326
3838824127644,false,צבע לשיער פאלטה חציל זוהר 4-89,שוורצקופף והנקל,,"צבעי שיער ""פלטה""",יח',1.00,יח',false,,19.90,19.9000,true,1,803329
3838824128788,false,פאלטה - דלוקס שמני הזנה אדום לוהט 6-888,שוורצקוף Schwarzkopf,,צבעי שיער קיט פלטה,יח',1.00,יח',false,,29.90,29.9000,true,1,803333
3838824128887,false,פאלטה - דלוקס שמני הזנה שוקולטה 3-65,הנקל סוד,,צבעי שיער קיט פלטה-ס,יח',1.00,יח',false,,29.90,29.9000,true,1,803336
3838824128948,false,פאלטה - דלוקס שמני הזנה חום כהה 3-0,הנקל סוד בעמ,,צבעי שיער קיט פלטה,יח',1.00,יח',false,,29.90,29.9000,true,1,803338
3838824193915,false,צבע לשיער 1-0 שחור סמי קיט פאלטה,שוורצקופף והנקל,,צבע שיער פאלטה סמי ק,יח',1.00,יח',false,,19.90,19.9000,true,1,803353
3838824240275,false,צבעי שיער נוגט סמי קיט,שוורצקופף והנקל,,"צבעי שיער ""פלטה""",יח',1.00,יח',false,,19.90,19.9000,true,1,803374
3838824332178,false,פאלטה ברוז' חום אדום יין 6-80 סמי קיט,שוורצקופף והנקל,,צבע שיער פאלטה סמי ק,יח',1.00,יח',false,,19.90,19.9000,true,1,3119217
3838824380827,false,צבעי שיער בלונד כהה אפרפר 6-1 סמי קיט פאלטה,שוורצקופף והנקל,,פלאטה סמי קיט 6-1 בל,מטרים,110.00,100 מ'ל,false,,19.90,0.1809,true,1,6388021
3838824380902,false,צבעי שיער בלונד סופר בהיר 10-0 סמי קיט פאלטה,שוורצקופף והנקל,,פלאטה סמי קיט 10-0 ב,מטרים,110.00,100 מ'ל,false,,19.90,0.1809,true,1,6388022
3838824380988,false,צבעי שיער בלונד כסוף אפרפר 12-21 סמי קיט פאלטה,שוורצקופף והנקל,,פלאטה סמי קיט 12-21,מטרים,110.00,100 מ'ל,false,,19.90,0.1809,true,1,6388024
4000415856601,false,שוקולד לבן טבעי שגוטן 100 גרם,"לודוויג שוקולד בע""\מ",,שוגטן שוקולד לבן 100,גרמים,100.00,100 גרם,false,,5.50,0.0550,true,1,6442788
4000417022004,false,ריטר ספורט שוקולד חלב מעולה עם צימוקים ואגוזי לוז 100 גרם,ריטר ספורט Ritter sport,,שוקולד חלב עם צימוקי,גרמים,100.00,100 גרם,false,,7.90,0.0790,true,1,814591
4000417023001,false,ריטר ספורט שוקולד חלב מעולה עם שקדים שלמים,ריטר ספורט Ritter sport,,שוקולד שקדים שלמים ר,גרמים,100.00,100 גרם,false,,9.90,0.0990,true,1,814592
4000417025005,false,שוקולד מריר במילוי מרציפן ריטר ספורט 100 גרם,ריטר ספורט Ritter sport,,שוקולד מריר במילוי מ,גרמים,100.00,100 גרם,false,,7.90,0.0790,true,1,814593
4000417101211,false,גלילי וופל עם קרם אגוזי לוז בציפוי שוקולד חלב,ליימן שליסל בע`מ,,גלילי וופל בציפוי שו,גרמים,150.00,100 גרם,false,,17.70,0.1180,true,1,6414009
4000417101310,false,אמיצ`לי עם קרם קקאו בציפוי שוקולד גלילי,ליימן שליסל בע`מ,,אמיצ'לי קרם קקאו 150,גרמים,150.00,100 גרם,false,,17.70,0.1180,true,1,6511008
4000417211002,false,שוקולד חלב מעולה ממולא קרם קרמל מוקצף ושברי שקדים מומלחים,ריטר ספורט Ritter sport,,שוקולד ריטר מוס קרמל,גרמים,100.00,100 גרם,false,,7.90,0.0790,true,1,1900537
4000417212009,false,ריטר ספורט שוקולד מריר מעולה עם שקדים קצוצים וקליפות תפוז מסוכרות,ריטר ספורט Ritter sport,,שוקולד ריטר מריר תפו,גרמים,100.00,100 גרם,false,,7.90,0.0790,true,1,5377965
4000417222008,false,שוקולד ריטר ספורט חלב+שברי אגוזים 100 גרם חלב נוכרי,ריטר ספורט Ritter sport,,ריטר ספורט חלב ושברי,גרמים,100.00,100 גרם,false,,7.90,0.0790,true,1,1532517
4000417224002,false,"ריטר ספורט טבלת שוקולד מריר אגוזים, 100 גרם",ריטר ספורט Ritter sport,,שוקולד ריטר ספורט מר,גרמים,100.00,100 גרם,false,,9.90,0.0990,true,1,814596
4000417294005,false,שוקולד ריטר מוס קקאו 100 גרם חלב נוכרי,ריטר ספורט Ritter sport,,שוקולד ריטר ספורט 10,גרמים,100.00,100 גרם,false,,7.90,0.0790,true,1,838371
4000417626417,false,שוקולד חלב חמוציות ממותקות ושברי אגוזי לוז,ליימן שליסל בע`מ,,שוקולד חלב חמוציות מ,גרמים,100.00,100 גרם,false,,7.90,0.0790,true,1,6495623
4000417707000,false,שוקולד חלב מעולה עם שברי קשיו קלוי ומומלח,ריטר ספורט Ritter sport,,ריטר ספורט קשיו,יח',1.00,יח',false,,9.90,9.9000,true,1,6365063
4000417708007,false,"שוקולד ריטר ספורט מריר שקד, 100 גרם",ריטר ספורט Ritter sport,,ריטר ספורט מריר שקד,יח',1.00,יח',false,,9.90,9.9000,true,1,6365064
4000522009747,false,"מקלות בייגלה תפו""א צ'יו 80 גרם",טרופיקל דגיל תעשיות,,בייגלה צ'יו מקלות 80,גרמים,80.00,100 גרם,false,,3.90,0.0487,true,1,1069860
4000522061752,false,בייגלה צ'יו מקלות מלוחים 100 גרם,ר.ב. מוצרי דגנים בעמ,,בייגלה צ'יו מקלות,גרמים,100.00,100 גרם,false,,3.90,0.0390,true,1,954771
4000539280726,false,שוקולד לינדט אקסלנס מילד 70% 100 גר`,משה סידס ובנו בעמ,,לינדט אקסלנס 70% 100,גרמים,100.00,100 גרם,false,,14.90,0.1490,true,1,6473769
4000607850004,false,שוקולד חלב טבעי שוגטן 100 גרם,"לודוויג שוקולד בע""\מ",,שוגטן שוקולד חלב 100,גרמים,100.00,100 גרם,false,,5.50,0.0550,true,1,6442789
4000607851001,false,שוקולד חלב אגוזים טבעי שוגטן 100 גרם,"לודוויג שוקולד בע""\מ",,שוגטן שוקולד אגוזים,גרמים,100.00,100 גרם,false,,5.50,0.0550,true,1,6442814
4000607852008,false,שוקולד מריר טבעי שוגטן 100 גרם,"לודוויג שוקולד בע""\מ",,שוגטן שוקולד מריר 10,גרמים,100.00,100 גרם,false,,5.50,0.0550,true,1,6442815
4000607854705,false,שוקולד תות טבעי שוגטן 100 גרם,לודוויג שוקולד,,שוגטן שוקולד תות 100,גרמים,100.00,100 גרם,false,,5.50,0.0550,true,1,6442790
4001518003800,false,טורינוס מקלות פריכים עם פלפל ומלח 125 גרם,ר.ב. מוצרי דגנים בעמ,,מקלות פריכים עם מלח,גרמים,125.00,100 גרם,false,,14.70,0.1176,true,1,6365283
4001751038669,false,חזרת עם וואסבי 190 גרם,סקנדיה,,רוטב חזרת עם ווסאבי,גרמים,345.00,100 גרם,false,,9.90,0.0287,true,1,6294398
4001751064262,false,רוטב חזרת שמנת 190 ג,סקנדיה,,רוטב חזרת,גרמים,340.00,100 גרם,false,,9.90,0.0291,true,1,6294399
4001751073677,false,רוטב חזרת עם סלק 200 גר,סקנדיה,,רוטב חזרת עם סלק,גרמים,345.00,100 גרם,false,,9.90,0.0287,true,1,6294400
4002448019480,false,"סיליט באנג מסיר שומנים רב שימושי 750 מ""ל",רקיט בנקיזר (ניר איסט) בעמ,PL,"CILLT,IL,DEGR 12X750 VETT",מיליליטרים,750.00,"100 מ""ל",false,,12.50,0.0167,true,1,821436
4002575016253,false,מרציפן מצופה שוקולד זנטיס (100 גרם),הדקלאים אגודת שיתופי,,מרציפן מצופה שוקולד,גרמים,100.00,100 גרם,false,,8.70,0.0870,true,1,814604
4002590000022,false,סוכריות קלפני פירות יער אוכמניות 150 ג',ליימן שליסל בע`מ,,סוכריות בטעם פירות י,גרמים,150.00,100 גרם,false,,8.90,0.0593,true,1,814608
4002590000046,false,סוכריות בטעם מנטה מרענן קלפני 150 גרם,ליימן שליסל בע`מ,,סוכריות בטעם מנטה מר,גרמים,150.00,100 גרם,false,,8.90,0.0593,true,1,814610
4004666042004,false,"מלרוד מרסס משמיד עובש יעקבי 500 מ""ל","יעקב יעקבי ובניו בע""מ",,משמיד עובש מלרוד 500,מיליליטרים,500.00,"100 מ""ל",false,,29.90,0.0598,true,1,812576
4004666111656,false,"ג'ל פעיל להשמדת עובש 250 מ""ל מרלוד",יעקב יעקבי ובניו בעמ,,מלרוד ג'ל פעיל לעובש,מטרים,250.00,100 מ'ל,false,,28.90,0.1156,true,1,6437822
4005808128631,false,ניוואה ג`ל רחצה לגבר עם תמציות ליים 50,אלפא ב.ד.ף בעמ,,ג'ל רחצה ספורט ניווא,מיליליטרים,500.00,"100 מ""ל",false,,12.90,0.0258,true,1,811877
4005808229390,false,"ניוואה - ג'ל רחצה קול לגבר 500 מ""ל",אלפא ב.ד.ף בעמ,,ג'ל רחצה קול קיק ניו,מיליליטרים,500.00,"100 מ""ל",false,,12.90,0.0258,true,1,811880
4005808293469,false,"ניוואה - דאודורנט ספריי לגבר יבש 150 מ""ל",אלפא- ב.ד.ף בעמ,,דאודורנט ספריי יבש נ,מיליליטרים,150.00,"100 מ""ל",false,,14.90,0.0993,true,1,6406187
4005808366392,false,שפתון ליובש כחול קלאסי לבלו 48 גרם,טרופיקל דגיל תעשיות,,שפתון ליובש כחול קלא,גרמים,48.00,100 גרם,false,,9.90,0.2063,true,1,2020571
4005808368280,false,שפתון ליובש דובדבן לבלו 48 גרם,טרופיקל דגיל תעשיות,,שפתון ליובש דובדבן ל,גרמים,48.00,100 גרם,false,,9.90,0.2063,true,1,2020572
4005808502004,false,לבלו שפתון סופט ורוד בליסטר 5.5מל,אלפא- ב.ד.ף בעמ,,שפתון ליובש ורוד ורד,גרמים,100.00,100 גרם,false,,9.90,0.0990,true,1,811891
4005808515554,false,ניוואה סופט קרם רב שימושי מרקם עדין 300מ,אלפא- ב.ד.ף בעמ,,ניוואה סופט קרם רב ש,מטרים,300.00,100 מ'ל,false,,34.90,0.1163,true,1,6467015
4005808670611,false,"קרם לחות פנים לעור עדין-יבש ניוואה 50 מ""ל",אלפא- ב.ד.ף בעמ,,קרם לחות פנים לעור ע,100 מל,50.00,100 מל,false,,39.90,0.7980,true,1,912462
4005808702107,false,ניוואה תחליב גוף לעור יבש מאד 500 מל,בטר אנד דיפרנט,,ניוואה תחליב גוף משא,מיליליטרים,500.00,"100 מ""ל",false,,19.90,0.0398,true,1,6377839
4005808811700,false,ניוואה ג`ל ניקוי לפנים לעור שמן/מעורב 15,אלפא- ב.ד.ף בעמ,,ניוואה גל ניקוי מאזן,מיליליטרים,150.00,"100 מ""ל",false,,27.90,0.1860,true,1,1757958
4005808813063,false,אפטר שייב לעור רגיש 100 מל ניוואה,בטר אנד דיפרנט,,ניוואה אפטר שייב לעו,מטרים,100.00,100 מ'ל,false,,39.90,0.3990,true,1,811894
4005808817405,false,"ג'ל גילוח לעור רגיש ניוואה 200 מ""ל",פרוטרופיק סיה.,,ג'ל גילוח לעור רגיש,מיליליטרים,200.00,"100 מ""ל",false,,16.90,0.0845,true,1,811902
4005808837359,false,"ניוואה - דאודורנט רול און לאישה פרל אנד ביוטי 50 מ""ל",אלפא- ב.ד.ף בעמ,,דאודורנט רול און ניו,מיליליטרים,50.00,"מ""ל",false,,12.90,0.2580,true,1,811910
4005900036445,false,"ניוואה - דאודורנט רול און לאישה בלק&וויט פיור 50 מ""ל",אלפא ב.ד.ף בעמ,,ניוואה דאו אינויסיבל,100 מל,50.00,100 מל,false,,12.90,0.2580,true,1,963842
4005900036506,false,"ניוואה - דאודורנט רול און לגבר שקוף בלק 50 מ""ל",טרופיקל דגיל תעשיות,,דאודורנט רולאון ניוו,100 מל,40.00,100 מל,false,,12.90,0.3225,true,1,811928
4005900037909,false,"ניוואה - דאודורנט ספריי לאישה אינויזיבל פיור 150 מ""ל",אלפא ב.ד.ף בעמ,,ניוואה דאודורנט אינו,מיליליטרים,150.00,"100 מ""ל",false,,14.90,0.0993,true,1,963843
4005900092403,false,"ניוואה קרם יום אנטי אייג' 35+ 50 מ""ל",אלפא- ב.ד.ף בעמ,,קרם אנטי אייג' יום נ,יח',1.00,יח',false,,39.90,39.9000,true,1,5849961
4005900092427,false,"ניוואה קרם לילה אנטי אייג' 35+ 50 מ""ל",אלפא- ב.ד.ף בעמ,,קרם לילה אנטי אייג',מיליליטרים,50.00,"מ""ל",false,,39.90,0.7980,true,1,5767428
4005900273482,false,שפתון ליובש כחול אוכמניות בליסטר לבלו,אלפא- ב.ד.ף בעמ,,שפתון ליובש אוכמניות,גרמים,48.00,100 גרם,false,,9.90,0.2063,true,1,6193939
4005900420220,false,"גל רחצה ניוואה פיור אימפקט לגבר 500 מ""ל",אלפא ב.ד.ף בעמ,,ניוואה ג'ל רחצה גבר,מיליליטרים,500.00,"100 מ""ל",false,,14.90,0.0298,true,1,6398022
4005900488459,false,"ניוואה - דאודורנט רול און לאישה דריי פרש 50 מ""ל",אלפא ב.ד.ף בעמ,,דאודורנט רול און דרי,מטרים,50.00,100 מ'ל,false,,12.90,0.2580,true,1,5364527
4005900513069,false,"ניוואה - דאודורנט רול און לגבר דיפ 50 מ""ל",אלפא- ב.ד.ף בעמ,,דאודורנט רול און לגב,מטרים,50.00,100 מ'ל,false,,12.90,0.2580,true,1,4961627
4005900521262,false,"ג'ל רחצה לגבר פיור אימפקט ניוואה 500 מ""ל",אלפא- ב.ד.ף בעמ,,ג'ל רחצה דיפ 500 מל,מטרים,50.00,100 מ'ל,false,,12.90,0.2580,true,1,4961629
4005900542557,false,"ניוואה - דאודורנט רול און לאישה בלק אנד וויט 50 מ""ל",אלפא- ב.ד.ף בעמ,,ניוואה דאו רולאון בל,יח',1.00,יח',false,,12.90,12.9000,true,1,6374634
4005900683878,false,שפתון ליובש לבלו סקראב אלוה ורה בליסטר,אלפא- ב.ד.ף בעמ,,לבלו סקראב אלוורה,יח',1.00,יח',false,,9.90,9.9000,true,1,6341297
4005900730336,false,"ניוואה דאו רול און לגבר בלק אנד וויט אימפקט 50 מ""ל",אלפא ב.ד.ף בעמ,,ניוואה רולאון לגבר ב,מטרים,50.00,100 מ'ל,false,,12.90,0.2580,true,1,6484381
4005900816115,false,"ניוואה - דאודורנט רול און לאישה יבש 50 מ""ל",אלפא- ב.ד.ף בעמ,,דאודורנט רול און לאי,מטרים,50.00,100 מ'ל,false,,12.90,0.2580,true,1,811938
4005900823489,false,ניוואה היידרה סקין אפקט קרם לחות במרקם ג'ל ללילה,אלפא ב.ד.ף בעמ,,היידרה סקין אפקט מרק,יח',1.00,יח',false,,59.90,59.9000,true,1,6394905
4005900825278,false,ניוואה היידרה סקין אפקט מסכת 20 שניות עם חומצה היאלורונית,אלפא ב.ד.ף בעמ,,היידרה סקין אפקט מסכ,גרמים,100.00,100 גרם,false,,59.90,0.5990,true,1,6394906
4005900826749,false,ניוואה היידרה סקין אפקט קרם לחות במרקם ג'ל ליום,אלפא ב.ד.ף בעמ,,היידרה סקין אפקט מרק,יח',1.00,יח',false,,59.90,59.9000,true,1,6394907
4005900828088,false,"ניוואה - דאודורנט רול און לגבר פרש 50 מ""ל",טרופיקל דגיל תעשיות,,דאודורנט רול און לגב,100 מל,50.00,100 מל,false,,12.90,0.2580,true,1,811943
4005900833723,false,"ג'ל רחצה לגבר פאוור רפרש ניוואה 500 מ""ל",אלפא- ב.ד.ף בעמ,,ג'ל רחצה ניוואה לגבר,מיליליטרים,500.00,"100 מ""ל",false,,14.90,0.0298,true,1,6398023
4005900841148,false,"ניוואה מן ג'ל גילוח קול קיק פרש 200 מ""ל",אלפא ב.ד.ף בעמ,,ג'ל גילוח קול קיק פר,מטרים,200.00,100 מ'ל,false,,14.90,0.0745,true,1,6394746
4005900864000,false,"ניוואה היידרה סקין אפקט מים מיסלריים להסרת איפור וניקוי הפנים עם חומצה היאלורונית 400 מ""ל",אלפא ב.ד.ף בעמ,,היידרה סקין מים מיסל,מטרים,400.00,100 מ'ל,false,,29.90,0.0747,true,1,6433395
4005900874931,false,"דאודורנט ספריי דיפ ביט לגבר 150 מ""ל ניוויה",אלפא ב.ד.ף בעמ,,ניוואה מן ספריי דיפ,מטרים,150.00,100 מ'ל,false,,14.90,0.0993,true,1,6456975
4005900874962,false,"ניוואה - דאודורנט רול און לגבר דיפ בלק 50 מ""ל",אלפא- ב.ד.ף בעמ,,ניוואה מן רול-און ד,מטרים,50.00,100 מ'ל,false,,12.90,0.2580,true,1,6456976
4005900978950,false,לבלו - דובדבן שפתון לחות מטפח מהדורת נסיכות דיסני,אלפא- ב.ד.ף בעמ,,לבלו דובדבן שפתון לח,גרמים,5.00,100 גרם,false,,9.90,1.9800,true,1,6505664
4005900978967,false,לבלו - וניל שפתון לחות מטפח מהדורת נסיכות דיסני,אלפא- ב.ד.ף בעמ,,לבלו וניל שפתון לחות,גרמים,5.00,100 גרם,false,,9.90,1.9800,true,1,6505665
4006387085407,false,שלישיית פילטר מקסטרא סודהסטרים,סודה סטרים ישראל בעמ,,שלישיית פילטר,100 יח',1.00,100 יח',false,,98.90,98.9000,true,1,4475320
4006387098667,false,קנקן בריטה סטייל סטרטרפק,סודה קלאב,,קנקן בריטה סטייל סטר,100 יח',4.00,100 יח',false,,149.00,37.2500,true,1,4475321
4007745058811,false,חרדל צרפתי חלק אורגני 200 גרם,נטורפוד בעמ,,חרדל צרפתי,גרמים,145.00,100 גרם,false,,13.70,0.0945,true,1,5868987
4007745058828,false,חרדל צרפתי גרגרים אורגני 200 גרם,נטורפוד בעמ,,חרדל גרגרים אורגני 1,גרמים,145.00,100 גרם,false,,13.70,0.0945,true,1,5868988
4008102002867,false,גרגירים להכנת תה לימון מילפורד 400 גרם,ליימן מותגים,,גרגירים להכנת תה לימ,גרמים,400.00,100 גרם,false,,14.40,0.0360,true,1,814620
4008287051032,false,בירה קרומבאכר פילס 0.50 ליטר פחית,מנדלז סי.אר. פרודקשן,,קרומבאכר פחית בקבוק,מיליליטרים,500.00,"100 מ""ל",false,,9.90,0.0198,true,1,6368511
4008287058161,false,בירה קרומבאכר פילס 4.8% שישיה 6 * 330 מל,אגודת הכורמים -כרמל מזרחי,,קרומבכר בירה בהירה 6,ליטרים,1.80,ליטר,false,,36.90,20.5000,true,1,6368475
4009300522935,false,תה ירוק לימונית ולואיזה פומפדור 20 יחידות,"איטיליאן פוד, אס.פי.",,תה ירוק לימונית ולוא,גרמים,30.00,100 גרם,false,,16.90,0.5633,true,1,804599
4009300522966,false,תה ירוק עם נענע פומפדור 20 יחידות,"איטיליאן פוד, אס.פי.",,תה ירוק עם נענע פומפ,גרמים,36.00,100 גרם,false,,16.90,0.4694,true,1,804600
4009300524588,false,חליטת צמחים פומפדור פירות יער 20 יחידות,ש. שסטוביץ בע`מ,,חליטת פירות יער פומפ,גרמים,60.00,100 גרם,false,,11.90,0.1983,true,1,804604
4009300524625,false,תה צ'אי מסאלה פומפדור 20 יחידות,ש.שסטוביץ בעמ,,תה צ'אי מסאלה פומפדו,גרמים,40.00,100 גרם,false,,11.90,0.2975,true,1,804605
4009300525011,false,פומפידור תה ירוק עם תפוז וג'ינגר 25 שקיקים,"איטיליאן פוד, אס.פי.",,פומפדור תה ירוק תפוז,גרמים,35.00,100 גרם,false,,16.90,0.4829,true,1,804607
4009300525684,false,חליטת צמחים פומפדור ג'ינג'ר ולימון 20 יחידות,ש. שסטוביץ בע`מ,,חליטת ג'ינגר לימון פ,גרמים,35.00,100 גרם,false,,11.90,0.3400,true,1,804610
4009300527909,false,חליטת צמחים ג'ינג'ר כורכום ללא קפאין,ש. שסטוביץ בע`מ,,חליטת ג'ינגר כורכום,גרמים,30.00,100 גרם,false,,11.90,0.3967,true,1,3712485
4009300528821,false,תה ירוק פומפדור ג'ינגר וקינמון 20 יחידות,ש.שסטוביץ בעמ,,פומפדור תה ירוק ג'ינ,יח',1.00,יח',false,,16.90,16.9000,true,1,5662992
4009300529514,false,תה חליטת פומפדור פירות אוכמניות 20 יח,ש.שסטוביץ בעמ,,חליטת פירות אוכמניות,גרמים,45.00,100 גרם,false,,14.90,0.3311,true,1,6456326
4009300529538,false,תה חליטת פומפדור פירות לימון 20 יח,ש.שסטוביץ בעמ,,פומפדור חליטת פירות,גרמים,50.00,100 גרם,false,,14.90,0.2980,true,1,6456327
4009300529552,false,תה חליטת פומפדור פירות אפרסק 20 יח,ש.שסטוביץ בעמ,,פומפדור חליטת פירות,גרמים,50.00,100 גרם,false,,14.90,0.2980,true,1,6456328
4009300530107,false,חליטה קרה בטעמי תות שדה ותפוז פומפדור 45 ג',ש.שסטוביץ בעמ,,פומפדור חליטה קרה בט,גרמים,45.00,100 גרם,false,,13.90,0.3089,true,1,6376856
4009300530183,false,תה חליטת פומפדור תפוז ספרדי 20 יח,ש.שסטוביץ בעמ,,פומפדור-חליטת תפוז ס,גרמים,44.00,100 גרם,false,,11.90,0.2705,true,1,6509752
4009300530206,false,תה חליטת פומפדור תפוח טורקי 20 יח,ש.שסטוביץ בעמ,,פומפדור-חליטת תפוח ט,גרמים,50.00,100 גרם,false,,11.90,0.2380,true,1,6509753
4009300530275,false,תה חליטת פומפדור מנטה מרוקאית 20 יח,ש.שסטוביץ בעמ,,פומפדור-חליטת מנטה מ,גרמים,36.00,100 גרם,false,,11.90,0.3306,true,1,6509754
4009309022399,false,כרוב כבוש אורגני 670 גרם,נטורפוד בעמ,,כרוב כבוש אורגני 670,גרמים,670.00,100 גרם,false,,14.90,0.0222,true,1,5869009
4009309740422,false,רסק תפוחים אורגני – נטורפוד 700 גרם,נטורפוד בעמ,,מחית תפוחים 700 גר,גרמים,700.00,100 גרם,false,,15.90,0.0227,true,1,3604131
4009900379564,false,מסטיק הובה בובה Hubba Bubba טייפ בטעם פירות,מרס ריגלי קונפקשונרי,,הובה בובה עגול פירות,גרמים,56.00,100 גרם,false,,6.60,0.1179,true,1,799747
4009900385824,false,מסטיק אורביט פפרמינט סטיקס משפחתי-חמישיות,"מרס ריגלי ישראל בע""מ",,מארז חמישיית אורביט,גרמים,13.00,5 גרם,false,,9.90,0.7615,true,1,885005
4009900402965,false,אורביט וויט בטעם פירות בקבוקון 46מלבניות,"מרס ריגלי ישראל בע""מ",,מסטיק אורביט בקבוקון,גרמים,46.00,100 גרם,false,,9.40,0.2043,true,1,833100
4009900403023,false,אורביט וויט בטעם מנטה בקבוקון 46 מלבניות,"מרס ריגלי ישראל בע""מ",,מסטיק אורביט בקבוקון,גרמים,46.00,100 גרם,false,,9.40,0.2043,true,1,833101
4009900406918,false,מסטיק הובה בובה טייפ טריפל מיקס 56ג',מרס ריגלי קונפקשונרי,,הובה בובה עגול טריפל,גרמים,56.00,100 גרם,false,,6.60,0.1179,true,1,799758
4009900420129,false,מסטיק אורביט פרופשנל פפרמינט בקבוקון 64 גר',"מרס ריגלי ישראל בע""מ",,מסטיק אורביט בקבוקון,גרמים,64.00,100 גרם,false,,9.40,0.1469,true,1,5328506
4009900426039,false,מסטיק מנטה אקליפטוס בקבוקון איירווייבס 64 גרם,"מרס ריגלי ישראל בע""מ",,מסטיק איירוויבז בקבו,גרמים,64.00,גרם,false,,9.70,0.1516,true,1,2270106
4009900426121,false,מסטיק אורביט איירוויז בקבוקון אוכמניות 64ג',"מרס ריגלי ישראל בע""מ",,מסטיק איירוויבז בקבו,גרמים,64.00,גרם,false,,9.70,0.1516,true,1,2270107
4009900455299,false,"סוכרית ג'לי אדומה 174 גרם ""סקיטלס""","מרס ריגלי ישראל בע""מ",,סוכריות סקיטלס פירות,גרמים,174.00,100 גרם,false,,7.90,0.0454,true,1,970855
4009900465304,false,סוכריות סקיטלס פירות חמוצים 174 גרם,"מרס ריגלי ישראל בע""מ",,סוכריות סקיטלס חמוצי,גרמים,174.00,100 גרם,false,,7.90,0.0454,true,1,970856
4009900479998,false,אורביט וויט אוכמניות בקבוקון 46 מלבניות,"מרס ריגלי ישראל בע""מ",,מסטיק אורביט בקבוקון,גרמים,1.40,100 גרם,false,,9.40,6.7143,true,1,972716
4009900482417,false,מסטיק אורביט פירות מנטה בקבוקון באבל מינט 45יח,"מרס ריגלי ישראל בע""מ",,מסטיק אורביט בקבוקון,גרמים,46.00,100 גרם,false,,9.40,0.2043,true,1,867727
4009900487283,false,מסטיק אורביט סטיקס מארז חמישייה ללס בטע,"מרס ריגלי ישראל בע""מ",,מארז חמישיית אורביט,גרמים,13.00,5 גרם,false,,9.90,0.7615,true,1,885060
4009900491044,false,מסטיק אירוויבז בטעם מנטה אוכמניות ללס,מרס ריגלי ישראל בעמ,,אירוויבז בקבוקון 60י,יח',1.00,יח',false,,12.90,12.9000,true,1,5515670
4009900500166,false,סוכריות פירות אדום סקיטלס בקבוקון 125ג',"מרס ריגלי ישראל בע""מ",,סקיטלס פירות בקבוקון,גרמים,125.00,100 גרם,false,,7.90,0.0632,true,1,2466483
4009900514996,false,מסטיק טעם תות בקבוקון אורביט 64 גרם,"מרס ריגלי ישראל בע""מ",,מסטיק אורביט בקבוקון,גרמים,46.00,100 גרם,false,,9.40,0.2043,true,1,2107226
4009900531122,false,"מסטיק בטעם מנטה ספירמינט, 64 ג' פרופשיונל אורפיט","מרס ריגלי ישראל בע""מ",,מסטיק אורביט בקבוקון,גרמים,64.00,100 גרם,false,,9.40,0.1469,true,1,5328507
4009900531573,false,סוכריות סקיטלס סמודיס בטעמי יוגורט ופירות,"מרס ריגלי ישראל בע""מ",,סוכריות סקיטלס סמודי,גרמים,174.00,100 גרם,false,,7.90,0.0454,true,1,5515689
4009900532327,false,סוכריות סקיטלס סמודיס בטעמי יוגורט ופירות,"מרס ריגלי ישראל בע""מ",,סקיטלס סוכריות סמודי,גרמים,38.00,100 גרם,false,,2.90,0.0763,true,1,5515690
4009900534918,false,סקיטלס גאיינט פירות 141 גרם,מרס ריגלי ישראל בעמ,,סקיטלס ג'איינט פירות,גרמים,141.00,100 גרם,false,,7.90,0.0560,true,1,6365287
4009900535519,false,מסטיק אורביט רפרשרס ספירמינט ללא סוכר 15.6גר',"מרס ריגלי ישראל בע""מ",,מסטיק אורביט רפרשרס,יח',1.00,יח',false,,3.70,3.7000,true,1,6353347
4009900535540,false,מסטיק אורביט רפרשרס פפרמינט ללא סוכר 15.6גר',"מרס ריגלי ישראל בע""מ",,מסטיק אורביט רפרשרס,יח',1.00,יח',false,,3.70,3.7000,true,1,6353348
4009900535823,false,מסטיק אורביט רפרשרס באבלמינט ללא סוכר 15.6גר',"מרס ריגלי ישראל בע""מ",,מסטיק אורביט רפרשרס,יח',1.00,יח',false,,3.70,3.7000,true,1,6353380
4009900536257,false,מסטיק אורביט רפרשרס ספירמינט בקבוקון ללא סוכר 67 גר',מרס ריגלי קונפקשונרי,,מסטיק אורביט רפרשרס,יח',1.00,יח',false,,11.90,11.9000,true,1,6353349
4009900536288,false,מסטיק אורביט רפרשרס פפרמינט בקבוקון ללא סוכר 67 גר',מרס ריגלי קונפקשונרי,,מסטיק אורביט רפרשרס,יח',1.00,יח',false,,11.90,11.9000,true,1,6353350
4009900536486,false,מסטיק אורביט רפרשרס באבלמינט בקבוקון ללא סוכר 67 גר',מרס ריגלי קונפקשונרי,,מסטיק אורביט רפרשרס,יח',1.00,יח',false,,11.90,11.9000,true,1,6353351
4009900539432,false,מסטייק אורבייט פייב באונוס אבטיח HP,מרס ריגלי ישראל בעמ,,מסטיק פייב אבטיח,יח',1.00,יח',false,,3.70,3.7000,true,1,6437529
4009900539685,false,"מסטיק פייב באונס בטעם מנטה בקבוקון, 61.8 גרם","מרס ריגלי ישראל בע""מ",,מסטיק בקבוקון פייב מ,יח',1.00,יח',false,,11.90,11.9000,true,1,6437530
4009900539746,false,"מסטיק פייב באונס בטעם אבטיח בקבוקון, 61.8 גרם",מרס ריגלי ישראל בעמ,,מסטיק בקבוקון פייב ב,יח',1.00,יח',false,,11.90,11.9000,true,1,6437531
4009900540551,false,מסטיק אורביט רפרשרס טרופיקל בקבוקון ללא סוכר,מרס ריגלי ישראל בעמ,,מסטיק אורביט רפרשס ט,יח',1.00,יח',false,,11.90,11.9000,true,1,6418215
4011100001220,false,מרס חטיף שוקולד עם קרמל מארז 403 גרם,לינדט ושפרונגלי קילשברג,,שקית מיני גדולה מרס,גרמים,403.00,100 גרם,false,,19.90,0.0494,true,1,877448
4011100002227,false,באונטי חטיף שוקולד קוקוס מארז 403 גרם,לינדט ושפרונגלי קילשברג,,שקית מיני גדולה באונ,גרמים,403.00,100 גרם,false,,19.90,0.0494,true,1,927438
4011800528416,false,קורני חטיף דגנים עם בוטנים מתוק-מלוח*6,משה סידס ובנו בעמ,,קורני בייס סוויט אנד,גרמים,150.00,100 גרם,false,,10.90,0.0727,true,1,6217771
4011800567613,false,מאגדת קורני מילק דרק & ואיט 120 גרם,מיוצר עי קונדיטוריית,DE,קורני סנדוויץ שחור ולבן ע,גרמים,120.00,100 גרם,false,,10.90,0.0908,true,1,946133
4011800577810,false,מארז חטיפי קורני פרי נוגט 120 גרם,משה סידס ובנו בעמ,,קורני פרי נוגט 6*20,גרמים,120.00,100 גרם,false,,10.90,0.0908,true,1,6411770
4011800628512,false,חטיף קורני שוקולד חלב 6 יח 150 גר,מיוצר עי קונדיטוריית,DE,קורני עם שוקולד חלב - 1X6,גרמים,150.00,100 גרם,false,,10.90,0.0727,true,1,931999
4011800629519,false,"מארז חטיפי דגנים אגוזים ""קורני""",משה סידס ובנו בעמ,DE,קורני עם אגוזים 1X6,גרמים,150.00,100 גרם,false,,10.90,0.0727,true,1,928872
4011800630515,false,חטיף קורני שוקולד חלב ובננה 6 יח 150 גר,מיוצר עי קונדיטוריית,DE,קורני עם שוקולד חלב ובננה,גרמים,150.00,100 גרם,false,,10.90,0.0727,true,1,928873
4011800632519,false,חטיף קורני שישייה שוקולד חלבי וקוקוס,מיוצר עי קונדיטוריית,DE,קורני עם שוקולד חלב וקוקו,גרמים,150.00,100 גרם,false,,10.90,0.0727,true,1,928874
4011800633516,false,קורני בציפוי שוקולד מריר מעולה 6*23,משה סידס ובנו בעמ,DE,קורני עם שוקולד מריר מעול,גרמים,138.00,100 גרם,false,,10.90,0.0790,true,1,922239
4011800636517,false,קורני פרי שוקולד חלב מעולה ללא סוכר 6*1,מיוצר עי קונדיטוריית,DE,"קורני ""פרי ""עם שוקולד חלב",גרמים,120.00,100 גרם,false,,10.90,0.0908,true,1,922263
4013227013414,false,פינה קולדה סרפרז (700 מל),הכרם - משקאות חריפים בעמ,NL,פינה קולדה 70,מיליליטרים,750.00,"100 מ""ל",false,,39.90,0.0532,true,1,858178
4014388000213,false,"פחית בירה רדברגר 500 מ""ל",הכרם משקאות חריפים בעמ,,פחית בירה רדברגר 500,מיליליטרים,500.00,"100 מ""ל",false,,8.90,0.0178,true,1,5381073
4014400900217,false,בונבונריית מרסי מבחר ממתקי שוקולד 400 גרם,קריניציה ויטמינה אס,,בונבוניירה מרסי 400,גרמים,400.00,100 גרם,false,,39.90,0.0997,true,1,814631
4014400901191,false,בונבונריית מרסי מבחר ממתקי שוקולד 250 גרם,ליימן שליסל בע`מ,,בונבוניירה שוקולד מר,גרמים,250.00,100 גרם,false,,24.90,0.0996,true,1,814633
4014400901412,false,מרסי בונבוניירה שוק`מריר 250 גר כשלפ,ליימן שליסל בע`מ,,בונבוניירה שוקולד מר,גרמים,250.00,100 גרם,false,,24.90,0.0996,true,1,814635
4014400904277,false,סוכריות בטעם מנטה אייס פרש סטורק 425 גרם,ליימן שליסל בע`מ,,סוכריות בטעם מנטה אי,גרמים,425.00,100 גרם,false,,14.90,0.0351,true,1,814637
4014400904376,false,סוכריות טופי בטעם שוקולד סטורק 325 גרם,קריניציה ויטמינה אס,,סוכריות טופי בטעם שו,גרמים,325.00,100 גרם,false,,14.90,0.0458,true,1,814641
4014400904390,false,סוכריות טופי ממולא חלב סטורק 325 גרם,קריניציה ויטמינה אס,,סוכריות טופי ממולא ח,גרמים,325.00,100 גרם,false,,14.90,0.0458,true,1,814642
4014400910063,false,סוכריות חמאה וורטרס אורגינל (135 גרם),ליימן שליסל בע`מ,,סוכריות חמאה וורטרס,גרמים,135.00,100 גרם,false,,8.00,0.0593,true,1,814651
4014400913910,false,וורטרס אורגינל סוכריות חמאה ממולאות קרם קרמל בשקית,ליימן שליסל בע`מ,,סוכריות וורטרס אורגי,גרמים,125.00,100 גרם,false,,8.00,0.0640,true,1,963746
4014400914696,false,וורטרס אורגינל סוכריות ללא סוכר 80 גרם,ליימן שליסל בע`מ,,סוכריות וורטר ללא תו,גרמים,80.00,100 גרם,false,,7.90,0.0988,true,1,814659
4014400923711,false,בונבוניירה שוקולד אגוזים טופיפי 125 גרם,ליימן שליסל בע`מ,,בונבוניירה שוקולד אג,גרמים,125.00,100 גרם,false,,11.90,0.0952,true,1,2370551
4014400925319,false,וורטרס אורגינל פופקורן קרמל 140 גרם,ליימן שליסל בע`מ,,וורטר פופקורן קרמל,גרמים,140.00,100 גרם,false,,14.90,0.1064,true,1,6337454
4015000031394,false,"ספטיל - משחה להסרת כתמים 200 מ""ל",גורי שיווק בעמ,IL,ספטיל מסיר כתמים 200 גר',גרמים,200.00,100 גרם,false,,14.90,0.0745,true,1,803380
4015000615884,false,"פה - דאודורנט ספריי לאישה קריביין לימון 200 מ""ל",שוורצקופף והנקל,,דאודורנט ספריי פה בנ,מיליליטרים,200.00,"100 מ""ל",false,,9.90,0.0495,true,1,803442
4015000615921,false,"פה - דאודורנט ספריי לגבר ספורט 200 מ""ל",שוורצקופף והנקל,,דאודורנט ספריי פה -ס,מיליליטרים,200.00,"100 מ""ל",false,,9.90,0.0495,true,1,803445
4015000940955,false,שמפו גליס Gliss שיקום נזק קיצוני אולטימט ריפייר,שוורצקופף והנקל,,גליס שמפו לשיער פגום,מיליליטרים,400.00,"100 מ""ל",false,,12.90,0.0323,true,1,803468
4015000995122,false,"דאודורנט פה ספריי כח המשיכה 200 מ""ל",שוורצקופף והנקל,,דאו פה ספריי 200מל,מיליליטרים,200.00,"100 מ""ל",false,,9.90,0.0495,true,1,927436
4015000996204,false,"גליס שמפו אולטימט שמן אלקסייר 400 מ""ל",שוורצקופף והנקל,,שמפו גליס 400מל שמן,מיליליטרים,400.00,"100 מ""ל",false,,12.90,0.0323,true,1,858407
4015000996273,false,"גליס מרכך אולטימטיב שמן אלקסייר 400 מ""ל","הובי קוסמטיק, חברת ייצור",,"מרכך גליס שמן 400 מ""",מיליליטרים,400.00,"100 מ""ל",false,,12.90,0.0323,true,1,858408
4015000997430,false,פה דאודורנט ספריי אינויזיבל פאוור 200 מל,שוורצקופף והנקל,,דאו פה ספורט ספריי,מיליליטרים,200.00,"100 מ""ל",false,,9.90,0.0495,true,1,858409
4015001004168,false,"גליס - מרכך משקם אקספרס סרום שיקות עמוק 200 מ""ל",שוורצקוף,,גליס סרום מרכך משקם,מיליליטרים,200.00,"100 מ""ל",false,,24.90,0.1245,true,1,1049726
4015100204087,false,סאיוס ספריי לשיער סלון פלאקס 250מל,הנקל סוד בעמ,,סאיוס ספריי לשיער סל,מיליליטרים,250.00,"100 מ""ל",false,,29.90,0.1196,true,1,4973639
4015100438192,false,פאלטה - דלוקס קיט בלונד זהוב חם 8-65,שוורצקופף & הנקל דיסלדור,,פלאטה דלוקס קיט בלונ,יח',1.00,יח',false,,29.90,29.9000,true,1,6346583
4015400564034,false,מגן תחתון אולוויז מגה פק לונג פלוס 58 יחידות,דיפלומט מפיצים (1986) בע`מ,,אולוויז מגן תחתון לו,יח',58.00,יח',false,,16.90,0.2914,true,1,838290
4015400598329,false,תחבושות אולוויז קוואטרו נורמל פלוס 56 יחידות,דיפלומט מפיצים (1968) בעמ,,אולוויז קוואטרו נורמ,יח',56.00,יח',false,,29.90,0.5339,true,1,861371
4015400598381,false,תחבושות היגייניות אולטרה לונג - מארז קוואטרו 48 יח',דיפלומט מפיצים (1968) בעמ,,אולוויז קוואטרו לונג,יח',48.00,יח',false,,29.90,0.6229,true,1,861372
4015400695677,false,פמפרס בייבי דריי מידה 4+ 80 יח,פרוקטר & גמבל,,פמפרס בייבי דריי מיד,יח',1.00,יח',false,,64.90,64.9000,true,1,6433164
4015400695691,false,פמפרס בייבי דריי מידה 5 74 יח,פרוקטר & גמבל,,פמפרס בייבי דריי מיד,יח',1.00,יח',false,,64.90,64.9000,true,1,6433165
4015400731719,false,תחבושות היגייניות אולוויז יום ולילה Day & Night,דיפלומט מפיצים (1986) בע`מ,,אולוויז תחבושות וליו,יח',20.00,יח',false,,16.90,0.8450,true,1,1576199
4015400755487,false,תחבושות היגייניות אולוויז אולטרה לונג - 24 יח',דיפלומט מפיצים (1986) בע`מ,,אולוויז תחבושות סגול,יח',24.00,יח',false,,16.90,0.7042,true,1,1576202
4015600762742,false,שמפו יומיומי למניעת קשקשים הנוסחה הקלאסית,דיפלומט מפיצים (1986) בע`מ,,שמפו אנד שולדרס קלאס,מיליליטרים,500.00,"100 מ""ל",false,,17.90,0.0358,true,1,868265
4015600762780,false,שמפו וקונדישינר יומיומי למניעת קשקשים הנוסחה הקלאסית 2in1,דיפלומט מפיצים (1986) בע`מ,,שמפו אנד שולדרס 2ב1,מיליליטרים,500.00,"100 מ""ל",false,,17.90,0.0358,true,1,868266
4015600762902,false,"האד אנד שולדרס שמפו מנטול 500 מ""ל",דיפלומט מפיצים (1986) בע`מ,,שמפו האד אנד שולדרס,מיליליטרים,500.00,"100 מ""ל",false,,17.90,0.0358,true,1,877198
4015600762940,false,שמפו יומיומי למניעת קשקשים בניחוח תפוח,דיפלומט מפיצים (1986) בע`מ,,שמפו האד אנד שולדרס,מיליליטרים,500.00,"100 מ""ל",false,,17.90,0.0358,true,1,868269
4015600763022,false,שמפו יומיומי למניעת קשקשים לשיער יבש/פגום לשיער רך כמשי,דיפלומט מפיצים (1986) בע`מ,,שמפו האד אנד שולדרס,מיליליטרים,500.00,"100 מ""ל",false,,17.90,0.0358,true,1,868271
4015600810849,false,גילט דאו קליר גל 70 מל פאוור ראש,פרוקטר אנד גמבל,,דאודורנט ג'ילט קליר,מטרים,75.00,100 מ'ל,false,,14.90,0.1987,true,1,969394
4017100160110,false,בלזן גלילי וופל במילוי קרם בטעם שוקולד 75 גר',ליימן שליסל,,וופל קרמי שוקולד 75,גרמים,75.00,100 גרם,false,,7.90,0.1053,true,1,6269021
4017100160417,false,בלזן גלילי וופל במילוי קרם בטעם וניל 75 גר',ליימן שליסל בע`מ,,וופלקרמי וניל 75 גר,גרמים,75.00,100 גרם,false,,6.90,0.0920,true,1,6269022
4017100198151,false,בלזן היט ביסקוויט עם מלית קרם בטעם וניל (41%) 220 גרם,הדקלאים אגודת שיתופי,,עוגיות היט 220 ג,גרמים,220.00,100 גרם,false,,7.90,0.0359,true,1,1039768
4017100210105,false,וופל מגולגל מצופה שוקולד מריר בלזן 100 גרם,הדקלאים אגודת שיתופי,,וופלטן מריר 100גר,גרמים,100.00,100 גרם,false,,10.50,0.1050,true,1,1041722
4017100216800,false,בלזן וופל מיניס מצופה שוקולד חלב 100 גרם,בלזן פולסקה,,וופל מיניס פריך מצופ,גרמים,100.00,100 גרם,false,,7.90,0.0790,true,1,895636
4017100219900,false,בלזן וופלטן וופל מגולגל מצופה שוקולד חלב 100 גרם,הדקלאים אגודת שיתופי,,גליליות וופל חלב וופ,גרמים,100.00,100 גרם,false,,10.90,0.1090,true,1,810459
4017100290008,false,בלזן בסקויט חמאה מצופה שוקולד חלב 125 גרם,הדקלאים אגודת שיתופי,,ביסקוויט מצופה שוקול,גרמים,125.00,100 גרם,false,,10.90,0.0872,true,1,810461
4017100290503,false,ביסקוויט מצופה שוקולד בטעם תפוז בלזן 125 גרם,ליימן שליסל בע`מ,,בלזן בסקויט מצופה שו,גרמים,125.00,100 גרם,false,,10.90,0.0872,true,1,6442590
4017100291005,false,בלזן לייבניז בסקויט חמאה מצופה שוקולד מריר 125 גרם,הדקלאים אגודת שיתופי,,ביסקוויט מצופה שוקול,גרמים,125.00,100 גרם,false,,10.90,0.0872,true,1,810462
4017100366239,false,עוגיות ביסקוויט סנדוויץ ממולא קרם בטעם שוקולד,ליימן שליסל בעמ,,ליבניץ אנד קרים 190,גרמים,190.00,100 גרם,false,,7.90,0.0416,true,1,5893425
4018344564641,false,פילה הרינג ברוטב חרדל ושמיר לארסן 200 גר,,,לרסן פילה הרינג ברוט,גרמים,200.00,100 גרם,false,,9.50,0.0475,true,1,6466975
4018722102656,false,ספגטי כוסמין אורגני 500 גרם,נטורפוד בעמ,,ספגטי כוסמין אורגניו,גרמים,500.00,100 גרם,false,,15.90,0.0318,true,1,4404808
4018722343141,false,אלב גולד פנה כוסמין אורגני נייר,נטורפוד בעמ,,אלב גולד פנה כוסמין,גרמים,500.00,100 גרם,false,,19.90,0.0398,true,1,6415775
4018722343158,false,אלב גולד פוזילי כוסמין אורגני,אלב גולד,,אלב גולד פוזילי כוסמ,גרמים,500.00,100 גרם,false,,19.90,0.0398,true,1,6415776
4022025001905,false,"יין בלו ווין מבעבע זהב כשר 750מ""ל",היכל היין שקד גולן בעמ,,בלו מבעבע זהב כשר,מיליליטרים,750.00,"100 מ""ל",false,,49.90,0.0665,true,1,5334596
4022025002100,false,יין בלו ווין מבעבע רוזה כשר 750 מל,היכל היין שקד גולן בעמ,,בלו מבעבע רוזה כשר,מיליליטרים,750.00,"100 מ""ל",false,,49.90,0.0665,true,1,5943532
4022025261002,false,"בלו ווין גוורצטרמינר כשר 750 מ""ל",היכל היין שקד גולן בעמ,,"בלו וויין 750 מ""ל",מיליליטרים,750.00,"100 מ""ל",false,,44.90,0.0599,true,1,2938540
4045787068221,false,"אינדולה - פרוטאין צבע 1 שחור 60 מ""ל",שוורצקופף והנקל,,פרוטאין קולור 1 שחור,מטרים,60.00,100 מ'ל,false,,15.90,0.2650,true,1,803515
4045787068238,false,צבע לשיער פרוטאין קולור- 10 בלונד בהיר מאוד,שוורצקופף והנקל,,פרוטאין קולור 10 בלו,מטרים,60.00,100 מ'ל,false,,15.90,0.2650,true,1,803516
4045787068245,false,צבע לשיער פרוטאין קולור- 1000.0 אקסטרה בלונד,שוורצקופף והנקל,,פרוטאין קולור 1000.0,מטרים,60.00,100 מ'ל,false,,15.90,0.2650,true,1,803517
4045787068283,false,"אינדולה - פרוטאין צבע 1-1 שחור כחול 60 מ""ל",הנקל סוד בעמ,,פרוטאין קולור 1.1 שח,מטרים,60.00,100 מ'ל,false,,15.90,0.2650,true,1,803519
4045787068290,false,"אינדולה - פרוטאין צבע 3 חום שחור 60 מ""ל",שוורצקופף והנקל,,פרוטאין קולור 3 חום,מטרים,60.00,100 מ'ל,false,,15.90,0.2650,true,1,803520
4045787068306,false,"אינדולה - פרוטאין צבע 4 חום כהה 60 מ""ל",שוורצקופף והנקל,,פרוטאין קולור מס4,מטרים,100.00,100 מ'ל,false,,15.90,0.1590,true,1,803521
4045787068337,false,"אינדולה - פרוטאין 5-35 חום שקד 60 מ""ל",אינדולה Indola,,פרוטאין קולור 5.35 א,מטרים,60.00,100 מ'ל,false,,15.90,0.2650,true,1,803524
4045787068344,false,"אינדולה - פרוטאין צבע 5-4 ערמונים 60 מ""ל",אינדולה Indola,,פרוטאין קולור 5.4 ער,מטרים,60.00,100 מ'ל,false,,15.90,0.2650,true,1,803525
4045787068351,false,צבע לשיער פרוטאין קולור- 5.56 בורדו קטיפה,אינדולה Indola,,פרוטאין קולור 5.56 ב,מטרים,60.00,100 מ'ל,false,,15.90,0.2650,true,1,803526
4045787068375,false,"אינדולה - פרוטאין צבע 6 בלונד כהה 60 מ""ל",שוורצקופף והנקל,,פרוטאין קולור 6 בלונ,מטרים,60.00,100 מ'ל,false,,15.90,0.2650,true,1,803528
4045787068405,false,"צבע לשיער אינדולה פרוטאין חום שקד 6-23 60 מ""ל",אינדולה Indola,,פרוטאין קולור 6.23 ח,מטרים,60.00,100 מ'ל,false,,15.90,0.2650,true,1,803530
4045787068436,false,צבע לשיער פרוטאין קולור- 6.46 נחושת אדומה,אינדולה Indola,,פרוטאין קולור 6.46 נ,מטרים,60.00,100 מ'ל,false,,15.90,0.2650,true,1,803533
4045787068467,false,"אינדולה - פרוטאין צבע 7 בלונד בינוני 60 מ""ל",שוורצקופף והנקל,,פרוטאין קולור 7 בלונ,מטרים,60.00,100 מ'ל,false,,15.90,0.2650,true,1,803536
4045787068498,false,"אינדולה - פרוטאין צבע 7-3 דבש 60 מ""ל",שוורצקופף והנקל,,פרוטאין קולור 7.3 דב,מטרים,60.00,100 מ'ל,false,,15.90,0.2650,true,1,803538
4045787068504,false,"אינדולה - פרוטאין צבע 7-35 פקאן 60 מ""ל",שוורצקופף והנקל,,פרוטאין קולור 7.35 פ,מטרים,60.00,100 מ'ל,false,,15.90,0.2650,true,1,803539
4045787068535,false,צבע לשיער פרוטאין קולור- 7.66 אדום זוהר,אינדולה Indola,,פרוטאין קולור 7.66 א,מטרים,60.00,100 מ'ל,false,,15.90,0.2650,true,1,803541
4045787068542,false,"אינדולה - פרוטאין צבע 8 בלונד בהיר 60 מ""ל",שוורצקופף והנקל,,פרוטאין קולור 8 בלונ,מטרים,60.00,100 מ'ל,false,,15.90,0.2650,true,1,803542
4045787068566,false,"אינדולה - פרוטאין צבע 8-3 בלונד שמש 60 מ""ל",אינדולה Indola,,פרוטאין קולור 8.3 בל,מטרים,60.00,100 מ'ל,false,,15.90,0.2650,true,1,803544
4045787068610,false,"אינדולה - פרוטאין צבע 9 בלונד טבעי 60 מ""ל",שוורצקופף והנקל,,פרוטאין קולור 9 בלונ,מטרים,60.00,100 מ'ל,false,,15.90,0.2650,true,1,803547
4053700288205,false,"וייט קרם להסרת שיער לעור רגיש 100 מ""ל",רקיט בנקיזר (ניר איסט) בעמ,FR,Veet Sensitive Skin 100ml,מטרים,100.00,100 מ'ל,false,,19.90,0.1990,true,1,821439
4053700292455,false,ויט רצועות שעווה מוכנות להסרת שיער לעור רגיל 12 יחידות,רקיט בנקיזר (ניר איסט) בעמ,FR,Veet CWS Regular Skin Mis,יח',12.00,יח',false,,19.90,1.6583,true,1,821440
4056800943791,false,קרם חמצן וולוקסון Welloxon 9%,דיפלומט מפיצים (1986) בע`מ,,קרם חמצן וולוקסון 9%,100 מל,60.00,100 מל,false,,3.90,0.0650,true,1,820963
4061445096702,false,קפה דוידוף מגורען 100 גר FINE AROMA,"טשיבו, אספי.זד.או.או",,דוידוף פיין ארומה 10,גרמים,100.00,100 גרם,false,,22.90,0.2290,true,1,6494306
4066600999614,false,"בירה פאולנר, בירת חיטה מעוננת, בקבוק 500 מ""ל",טמפו משקאות בע`מ,,פאולנר 500 מל,מיליליטרים,500.00,"100 מ""ל",false,,10.90,0.0218,true,1,2461280
4084500088917,false,נוזל לניקוי כלים לימון פיירי (650 מל),דיפלומט מפיצים (1986) בע`מ,,נוזל כלים פיירי לימו,מיליליטרים,650.00,"100 מ""ל",false,,10.90,0.0168,true,1,1086669
4084500371453,false,"אבקת כביסה טייד אלפיין 8 ק""ג",דיפלומט מפיצים (1968) בעמ,,אבקת כביסה טייד אלפי,קילוגרמים,8.00,"ק""ג",false,,39.80,4.9750,true,1,991518
4084500853836,false,"נוזל כלים פיירי ורדים ומשי 515 מ""ל בד""צ",דיפלומט מפיצים (1986) בע`מ,,נוזל כלים פיירי ורדי,מיליליטרים,515.00,"100 מ""ל",false,,8.90,0.0173,true,1,1086673
4084500853898,false,"נוזל כלים פיירי אלוורה ומלפפונים 515 מ""ל בד""צ",דיפלומט מפיצים (1986) בע`מ,,נוזל כלים פיירי אלוו,מיליליטרים,515.00,"100 מ""ל",false,,8.90,0.0173,true,1,1086674
4100130937163,false,בירה בקס שישייה 6*275 מל,הכרם -משקאות חריפים בע`מ,,"בירה בקס 6* 275 מ""ל",מיליליטרים,275.00,"100 מ""ל",false,,24.90,0.0905,true,1,2466517
4100470106700,false,חומץ תפוחים אורגני-נטורפוד.,נטורפוד בעמ,,חומץ תפוח אורגני,מיליליטרים,750.00,"100 מ""ל",false,,20.00,0.0267,true,1,5869010
4105120623941,false,"בירה ויינשטפן בק' ח""פ 500 מ""ל",החברה המרכזית להפצת משקאות בעמ,,ויינשטפן 500 מל,מיליליטרים,500.00,"100 מ""ל",false,,11.20,0.0224,true,1,3101439
4260334140605,false,שוקולד ג'נדויה טבעוני עם אגוזי לוז שלמים 150 גרם ללא גלוטן,האי נאם סי או אל.טי.,,שוקולד טבעוני ואגוזי,גרמים,150.00,100 גרם,false,,19.50,0.1300,true,1,6324968
4424328310089,false,פחית משקה אנרגיה ורסצ'ה 250 מל,,,פחית משקה אנרגיה ורס,מטרים,250.00,100 מ'ל,false,,3.80,0.0152,true,1,6451020
4565451102117,false,פלטה בישול יחיד קרמית BENATON BT-1021,,,פלטה בישול יחיד קרמי,יח',1.00,יח',false,,199.90,199.9000,true,1,5139645
4600659010854,false,וודקה סטוליצ`יניה (700 מל),הכרם -משקאות חריפים בע`מ,LV,"סטוליצ'ניה פרימיום 70 ס""ל",מיליליטרים,700.00,"100 מ""ל",false,,59.90,0.0856,true,1,815439
4600659011059,false,וודקה סטולי פרימיום 1 ליטר,הכרם - משקאות חריפים בעמ,LV,סטוליצ'ניה פרימיום ליטר ל,ליטרים,1.00,ליטר,false,,79.90,79.9000,true,1,1020267
4604248000349,false,רוטב בטעם מיונז פרובנסל מחייב 380 גרם,דולינה טרייד בעמ,,רוטב לסלט מחייב פרוב,גרמים,380.00,100 גרם,false,,11.90,0.0313,true,1,6388114
4604248000554,false,מיונז מאחייב פרובנסל 50.5% 800 גרם,דולינה טרייד בעמ,,מיונז פרובנסל 800 גר,גרמים,800.00,100 גרם,false,,18.90,0.0236,true,1,6388115
4604248000844,false,רוטב בטעם מיונז עם שמן זית 380 גרם,אסן פרודקשן,,מיונז מחייב עם שמן ז,גרמים,380.00,100 גרם,false,,11.90,0.0313,true,1,6388116
4604248003517,false,"חרדל""רוסקיה"" 140 גרם",דולינה טרייד בעמ,,חרדל 140ג,גרמים,140.00,100 גרם,false,,5.50,0.0393,true,1,6388085
4607012351005,false,גרעיני חמניות מרטין ללא מלח 200 גרם,"נארז ע""י : א.ג. גילר",,גרעיני חמניות קלויים,גרמים,215.00,100 גרם,false,,12.90,0.0600,true,1,6294401
4640018993343,false,פיניש קוואנטום קפסולות ג'ל למדיח כלים 30 יח',רקיט בנקיזר (ניר איסט) בעמ,,פיניש קואנטום 30קפ ש,יח',1.00,יח',false,,34.90,34.9000,true,1,6293000
4640018993350,false,פיניש קוואנטום קפסולות ג'ל למדיח כלים לימון 30 יח',רקיט בנקיזר (ניר איסט) בעמ,,פיניש קואנטום 30קפ ש,יח',1.00,יח',false,,39.80,39.8000,true,1,6293001
4640018993398,false,פיניש קוואנטום 60 יח' קפסולות ג'ל למדיח כלים,רקיט בנקיזר (ניר איסט) בעמ,,פיניש קואנטום 60יח ש,יח',1.00,יח',false,,58.90,58.9000,true,1,6289665
4710068001692,false,מאסטר קפה בטעם לאטה בפחית 240מ`ל,תאיט מרקטינג אנד דיסטריב,,מאסטר קפה לאטה פחית,מיליליטרים,240.00,"100 מ""ל",false,,5.90,0.0246,true,1,2121016
4710068001715,false,משקה בטעם טירמיסו מאסטר קפה (240 מל),יוני פרזינדנט אנטרפר,,מאסטר קפה טירמיסו 24,מיליליטרים,240.00,"100 מ""ל",false,,5.90,0.0246,true,1,2121017
4710068001739,false,מאסטר קפה בטעם קולומביאני בפחית 240מ`ל,יוני פרזינדנט אנטרפר,,מאסטר קפה קולומביאני,מיליליטרים,240.00,"100 מ""ל",false,,5.90,0.0246,true,1,2121018
4710068002798,false,מאסטר קפה בטעם וניל בפחית 240מ`ל,מאיטה פוד אינדוסטריאל קו,,מאסטר קפה וונילה פחי,יח',1.00,יח',false,,5.90,5.9000,true,1,5802327
4710964104916,false,"שמן שומשום טהור 370 מ""ל (כ)",מזרח ומערב יבוא ושיווק,,שמן שומשום טהור 370,מיליליטרים,370.00,"100 מ""ל",false,,19.90,0.0538,true,1,967018
4710964170799,false,שומשום שחור קלוי 91 גרם,מזרח ומערב יבוא ושיווק,,שומשום שחור קלוי 91,גרמים,91.00,100 גרם,false,,16.40,0.1802,true,1,817973
4740098098331,false,"קוקטייל בלו לגון אה לה קוק 330 מ""ל",אה לי קוק,,קוקטייל בלו לגון אה,מטרים,330.00,100 מ'ל,false,,9.90,0.0300,true,1,6463955
4740098098379,false,"קוקטייל מרגריטה אה לה קוק 330 מ""ל",אה לי קוק,,קוקטייל מרגריטה,מיליליטרים,620.00,"100 מ""ל",false,,9.90,0.0160,true,1,6445163
4740098098393,false,"קוקטייל און דה ביץ אה לה קוק 330 מ""ל",אה לי קוק,,קוקטייל סאן און דה ב,מיליליטרים,620.00,"100 מ""ל",false,,9.90,0.0160,true,1,6445165
4750142002719,false,"בירה בירה לא מסוננת צסו יורמלה 500 מ""ל","""cesu alus""",,בירה צ'סו יורמלה לא,מטרים,500.00,100 מ'ל,false,,6.80,0.0136,true,1,6453810
4750142003426,false,"בירה פילסנר פחית 500 מ""ל אקסטרה",צ'סו אלוס,,בירה פילסנר פחית 500,מטרים,500.00,100 מ'ל,false,,6.80,0.0136,true,1,6426226
4750142005000,false,"בירה כהה בוהמיין צסו 568 מ""ל","""cesu alus""",,בירה צ'סו כהה,מיליליטרים,568.00,"100 מ""ל",false,,8.50,0.0150,true,1,6461941
4750142016518,false,בירה צסו לא מסוננת 5.4% 568 מל,מנדלז סי.אר. פרודקשן,,בירה צ'סו לא מסונן,מיליליטרים,500.00,"100 מ""ל",false,,8.50,0.0170,true,1,6294407
4750142021505,false,"בירה PILSENER בהירה 4.7% פחית 500 מ""ל",צ'סו אלוס,,בירה פילזנר צ'סו,מיליליטרים,500.00,"100 מ""ל",false,,6.80,0.0136,true,1,6294408
4750616000258,false,שפרוטים גדולים מעושנים בשמן צמחי,בריויאס וילניוס,,דגי שפרוטים גדולים מ,גרמים,215.00,100 גרם,false,,7.90,0.0367,true,1,6294375
4750616000593,false,דגי שפרוטים גדולים מעושנים,בריויאס וילניוס,,דגי שפרוטים גדולים מ,גרמים,215.00,100 גרם,false,,7.90,0.0367,true,1,6294376
4750616001194,false,שפרוטים מעושנים ריגה 240 גרם פ.ק,בריויאס וילניוס,,דגי שפרוטים גדולים מ,גרמים,215.00,100 גרם,false,,7.90,0.0367,true,1,6294377
4750616001651,false,דגי שיפרוט גדולים מעושנים בשמן צמחי,בריויאס וילניוס,,דגי שפרוטים גדולים מ,גרמים,215.00,100 גרם,false,,7.90,0.0367,true,1,6294409
4750616006564,false,סרדינים על הגריל בשמן זית 190 גר,,,סרדינים על הגריל בשמ,יח',1.00,יח',false,,10.90,10.9000,true,1,6383780
4750616006571,false,סרדינים על הגריל בשמן זית עם צילי 190 ג,,,סרדינים על הגריל בשמ,גרמים,190.00,100 גרם,false,,10.90,0.0574,true,1,6453781
4750616006588,false,סרדינים על הגריל עם לימון בשמן זית 190 ג,,,סרדינים על הגריל עם,יח',1.00,יח',false,,10.90,10.9000,true,1,6383781
4751007738095,false,סלט סלמון וירקות מקסיקני לארסן 220 גרם,ס.י.א קרבלה,,לרסן סלט סלמון מקסיק,גרמים,220.00,100 גרם,false,,11.50,0.0523,true,1,6466977
4751007738101,false,סלט סלמון וירקות איטלקי לארסן 220 גרם,ס.י.א קרבלה,,לרסן סלט סלמון איטלק,גרמים,220.00,100 גרם,false,,11.50,0.0523,true,1,6467010
4770577201204,false,"סלק מבושל בוואקום 1 ק""ג",,,סלק מבושל בוואקום 1,קילוגרמים,1.00,"ק""ג",false,,9.90,9.9000,true,1,5002826
4796019790020,false,שמן קוקוס אורגני כבישה קרה גרין קוקו 500,נטורפוד בעמ,,שמן קוקוס אורגני 500,מיליליטרים,500.00,"100 מ""ל",false,,27.80,0.0556,true,1,4404810
4796019790037,false,שמן קוקוס אורגני כבישה קרה גרין קוקו 1 ל,נטורפוד בעמ,,שמן קוקוס אורגני 1 ל,ליטרים,1.00,ליטר,false,,49.90,49.9000,true,1,3604091
4800888150080,false,"דאב - דאודורנט רול און לאישה פרש טאצ' מלפפונים 50 מ""ל",יוניליוור ישראל שיווק בע`מ,,דאב רולאון דאודורנט,מטרים,50.00,100 מ'ל,false,,14.90,0.2980,true,1,847968
4800888209368,false,רקסונה - דאודורנט סטיק לגבר אקסטרא קול 50 גרם,"יוניליוור ישראלשיווק בע""מ",,רקסונה דאודורנט סטיק,יח',1.00,יח',false,,9.90,9.9000,true,1,6301741
4800888219510,false,דאב - דאודורנט סטיק לאישה פרש מלפפונים 50 גרם,"יוניליוור ישראל שיווק בע""מ",,דאב סטיק מלפפון ותה,גרמים,50.00,100 גרם,false,,14.90,0.2980,true,1,6387982
4800888219534,false,דאב - דאודורנט סטיק לאישה אנטי פרספירמט 50 גרם,יוניליוור ישראל שיווק בע`מ,,דאב סטיק נשים אורגינ,גרמים,50.00,100 גרם,false,,14.90,0.2980,true,1,6382775
4820034925546,false,"בירה לאגר צאזז לייט בקבוק 500 מ""ל -בודד",בני פאוזי שמשום (2009) בעמ,,בירה לאגר צאזז לייט,מטרים,500.00,100 מ'ל,false,,3.90,0.0078,true,1,6443724
4820043010585,false,"שמן פשתן סחיטה קרה 350 מ""ל גולדן",דולינה טרייד בעמ,,שמן פשתן סחיטה קרה 3,מטרים,350.00,100 מ'ל,false,,28.90,0.0826,true,1,6466948
4820163123431,false,וודקה חורטיצה וייט ג,,,וודקה חורטיצה וייט ג,מיליליטרים,700.00,"100 מ""ל",false,,64.90,0.0927,true,1,6284809
4820181420444,false,וודקה נמירוף דליקט 7,,,וודקה נמירוף דליקט 7,מיליליטרים,700.00,"100 מ""ל",false,,49.90,0.0713,true,1,4720976
4820229031281,false,"וודקה חורטיצה קלאסיק 700 מ""ל",,,וודקה חורטיצה קחאסיק,מיליליטרים,700.00,"100 מ""ל",false,,54.90,0.0784,true,1,6358521
4820229031311,false,"וודקה חורטיצה פלטניום 700 מ""ל.",אוקראיניאן דיסטריביו,,חורטיצה פלטינום 700,מיליליטרים,700.00,"100 מ""ל",false,,54.90,0.0784,true,1,6336221
4820229031328,false,חורטיצה פלטינום 1000 מל,,,חורטיצה פלטינום 1000,ליטרים,1.00,ליטר,false,,79.90,79.9000,true,1,6325790
4860009000014,false,מיץ רימונים 100% סחוט ללא תוספת סוכר,תומר ייבוא ושיווק מוצרי מזון [,,מיץ רימונים 100% 1 ל,ליטרים,1.00,ליטר,false,,15.90,15.9000,true,1,803903
4891228308032,false,שיק סכינים גילוח אינטואישן ידית + 5,ארץ ייצור סכינים: ארהבn\,,שיק אינטואישן אישה י,יח',1.00,יח',false,,59.90,59.9000,true,1,6294452
4891228308049,false,שיק היידרו גבר מארז סנס ידית +7 סכינים,ארץ ייצור סכינים: ארהבn\,,שיק היידרו גבר סנס י,יח',1.00,יח',false,,59.90,59.9000,true,1,6294453
4891228430030,false,סכיני גילוח שיק אקזקטה 2 לעור רגיש ירוק 5 יח',אנרג'יזר Energizer,,סכיני גילוח שיק נשים,יח',5.00,יח',false,,9.90,1.9800,true,1,1117995
4891228430054,false,סכיני גילוח לנשים שיק אקזקטה 2 5 יח,שיק,,סכיני גילוח שיק נשים,יח',5.00,יח',false,,9.90,1.9800,true,1,1117996
4891228430061,false,סכיני גילוח שיק אקזקטה 2 לנשים ורוד 10 יח',הנסיך- מפעל לייצור ט,,סכיני גילוח לנשים עם,יח',10.00,יח',false,,23.90,2.3900,true,1,804623
4891228430085,false,סכיני גילוח שיק אקסטרים קומפורט לגבר 3 להבים 4 יחידות,אנרג'יזר Energizer,,סכין גילוח שיק אקסטר,יח',4.00,יח',false,,14.90,3.7250,true,1,804624
4891228430092,false,סכיני גילוח שיק אקסטרים קומפורט לנשים 3 להבים 4 יחידות,אנרג'יזר Energizer,,סכיני גילוח לנשים שי,יח',4.00,יח',false,,14.90,3.7250,true,1,804625
4903001904192,false,"רוטב סויה יאמאסה פרימיום 500מ""ל",הדקלאים אגודת שיתופי,,רוטב סויה יאמסה 500,מיליליטרים,500.00,"100 מ""ל",false,,17.50,0.0350,true,1,814671
4903001904208,false,רוטב סויה יאמאסה פרימיום 1 ליטר,הדקלאים אגודת שיתופי,,רוטב סויה פרימיום יא,ליטרים,1.00,ליטר,false,,31.90,31.9000,true,1,814672
4903001925784,false,"רוטב סויה יאמאסה דל מלח 500מ""ל פרימיום",הדקלאים אגודת שיתופי,,רוטב סויה יאמאסה פרי,מיליליטרים,500.00,"100 מ""ל",false,,17.50,0.0350,true,1,980370
4978094999219,false,מחית סויה לבנה שירו מיסו 500 גרם,Qingdao Sun-growing,,מחית סויה לבנה-שירו,גרמים,500.00,100 גרם,false,,13.90,0.0278,true,1,833523
5000127163195,false,דגני בוקר קלוגס ספיישל קיי 500גרם,חברת קלוגס בריטניה,,דגני בוקר קלוגס ספיי,גרמים,500.00,100 גרם,false,,24.90,0.0498,true,1,804635
5000146980322,false,קרם להסרת שיער לעור רגיל מועשר בחלב לוטוס ויסמין,רקיט בנקיזר (ניר איסט) בעמ,FR,Veet Creams Normal Skin 1,מטרים,100.00,100 מ'ל,false,,19.90,0.1990,true,1,821453
5000157143365,false,מתבל בטעם מיונז וקטשופ היינץ 425 גרם,דיפלומט מפיצים (1968) בעמ**,,רוטב טעם מיונז וקטשו,מיליליטרים,425.00,"100 מ""ל",false,,14.90,0.0351,true,1,6269554
5000159020312,false,מלטיזרס אריזה קטנה 37 גרם,"מרס ריגלי ישראל בע""מ",,מלטיזרס חטיף 37 גרם,גרמים,37.00,100 גרם,false,,4.90,0.1324,true,1,810469
5000159376655,false,סוכריות SKITTLES פירות קטן 38 גרם אדום,"מרס ריגלי ישראל בע""מ",,סקיטלס סוכריות פירות,גרמים,38.00,100 גרם,false,,2.90,0.0763,true,1,848505
5000159376792,false,סוכריות סקיטלס Skittles פירות חמוצים,"מרס ריגלי ישראל בע""מ",,סקיטלס סוכריות חמוץ,גרמים,38.00,100 גרם,false,,2.90,0.0763,true,1,848506
5000159407236,false,מרס חטיף שוקולד עם קרמל 51 גרם,"מרס ריגלי ישראל בע""מ",,חטיף מרס שוקולד עם ק,גרמים,51.00,100 גרם,false,,3.90,0.0765,true,1,810476
5000159409179,false,מארז סניקרס/מיניס משפחתי 403 גר,"מרס ריגלי ישראל בע""מ",,שקית מיני גדולה סניק,גרמים,403.00,100 גרם,false,,19.90,0.0494,true,1,927439
5000159414197,false,מלטיזרס-כדורים פריכים בציפוי שוולד חלב 135 גרם,מרס שוקולד צ.אמריקה,,מלטיזרס 135 גר,גרמים,135.00,100 גרם,false,,9.90,0.0733,true,1,6448083
5000159442572,false,טויקס חטיף שוקולד מארז 403 גרם,"מרס ריגלי ישראל בע""מ",,שקית מיני גדולה טווי,גרמים,403.00,100 גרם,false,,19.90,0.0494,true,1,927440
5000159452540,false,סניקרס חטיף שוקולד עם בוטנים חמישייה ברי,"מרס ריגלי ישראל בע""מ",,מארז חמישייה סניקרס,גרמים,250.00,100 גרם,false,,9.90,0.0396,true,1,6294374
5000159452977,false,מיקס שקית מיניס 400 גרם מרס-באונטי-טוויק,"מרס ריגלי ישראל בע""מ",,שקית מיני גדולה מרס,גרמים,400.00,100 גרם,false,,19.90,0.0497,true,1,927441
5000159536400,false,טוויקס סטיקס 99 קלוריות ליחידה 10 יח,מרס ריגלי ישראל בעמ,,טוויקס סטיקס 200 גר,גרמים,200.00,100 גרם,false,,13.90,0.0695,true,1,6383775
5000159538626,false,טוויקס מארז חטיף 50 גרם חמישייה,"מרס ריגלי ישראל בע""מ",,מאגדת טוויקס חמישייה,יח',1.00,יח',false,,9.90,9.9000,true,1,6378021
5000159538640,false,באונטי מארז חטיף 57 גרם חמישייה,"מרס ריגלי ישראל בע""מ",,מאגדת באונטי חמישייה,יח',1.00,יח',false,,9.90,9.9000,true,1,6378022
5000168199245,false,שוקולד חלב מעולה בתוספת קרמל מלוח פיור גודייבה 90 ג',"אולקר מקבוצת פלאדיס, ציק",,גודייבה שוקולד חלב ק,יח',1.00,יח',false,,14.90,14.9000,true,1,5205299
5000204115048,false,גלייד ארוסול מבשם אוויר בניחוח לבנדר,"אס.סי ג'\ונסון,מידרכט, ה",,גלייד ארוסול בניחוח,מיליליטרים,300.00,"100 מ""ל",false,,7.90,0.0263,true,1,6186224
5000204133509,false,זיפלוק שקיות אחסון גדולות 19 יחידות,אס.סי.גונסון ובניו,,זיפלוק שקיות אחסון ג,יח',1.00,יח',false,,12.90,12.9000,true,1,6336652
5000204153842,false,גלייד ספריי אוטומטי מילוי (מילוי בניחוח,קוסטר אירוסול ואלף סאן,,גלייד מילוי אוטומטי,מיליליטרים,269.00,"100 מ""ל",false,,13.90,0.0517,true,1,6317617
5000204153903,false,מטהר אוויר גלייד מילוי אוטומטי מרכך כביסה,"קוסטר אירוסול ואלף סאן,",TR,גלייד מילוי אוטומטי מרכך,מיליליטרים,269.00,"100 מ""ל",false,,13.90,0.0517,true,1,6317919
5000204196924,false,"נוזל מילוי 60 לילות זוג 36*2 מ""ל",גונסון שנגחאי,,רייד מילוי נוזל *זוג,יח',1.00,יח',false,,29.90,29.9000,true,1,6369405
5000204243000,false,"נוזל לאסלה אפרסק על חלל 750 מ""ל דאק",טואלט דאק (ג'ונסון),,דאק נוזל אפרסק 750 מ,יח',1.00,יח',false,,8.90,8.9000,true,1,6432541
5000204254587,false,סבון מוצק לאסלהאפרסק על חלל 38.6 ג' דאק,דאופלור אס.פי.אי כונ,,דאק סבון מוצק לאסלה,יח',1.00,יח',false,,8.90,8.9000,true,1,6432543
5000204254617,false,סבון מוצק לאסלה ירח פורח 38.6 ג' דאק,דאופלור אס.פי.אי כונ,,דאק סבון מוצק לאסלה,יח',1.00,יח',false,,8.90,8.9000,true,1,6432544
5000394002272,false,דורסל סימפלי שמניות AA,,,דורסל סימפלי שמניות,יח',8.00,יח',false,,17.90,2.2375,true,1,4544734
5000396037531,false,מקוויטיס ביסקוויט מצופה שוקולד חלב 200 גרם,תה ויסוצקי (ישראל)בעמ,,מקוויטיס ביסקוויט מצ,גרמים,200.00,100 גרם,false,,10.90,0.0545,true,1,3315339
5000396037548,false,מקוויטיס ביסקוויט מצופה שוקולד מריר 200 גרם,תה ויסוצקי (ישראל)בעמ,,מקוויטיס ביסקוויט מצ,גרמים,200.00,100 גרם,false,,10.90,0.0545,true,1,3315340
5000396037944,false,מקוויטיס ביסקוויט אורגינל 250 גרם,תה ויסוצקי (ישראל)בעמ,,מקוויטיס ביסקוויט קל,גרמים,250.00,100 גרם,false,,9.90,0.0396,true,1,3315318
5010026515919,false,מוזלי קריספי נאטי מורנפלייק 650 גרם,מורנפלייק Mornflake,,מוזלי קריספי נאטי 65,גרמים,650.00,100 גרם,false,,23.90,0.0368,true,1,6369111
5010026515933,false,מוזלי קריספי פירות ואגוזים מורנפלייק 750 גרם,מורנינג פוד,,מוזלי קריספי פירות ו,גרמים,750.00,100 גרם,false,,23.90,0.0319,true,1,6369137
5010026515940,false,מורנפלייק מוזלי פרוטי 750 גרם,מורנפלייק Mornflake,,מורנפלייק מוזלי פרוט,גרמים,750.00,100 גרם,false,,23.90,0.0319,true,1,6437442
5010029221084,false,דגני וויטביקס פרוטאין קראנץ' בטעם מקורי,טרופיקל דגיל תעשיות,,דגני בוקר וויטביקס פ,גרמים,450.00,100 גרם,false,,24.90,0.0553,true,1,4009407
5010067322453,false,טרוביה תחליף אבקת סוכר 280 גרם,גורי ע.ע.ע. בעמ,,טרוביה תחליף אבקת סו,גרמים,280.00,100 גרם,false,,34.90,0.1246,true,1,6448735
5010182996799,false,ג'ל אסלה מנטרל ריחות בניחוח פרחי בר ורודים,דאופלור אס.פי.אי איט,IT,דאק ג'ל אסלה פרחי בר ורוד,מטרים,55.00,100 מ'ל,false,,9.90,0.1800,true,1,830114
5010182997253,false,רייד תרסיס קוטל ג'וקים/תיקנים 300 מל,אס.סי.ג'ונסון מידרכט,NL,"RAIDקוטל ג'וקים 300מ""ל",מיליליטרים,300.00,"100 מ""ל",false,,13.90,0.0463,true,1,830116
5010182997338,false,דאק ג'ל לניקוי אסלות בניחוח רענן 55 מל,"איטיליאן פוד, אס.פי.",IT,ט.ד ג'ל אסלה ניחוח רענן י,100 מל,55.00,100 מל,false,,9.90,0.1800,true,1,830117
5010182997680,false,"ארוסול-קוטל זוחלים אדום 400 מ""ל",אס.סי.ג'ונסון מידרכט,NL,"RAIDקוטל נמלים 300מ""ל",מיליליטרים,300.00,"100 מ""ל",false,,13.90,0.0463,true,1,830120
5010182997918,false,דאק ג'ל לניקוי אסלות בניחוח ים 55 מל,"איטיליאן פוד, אס.פי.",IT,ט.ד ג'ל אסלה ניחוח ים כחו,גרמים,55.00,100 גרם,false,,9.90,0.1800,true,1,830122
5010182998847,false,דאק נוזל לניקוי אסלות בניחוח ים 750 מל,מיוצר עי קונדיטוריית,NL,"טואלט דאק נוזל כחול 750מ""",מיליליטרים,750.00,"100 מ""ל",false,,8.90,0.0119,true,1,830123
5010182998861,false,דאק נוזל לניקוי אסלות בניחוח רענן 750 מל,מיוצר עי קונדיטוריית,NL,"טואלט דאק נוזל ירוק 750מ""",מיליליטרים,750.00,"100 מ""ל",false,,8.90,0.0119,true,1,829929
5010327000046,false,"וויסקי גרנטס וויסקי 700 מ""ל","וויליאם גראנט ובניו בע""\",,"גרנט'ס וויסקי 70 ס""ל",מיליליטרים,700.00,"100 מ""ל",false,,74.90,0.1070,true,1,815442
5010677551281,false,בריזר לימון בבקבוק בקרדי (275 מל),בקרדי בריזר Bacardi Breezer,DE,בקרדי בריזר לימון 275 בקב,מיליליטרים,275.00,"100 מ""ל",false,,12.90,0.0469,true,1,804090
5010677551397,false,"בקרדי בריזר בטעם לימון ליים 275 מ""ל",בקרדי בריזר Bacardi Breezer,,בקרדי בריזר לימון לי,מיליליטרים,275.00,"100 מ""ל",false,,12.90,0.0469,true,1,1032401
5010677552387,false,"בקרדי בריזר אננס 275 מ""ל בקבוק",בקרדי בריזר Bacardi Breezer,DE,בקרדי בריזר אננס 275 בקבו,מיליליטרים,275.00,"100 מ""ל",false,,12.90,0.0469,true,1,804091
5010677554398,false,בריזר אבטיח בבקבוק בקרדי (275 מל),בקרדי בריזר Bacardi Breezer,DE,בקרדי בריזר אבטיח 275 בקב,מיליליטרים,275.00,"100 מ""ל",false,,12.90,0.0469,true,1,804092
5011408027976,false,"ספריי לשיער רגיל לוריאל 400 מ""ל",לוריאל Loreal,,ספריי לשיער רגיל לור,מיליליטרים,400.00,"100 מ""ל",false,,29.60,0.0740,true,1,799218
5011408040791,false,לוריאל - דרמו רויטליפט קלאסי לילה,"קרלסרו, גרמניה",,דרמו רויטליפט לילה,מטרים,50.00,100 מ'ל,false,,58.90,1.1780,true,1,6269519
5011417547885,false,"אירוויק מקלות ריחניים בניחוח כביסה באוויר 30 מ""ל",רקיט בנקיזר (ניר איסט) בעמ,,אירוויק מקלות ניחוח,מטרים,50.00,100 מ'ל,false,,14.80,0.2960,true,1,1998255
5014271300429,false,"מעדן משמש 100% פרי סנטדלפור 284 גרם לל""ס",סאן דלפור - שמבור,,"מעדן בטעם משמש לל""ס",גרמים,284.00,100 גרם,false,,19.80,0.0697,true,1,811082
5014271330426,false,מעדן אוכמניות כחולות ללא תוספת סוכר 284 גרם,סאן דלפור - שמבור,,מעדן אוכמניות כחולות,גרמים,284.00,100 גרם,false,,19.80,0.0697,true,1,811084
5014271350424,false,מעדן ארבעה פירות ללא תוספת סוכר 284 גרם,סאן דלפור - שמבור,,מעדן בטעם ארבע פירות,גרמים,284.00,100 גרם,false,,19.80,0.0697,true,1,811085
5014271360423,false,"מעדן תפוזים לל""ס סאן דלפור 284 גרם",סאן דלפור - שמבור,,"מעדן תפוזים לל""ס סאן",גרמים,284.00,100 גרם,false,,19.80,0.0697,true,1,811086
5014271400426,false,"מעדן בטעם תות שדה לל""ס סאן דלפור 284 גרם",נטו מלינדה סחר בעמ,,מעדן בטעם תות שדה לל,גרמים,284.00,100 גרם,false,,19.80,0.0697,true,1,811090
5028763007277,false,חוט דנטלי,,,חוט דנטלי,יח',1.00,יח',false,,14.90,14.9000,true,1,1033053
5029053534589,false,קוטקס טמפוני מיני B נורמל 32 יחידות,קימברלי קלארק ישראל שיווק בעמ,,טמפונים מיני קוטקס 3,יח',32.00,יח',false,,22.90,0.7156,true,1,815183
5029053534602,false,קוטקס טמפוני סופר ללא מוליך 32 יח,קימברלי קלארק ישראל שיווק בעמ,,טמפונים סופר קוטקס 3,יח',32.00,יח',false,,22.90,0.7156,true,1,815185
5029053574110,false,האגיס פול אפס תח.גמילה יום בנים 20 יחידו,קימברלי קלארק ישראל שיווק בעמ,,פול אפס בנים יום 20,יח',1.00,יח',false,,42.90,42.9000,true,1,6361614
5029053574158,false,האגיס פול אפס תח.גמילה לילה בנים 18 יחיד,קימברלי קלארק ישראל שיווק בעמ,,פול אפס בנים לילה 18,יח',1.00,יח',false,,42.90,42.9000,true,1,6361616
5050083559761,false,דגני בוקר קלוגס קוקו פופס שוקוס 500 גרם,קלוגס מניופקטורינג אספנה,DE,קלוגס קוקו פופס שוקוס 500,גרמים,500.00,100 גרם,false,,14.90,0.0298,true,1,804652
5053827193368,false,דגני בוקר קלוגס ברנפלקס 500 גרם,קלוגס קומפני אוף גרייט ב,,דגני בוקר קלוגס ברנפ,גרמים,500.00,100 גרם,false,,21.90,0.0438,true,1,5188872
5053827215862,false,דגני בוקר קלוגס קוקו פופס בטעם שוקולד (,קלוגס מניופקטורינג אספנה,,קלוגס קוקו פופס 500,גרמים,500.00,100 גרם,false,,18.90,0.0378,true,1,6269556
5060045588128,false,"וויסקי גים בים לבן 700 מ""ל",הכרם - משקאות חריפים בעמ,,ג'ים בים לבן כשר,מיליליטרים,700.00,"100 מ""ל",false,,79.90,0.1141,true,1,4522008
5060250343741,false,הרשיז ראונדס קוקיס אנד קרים 96ג',הרשיז,,עוגיות הרשי ראונדס 9,גרמים,96.00,100 גרם,false,,9.90,0.1031,true,1,6456940
5060250343765,false,ריסס עוגיות קקאו במילוי חמאת בוטנים 96 ג,הרשיז,,עוגיות ריזס ראונדס 9,גרמים,96.00,100 גרם,false,,9.90,0.1031,true,1,6456941
5060517886486,false,"משקה אנרגיה מונסטר אנרג'י בפחית 500 מ""ל",החברה המרכזית להפצת משקאות בעמ,,משקה אנרגיה קלאסי מו,מיליליטרים,500.00,"100 מ""ל",false,,6.50,0.0130,true,1,6266585
5060517886516,false,"משקה אנרגיה מונסטר אנרג'י זירו בפחית 500 מ""ל",החברה המרכזית להפצת משקאות בעמ,,משקה אנרגיה זירו מונ,מיליליטרים,500.00,"100 מ""ל",false,,6.50,0.0130,true,1,6266586
5060639128051,false,"משקה אנרגיה מונסטר אולטרה בפחית 500 מ""ל",החברה המרכזית להפצת משקאות בעמ,,משקה אנרגיה אולטרה מ,מיליליטרים,500.00,"100 מ""ל",false,,6.50,0.0130,true,1,6319923
5060639129102,false,"משקה אנרגיה מונסטר אנרג'י מנגו בפחית 500 מ""ל",החברה המרכזית להפצת משקאות בעמ,,משקה אנרגיה קלאסי מו,מיליליטרים,500.00,"100 מ""ל",false,,6.50,0.0130,true,1,6356505
5060751218173,false,"משקה אנרגיה מונסטר אנרג'י piplin punch בפחית 500 מ""ל",החברה המרכזית להפצת משקאות בעמ,,משקה אנרגיה קלאסי מו,מיליליטרים,500.00,"100 מ""ל",false,,6.50,0.0130,true,1,6451560
5060751219033,false,"משקה אנרגיה מונסטר אנרג'י זירו paradise בפחית 500 מ""ל",החברה המרכזית להפצת משקאות בעמ,,משקה אנרגיה קלאסי מו,מיליליטרים,500.00,"100 מ""ל",false,,6.50,0.0130,true,1,6451561
5099864006377,false,תחליף חלב מהדרין שלב 1 סימילאק אדוונס 90,אבוט מעבדות רפואיות,ES,SIMILAC LAMEHADRIN - 1 90,גרמים,900.00,100 גרם,false,,69.80,0.0776,true,1,813189
5099864006384,false,סימילאק למהדרין שלב 2 אריזת חיסכון 900 ג.,אבוט מעבדות רפואיות,ES,SIMILAC LAMEHADRIN - 2 90,גרמים,900.00,100 גרם,false,,69.80,0.0776,true,1,813190
5099864006391,false,סימילאק למהדרין שלב 3 אריזת חיסכון 900 ג,אבוט מעבדות רפואיות,ES,SIMILAC LAMEHADRIN - 3 90,גרמים,900.00,100 גרם,false,,69.80,0.0776,true,1,813191
5200133120476,false,גלילות וופלים ממולאים קרם אגוזים וקקאו 400 ג',דיפלומט מפיצים (1968) בעמ**,,גליליות וופלים גולדן,גרמים,400.00,100 גרם,false,,17.90,0.0447,true,1,4404837
5201004020338,false,גליליות קפריס קרם אגוזים שוקולד 400 גר,משה סידס ובנו בעמ,,קפריס רול קלאסי 400,גרמים,400.00,100 גרם,false,,19.70,0.0492,true,1,1808825
5201178801054,false,"קרם רב שימושי ניוואה 250 מ""ל",טרופיקל דגיל תעשיות,,קרם רב שימושי ניוואה,מיליליטרים,250.00,"100 מ""ל",false,,19.90,0.0796,true,1,811957
5201246002215,false,"בירה פילס היילס ויליפוד 500 מ""ל",ג. וילי-פוד אינטרנשיונל בע`מ,,בירה פילס הילאס 500,מיליליטרים,500.00,"100 מ""ל",false,,5.50,0.0110,true,1,6293830
5201340003385,false,TRATA טונה מעושנת שמן סויה 160 גרם,נורט אגיאוסי קנריס,,טונה מעושנת עם שמן ס,גרמים,160.00,100 גרם,false,,14.90,0.0931,true,1,6413985
5201340026704,false,TRATA טונה מעושנת פיקנטי 160 גרם,נורט אגיאוסי קנריס,,טונה מעושנת פיקנטי 1,גרמים,160.00,100 גרם,false,,14.90,0.0931,true,1,6413987
5201347400545,false,רצועות שעווה מוכנות לשימוש לפנים ולאזורים רגישים,רקיט בנקיזר (ניר איסט) בעמ,FR,Veet Blossom face Missoni,יח',20.00,יח',false,,19.90,0.9950,true,1,821482
5201940010011,false,זיתים שחורים טבעיים בפח ויליפוד 454 גרם,ג. וילי-פוד אינטרנשיונל בע`מ,,זיתים שחורים וילי פו,גרמים,250.00,100 גרם,false,,14.30,0.0572,true,1,813301
5201940010110,false,זיתים שחורים קלמטה וילי פוד 250 גרם,ג. וילי-פוד אינטרנשיונל בע`מ,,זיתים שחורים קלמטה ו,גרמים,250.00,100 גרם,false,,14.90,0.0596,true,1,813302
5202175001515,false,חטיף נאצוס בטעם טבעי 225גרם,מזרח ומערב יבוא ושיווק,,נאצוס בטעם מלוח 225,גרמים,225.00,100 גרם,false,,10.50,0.0467,true,1,3590820
5202175001546,false,חטיף נאצוס בטעם ברביקיו 225גרם,מזרח ומערב יבוא ושיווק,,נאצוס בטעם ברביקיו 2,גרמים,100.00,100 גרם,false,,9.90,0.0990,true,1,3590822
5202287008020,false,צלחות חד פעמיות גדולות,לפיד,,צלחות חד פעמיות גדול,יח',50.00,יח',false,,11.90,0.2380,true,1,820054
5202300042956,false,צבע לשיער צבע לשיער קולסטון 5/5 מהגוני,פרוקטר אנד גמבל,,צבע לשיער צבע לשיער,יח',1.00,יח',false,,15.90,15.9000,true,1,821058
5202300043007,false,צבע לשיער קולסטון - 7/7 חום שטני,פרוקטר אנד גמבל,,צבע לשיער קולסטון 7/,יח',1.00,יח',false,,15.90,15.9000,true,1,821063
5202300043175,false,צבע לשיער קולסטון - 6/0 בלונד כהה,פרוקטר אנד גמבל,,צבע לשיער קולסטון 6/,יח',1.00,יח',false,,15.90,15.9000,true,1,821072
5202300043212,false,צבע לשיער קולסטון - 2/0 שחור,פרוקטר אנד גמבל,,צבע לשיער קולסטון 2/,יח',1.00,יח',false,,15.90,15.9000,true,1,821076
5202300043274,false,צבע לשיער קולסטון- 8/1 בלונד אפרפר בהיר,פרוקטר אנד גמבל,,צבע לשיער קולסטון 8/,יח',1.00,יח',false,,15.90,15.9000,true,1,821079
5202300043298,false,צבע לשיער קולסטון- 6/1 בלונד אפרפר כהה,פרוקטר אנד גמבל,,צבע לשיער קולסטון 6/,יח',1.00,יח',false,,18.90,18.9000,true,1,821081
5202300043434,false,צבע לשיער קולסטון - 7/73 בלונד אביב,פרוקטר אנד גמבל,,צבע לשיער קולסטון 7/,יח',1.00,יח',false,,15.90,15.9000,true,1,821086
5202300043670,false,צבע לשיער קולסטון - 5/7 חום קפה,פרוקטר אנד גמבל,,צבע לשיער קולסטון 5/,יח',1.00,יח',false,,15.90,15.9000,true,1,821090
5202390014239,false,גבינה צהובה טבעונית עשבי תיבול ויאו לייף 200 ג',דיפלומט מפיצים (1968) בעמ**,,צהובה טבעונית+עשבי ת,גרמים,200.00,100 גרם,false,,21.90,0.1095,true,1,4240251
5202390016141,false,גבינה מוצרלה צהובה לפיצה טבעונית ויאו לייף 400 ג',דיפלומט מפיצים (1968) בעמ**,,תחליף מוצרלה לפיצה 4,גרמים,400.00,100 גרם,false,,25.90,0.0647,true,1,3602673
5202390016325,false,גבינה צהובה טבעונית בטעם מעושן ויאו לייף 200ג',דיפלומט מפיצים (1968) בעמ**,,צהובה טבעונית טעם מע,גרמים,200.00,100 גרם,false,,21.90,0.1095,true,1,3602675
5202390019319,false,מוצרלה טבעונית מגוררת ויולייף 200ג',דיפלומט מפיצים (1968) בעמ**,,מוצרלה טבעונית מגורד,גרמים,100.00,100 גרם,false,,21.90,0.2190,true,1,4492423
5202429109387,false,זיתים ירוקים אליטה 8,,,זיתים ירוקים 820 גר,גרמים,820.00,100 גרם,false,,19.90,0.0243,true,1,6426227
5202429109394,false,זיתים מושחרים אליטה,,,זיתים מושחרים 820 גר,גרמים,820.00,100 גרם,false,,19.90,0.0243,true,1,6426228
5292982024463,false,הכדור הרשמי – MONDIAL,,,הכדור הרשמי – MONDIA,יח',1.00,יח',false,,39.90,39.9000,true,1,6518977
5292982024821,false,הכדור הרשמי – MONDIAL,,,הכדור הרשמי – MONDIA,יח',1.00,יח',false,,39.90,39.9000,true,1,6518978
5292982028652,false,הכדור הרשמי – MONDIAL,,,הכדור הרשמי – MONDIA,יח',1.00,יח',false,,39.90,39.9000,true,1,6518980
5391523057929,false,סימילאק גולד שלב 1 תרכובת מזון על בסיס חלב,אבוט מעבדות רפואיות,,סימילאק גולד שלב 1 7,גרמים,700.00,100 גרם,false,,69.80,0.0997,true,1,4466923
5391523057936,false,סימילאק גולד שלב 2 תרכובת מזון על בסיס חלב,אבוט מעבדות רפואיות,,סימילאק גולד שלב 2 7,גרמים,700.00,100 גרם,false,,69.80,0.0997,true,1,4466924
5391523057943,false,סימילאק גולד שלב 3 תרכובת מזון על בסיס חלב,אבוט מעבדות רפואיות,,סימילאק גולד שלב 3 7,גרמים,700.00,100 גרם,false,,69.80,0.0997,true,1,4466925
5391523058063,false,סימילאק אדבנס פלוס 1 תרכובת מזון על בסיס חלב,טרופיקל דגיל תעשיות,,סימילאק אדוונס פלוס,גרמים,700.00,100 גרם,false,,64.80,0.0926,true,1,4778212
5391523058070,false,סימילאק אדבנס פלוס 3 תרכובת מזון על בסיס חלב,אבוט מעבדות רפואיות,,סימילאק אדוונס פלוס,גרמים,700.00,100 גרם,false,,64.80,0.0926,true,1,4778213
5391523058087,false,סימילאק אדבנס פלוס 2 תרכובת מזון על בסיס חלב,טרופיקל דגיל תעשיות,,סימילאק אדוונס פלוס,גרמים,700.00,100 גרם,false,,64.80,0.0926,true,1,4778214
5410091677992,false,"סאיוס - ספריי לשיער לייצוב מקסימלי 400 מ""ל",שוורצקופף והנקל,,סאיוס ספריי מקס הולד,מיליליטרים,400.00,"100 מ""ל",false,,24.90,0.0622,true,1,833183
5410091678005,false,"סאיוס - ספריי לשיער ליצירת נפח 400 מ""ל",הנקל סוד בעמ,,סאיוס ספריי ווליום ל,מיליליטרים,400.00,"100 מ""ל",false,,27.90,0.0697,true,1,833184
5410091708955,false,"סאיוס ספריי קרטין סטיילינג 400מ""ל",שוורצקופף והנקל,,סאיוס ספריי שיין אנד,מיליליטרים,400.00,"100 מ""ל",false,,27.90,0.0697,true,1,956642
5410103161518,false,קרם יום עם פעולה משולשת לעור רגיל ומעורב,לוריאל ישראל קוסמטיקס בעמ,,דרמו פעולה משולשת רג,מטרים,50.00,100 מ'ל,false,,44.90,0.8980,true,1,799250
5410103161617,false,קרם יום עם פעולה משולשת Triple active לעור יבש ועדין,לוריאל ישראל קוסמטיקס בעמ,,דרמו פעולה משולשת יב,מטרים,50.00,100 מ'ל,false,,44.90,0.8980,true,1,799251
5410126006087,false,ביסקויט ביסקפה לוטוס בטעם קרמל 700גר`ב,דיפלומט מפיצים (1968) בעמ**,BE,עוגיות לוטוס 700 גרם,גרמים,700.00,100 גרם,false,,19.90,0.0284,true,1,890783
5410126116953,false,ממרח ביסקוויט קרמל לוטוס (400 גרם),דיפלומט מפיצים (1968) בעמ**,BE,ממרח עוגיות לוטוס קרמל,גרמים,400.00,100 גרם,false,,19.90,0.0497,true,1,833441
5410126666038,false,"ביסקוויט קרמל לוטוס 279 גרם בד""צ",דיפלומט מפיצים (1968) בעמ**,,עוגיות לוטוס 279 גר,גרמים,279.00,100 גרם,false,,9.90,0.0355,true,1,4961632
5410126716016,false,"עוגיות לוטוס ביסקויט קרמל בד""צ 250 גרם",דיפלומט מפיצים (1968) בעמ**,BE,ביסקויט בטעם קרמל לוטוס 2,גרמים,250.00,100 גרם,false,,10.90,0.0436,true,1,814137
5410126726947,false,ממרח ביסקוויט קרמל קראנץ' לוטוס 380 גרם,דיפלומט מפיצים (1968) בעמ**,BE,ממרח עוגיות לוטוס קראנץ',גרמים,380.00,100 גרם,false,,19.90,0.0524,true,1,947524
5410173210055,false,רומבוטס קפה קלוי וטחון לפילטר 10 יח' 70 גרם,ליימן שליסל בע`מ,,רומבוסט קפה טחון וקל,גרמים,70.00,100 גרם,false,,14.90,0.2129,true,1,861496
5410228267515,false,"שישיית בירה לאגר באדוויזר 6*330 מ""ל",הכרם - משקאות חריפים בעמ,,בירה בדוויזר שישייה,יח',1.00,יח',false,,29.90,29.9000,true,1,5998432
5410291021991,false,ממרח אגוזי לוז עם קקאו צ`וקטה (700 גרם),ש. שסטוביץ בע`מ,BE,צוקטה ממרח אגוזי לוז,גרמים,700.00,100 גרם,false,,19.80,0.0283,true,1,1572532
5410291022011,false,ממרח אגוזי לוז עם קקאו צ`וקטה (350 גרם),ש. שסטוביץ בע`מ,BE,צוקטה ממרח אגוזי לוז,גרמים,350.00,100 גרם,false,,11.80,0.0337,true,1,1572533
5410291022738,false,צ'וקטה ממרח חלב ואגוזי לוז עם קקאוי 350ג',ש. שסטוביץ בע`מ,,ממרח אגוזים צוקטה 35,גרמים,350.00,100 גרם,false,,11.80,0.0337,true,1,2333611
5410291022776,false,צ`וקטה ממרח אגוזי לוז עם קקאו 700 גר`,ש. שסטוביץ בע`מ,BE,צוקטה ממרח אגוזי לוז,גרמים,700.00,100 גרם,false,,19.80,0.0283,true,1,2274381
5410316983693,false,וודקה סמירנוף אייס בודד 275 מ``ל.,החברה המרכזית להפצת משקאות בעמ,,"אייס סמירנוף 275 מ""ל",מיליליטרים,275.00,"100 מ""ל",false,,11.70,0.0425,true,1,800478
5410769800097,false,"בירה לה צרי שוף 8% 330 מ""ל בקבוק",הכרם - משקאות חריפים בעמ,,בירה צ'רי שוף 8% 330,מיליליטרים,330.00,"100 מ""ל",false,,13.90,0.0421,true,1,3578986
5411188081852,false,אלפרו משקה סויה בטעם וניל 1 ליטר,הנסיך- מפעל לייצור ט,,אלפרו משקה סויה וניל,ליטרים,1.00,ליטר,false,,11.90,11.9000,true,1,940919
5411188094173,false,רביעיה מעדן סויה טעם קרמל 125 ג' אלפרו,שטראוס גרופ בע`מ,,אלפרו מעדן סויה בטעם,גרמים,100.00,100 גרם,false,,16.90,0.1690,true,1,2735913
5411188106159,false,אלפרו סויה לייט מופחת שומן 1.2% 1 ליטר,הנסיך- מפעל לייצור ט,,משקה סויה לייט אלפרו,ליטרים,1.00,ליטר,false,,11.90,11.9000,true,1,940920
5411188110835,false,אלפרו חלב סויה שקדים וניל 1ל',הנסיך- מפעל לייצור ט,,אלפרו משקה שקדים 1 ל,ליטרים,1.00,ליטר,false,,12.90,12.9000,true,1,861542
5411188112709,false,"משקה קוקוס אלפרו 1 ליטר משקה שקדים לל""ס",הנסיך- מפעל לייצור ט,,משקה שקדים אלפרו ללת,ליטרים,1.00,ליטר,false,,12.90,12.9000,true,1,989581
5411188115366,false,משקה קוקוס אלפרו 1 ליטר משקה שיבולת שועל 1 ליטר,הנסיך- מפעל לייצור ט,,אלפרו משקה שיבולת שו,ליטרים,1.00,ליטר,false,,12.90,12.9000,true,1,940418
5411188115472,false,משקה סויה 1 ליטר אלפרו,הנסיך- מפעל לייצור ט,,אלפרו חלב סויה 1 לי,יח',1.00,יח',false,,11.90,11.9000,true,1,6323399
5411188120742,false,משקה קוקוס אלפרו 1 ליטר שקדים וניל 1 ל',הנסיך- מפעל לייצור ט,,אלפרו משקה שקדים בטע,ליטרים,1.00,ליטר,false,,12.90,12.9000,true,1,1135556
5411188121923,false,"משקה סויה מועשר סידן אלפרו 3*250 מ""ל",הנסיך- מפעל לייצור ט,,משקה סויה מועשר סידן,מיליליטרים,750.00,"100 מ""ל",false,,14.80,0.0197,true,1,4014043
5411188121978,false,אלפרו משקה סויה עמיד מועשר בסידן 3*250,"שטראוס גרופ בע""מ",,משקה סויה מועשר סידן,מיליליטרים,750.00,"100 מ""ל",false,,14.90,0.0199,true,1,3861274
5411188122661,false,אלפרו משקה שקדים לא קלויים ללא תוספת סוכר 1 ל',הנסיך- מפעל לייצור ט,,"אלפרו משקה שקדים לל""",ליטרים,1.00,ליטר,false,,13.90,13.9000,true,1,2735915
5411188124689,false,משקה אלפרו שיבולת שועל ללא סוכר 1 ליטר,שטראוס גרופ בע`מ,,אלפרו משקה שיבולת שו,ליטרים,1.00,ליטר,false,,12.90,12.9000,true,1,6334782
5411188124726,false,משקה שיבולת שועל שקדים 1 ליטר אלפרו,הדקלאים אגודת שיתופי,,אלפרו משקה שיבולת שו,ליטרים,1.00,ליטר,false,,12.90,12.9000,true,1,3712505
5411188127697,false,אלפרו בריסטה משקה שיבולת שועל 1 ליטר,הנסיך- מפעל לייצור ט,,אלפרו בריסטה שיבולת,ליטרים,1.00,ליטר,false,,10.90,10.9000,true,1,6323401
5411188129899,false,אלפרו בריסטה משקה שקדים 1 ליטר,הנסיך- מפעל לייצור ט,,אלפרו בריסטה שקדים 1,ליטרים,1.00,ליטר,false,,10.90,10.9000,true,1,6323402
5411188134985,false,אלפרו 3.5% NOT M*LK שיבולת שועל 1 ליטר בית יוסף,שטראוס גרופ בעמ/מצונן,,אלפרו 3.5% שיבולת שו,גרמים,1000.00,100 גרם,false,,13.90,0.0139,true,1,6391245
5411188135005,false,אלפרו 1.8% NOT M*LK שיבולת שועל 1 ליטר בית יוסף,שטראוס גרופ בעמ/מצונן,,אלפרו 1.8% שיבולת שו,גרמים,1000.00,100 גרם,false,,13.90,0.0139,true,1,6391246
5411188543398,false,אלפרו משקה סויה 1 ליטר ללא סוכר,הנסיך- מפעל לייצור ט,,אלפרו חלב סויה ללא ס,יח',1.00,יח',false,,11.90,11.9000,true,1,6323403
5411616143244,false,"בירה לוקסוס 8.5% פחית 500 מ""ל",,,בירה לוקסוס 8.5%,מטרים,500.00,100 מ'ל,false,,7.50,0.0150,true,1,6484411
5412865030668,false,דקיקי שוקולד במילוי מנטה פשקז 200 גרם,,,דקיקי מנטה 200 גרם,גרמים,200.00,100 גרם,false,,15.80,0.0790,true,1,3172874
5413548040479,false,בונבוניירה רפאלו 240 גרם,פרימיום חברה לדברי מתיקה ולמסח,,בונבוניירה רפאלו 240,גרמים,240.00,100 גרם,false,,22.90,0.0954,true,1,814681
5413548280189,false,קינדר שוקו בון 1 יחידות 125 גרם,פרימיום - חברה לדברי מתיקה ולמ,,קינדר שוקובון 125 גר,גרמים,125.00,100 גרם,false,,11.90,0.0952,true,1,814682
5449000131805,false,"פחית קוקה קולה זירו בעלז 330מ""ל",טאצ וואן בעמ,,"קולה זירו פחית 330מ""",מטרים,4950.00,100 מ'ל,false,,39.90,0.0081,true,1,6473701
5557778881232,false,"סיר סטואז פרימיום 30 ס""מ אינדוקציה",,,סיר סטואז פרימיום 30,יח',1.00,יח',false,,99.90,99.9000,true,1,6401171
5566774568870,false,"סיר מיני שף 14 ס""מ",ד.ג.ש ייבוא ושיווק בעמ,,"סיר מיני שף 14 ס""מ",יח',1.00,יח',false,,29.90,29.9000,true,1,3403724
5566774569099,false,כותש שום אגרונומי,ד.ג.ש ייבוא ושיווק בעמ,,כותש שום אגרונומי,יח',1.00,יח',false,,19.90,19.9000,true,1,4434767
5566774569150,false,מצקת אגרונומית משובחת,,,מצקת אגרונומית משובח,יח',1.00,יח',false,,19.90,19.9000,true,1,4434773
5566774569198,false,קולפן פטנט 3 מצבים,ד.ג.ש ייבוא ושיווק בעמ,,קולפן פטנט 3 מצבים,יח',1.00,יח',false,,19.90,19.9000,true,1,4434777
5566774570026,false,צידנית מתקפלת איכותית רמי לוי,,,צידנית מתקפלת איכותי,יח',1.00,יח',false,,19.90,19.9000,true,1,5788555
5566774570521,false,סוטאג ענק,,,סוטאג ענק,יח',1.00,יח',false,,129.90,129.9000,true,1,6397178
5566774570569,false,"סיר יציקה משובח 26 ס""מ",ד.ג.ש ייבוא ושיווק בעמ,,סיר יציקה משובח 26 ס,יח',1.00,יח',false,,69.90,69.9000,true,1,6272358
5566774570583,false,"סיר יציקה משובח סוטאז 32 ס""מ",ד.ג.ש ייבוא ושיווק בעמ,,סיר יציקה משובח סוטא,יח',1.00,יח',false,,99.90,99.9000,true,1,6272359
5566774570590,false,סט 2 משטחי במבוק 20*15 + 30.5*22.5,,,סט 2 משטחי במבוק,יח',1.00,יח',false,,29.90,29.9000,true,1,6271362
5566774570675,false,מיני ווק,ד.ג.ש ייבוא ושיווק בעמ,,מיני ווק,יח',1.00,יח',false,,28.90,28.9000,true,1,6271343
5566774570682,false,מחבת משובחת לפנקייק,ד.ג.ש ייבוא ושיווק בעמ,,מחבת לפנקייק +מקל,יח',1.00,יח',false,,39.90,39.9000,true,1,6271363
5566774570729,false,מחבת איכותית עם תרווד,ד.ג.ש ייבוא ושיווק בעמ,,מחבת עם תרווד,יח',1.00,יח',false,,29.90,29.9000,true,1,6271366
5566774570781,false,רבעיית מברשות שיניים סיבי פחם רמי לוי,,,רבעיית מברשות שיניים,יח',1.00,יח',false,,9.90,9.9000,true,1,6321939
5566774570798,false,רבעיית מברשות שיניים סיבי זהב ופחם רמי לוי,,,רבעיית מברשות שיניים,יח',1.00,יח',false,,9.90,9.9000,true,1,6321940
5566774570804,false,רבעיית מברשות שיניים ניקוי מלא ועמוק שקוף רמי לוי,,,רבעיית מברשות שיניים,יח',1.00,יח',false,,9.90,9.9000,true,1,6321941
5566774570811,false,רבעיית מברשות שיניים ניקוי מלא ועמוק לבן רמי לוי,,,רבעיית מברשות שיניים,יח',1.00,יח',false,,9.90,9.9000,true,1,6321942
5566774570828,false,זוג מברשות שיניים סיבי זהב ופחם רמי לוי,,,זוג מברשות שיניים סי,יח',1.00,יח',false,,9.90,9.9000,true,1,6321943
5566774570835,false,רצועת רחצה עם ידית רמילוי,,,רצועת רחצה עם ידית ר,יח',1.00,יח',false,,9.90,9.9000,true,1,6307756
5566774570842,false,ספוג רחצה עדין רמילוי,,,ספוג רחצה עדין רמילו,יח',1.00,יח',false,,4.90,4.9000,true,1,6307757
5566774570859,false,רצועת רחצה עדינה רמילוי,,,רצועת רחצה עדינה רמי,יח',1.00,יח',false,,7.90,7.9000,true,1,6307758
5566774570873,false,רפפת רחצה רמילוי,,,רפפת רחצה רמילוי,יח',1.00,יח',false,,7.90,7.9000,true,1,6307760
5566774570880,false,מברשת רחצה רמילוי,,,מברשת רחצה רמילוי,יח',1.00,יח',false,,14.90,14.9000,true,1,6307761
5566774570903,false,כדורי ספוג עדינים שלישייה רמילוי,,,כדורי ספוג עדינים של,יח',1.00,יח',false,,8.90,8.9000,true,1,6307763
5566774570910,false,ספוג רחצה דו צדדי זוג רמילוי,,,ספוג רחצה דו צדדי זו,יח',1.00,יח',false,,8.90,8.9000,true,1,6307764
5566774571238,false,סט צלחת אופאל איכותי,,,סט צלחת אופאל איכותי,יח',1.00,יח',false,,79.90,79.9000,true,1,6306621
5566774571641,false,מגרדת מיני איכותית,,,מגרדת מיני איכותית,יח',1.00,יח',false,,9.90,9.9000,true,1,6312138
5566774572228,false,קוצץ ירקות משובח פרימיום,,,קוצץ ירקות משובח פרי,יח',1.00,יח',false,,39.90,39.9000,true,1,6338170
5566774572457,false,יעה מוט מתקפל איטלקי,,,יעה מוט מתקפל איטלקי,יח',1.00,יח',false,,14.90,14.9000,true,1,6342490
5566774572464,false,עגלת שוק רמי לוי,,,עגלת שוק רמי לוי,יח',1.00,יח',false,,39.90,39.9000,true,1,6342491
5566774572488,false,זוג מברשות שיניים רמי לוי,,,זוג מברשות שיניים רמ,יח',1.00,יח',false,,9.90,9.9000,true,1,6346030
5566774572570,false,נורת לד 60A E27 10W,,,נורת לד 60A E27 10W,יח',1.00,יח',false,,8.90,8.9000,true,1,6411265
5566774572587,false,נורת לד 60A E27 10W,,,נורת לד 60A E27 10W,יח',1.00,יח',false,,8.90,8.9000,true,1,6411266
5566774572594,false,נורת לד 60A E27 12W,,,נורת לד 60A E27 12W,יח',1.00,יח',false,,9.90,9.9000,true,1,6411267
5566774572600,false,נורת לד 60A E27 12W,,,נורת לד 60A E27 12W,יח',1.00,יח',false,,9.90,9.9000,true,1,6411268
5566774572617,false,נורת לד 60A E27 15W,,,נורת לד 60A E27 15W,יח',1.00,יח',false,,11.90,11.9000,true,1,6411269
5566774572631,false,שלישייה 60A E27 12W,,,שלישייה 60A E27 12W,יח',1.00,יח',false,,19.90,19.9000,true,1,6411288
5566774572648,false,שלישייה 60A E27 12W,,,שלישייה 60A E27 12W,יח',1.00,יח',false,,19.90,19.9000,true,1,6411289
5566774572754,false,משטח במבוק עגול להגשה וחיתוך,,,משטח במבוק עגול להגש,יח',1.00,יח',false,,24.90,24.9000,true,1,6369716
5566774573683,false,"סוטאז גריל 34 ס""מ +מכסה",,,"סוטאז גריל 34 ס""מ +מ",יח',1.00,יח',false,,119.90,119.9000,true,1,6392107
5566774573737,false,רב שקע 4+מפסק+כבל עד,ד.ג.ש ייבוא ושיווק בעמ,,רב שקע 4+מפסק+כבל עד,יח',1.00,יח',false,,29.90,29.9000,true,1,6400510
5566774573850,false,נורת לד גדולה 18W,,,נורת לד גדולה 18W,יח',1.00,יח',false,,15.90,15.9000,true,1,6411607
5566774573935,false,סכין גמבו לאבטיח ולחם,,,סכין גמבו לאבטיח ולח,יח',1.00,יח',false,,29.90,29.9000,true,1,6413448
5566774574154,false,אלמוגית ארוכה ואקום,,,אלמוגית ארוכה ואקום,יח',1.00,יח',false,,19.90,19.9000,true,1,6413963
5566774574222,false,שישיית כוסות קלאסיק,ד.ג.ש ייבוא ושיווק בעמ,,שישיית כוסות קלאסיק,יח',1.00,יח',false,,17.90,17.9000,true,1,6424182
5600286004089,false,תפוחונים אורגניים חמצמץ 40 גר,נטורפוד,,תפוחונים אורגניים חמ,יח',1.00,יח',false,,6.90,6.9000,true,1,6309213
5601008200444,false,עוגיות גודיס טבעות מצופות שוקולד חלב מרבה 150 גרם,הנסיך- מפעל לייצור ט,,עוגיות גודיס טבעות מ,גרמים,150.00,100 גרם,false,,5.80,0.0387,true,1,814141
5601008200451,false,עוגיות גודיס טבעות מצופות שוקולד מריר מרבה 150 גרם,ש. שסטוביץ בע`מ,,עוגיות גודיס טבעות מ,גרמים,150.00,100 גרם,false,,5.80,0.0387,true,1,814142
5601008200468,false,עוגיות גודיס טבעות מצופות שוקולד לבו מרבה 150 גרם,קריניציה ויטמינה אס,,עוגיות גודיס טבעות מ,גרמים,150.00,100 גרם,false,,5.80,0.0387,true,1,814143
5601036205534,false,צבע לשיער אקסלנס קרם - 1 שחור,לוריאל Loreal,,אקסלנס קרם 1 שחור,יח',1.00,יח',false,,34.90,34.9000,true,1,799256
5601036205541,false,צבע לשיער אקסלנס קרם - 3 חום כהה מאוד,לוריאל Loreal,,אקסלנס קרם 3 חום כהה,יח',1.00,יח',false,,34.90,34.9000,true,1,799257
5601036205558,false,צבע לשיער אקסלנס קרם - 4 חום כהה,לוריאל Loreal,,אקסלנס קרם 4 חום כהה,יח',1.00,יח',false,,34.90,34.9000,true,1,799258
5601036205589,false,צבע לשיער אקסלנס קרם - 5 חום טבעי,לוריאל Loreal,,אקסלנס קרם 5 חום טבע,יח',1.00,יח',false,,34.90,34.9000,true,1,799261
5601036205626,false,צבע לשיער אקסלנס קרם - 6 בלונד כהה,לוריאל Loreal,,אקסלנס קרם 6 חום בהי,יח',1.00,יח',false,,34.90,34.9000,true,1,799265
5601036205657,false,צבע לשיער אקסלנס קרם - 7 בלונד,לוריאל Loreal,,אקסלנס קרם 7 בלונד,יח',1.00,יח',false,,34.90,34.9000,true,1,799266
5601036205664,false,לוריאל - אקסלנס קרם 7.1 בלונד טבעי אפרפר,ליברמו,,אקסלנס קרם 7.1 בלונד,יח',1.00,יח',false,,34.90,34.9000,true,1,799267
5601036205695,false,לוריאל - אקסלנס קרם 8.1 בלונד בהיר אפרפר,ליברמו,,אקסלנס קרם 8.1 בלונד,יח',1.00,יח',false,,34.90,34.9000,true,1,799270
5601036206418,false,לוריאל - אקסלנס קרם 01בלונד אולטרה בהיר טבעי,לוריאל,,אקסלנס קרם 01 בלונד,יח',1.00,יח',false,,34.90,34.9000,true,1,799272
5601217129420,false,וולייט דפים למניעת העברת צבע 20 יחידות,רקיט בנקיזר (ניר איסט) בעמ,,וולייט דפים 20 יח,יח',20.00,יח',false,,19.90,0.9950,true,1,3344793
5604912415058,false,סרדינים פורטוס בשמן חמניות חריף 125 גרם,דיפלומט מפיצים (1968) בעמ**,,סרדינים פורטוס בשמן,גרמים,125.00,100 גרם,false,,5.90,0.0472,true,1,4729055
5701932026964,false,"הוטפופ גרעיני תירס להכנת פופקורן במיקרוגל בטעם טבעי, בתוספת מלח, 600 גרם",ליימן שליסל בע`מ,,פופקורן למיקרוגל בתו,גרמים,600.00,100 גרם,false,,14.80,0.0247,true,1,814683
5701932026971,false,הוטפופ גרעיני תירס להכנת פופקורן במיקרוגל בטעם חמאה 600 גרם,ליימן שליסל בע`מ,,פופקורן למיקרוגל בטע,גרמים,600.00,100 גרם,false,,14.80,0.0247,true,1,814684
5701932026995,false,"הוטפופ גרעיני תירס להכנת פופקורן במיקרוגל בטעם טבעי מופחת שומן, 510 גרם",קריניציה ויטמינה אס,,פופקורן למיקרוגל ליי,גרמים,510.00,100 גרם,false,,14.80,0.0290,true,1,814685
5706516031358,false,פופקורן להכנה במיקרוגל בטעם טבעי מופחת שומן 5 שקיות,ליימן שליסל בע`מ,,פופקורן למיקרוגל מופ,גרמים,160.00,100 גרם,false,,14.80,0.0925,true,1,814686
5711953106583,false,גבינת שמנת בטעם טבעי 200 גרם ארלה,שטראוס גרופ בעמ/מצונן,,ארלה גבינת שמנת טבעי,גרמים,200.00,100 גרם,false,,13.80,0.0690,true,1,5988368
5711953106590,false,גבינת שמנת ארלה שמנת שום 200 גרם,שטראוס גרופ בעמ/מצונן,,ארלה גבינת שמנת ושום,גרמים,200.00,100 גרם,false,,13.80,0.0690,true,1,5988369
5711953106606,false,גבינת שמנת עם תבלינים ועשבי תיבול 23.5%,שטראוס גרופ בעמ/מצונן,,ארלה גבינת שמנת עשבי,גרמים,200.00,100 גרם,false,,13.80,0.0690,true,1,5988370
5740900403215,false,ממרח חמאה דנית לורפק עם מלח 250 גרם,שטראוס גרופ בעמ/מצונן,,ממרח לורפק עם מלח 25,גרמים,250.00,100 גרם,false,,16.90,0.0676,true,1,5097705
5740900403222,false,ממרח לורפק חמאה עם מלח מופחת שומן 250 ג,שטראוס גרופ בעמ/מצונן,,ממרח לורפק 250 גר,גרמים,250.00,100 גרם,false,,16.90,0.0676,true,1,5097706
5740900403239,false,ממרח חמאה דנית לורפק ללא מלח 250 גרם,שטראוס גרופ בעמ/מצונן,,ממרח לורפק ללא תוספת,גרמים,250.00,100 גרם,false,,16.90,0.0676,true,1,5097707
5740900403246,false,ממרח לורפק ללא תוספת מלח 500 גר,שטראוס גרופ בעמ/מצונן,,ממרח לורפק ללא תוספת,גרמים,500.00,100 גרם,false,,27.90,0.0558,true,1,5097708
5740900403253,false,ממרח מחמאת לורפק עם מלח 500 ג',שטראוס גרופ בעמ/מצונן,,ממרח לורפק עם מלח 50,גרמים,500.00,100 גרם,false,,27.90,0.0558,true,1,5097709
5740900403260,false,ממרח מחמאת לורפק ללא מלח 27% פחות שומן,שטראוס גרופ בעמ/מצונן,,ממרח לורפק ללא תוספת,גרמים,250.00,100 גרם,false,,16.90,0.0676,true,1,5097710
5900020012814,false,דגנים תפוחים בטעם שוקולד נסקוויק נסטלה 500 גרם,קבוצת אוסם סחר שותפות מוגבלת,,דגנים תפוחים בטעם שו,גרמים,500.00,100 גרם,false,,25.60,0.0512,true,1,806584
5900020015174,false,פיטנס חטיפי אנרגיה דגנים בטעם שוקולד נסטלה 6*23.5 גרם,קבוצת אוסם סחר-שות.מוגבלת,,פיטנס חטיפי אנרגיה ד,גרמים,141.00,100 גרם,false,,14.90,0.1057,true,1,806585
5900020018908,false,פיטנס חטיפי אנרגיה דגנים בטעם קרם עוגיות נסטלה 6*23.5 גרם,קבוצת אוסם סחר-שות.מוגבלת,,פיטנס חטיפי אנרגיה ד,גרמים,141.00,100 גרם,false,,14.90,0.1057,true,1,806593
5900020020710,false,מארז חטיף דגנים קראנץ' בטעם שוקו וניל נסטלה,קבוצת אוסם סחר שותפות מוגבלת,,מארז קראנץ בר שוקו ו,גרמים,150.00,100 גרם,false,,14.90,0.0993,true,1,885801
5900020020741,false,חטיפי דגנים נסקוויק בר שוקו שוקו 6*25 גר,קבוצת אוסם סחר שותפות מוגבלת,,נסקוויק בר דגנים שוק,גרמים,150.00,100 גרם,false,,14.90,0.0993,true,1,885802
5900020022325,false,חטיף סיני מיניס Cini Minis בטעם קינמון - 6 במארז,קבוצת אוסם סחר שותפות מוגבלת,,חטיף בר סיני מיניס 6,גרמים,150.00,100 גרם,false,,14.90,0.0993,true,1,964330
5900020024770,false,פיטנס - דליס חטיף דגנים שוקולד אגוז 22.50 גרם * 6,קבוצת אוסם סחר שותפות מוגבלת,,פיטנס בר דליס שוקלד,גרמים,135.00,100 גרם,false,,14.90,0.1104,true,1,1070879
5900020024817,false,פיטנס דליס Fitness Delice חטיף דגנים עם שוקולד לבן,קבוצת אוסם סחר שותפות מוגבלת,,פיטנס בר דליס שוקולד,גרמים,135.00,100 גרם,false,,14.90,0.1104,true,1,1052292
5900020025647,false,חטיף דגנים פיטנס שוקולד חלב 135 גרם מארז 6 יחידות,קבוצת אוסם סחר שותפות מוגבלת,,פיטנס בר דליס שוקולד,גרמים,135.00,100 גרם,false,,15.80,0.1170,true,1,1052294
5900020026552,false,דגני בוקר האני נאט צ'יריוס בטעם דבש ושקדים,קבוצת אוסם סחר שותפות מוגבלת,,האני נאט ציריוס 625,גרמים,625.00,100 גרם,false,,23.90,0.0382,true,1,1457471
5900020029669,false,פיטנס - חטיף דגנים פירות יער 23.50 גרם * 6,קבוצת אוסם סחר שותפות מוגבלת,,מארז חטיף פיטנס מארו,גרמים,141.00,100 גרם,false,,14.90,0.1057,true,1,3325263
5900020031877,false,נסטלה האני ציריוס חטיף דגני בוקר שישייה,קבוצת אוסם סחר-שות.מוגבלת,,צ'יריוס האני חטיף דג,גרמים,132.00,100 גרם,false,,14.90,0.1129,true,1,4661437
5900020032454,false,מארז חטיף פיטנס עוגיות 8 X 23.5 גרם,קבוצת אוסם סחר שותפות מוגבלת,,פיטנס מארז חטיף שברי,יח',1.00,יח',false,,14.90,14.9000,true,1,6365906
5900020033314,false,חטיף דגני בוקר Lion בטעם קרמל ושוקולד על קרם חלב,קבוצת אוסם סחר שותפות מוגבלת,,ליון חטיף דגנים מאגד,יח',1.00,יח',false,,14.90,14.9000,true,1,5165424
5900020034021,false,פיטנס חטיף דגנים שוקו בננה נסטלה (23.5x6,קבוצת אוסם סחר שותפות מוגבלת,,חטיף דגנים פיטנס שוק,גרמים,141.00,100 גרם,false,,14.90,0.1057,true,1,5630042
5900020034991,false,דגני בוקר צדפים בטעם שוקולד 450 ג' קראנץ',קבוצת אוסם סחר שותפות מוגבלת,,קראנץ צדפים טעם שוקו,גרמים,450.00,100 גרם,false,,21.90,0.0487,true,1,6173257
5900020036407,false,ליון דגני בוקר שוקולד וקרמל נסטלה 480 גרם,קבוצת אוסם סחר שותפות מוגבלת,,ליון דגני בוקר שוקול,גרמים,480.00,100 גרם,false,,23.90,0.0498,true,1,6269272
5900020037916,false,דגני בוקר שיבולת שועל צ'ריוס 375ג',קבוצת אוסם סחר שותפות מוגבלת,,צריוס שיבולת שועל,גרמים,340.00,100 גרם,false,,14.90,0.0438,true,1,6359830
5900020039590,false,פיטנס חטיף דגנים קלאסי 6.8*23.5גר פרווה,קבוצת אוסם סחר-שות.מוגבלת,,פיטנס חטיף דגנים קלא,גרמים,141.00,100 גרם,false,,14.90,0.1057,true,1,6411313
5900020039620,false,פיטנס חטיף דגנים שקדים ודבש פרווה 8 6*23 ג,קבוצת אוסם סחר שותפות מוגבלת,,פיטנס חטיף דגנים שקד,גרמים,141.00,100 גרם,false,,14.90,0.1057,true,1,6411314
5900020041142,false,קורנפלקס פיטנס 500 ג' אסם,קבוצת אוסם סחר-שות.מוגבלת,,פיטנס קורנפלקס 500 ג,גרמים,500.00,100 גרם,false,,12.90,0.0258,true,1,6510940
5900352000770,false,ממתק ג`לי דובדבן מצופה שוקולד 190 גרם,יעד ממתקים בעמ,,גלרטקה דובדבן מצופה,גרמים,190.00,100 גרם,false,,7.90,0.0416,true,1,816574
5900352002576,false,ממתק ג`לי אוכמניות מצופה שוקולד190 גרם,יעד ממתקים בעמ,,גלרטקה אוכמניות 190,גרמים,190.00,100 גרם,false,,7.90,0.0416,true,1,816577
5900352012605,false,טייגר חטיף אליבי קוקוס 49 גרם,אליבי מקס Alibi Max,,טייגר חטיף אליבי קוק,גרמים,49.00,100 גרם,false,,2.50,0.0510,true,1,6448386
5900352014449,false,וופל בלגי וניל 130 גר` יעד ממתקים,יעד ממתקים בעמ,,וופל בלגי וניל 130 ג,גרמים,130.00,100 גרם,false,,3.90,0.0300,true,1,6448387
5900352014456,false,וופל בלגי שוקולד 130 גר` יעד ממתקים,יעד ממתקים בעמ,,וופל בלגי שוקולד 130,גרמים,130.00,100 גרם,false,,3.90,0.0300,true,1,6448388
5900352014470,false,וופל בלגי קרמל 140 גר` יעד ממתקים,יעד ממתקים בעמ,,וופל בלגי קרמל 130 ג,גרמים,130.00,100 גרם,false,,3.90,0.0300,true,1,6448389
5900617035905,false,חטיף חלבון נוטרישיין בטעם קרמל מלוח,סיטי תוספי מזון,,חטיף פרוטאין 33 קרמל,יח',1.00,יח',false,,9.90,9.9000,true,1,6416428
5900627027020,false,"ויט קרם להסרת שיער בזמן מקלחת לעור רגיל 150 מ""ל",רקיט בנקיזר (ניר איסט) בעמ,FR,Veet Shower Cre Silk 5X15,מיליליטרים,150.00,"100 מ""ל",false,,19.90,0.1327,true,1,821491
5900627063233,false,טבליות למדיח הכל ב-1 פיניש מקס 50 יחידות,רקיט בנקיזר (ניר איסט) בעמ,PL,"FINSH,IL,AIO48tabs-Morgan",יח',50.00,יח',false,,34.90,0.6980,true,1,1599203
5900627066715,false,טבליות למדיח פיניש הכל ב-1 100 יח,רקיט בנקיזר (ניר איסט) בעמ,,פיניש 100 טבליות,100 יח',100.00,100 יח',false,,58.90,0.5890,true,1,2378125
5900951283963,false,חטיף סניקרס עם חמאת בוטנים Creamy Peanut Butter,"מרס ריגלי ישראל בע""מ",,חטיף סניקרס קרימי חמ,יח',1.00,יח',false,,3.90,3.9000,true,1,6399458
5900951284571,false,אוכל לכלבים פדיגרי ב,שחורי אריה ואנסטסיה,,פדיגרי בקר 400 גר,יח',1.00,יח',false,,9.90,9.9000,true,1,6358641
5901414200411,false,בלזן היט מיני ביסקוויט סנדוויץ' עם מילוי קרם בטעם שוקולד 130 גרם,ליימן שליסל בע`מ,,עוגיות סנדוויץ' בטעם,גרמים,130.00,100 גרם,false,,5.90,0.0454,true,1,814687
5901888020508,false,FREEYU חטיף דגנים עם קינואה בטעם צ'ילי 70 גרם,"דנשר (1963) בע,מ",,חטיף דגנים עם קינואה,גרמים,70.00,100 גרם,false,,12.70,0.1814,true,1,6476413
5901888020560,false,חטיף דגנים עם קינואה בטעם עשבי תיבול 70ג FREEYU,"דנשר (1963) בע,מ",,חטיף דגנים עם קינואה,גרמים,70.00,100 גרם,false,,12.70,0.1814,true,1,6476415
5902198160403,false,XL משקה אנרגיה מוגז ללא סוכר עד 10 קלוריות לפחית 250 מל,"טמפו משקאות בע""\מ",,TEN XL פחית 250 מל,מיליליטרים,250.00,"100 מ""ל",false,,3.80,0.0152,true,1,2735491
5904941750312,false,"משקה אנרגיה BLU מוחיטו בודד 250 מ""ל",בני פאוזי שמשום (2009) בעמ,,משקה אנרגייה בלו מוח,מיליליטרים,250.00,"100 מ""ל",false,,4.20,0.0168,true,1,853214
5904941751241,false,"משקה אנרגיה BLU דיי סיקס ללא סוכר 250 מ""ל",בני פאוזי שמשום (2009) בעמ,,"בלו דיי סיקס לל""ס 25",יח',1.00,יח',false,,4.20,4.2000,true,1,6320148
5904941751302,false,משקה אנרגיה בפחית בלו (250 מל),בני פאוזי שמשום (2009) בעמ,,משקה אנרגיה בלו 250,מיליליטרים,250.00,"100 מ""ל",false,,4.20,0.0168,true,1,821789
5904941751371,false,"בלו אקזוטי (מלון תפוח) 250 מ""ל בודד",בני פאוזי שמשום (2009) בעמ,,משקה בלו אקזוטיק 250,מיליליטרים,250.00,"100 מ""ל",false,,4.20,0.0168,true,1,3250356
5904941751524,false,"משקה אנרגיה BLU DAY אבטיח בודד 250 מ""ל",בני פאוזי שמשום (2009) בעמ,,משקה אנרגייה בלו אבט,מיליליטרים,250.00,"100 מ""ל",false,,4.20,0.0168,true,1,853215
5904941751715,false,משקה אנרגיה Blu פחיתבטעם חמוציות 250מל,בני פאוזי שמשום (2009) בעמ,,משקה אנרגיה חמוציות,מיליליטרים,250.00,"100 מ""ל",false,,4.20,0.0168,true,1,821793
5904941751913,false,משקה אנרגיה Blu פחית בטעם פסיפלורה250מ,בני פאוזי שמשום (2009) בעמ,,משקה בלו פסיפולרה 25,מיליליטרים,250.00,"100 מ""ל",false,,4.20,0.0168,true,1,821798
5904941751920,false,בלו משקה אנרגיה דיי חצי מכמות הקלו250 מל,בני פאוזי שמשום (2009) בעמ,,משקה אנרגייה בלו דיי,מיליליטרים,250.00,"100 מ""ל",false,,4.20,0.0168,true,1,821799
5904941751975,false,"בלו משקה אנרגיה דיי ענבים 250 מ""ל",בני פאוזי שמשום (2009) בעמ,,בלו משקה אנרגיה דיי,מטרים,250.00,100 מ'ל,false,,4.20,0.0168,true,1,6413015
5904941752262,false,משקה אנרגיה בטעם לימון ליים ללא תוספת סוכר,בני פאוזי שמשום (2009) בעמ,,"בלו לימון ליים לל""ס",יח',1.00,יח',false,,2.90,2.9000,true,1,6320149
5906485301012,false,משקה אנרגיה XL מוגז פחית 250 מל,"טמפו משקאות בע""מ",IL,"XL 250 מ""ל פחית 24 יח'",מיליליטרים,250.00,"100 מ""ל",false,,3.80,0.0152,true,1,804096
5941021000899,false,טבלת שוקולד מריר אגוז היידי גראנדור 100 ג',היידי שוקולד בירונטי,,שוקולד מריר היידי אג,גרמים,100.00,100 גרם,false,,9.50,0.0950,true,1,5162858
5941021001247,false,טבלת שוקולד בטעם קפה היידי גראנדור 80 ג',היידי שוקולד בירונטי,,טבלת היידי גראנדור ק,יח',1.00,יח',false,,9.50,9.5000,true,1,5546911
5941021001674,false,טבלת שוקולד היידי גראנדור 80% 80 ג',היידי שוקולד בירונטי,,היידי שוקולד 85% 80,יח',1.00,יח',false,,9.50,9.5000,true,1,5162859
5941021005139,false,טבלת שוקולד חלב שקד היידי גראנדור 100 ג',,,היידי שוקולד חלב שקד,גרמים,100.00,100 גרם,false,,9.50,0.0950,true,1,5162860
5941021011147,false,טבלת שוקולד פלורנטין מריר היידי גראנדור 100 ג',היידי שוקולד בירונטי,,טבלת היידי גראנדור פ,גרמים,100.00,100 גרם,false,,9.50,0.0950,true,1,5546913
5941021014483,false,טבלת היידי גראנדור פלורנטין לבן 100 גר,,,טבלת היידי גראנדור פ,גרמים,100.00,100 גרם,false,,9.50,0.0950,true,1,6461263
5941021022303,false,טבלת שוקולד היידי מריר עם דובדבן 80 גר,,,טבלת היידי מריר עם ד,גרמים,80.00,100 גרם,false,,9.50,0.1188,true,1,6461264
5949152110838,false,"איירוויק מבשם אוויר ומנטרל ריחות - גשמים סגולים 237 מ""ל",רקיט בנקיזר (ניר איסט) בעמ,,איירוויק נטול גז 237,מטרים,237.00,100 מ'ל,false,,14.90,0.0629,true,1,6488209
5997321770307,false,ויט רצועות שעווה מוכנות לעור רגיש 12 יחידות,רקיט בנקיזר (ניר איסט) בעמ,,ויט רצועות שעווה מוכ,יח',12.00,יח',false,,19.90,1.6583,true,1,3564993
5998623530637,false,"אדלמה קברנה סובניון יין אדום יבש (כשר) 750 מ""ל",מ.אקרמן בעמ,,אדלמה קברנה סובניון,מטרים,750.00,100 מ'ל,false,,38.90,0.0519,true,1,6436291
5999887183225,false,סבון אסלה שלישייה,,,סבון אסלה שלישייה,יח',3.00,יח',false,,9.90,3.3000,true,1,3467833
6001067017523,false,מברשת שיניים קולגייט לילדים מגיל חמש 1 יחידה,יבואן ומשווק: ש. שסט,,קולגייט מברשת ילדים,יח',1.00,יח',false,,9.90,9.9000,true,1,854672
6001067017530,false,מברשת שיניים קולגייט לילדים מגיל שנתיים עד חמש 1 יחידה,יבואן ומשווק: ש. שסט,,מברשת קולגייט ילדים,יח',1.00,יח',false,,9.90,9.9000,true,1,858363
6111049000051,false,סרדין חריף פיקנטי בשמן סויה 125 גרם,ויצמן פרימיום בעמ,,סרדין מרוקאי חריף 12,גרמים,125.00,100 גרם,false,,4.90,0.0392,true,1,823610
6111049000150,false,סרדין בשמן צמחי ולימון 125גר,אטלנטיק הום סרדינס א,,סרדין בשמן צמחי ולימ,גרמים,125.00,100 גרם,false,,4.90,0.0392,true,1,2961259
6111049002055,false,סרדינים בשמן צמחי מרוקו,י.מ.ויצמן יצחק שרותי מסחר בעמ,,סרדין בשמן סויה 125,גרמים,125.00,100 גרם,false,,4.90,0.0392,true,1,823611
6111094000013,false,קוסקוס להכנה מהירה דארי (1 קג),תומר ייבוא ושיווק מוצרי מזון [,,קוסקוס דארי בינוני1ק,לקג,1.00,לקג,false,,17.70,17.7000,true,1,803914
6111094000198,false,קוסקוס דארי בינוני 350 גרם,דארי קוספאט אס. איי. או,,קוסקוס דארי 350 גרם,גרמים,350.00,100 גרם,false,,6.90,0.0197,true,1,3259078
6111094000228,false,"קוסקוס דארי דק תומר 1 ק""ג",תומר ייבוא ושיווק מוצרי מזון [,,קוסקוס דארי דק 1ק'12,100 לקג,1.00,100 לקג,false,,17.70,17.7000,true,1,803915
6111094000808,false,"קוסקוס דארי בינוני תומר 1 ק""ג + 10% תוספת",דארי קוספטה אל-זהרה,,קוסקוס דארי בינוני 1,קילוגרמים,1.00,"לק""ג",false,,17.70,17.7000,true,1,915306
6111119000011,false,"קוסקוס אורגינל פרידה 1ק""ג",ויצמן פרימיום בעמ,,קוסקוס מרוקאי פרידה,קילוגרמים,1.00,"לק""ג",false,,12.80,12.8000,true,1,2961280
6118000061090,false,סרדינים מרוקאים בשמן סויה (125 גר`)טנגי,דין שיווק וקליה 2021 בעמ,,סרדינים מרוקאים בשמן,גרמים,125.00,100 גרם,false,,3.90,0.0312,true,1,945953
6118000240501,false,סרדינים מרוקאים בשמן סויה עם פלפל חריף - 125 גרם,דין שיווק וקליה 2021 בעמ,,סרדינים מרוקאים בשמן,יח',1.00,יח',false,,3.90,3.9000,true,1,945954
6191546003823,false,אריסה טוניסאית 190 גר,מונה פוד,,אריסה טוניסאית 190 ג,גרמים,190.00,100 גרם,false,,9.90,0.0521,true,1,6414003
6281001510390,false,מברשת שיניים לילדים אקסטרא סופט לגילאי 0-2,קולגייט-פלמוליב,,מברשת שיניים ילדים ל,יח',1.00,יח',false,,9.90,9.9000,true,1,804669
6315280312069,false,טוסטר 2 פרוסות נירוסטה BENATON BT-206,קונסיגנציה-ד.ש.ש. אלקטרוניקה ב,,טוסטר לחיץ נירוסטה ד,יח',1.00,יח',false,,79.90,79.9000,true,1,6434250
6902019042061,false,מארז בלונים 50 יח קרביץ,לירון קרביץ יבוא שיווק וסחר,,בלונים 50 יח,יח',1.00,יח',false,,10.70,10.7000,true,1,5951424
6910191800287,false,אצות נורי בלו 10 דף (ננגטונג),מזרח ומערב יבוא ושיווק,,אצות נורי בלו 10 דף,גרמים,25.00,גרם,false,,10.80,0.4320,true,1,853266
6912977000140,false,אטריות שעועית 250 גר' ( Yantai)ללא גלוטן(כ),מזרח ומערב יבוא ושיווק,,אטריות שעועית 250 גר,גרמים,250.00,100 גרם,false,,8.70,0.0348,true,1,923356
6920354824395,false,משחת שיניים נטורל תמציות פחם קולגייט 90 ג',קולגייט פלמוליב,,קולגייט נטורל משחת ש,מטרים,71.00,100 מ'ל,false,,29.90,0.4211,true,1,6387101
6921052701001,false,אצות וואקמה 40 גרם (רונגצ'אנג)(כ),מזרח ומערב יבוא ושיווק,,אצות וואקמה 40 גרם (,גרמים,40.00,100 גרם,false,,8.70,0.2175,true,1,818002
6922276100083,false,מחית וואסבי -חזרת 43 גרם (דליאן),מזרח ומערב יבוא ושיווק,,מחית וואסבי -חזרת 43,גרמים,43.00,100 גרם,false,,8.70,0.2023,true,1,818003
6926799203085,false,מיטה מתנפחת יחיד כחו,,,מיטה מתנפחת יחיד,יחידה,0.00,יחידה,false,,59.90,0.0000,true,1,6498587
6933960500089,false,קנפיו רצועות דלעת כבושות 100 גרם (קווינגזאו),מזרח ומערב יבוא ושיווק,,קנפיו רצועות דלעת כב,מיליליטרים,400.00,"100 מ""ל",false,,11.90,0.0298,true,1,818020
6934731200078,false,אטריות טריות דקות מזרח מערב 200 גרם,יאנטאי ינסידה לנוגקא,,אטריות טריות דקות 20,גרמים,200.00,100 גרם,false,,6.90,0.0345,true,1,5556013
6934731210138,false,אטריות טריות עבות מזרח מערב 200 גרם,יאנטאי ינסידה לנוגקא,,אטריות טריות עבות 20,גרמים,200.00,100 גרם,false,,6.90,0.0345,true,1,5556014
6934931514296,false,קפה טורקי קלוי טחון עם הל 100 גר,,,קפה טורקי קלוי טחון,גרמים,100.00,100 גרם,false,,4.90,0.0490,true,1,6392145
6934931979156,false,קפה טורקי קלוי טחון 200ג מונדיאל,,,קפה טורקי קלוי טחון,גרמים,200.00,100 גרם,false,,6.90,0.0345,true,1,6503445
6936745600462,false,"מירין 500 מ""ל (דאניינג)",מזרח ומערב יבוא ושיווק,,"מירין 500 מ""ל (דאניי",מיליליטרים,500.00,"100 מ""ל",false,,17.80,0.0356,true,1,830960
6936745600783,false,"חומץ אורז מזרח מערב 500 מ""ל",מזרח ומערב יבוא ושיווק,,"חומץ אורז 500 מ""ל (ד",מיליליטרים,500.00,"100 מ""ל",false,,14.80,0.0296,true,1,830961
6937266703472,false,שיק היידרו 5 סילק סכינים רביעייה,ארץ ייצור סכינים: ארהבn\,,שיק הידרו סילק נשים,יחידה,0.00,יחידה,false,,44.90,0.0000,true,1,6217657
6941168412417,false,אטבי כביסה צבעוניים 50 יח' - מותג הבית,,,אטבים 50 יחידות,מיליליטרים,500.00,"100 מ""ל",false,,14.90,0.0298,true,1,6106969
6942971507031,false,"סוויט בוקס צעצוע ו דובוני גלי ""חתולים""",גואנגדונג ויסקי פודס,,ממתק צעצוע חתולים,יח',1.00,יח',false,,9.90,9.9000,true,1,6448447
6942971509844,false,"סוויט בוקס צעצוע ו דובוני גלי ""זומבי""",גואנגדונג ויסקי פודס,,ממתק צעצוע זומבי,יח',1.00,יח',false,,9.90,9.9000,true,1,6448449
6970011910237,false,מצית לגז אקדח גדול,,,מצת פרימיום,יח',1.00,יח',false,,8.90,8.9000,true,1,6392443
6970766341072,false,מאג רוזה,,,מאג רוזה,יח',1.00,יח',false,,4.90,4.9000,true,1,6502916
7038516140357,false,מברשת שיניים ג'ורדן טוטל סופט מארז 4 יחידות,מיוצר במלזיה עבור ג',MY,ג'ורדן מברשת טוטאל קלין ס,יח',1.00,יח',false,,14.90,14.9000,true,1,877147
7038516140418,false,ג'ורדן מברשת שיניים טוטאל קלין מדיום רביעייה,"דנשר (1963) בע,מ",MY,ג'ורדן מברשת טוטאל קלין מ,יח',1.00,יח',false,,11.90,11.9000,true,1,877148
7046110060636,false,גורדן מברשת CHANGE למבוגרים צבע כחול,דנטלון,,ג'ורדן מברשת שיניים,יחידה,0.00,יחידה,false,,19.90,0.0000,true,1,6476416
7046110064047,false,מארז זוג מברשת שיניים ג'ורדן ילדים 6-9,"דנשר (1963) בע,מ",MY,ג'ורדן מברשת לילדים,יח',2.00,יח',false,,14.90,7.4500,true,1,1147002
7046110064535,false,מארז זוג מברשת שיניים ג'ורדן ילדים 0-2,"דנשר (1963) בע,מ",MY,ג'ורדן מברשת לילדים,יח',2.00,יח',false,,14.90,7.4500,true,1,1147003
7271730901261,false,ווקי מאק ארוחת אטריות עם גבינה 156 גרם,ניו וורלד פסטה קומפנ,,מקרוני עם גבינה 156,גרמים,156.00,100 גרם,false,,10.90,0.0699,true,1,849924
7290000000091,false,דמי משלוח - אתר אינטרנט,,,דמי משלוח - אתר אינט,יח',1.00,יח',false,,29.90,29.9000,true,1,819502
7290000000100,false,אבוקדו האס,,,עגבניה,קילוגרמים,1.00,"ק""ג",true,,5.90,5.9000,true,1,817157
7290000000101,false,חבילת פיתות קטן 10 י,ביכורי השקמה,,מלפפון,קילוגרמים,1.00,"ק""ג",true,,4.90,4.9000,true,1,817158
7290000000102,false,מי קוקוס אמפאווה+מוט,ביכורי השקמה,,גזר ארוז,קילוגרמים,1.00,"ק""ג",true,,2.90,2.9000,true,1,817159
7290000000103,false,דבדבן טרי,ביכורי השקמה,,פלפל כהה,קילוגרמים,1.00,"ק""ג",true,,7.90,7.9000,true,1,817160
7290000000104,false,חבילת כוסברה טריה,ביכורי השקמה,,פלפל אדום,קילוגרמים,1.00,"ק""ג",true,,8.90,8.9000,true,1,817161
7290000000105,false,חב' עירית טריה,ביכורי השקמה,,פלפל בהיר,קילוגרמים,1.00,"ק""ג",true,,7.90,7.9000,true,1,817162
7290000000106,false,אנונה,ביכורי השקמה,,חציל,קילוגרמים,1.00,"ק""ג",true,,3.90,3.9000,true,1,817163
7290000000107,false,גזר תפזורת,ביכורי השקמה,,קישוא ירוק,קילוגרמים,1.00,"ק""ג",true,,6.90,6.9000,true,1,817164
7290000000108,false,קישואים זוקיני,ביכורי השקמה,,בצל יבש,קילוגרמים,1.00,"ק""ג",true,,3.90,3.9000,true,1,817165
7290000000109,false,כרוב לבן,ביכורי השקמה,,כרוב לבן,קילוגרמים,1.00,"ק""ג",true,,2.90,2.9000,true,1,817166
7290000000110,false,כרוב אדום,ביכורי השקמה,,כרוב אדום,קילוגרמים,1.00,"ק""ג",true,,2.90,2.9000,true,1,817167
7290000000111,false,תפוח אדמה לבן ארוז,ביכורי השקמה,,תפוח אדמה לבן ארוז,קילוגרמים,1.00,"ק""ג",true,,2.90,2.9000,true,1,817168
7290000000112,false,ברוקומיני,ביכורי השקמה,,צנונית,יח',1.00,יח',false,,4.90,4.9000,true,1,817169
7290000000113,false,שום טרי עלים,ביכורי השקמה,,אגס,קילוגרמים,1.00,"ק""ג",true,,7.90,7.9000,true,1,817170
7290000000114,false,תפוח עץ סטרקינג (אדו,ביכורי השקמה,,תפוח עץ סטרקינג (אדו,קילוגרמים,1.00,"ק""ג",true,,9.90,9.9000,true,1,817171
7290000000115,false,תפוח עץ מוזהב,ביכורי השקמה,,תפוח עץ מוזהב,קילוגרמים,1.00,"ק""ג",true,,9.90,9.9000,true,1,817172
7290000000116,false,תפוח עץ ירוק גרנד סמ,ביכורי השקמה,,תפוח עץ ירוק גרנד סמ,קילוגרמים,1.00,"ק""ג",true,,9.90,9.9000,true,1,817173
7290000000117,false,עגבניות שרי תמר,ביכורי השקמה,,לימון,קילוגרמים,1.00,"ק""ג",true,,4.90,4.9000,true,1,817174
7290000000120,false,עגבניות לבישול,ביכורי השקמה,,קיווי,קילוגרמים,1.00,"ק""ג",true,,12.90,12.9000,true,1,817177
7290000000121,false,קלמנטינה,ביכורי השקמה,,קלמנטינה,קילוגרמים,1.00,"ק""ג",true,,4.90,4.9000,true,1,817178
7290000000122,false,תפוח עץ פינק בראשית,ביכורי השקמה,,תפוז,קילוגרמים,1.00,"ק""ג",true,,4.90,4.9000,true,1,817179
7290000000125,false,פטרוזיליה (בתפזורת),ביכורי השקמה,,פטרוזיליה (בתפזורת),יח',1.00,יח',false,,3.50,3.5000,true,1,819788
7290000000126,false,כוסברה (בתפזורת),ביכורי השקמה,,כוסברה (בתפזורת),יח',1.00,יח',false,,3.50,3.5000,true,1,819789
7290000000127,false,"קמח אחיד שטיבל 25 ק""",אדמה,,סלרי אמריקאי אדמה,יח',1.00,יח',false,,4.90,4.9000,true,1,819790
7290000000128,false,קמח לבן בהיר שטיבל 3,ביכורי השקמה,,נענע (בתפזורת),יח',1.00,יח',false,,3.50,3.5000,true,1,819791
7290000000129,false,אפונת שלג/סינית 200,אדמה,,שמיר (בתפזורת),יח',1.00,יח',false,,3.50,3.5000,true,1,819792
7290000000131,false,חבילת שמיר טרי,ביכורי השקמה,,בצל ירוק,יח',1.00,יח',false,,5.90,5.9000,true,1,819793
7290000000132,false,תפוחי אדמה לבן תפזור,ביכורי השקמה,,פלפל חריף,קילוגרמים,1.00,"ק""ג",true,,8.90,8.9000,true,1,817183
7290000000133,false,חסה סלנובה,ביכורי השקמה,,שום יבש,יח',1.00,יח',false,,3.30,3.3000,true,1,817184
7290000000134,false,פטריות יער,ביכורי השקמה,,בננה,קילוגרמים,1.00,"ק""ג",true,,4.90,4.9000,true,1,817185
7290000000135,false,אפרסמון קרמבו,ביכורי השקמה,,אבוקדו,קילוגרמים,1.00,"ק""ג",true,,10.90,10.9000,true,1,817186
7290000000136,false,אשכולית צהובה,ביכורי השקמה,,אשכולית צהובה,קילוגרמים,1.00,"ק""ג",true,,4.90,4.9000,true,1,817187
7290000000137,false,פומלה,ביכורי השקמה,,פומלה,קילוגרמים,1.00,"ק""ג",true,,4.90,4.9000,true,1,817188
7290000000138,false,גויאבה,ביכורי השקמה,,בטטה,קילוגרמים,1.00,"ק""ג",true,,6.90,6.9000,true,1,817189
7290000000139,false,שומר,ביכורי השקמה,,שומר,קילוגרמים,1.00,"ק""ג",true,,5.90,5.9000,true,1,817190
7290000000141,false,דלורית,ביכורי השקמה,,דלורית,קילוגרמים,1.00,"ק""ג",true,,4.90,4.9000,true,1,817192
7290000000142,false,אשכולית אדומה,ביכורי השקמה,,אשכולית אדומה,קילוגרמים,1.00,"ק""ג",true,,3.90,3.9000,true,1,817193
7290000000143,false,תפוח אדמה כסביה,ביכורי השקמה,,תפוח אדמה כסביה,קילוגרמים,1.00,"ק""ג",true,,12.90,12.9000,true,1,817194
7290000000144,false,שעועית הילדה,ביכורי השקמה,,אפרסמון,קילוגרמים,1.00,"ק""ג",true,,12.90,12.9000,true,1,817195
7290000000147,false,פטריות שמפיניון במשק,ביכורי השקמה,,ענבים שחור ארוז,קילוגרמים,1.00,"ק""ג",true,,19.90,19.9000,true,1,817197
7290000000148,false,תירס טרי,,,תירס טרי,קילוגרמים,1.00,"ק""ג",true,,7.90,7.9000,true,1,817198
7290000000149,false,תפוח עץ חרמון,ביכורי השקמה,,תפוח עץ חרמון,קילוגרמים,1.00,"ק""ג",true,,9.90,9.9000,true,1,817199
7290000000151,false,סלק אדום,ביכורי השקמה,,סלק אדום,קילוגרמים,1.00,"ק""ג",true,,3.90,3.9000,true,1,817201
7290000000153,false,זוג עוגיות אלפחורס,ביכורי השקמה,,מארז אבוקדו ברשת,קילוגרמים,1.00,"ק""ג",true,,8.90,8.9000,true,1,817203
7290000000155,false,פטריות חורש במשקל,ביכורי השקמה,,רימון אדום,קילוגרמים,1.00,"ק""ג",true,,7.90,7.9000,true,1,817205
7290000000161,false,חציל בלאדי,ביכורי השקמה,,צנון,קילוגרמים,1.00,"ק""ג",true,,5.90,5.9000,true,1,817209
7290000000162,false,עגבניות שרי אדומות,ביכורי השקמה,,עגבניות שרי אדומות,קילוגרמים,1.00,"ק""ג",true,,12.90,12.9000,true,1,817210
7290000000164,false,מלון ספרדי,ביכורי השקמה,,לפת,קילוגרמים,1.00,"ק""ג",true,,6.80,6.8000,true,1,817212
7290000000165,false,מנגולד עלי סלק,אדמה,,מנגולד עלי סלק,יח',1.00,יח',false,,4.90,4.9000,true,1,819794
7290000000166,false,דלעת,ביכורי השקמה,,דלעת,קילוגרמים,1.00,"ק""ג",true,,8.90,8.9000,true,1,817213
7290000000167,false,שרי מנומר/צהוב,ביכורי השקמה,,קולורבי,קילוגרמים,1.00,"ק""ג",true,,7.90,7.9000,true,1,817214
7290000000168,false,פלפל צהוב,ביכורי השקמה,,פלפל צהוב,קילוגרמים,1.00,"ק""ג",true,,8.90,8.9000,true,1,817215
7290000000173,false,שורש פטרוזיליה,אדמה,,שורש פטרוזיליה,יח',1.00,יח',false,,3.90,3.9000,true,1,819796
7290000000174,false,פלפל כתום,אדמה,,סלרי ראש,יח',1.00,יח',false,,4.90,4.9000,true,1,819797
7290000000183,false,פטאיה,ביכורי השקמה,,אפרסק,קילוגרמים,1.00,"ק""ג",true,,8.40,8.4000,true,1,817226
7290000000186,false,תפוח עץ יונתן,ביכורי השקמה,,תפוח עץ יונתן,קילוגרמים,1.00,"ק""ג",true,,10.90,10.9000,true,1,817229
7290000000191,false,ענבים אדומים,ביכורי השקמה,,ענבים אדומים,קילוגרמים,1.00,"ק""ג",true,,13.90,13.9000,true,1,817234
7290000000193,false,פלפל סוויט בייט,ביכורי השקמה,,קרעא,קילוגרמים,1.00,"ק""ג",true,,12.50,12.5000,true,1,817236
7290000000194,false,"תפו""א לבן תפזורת",ביכורי השקמה,,גויאבה,קילוגרמים,1.00,"ק""ג",true,,14.90,14.9000,true,1,817237
7290000000199,false,פומלית,ביכורי השקמה,,פומלית,קילוגרמים,1.00,"ק""ג",true,,3.90,3.9000,true,1,817241
7290000000201,false,אנונה,ביכורי השקמה,,אנונה,קילוגרמים,1.00,"ק""ג",true,,16.90,16.9000,true,1,817243
7290000000203,false,סלמי מילאנו פרוס,ישרקו שיווק מותגי מז,,קרמבולה,קילוגרמים,1.00,"ק""ג",true,,24.90,24.9000,true,1,817245
7290000000209,false,ענבים אדום תפזורת,,,ענבים אדום תפזורת,קילוגרמים,1.00,"ק""ג",true,,13.90,13.9000,true,1,817250
7290000000219,false,תפוח עץ גאלה,ישרקו שיווק מותגי מז,,תפוח עץ גאלה,קילוגרמים,1.00,"ק""ג",true,,9.90,9.9000,true,1,817260
7290000000225,false,ג'ינג'ר תפזורת,חוות פטריות תקוע,,ג'ינג'ר תפזורת,קילוגרמים,1.00,"ק""ג",true,,23.90,23.9000,true,1,811667
7290000000230,false,רוסקי סרוולט,ישרקו שיווק מותגי מז,,תפוז ברשת,קילוגרמים,1.00,"ק""ג",true,,4.90,4.9000,true,1,817265
7290000000231,false,סרוולט מוסקובסקי,ישרקו שיווק מותגי מז,,עגבניה תמר,קילוגרמים,1.00,"ק""ג",true,,4.90,4.9000,true,1,817266
7290000000244,false,חצילים בלדי,ביכורי השקמה,,חצילים בלדי,קילוגרמים,1.00,"ק""ג",true,,6.90,6.9000,true,1,817277
7290000000249,false,פטריות כללי (לבן),ישרקו שיווק מותגי מז,,גזר בתפוזרת,קילוגרמים,1.00,"ק""ג",true,,4.90,4.9000,true,1,817280
7290000000254,false,חסה עגולה,ביכורי השקמה,,חסה עגולה,יח',1.00,יח',false,,4.90,4.9000,true,1,817285
7290000000258,false,ענב שחור יבוא רמי לו,,,ענב שחור יבוא רמי לו,יח',1.00,יח',false,,18.00,18.0000,true,1,3268457
7290000000260,false,אפרסמון קרמבו,,,אפרסמון קרמבו,קילוגרמים,1.00,"ק""ג",true,,11.90,11.9000,true,1,3430565
7290000000265,false,דליקטסנייה,ישרקו שיווק מותגי מז,,אגס תפוח,קילוגרמים,1.00,"ק""ג",true,,9.90,9.9000,true,1,817288
7290000000267,false,סלק לבן/כתום,ישרקו שיווק מותגי מז,,סלק לבן/כתום,קילוגרמים,1.00,"ק""ג",true,,4.90,4.9000,true,1,2587409
7290000000289,false,לשון זליבנוי טילצי,ישרקו שיווק מותגי מז,,בצל אדום,קילוגרמים,1.00,"ק""ג",true,,5.90,5.9000,true,1,817290
7290000000293,false,דלורית חתוכה ארוזה,ביכורי השקמה,,דלורית חתוכה ארוזה,קילוגרמים,1.00,"ק""ג",true,,4.90,4.9000,true,1,2511565
7290000000295,false,תפוח עץ אנה,ביכורי השקמה,,תפוח עץ אנה,קילוגרמים,1.00,"ק""ג",true,,8.70,8.7000,true,1,817292
7290000000300,false,תפוח אדמה אדום ארוז,ביכורי השקמה,,תפוח אדמה אדום ארוז,קילוגרמים,1.00,"ק""ג",true,,3.90,3.9000,true,1,817295
7290000000306,false,תפוח אדמה אדום במשקל,ביכורי השקמה,,תפוח אדמה אדום במשקל,קילוגרמים,1.00,"ק""ג",true,,5.90,5.9000,true,1,817299
7290000000307,false,קישואים זוקיני ירוק,ביכורי השקמה,,פלפל כתום,קילוגרמים,1.00,"ק""ג",true,,8.90,8.9000,true,1,817300
7290000000333,false,פקדון בקבוק 30 אגורו,ביכורי השקמה,,פטריות במשקל,קילוגרמים,1.00,"ק""ג",true,,31.90,31.9000,true,1,822211
7290000000401,false,תמרים מגהול כחול 5 ק,"ולדמן ביח""ר לנקניק ו",,"תפו""א לאפיה",קילוגרמים,1.00,"ק""ג",true,,3.90,3.9000,true,1,817309
7290000000404,false,וטצינה רוסקיה,"ולדמן ביח""ר לנקניק ו",,"אגס כוס""יה",קילוגרמים,1.00,"ק""ג",true,,7.90,7.9000,true,1,817311
7290000000411,false,שום יבש יבוא רמי לוי,אראל תוצרת חקלאית בע,,שום יבש יבוא רמי לוי,יח',1.00,יח',false,,5.90,5.9000,true,1,4750780
7290000000420,false,קישואים זוקיני,"ולדמן ביח""ר לנקניק ו",,קישואים זוקיני,קילוגרמים,1.00,"ק""ג",true,,9.90,9.9000,true,1,817314
7290000000422,false,תפוח אדמה לבן במשקל,"ולדמן ביח""ר לנקניק ו",,תפוח אדמה לבן במשקל,קילוגרמים,1.00,"ק""ג",true,,4.90,4.9000,true,1,817315
7290000000435,false,חומוס ביתי,יד המלך,,סלרי עלים,יח',1.00,יח',false,,4.90,4.9000,true,1,862767
7290000000442,false,"נבטים סינים בד""ץ","ולדמן ביח""ר לנקניק ו",,נבטים,יח',1.00,יח',false,,5.90,5.9000,true,1,817316
7290000000453,false,בוט מורטדלה מעושן,"ולדמן ביח""ר לנקניק ו",,תפוח עץ לוליפופ,קילוגרמים,1.00,"ק""ג",true,,14.90,14.9000,true,1,5328454
7290000000502,false,"תמרים מג""הול שחור 5ק",מעדני מניה תעשיות בש,,אננס שקיל,קילוגרמים,1.00,"ק""ג",true,,24.90,24.9000,true,1,6373363
7290000000612,false,"תפו""א ירושלמי",קרלברג ייצור ושיווק,,שום טרי,קילוגרמים,1.00,"ק""ג",true,,19.90,19.9000,true,1,817320
7290000000649,false,אגס (בשקית),ביכורי השקמה,,אגס (בשקית),קילוגרמים,1.00,"ק""ג",true,,7.90,7.9000,true,1,817321
7290000000797,false,תפוח עץ פינק,ביכורי השקמה,,תפוח עץ פינק,קילוגרמים,1.00,"ק""ג",true,,14.90,14.9000,true,1,817330
7290000000805,false,פלפל כתום ברשת,קרלברג ייצור ושיווק,,פלפל כתום ברשת,קילוגרמים,1.00,"ק""ג",true,,6.70,6.7000,true,1,2320986
7290000000978,false,חסה גוש קטיף ירק הארץ היתר מכירה,ביכורי השדה צפון 1994 ג.ד. בעמ,,חסה מהדרין קטיף טרי,יח',1.00,יח',false,,4.90,4.9000,true,1,882644
7290000000985,false,פטרוזיליה ברכת קטיף ייבול נוכרי בוסתן,ביכורי השדה צפון 1994 ג.ד. בעמ,,פטרוזיליה מהדרין קטי,יח',1.00,יח',false,,4.90,4.9000,true,1,957731
7290000001014,false,מלפפון,ביכורי השקמה,,מלפפון,קילוגרמים,1.00,"ק""ג",true,,3.90,3.9000,true,1,2366255
7290000001021,false,סלמי מניה,מעדני מניה תעשיות בש,,גזר ארוז,קילוגרמים,1.00,"ק""ג",true,,1.90,1.9000,true,1,2366256
7290000001038,false,פיין סלמי,מעדני מניה תעשיות בש,,פלפל כהה,קילוגרמים,1.00,"ק""ג",true,,8.80,8.8000,true,1,2366257
7290000001043,false,כרוב לבן מהדרין-ברכת קטיף,ביכורי השדה צפון 1994 ג.ד. בעמ,,כרוב לבן מהדרין קטיף,קילוגרמים,1.00,"ק""ג",true,,10.90,10.9000,true,1,1105989
7290000001045,false,סלמי אגוזים אורחוביה,מעדני מניה תעשיות בש,,פלפל אדום,קילוגרמים,1.00,"ק""ג",true,,6.80,6.8000,true,1,2366258
7290000001052,false,פילה לברק מארז 6 יח,מעדני ויטו שיווק ויי,,פלפל בהיר,קילוגרמים,1.00,"ק""ג",true,,8.80,8.8000,true,1,2366259
7290000001069,false,חציל,ביכורי השקמה,,חציל,קילוגרמים,1.00,"ק""ג",true,,8.60,8.6000,true,1,2366260
7290000001076,false,רוסטביף מעודן,קרלברג ייצור ושיווק,,קישוא ירוק,קילוגרמים,1.00,"ק""ג",true,,6.00,6.0000,true,1,2366261
7290000001083,false,בצל יבש,ביכורי השקמה,,בצל יבש,קילוגרמים,1.00,"ק""ג",true,,1.90,1.9000,true,1,2366262
7290000001090,false,כרוב לבן,ביכורי השקמה,,כרוב לבן,קילוגרמים,1.00,"ק""ג",true,,14.90,14.9000,true,1,2366279
7290000001120,false,צנונית,ביכורי השקמה,,צנונית,יח',1.00,יח',false,,6.50,6.5000,true,1,2366280
7290000001222,false,גרבי ספורט שלישי,Unknown,,גרבי ספורט שלישי,יח',1.00,יח',false,,9.90,9.9000,true,1,816422
7290000001401,false,עלי סלק גלאט עלי הארץ,ביכורי השדה צפון 1994 ג.ד. בעמ,,עלי סלק גלאט עלי האר,יח',1.00,יח',false,,5.90,5.9000,true,1,6404646
7290000001455,false,פריזר לארוחת בוקר,"ולדמן ביח""ר לנקניק ו",,תות שדה 500 גר,גרמים,500.00,100 גרם,false,,14.90,0.0298,true,1,6234790
7290000001579,false,סלרי מהדרין קטיף טרי,ביכורי השדה צפון 1994 ג.ד. בעמ,,סלרי מהדרין קטיף טרי,יח',1.00,יח',false,,5.90,5.9000,true,1,957734
7290000001586,false,שמיר מהדרין קטיף טרי,ביכורי השדה צפון 1994 ג.ד. בעמ,,שמיר מהדרין קטיף טרי,יח',1.00,יח',false,,4.90,4.9000,true,1,957735
7290000001593,false,נענע מהדרין קטיף טרי,ביכורי השדה צפון 1994 ג.ד. בעמ,,נענע מהדרין קטיף טרי,יח',1.00,יח',false,,4.90,4.9000,true,1,957952
7290000001609,false,עלי סלק מהדרין קטיף טרי,ביכורי השדה צפון 1994 ג.ד. בעמ,,עלי סלק מהדרין קטיף,יח',1.00,יח',false,,5.90,5.9000,true,1,957953
7290000001616,false,כוסברה ירק הארץ גוש היתר מכירה,ביכורי השדה צפון 1994 ג.ד. בעמ,,כוסברה מהדרין קטיף ט,יח',1.00,יח',false,,4.90,4.9000,true,1,958351
7290000005998,false,שקיות ידני,,,שקיות ידני,יח',1.00,יח',false,,0.10,0.1000,true,1,1989647
7290000005999,false,שקית גופיה בודד,,,שקיות מכונה,יח',1.00,יח',false,,0.10,0.1000,true,1,1828445
7290000006322,false,מי עדן 1 לי,מי עדן,,מי עדן 1 לי,יח',1.00,יח',false,,2.90,2.9000,true,1,1717442
7290000011006,false,כרוב אדום,ביכורי השקמה,,כרוב אדום,קילוגרמים,1.00,"ק""ג",true,,4.80,4.8000,true,1,2366281
7290000012346,false,עגבניה,,,עגבניה,קילוגרמים,1.00,"ק""ג",true,,3.90,3.9000,true,1,2366398
7290000023007,false,"ברנדי שטוק 84 37 % 750 מ""ל",טמפו משקאות בעמ,IL,"ברנדי שטוק 84 37 % 750 מ""",מיליליטרים,750.00,"100 מ""ל",false,,64.90,0.0865,true,1,804104
7290000023083,false,ערק אשקלון בקבוק 700,טמפו משקאות בע`מ,IL,"ערק אשקלון 700 מ""ל",מיליליטרים,700.00,"100 מ""ל",false,,49.90,0.0713,true,1,940162
7290000023809,false,קלאסיק קברנה סובניון יקבי ברקן (750 מל),יקבי ברקן שיווק והפצה בע,IL,קלאסיק קברנה סוביניון,מיליליטרים,750.00,"100 מ""ל",false,,31.80,0.0424,true,1,804122
7290000023816,false,קלאסיק אמרלד ריזלינג יקבי ברקן (750 מל),יקבי ברקן שיווק והפצה בע,IL,קלאסיק אמרלד ריזלינג,מיליליטרים,750.00,"100 מ""ל",false,,31.80,0.0424,true,1,804123
7290000023830,false,יין קברנה בלאש סמוק ברקן קלאסי,יקבי ברקן שיווק והפצה בע,IL,קלאסיק רוזה,מיליליטרים,750.00,"100 מ""ל",false,,31.80,0.0424,true,1,804125
7290000023847,false,קלאסיק שרדונה יקבי ברקן (750 מל),יקבי ברקן שיווק והפצה בע,IL,קלאסיק שרדונה,מיליליטרים,750.00,"100 מ""ל",false,,31.80,0.0424,true,1,804126
7290000023977,false,קלאסיק מרלו יקבי ברקן (750 מל),יקבי ברקן שיווק והפצה בע,IL,קלאסיק מרלו,מיליליטרים,750.00,"100 מ""ל",false,,31.80,0.0424,true,1,804129
7290000024202,false,רזרב קברנה סובניון יקבי ברקן (750 מל),ברקן שיווק והפצה בעמ,IL,רזרב קברנה סוביניון 750 מ,מיליליטרים,750.00,"100 מ""ל",false,,38.90,0.0519,true,1,804132
7290000024264,false,רזרב מרלו יקבי ברקן (750 מל),"כרמי צבי - אחים סגל בע""\",IL,"רזרב מרלו 750 מ""ל 2010",מיליליטרים,750.00,"100 מ""ל",false,,38.90,0.0519,true,1,804137
7290000024523,false,"תירוש של סגל ,מיץ ענבים , 1 ליטר",כרמי צבי - האחים סגל,IL,פרי הגפן תירוש 1 ליטר,ליטרים,1.00,ליטר,false,,12.80,12.8000,true,1,1010807
7290000024530,false,יין אדום מתוק קידוש של סגל 750 מל,"כרמי צבי - אחים סגל בע""\",,יין אדום קידוש 750 מ,מיליליטרים,750.00,"100 מ""ל",false,,12.90,0.0172,true,1,2186766
7290000034256,false,ביסקוויט תירוש חצי מצופה 175 ג`הדר*,ח.כהן סוכנות מזון ומשקאות בע,,עוגיות תירוש הדר 175,גרמים,175.00,100 גרם,false,,5.80,0.0331,true,1,818202
7290000040042,false,יוגורט יופלה תות 3% שומן 150 גרם,"תנובה בע""מ ***",,יופלה יוגורט תות %3,מיליליטרים,150.00,"100 מ""ל",false,,4.80,0.0320,true,1,802792
7290000040080,false,יוגורט יופלה אפרסק 3% שומן 150 גרם,"תנובה בע""מ ***",,יופלה יוגורט אפרסק %,מיליליטרים,150.00,"100 מ""ל",false,,4.80,0.0320,true,1,802795
7290000040301,false,תנובה עין גדי קממבר מחלב בקר 24% שומן,תנובה מרכז שיתופי לש,,קממבר עין גדי חפיסה,גרמים,125.00,100 גרם,false,,16.90,0.1352,true,1,802797
7290000040974,false,חלב 2% דל לקטוז בקרטון תנובה (1 ליטר),תנובה מרכז שיתופי לש,,חלב טרי דל לקטוז 1 ל,מיליליטרים,1000.00,"100 מ""ל",false,,6.80,0.0068,true,1,802801
7290000041407,false,"גיל קטן 3% תנובה 125 מ""ל בד""ץ",תנובה מרכז שיתופי לש,,גילה 125 מל,מיליליטרים,125.00,"100 מ""ל",false,,0.90,0.0072,true,1,802802
7290000041445,false,קוטג תנובה גביע 250 גרם 5% בדצ,מיוצר עי קונדיטוריית,,קוטג תנובה גביע 250,גרמים,250.00,100 גרם,false,,5.50,0.0220,true,1,802803
7290000041452,false,גבינת קוטג`9% מהדרין תנובה (250 גרם),תנובה מרכז שיתופי לש,,קוטג תנובה גביע 250,גרמים,250.00,100 גרם,false,,5.50,0.0220,true,1,802804
7290000041858,false,"שמנת חמוצה 15% מועשרת יטבתה 200 מ""ל",שטראוס גרופ בעמ/מצונן,,שמנת חמוצה 15% 200 מ,מיליליטרים,200.00,"100 מ""ל",false,,2.40,0.0120,true,1,818262
7290000041865,false,"לבן 4.5% שומן מהדרין ""יטבתה""",שטראוס גרופ בעמ/מצונן,,"לבן 4.5% 200 מ""ל",מיליליטרים,200.00,"100 מ""ל",false,,2.00,0.0100,true,1,818263
7290000041872,false,"לבן 3% יטבתה 200מ""ל מהדרין",שטראוס גרופ בעמ/מצונן,,"לבן 3% 200 מ""ל",מיליליטרים,200.00,"100 מ""ל",false,,2.00,0.0100,true,1,818264
7290000042015,false,חלב 3% בשקית בדצ תנובה (1 ליטר)פיקוח,תנובה מרכז שיתופי לש,,חלב תנובה טרי שקית 3,ליטרים,1.00,ליטר,false,,5.30,5.3000,true,1,802806
7290000042404,false,חלב 3% מועשר מהדרין בשקית יטבתה (1 ליטר),שטראוס גרופ בעמ/מצונן,,חלב מועשר 3% יטבתה 1,ליטרים,1.00,ליטר,false,,5.90,5.9000,true,1,818265
7290000042435,false,חלב דל שומן 1% בקרטון תנובה (1 ליטר)פיק,תנובה מרכז שיתופי לש,,חלב תנובה טרי קרט+ פ,מיליליטרים,1000.00,"100 מ""ל",false,,5.80,0.0058,true,1,802813
7290000042640,false,"חלב תנובה עמיד 3% קרטון 250 מ""ל",תנובה מרכז שיתופי לש,,חלב עמיד 3% תנובה 25,מיליליטרים,250.00,"100 מ""ל",false,,2.50,0.0100,true,1,802821
7290000042855,false,"שוקו בשקית 250 מ""ל ""יטבתה""",שטראוס גרופ בעמ/מצונן,,שוקו בשקית יטבתה 225,מיליליטרים,225.00,"100 מ""ל",false,,2.50,0.0111,true,1,818267
7290000043012,false,"שוקו עמיד 2% בקרטון 250 מ""ל תנובה",תנובה מרכז שיתופי לש,,שוקו עמיד 2% תנובה 2,מיליליטרים,250.00,"100 מ""ל",false,,4.40,0.0176,true,1,802824
7290000043111,false,תנובה חמאה 200 גרם - מוצר בפיקוח,תנובה מרכז שיתופי לש,,חמאה תנובה 200 גרם,גרמים,200.00,100 גרם,false,,7.70,0.0385,true,1,802825
7290000043814,false,השף הלבן שמנת להקצפה 38% שומן 250 מל - מוצר בפיקוח,תנובה מרכז שיתופי לש,,השף הלבן שמנת עמידה,מיליליטרים,250.00,"100 מ""ל",false,,6.40,0.0256,true,1,802828
7290000043890,false,תנובה רויון לבן מחלב מפסוטר 1.5%,תנובה מרכז שיתופי לש,,רוויון קרטון 1 ליטר,ליטרים,1.50,ליטר,false,,10.90,7.2667,true,1,802830
7290000043944,false,כד יוגורט תנובה 4% שומן 1.5 ליטר,מיוצר עי קונדיטוריית,,יוגורט תנובה כד 1.5,ליטרים,1.50,ליטר,false,,15.90,10.6000,true,1,802831
7290000044712,false,יוגורט עם תות 1.5% שומן 500 ג' פרילי,מיוצר עי קונדיטוריית,,פרילי תות גביע 500 ג,מיליליטרים,500.00,"100 מ""ל",false,,9.90,0.0198,true,1,802836
7290000044880,false,יוגורט בטעם תות שדה 3% באדי (500 גרם),מיוצר עי קונדיטוריית,,באדי יוגורט תות גביע,מיליליטרים,500.00,"100 מ""ל",false,,8.80,0.0176,true,1,802837
7290000045580,false,גבינה מותכת נעמה חורש תנובה 240 גרם,תנובה מרכז שיתופי לש,,נעמה חורש משולשים 24,גרמים,240.00,100 גרם,false,,16.90,0.0704,true,1,802840
7290000045771,false,יוגורט לבן 4% תנובה (3 ליטר),תנובה מרכז שיתופי לש,,יוגורט תנובה כד 3 לי,ליטרים,3.00,ליטר,false,,28.90,9.6333,true,1,802841
7290000046006,false,גבינה צהובה עמק בלוק,תנובה מרכז שיתופי לש,,גבינת עמק 28% במשקל,קילוגרמים,1.00,"ק""ג",true,,44.70,44.7000,true,1,802731
7290000046020,false,"גלבוע 22% שקילה}גבנ""צ{*.",תנובה מרכז שיתופי לש,,גלבוע 22% במשקל,קילוגרמים,1.00,"ק""ג",true,,42.50,42.5000,true,1,802732
7290000046327,false,גלבוע גבינה צהובה פרוסה 22% תנובה 200 גרם,תנובה מרכז שיתופי לש,,גלבוע גבינה צהובה פר,גרמים,200.00,100 גרם,false,,12.60,0.0630,true,1,802846
7290000046549,false,גבינת מוצרלה 20% במשקל,תנובה מרכז שיתופי לש,,מוצרלה חריץ במשקל 20,קילוגרמים,1.00,"ק""ג",true,,75.00,75.0000,true,1,802738
7290000046563,false,קולאג 23% פרמזן חריץ תנובה,תנובה מרכז שיתופי לש,,קולאז פרמזן חריץ %23,קילוגרמים,1.00,"ק""ג",true,,109.00,109.0000,true,1,802740
7290000047027,false,גב.קולאז' גלעד 27% במשקל,תנובה מרכז שיתופי לש,,גבינת גלעד 27% משקל,קילוגרמים,1.00,"ק""ג",true,,119.00,119.0000,true,1,802744
7290000047034,false,רוקפור (26% גליל) חריץ תנובה,תנובה מרכז שיתופי לש,,גבינה צאן קולאז' רוק,קילוגרמים,1.00,"ק""ג",true,,120.00,120.0000,true,1,802745
7290000047546,false,השף הלבן כנען גבינה לבנה דלת נתרן 5% תנובה 500 גרם,תנובה מרכז שיתופי לש,,השף הלבן כנען גבינה,גרמים,500.00,100 גרם,false,,22.90,0.0458,true,1,802850
7290000047621,false,גבינה לבנה רכה 5% תנובה 250ג' מהדרין,תנובה מרכז שיתופי לש,,גבינה לבנה 5% 250 גר,גרמים,250.00,100 גרם,false,,4.90,0.0196,true,1,802852
7290000048185,false,גבינה לבנה 5% תנובה 250 גרם מהדרין,מיוצר עי קונדיטוריית,,גבינה לבנה 5% 250 גר,גרמים,250.00,100 גרם,false,,4.90,0.0196,true,1,802855
7290000048413,false,גבינה חמד (25016% גרם)פיראוס תנובה,תנובה מרכז שיתופי לש,,פיראוס חמד שקית 250,גרמים,250.00,100 גרם,false,,17.50,0.0700,true,1,802858
7290000048437,false,גבינת צפתית (2005% גרם)פיראוס תנובה,פארייפאבה אגרואינדוס,,פיראוס צפתית גביע 20,גרמים,200.00,100 גרם,false,,13.90,0.0695,true,1,802859
7290000050447,false,"יוגורט ביו בטעם תות YYY יופלה 500 מ""ל",מיוצר עי קונדיטוריית,,יוגורט ביו בטעם תות,מיליליטרים,500.00,"100 מ""ל",false,,12.60,0.0252,true,1,802868
7290000050454,false,יוגורט ביו 3% אפרסק יופלה (500 גרם),מיוצר עי קונדיטוריית,,יוגורט אפרסק 3% YYY,מיליליטרים,500.00,"100 מ""ל",false,,12.60,0.0252,true,1,802869
7290000051002,false,עגבניה,,,עגבניה,קילוגרמים,1.00,"ק""ג",true,,1.49,1.4900,true,1,817365
7290000051352,false,חלב מלא בטעם של פעם 3.4% תנובה קרטון 1 ל',הרדוף תוצרת מזון אור,,חלב של פעם 3.8% תנוב,ליטרים,1.00,ליטר,false,,7.40,7.4000,true,1,802881
7290000051376,false,יוגורט יופלה דיאט אננס 0% שומן 150 גרם,תנובה מרכז שיתופי לש,,יופלה דיאט אננס גביע,מיליליטרים,150.00,"100 מ""ל",false,,4.70,0.0313,true,1,802882
7290000051710,false,פיראוס גבינת לאבנה אסלית על בסיס יוגורט תנובה 263 גרם,"תנובה, מחלבת אלון תב",,פיראוס גבינת לאבנה א,גרמים,263.00,100 גרם,false,,12.90,0.0490,true,1,802886
7290000052311,false,גבינה צהובה עמק לייט 15% שומן 200 גרם,תנובה מרכז שיתופי לש,,עמק לייט פרוס 200 גר,גרמים,200.00,100 גרם,false,,14.90,0.0745,true,1,802898
7290000052649,false,לאבנה אסלית (5005% גרם)פיראוס תנובה,תנובה מרכז שיתופי לש,,פיראוס לאבנה 5% גביע,גרמים,500.00,100 גרם,false,,18.90,0.0378,true,1,802905
7290000052946,false,מארז יוגורט יופלה לבן מעודן בדצ 8*150,תנובה מרכז שיתופי לש,,"יופלה בד""צ 1.5% מעוד",ליטרים,1.20,ליטר,false,,19.90,16.5833,true,1,802911
7290000053219,false,טל העמק חריץ 32% במשקל,תנובה מרכז שיתופי לש,,חריץ טל עמק 32%,קילוגרמים,1.00,"ק""ג",true,,55.00,55.0000,true,1,1942774
7290000055329,false,"משקה בוקר יוגורט 1.5% בטעם תות מלון יופלה 250 מ""ל",תנובה מרכז שיתופי לש,,משקה בוקר יוגורט 1.5,מיליליטרים,250.00,"100 מ""ל",false,,4.90,0.0196,true,1,802970
7290000055336,false,"משקה יוגורט 1.5% בטעם בננה אפרסק יופלה 250 מ""ל",תנובה מרכז שיתופי לש,,משקה יוגורט 1.5% בננ,מיליליטרים,250.00,"100 מ""ל",false,,4.90,0.0196,true,1,802971
7290000055343,false,משקה יוגורט יופלה פירות טרופיים 250 גרם,תנובה מרכז שיתופי לש,,משקה בוקר יוגורט טרו,מיליליטרים,250.00,"100 מ""ל",false,,4.90,0.0196,true,1,802972
7290000055350,false,גבינה צהובה חריץ עמק 28% במשקל,תנובה מרכז שיתופי לש,,גבינת עמק 28% במשקל,קילוגרמים,1.00,"ק""ג",true,,44.70,44.7000,true,1,1105633
7290000055893,false,חמאה משמנת מפוסטרת 200גרם 82% כ.מהדרין - מוצר בפיקוח,תנובה מרכז שיתופי לש,,חמאה 200ג מהדרין,גרמים,200.00,100 גרם,false,,7.60,0.0380,true,1,802983
7290000056081,false,מארז יוגורט פרילי טבע 6*200 גרם,מיוצר עי קונדיטוריית,,מאגדת פרילי טבע תנוב,ליטרים,1.20,ליטר,false,,21.90,18.2500,true,1,802988
7290000056845,false,תנובה חלב טרי 3% שומן 1.5 ליטר - מוצר בפיקוח,פארייפאבה אגרואינדוס,,חלב טרי 1.5 ליטר 3%,ליטרים,1.50,ליטר,false,,9.30,6.2000,true,1,803010
7290000056883,false,שמיניית יוגורט יופלה 3% טעמים שונים 150 גרם,תנובה מרכז שיתופי לש,,מאג 8*150ג יופלה פרי,קילוגרמים,1.20,"ק""ג",false,,27.90,23.2500,true,1,803012
7290000056890,false,שמיניית דיאט יופלה 0% טעמים שונים 150 גרם,מיוצר עי קונדיטוריית,,מאג 8*150ג דיאט יופל,ליטרים,1.20,ליטר,false,,27.90,23.2500,true,1,803013
7290000056906,false,מאגדת לבן טבעי 1.5% שומן 8 יח' * 150 ג' יופלה,מחלבת אלון תבור,,מאג 8*150ג יופלה לבן,ליטרים,1.20,ליטר,false,,16.90,14.0833,true,1,803014
7290000056951,false,"תנובה, השף הלבן, שמנת לבישול 15% שומן 500 מל",תנובה מרכז שיתופי לש,,שף לבן שמנת לבישול +,מיליליטרים,500.00,"100 מ""ל",false,,15.90,0.0318,true,1,803017
7290000057088,false,עמק גבינה צהובה פרוסה דק דק 28% תנובה 200 גרם,תנובה מרכז שיתופי לש,,עמק גבינה צהובה פרוס,גרמים,200.00,100 גרם,false,,14.90,0.0745,true,1,803022
7290000057118,false,גבינה צהובה עמק 28% שומן ואקום 400 גרם,תנובה מרכז שיתופי לש,,עמק פרוס סמי מעדנייה,גרמים,400.00,100 גרם,false,,19.90,0.0497,true,1,803024
7290000057149,false,יוגורט תנובה טבעי 3% גביע 200 גרם,מיוצר עי קונדיטוריית,,יוגורט תנובה טבעי 3%,גרמים,200.00,100 גרם,false,,3.00,0.0150,true,1,803026
7290000057453,false,עמק פיקוח 28% חריץ צהובה בדצ,תנובה - חלב,,גבינת עמק בדץ 28% במ,קילוגרמים,1.00,"ק""ג",true,,44.70,44.7000,true,1,802753
7290000057552,false,יופלה דיאט עוגת גבינה ותות 0% גביע 150ג',תנובה - חלב,,יופלה דיאט עוגת גבינ,מיליליטרים,150.00,"100 מ""ל",false,,4.80,0.0320,true,1,833161
7290000058030,false,"שמיניית יופלה שטוזים משקה יוגורט תות 100 מ""ל",מיוצר עי קונדיטוריית,,יופלה משקה יוגורט תו,100 מל,100.00,100 מל,false,,19.90,0.1990,true,1,803059
7290000058047,false,שמנת להקצפה 38% 500מל מהדרין עמיד השף הלבן,תנובה מרכז שיתופי לש,,שמנת 38% 500מל עם פק,מיליליטרים,500.00,"100 מ""ל",false,,12.80,0.0256,true,1,803060
7290000058979,false,גיל בטעם תות 3% שומן 125 ג' תנובה,תנובה מרכז שיתופי לש,,גיל בטעם תות,גרמים,125.00,100 גרם,false,,1.30,0.0104,true,1,833168
7290000060071,false,אוסם - חטיפי פריכונים מאורז מלא קלוי 80גר,קבוצת אוסם סחר שותפות מוגבלת,,חטיפי פריכונים בטעם,יח',1.00,יח',false,,7.50,7.5000,true,1,806610
7290000060088,false,בייגלה מקלות עם מלח אסם (400 גרם),קבוצת אוסם סחר שותפות מוגבלת,,בייגלה מקלות מלוחים,גרמים,400.00,100 גרם,false,,8.90,0.0223,true,1,806611
7290000060163,false,פסטה אסם אטריות דקות 400גר,קבוצת אוסם סחר שותפות מוגבלת,,אטריות דקות אסם 400,גרמים,400.00,100 גרם,false,,4.90,0.0123,true,1,806614
7290000060200,false,פסטה אסם פתיתים אפויים קוסקוס 500גר,קבוצת אוסם סחר שותפות מוגבלת,,פתיתים אפויים קוסקוס,גרמים,500.00,100 גרם,false,,4.90,0.0098,true,1,806615
7290000060217,false,פסטה מקרוני מספר 7 אסם (500 גרם),קבוצת אוסם סחר שותפות מוגבלת,,פסטה מקרוני מספר 7 א,גרמים,500.00,100 גרם,false,,4.90,0.0098,true,1,806616
7290000060248,false,פסטה אסם פתיתים תלתלים 500 גר',קבוצת אוסם סחר שותפות מוגבלת,,פסטה תלתלים אסם 500,גרמים,500.00,100 גרם,false,,4.90,0.0098,true,1,806617
7290000060408,false,פסטה אסם פתיתים אפויים טבעות 500 גר,קבוצת אוסם סחר שותפות מוגבלת,,פתיתים אפויים טבעות,גרמים,500.00,100 גרם,false,,4.90,0.0098,true,1,806625
7290000060415,false,"פסטה פרפקטו לאזניה 500 ג' ""אסם""",קבוצת אוסם סחר שותפות מוגבלת,,פרפקטו לזניה אסם 500,גרמים,500.00,100 גרם,false,,9.90,0.0198,true,1,806626
7290000060576,false,פתיתים אפויים כוכבים אסם (500 גרם),קבוצת אוסם סחר שותפות מוגבלת,,פתיתים אפויים כוכבים,גרמים,500.00,100 גרם,false,,4.90,0.0098,true,1,806635
7290000060781,false,פרומנטי פתיתים מסולסלים אוסם,קבוצת אוסם סחר שותפות מוגבלת,,פסטה מסולסלים אסם 50,גרמים,500.00,100 גרם,false,,4.90,0.0098,true,1,806638
7290000060828,false,פסטה קרניים בינוניות אסם (500 גרם),קבוצת אוסם סחר שותפות מוגבלת,,פסטה קרניים בינוניות,גרמים,500.00,100 גרם,false,,4.90,0.0098,true,1,806639
7290000060842,false,פסטה אסם פתיתים צדפים גדולים 500גר,קבוצת אוסם סחר שותפות מוגבלת,,פסטה צדפים גדולים אס,גרמים,500.00,100 גרם,false,,4.90,0.0098,true,1,806640
7290000060880,false,פסטה ספגטי מספר 8 אסם 500 גרם,קבוצת אוסם סחר שותפות מוגבלת,,ספגטי מספר 8 אסם 500,גרמים,500.00,100 גרם,false,,4.90,0.0098,true,1,806643
7290000060903,false,פסטה אסם פתיתים אפויים אורז 500גר,קבוצת אוסם סחר שותפות מוגבלת,,פתיתים אפויים אורז א,גרמים,500.00,100 גרם,false,,4.90,0.0098,true,1,806644
7290000060958,false,אטריות מובחרות בינוניות אסם (400 גרם),קבוצת אוסם סחר שותפות מוגבלת,,אטריות בינוניות אסם,גרמים,400.00,100 גרם,false,,4.90,0.0123,true,1,806646
7290000060965,false,פסטה אסם אטריות רחבות 400גר,קבוצת אוסם סחר שותפות מוגבלת,,אטריות רחבות אסם 400,גרמים,400.00,100 גרם,false,,4.90,0.0123,true,1,806647
7290000061061,false,קרקר חיטה עם בצל אסם,קבוצת אוסם סחר שותפות מוגבלת,,קרקר בצל אסם 250 גרם,גרמים,250.00,100 גרם,false,,9.90,0.0396,true,1,806649
7290000061085,false,"רוטב צילי מתוק 290 מ""ל-בקבוק",קבוצת אוסם סחר שותפות מוגבלת,,רוטב צ'ילי מתוק אסם,מיליליטרים,290.00,"100 מ""ל",false,,8.90,0.0307,true,1,806650
7290000061108,false,"רוטב טריאקי 290 מ""ל-בקבוק",קבוצת אוסם סחר שותפות מוגבלת,,רוטב טריאקי אסם 290,מיליליטרים,290.00,"100 מ""ל",false,,8.90,0.0307,true,1,806651
7290000061214,false,פתיתים אפויים קוסקוס עם בצל אסם 500 גרם,קבוצת אסם סחר שות. מוגבלת,,פתיתים אפויים קוסקוס,גרמים,500.00,100 גרם,false,,5.90,0.0118,true,1,806652
7290000061245,false,עוגיות שוקוצ'יפס במילוי שוקולד אסם 220 גרם,קבוצת אוסם סחר-שות.מוגבלת,,עוגיות שוקוצ'יפס עם,גרמים,220.00,100 גרם,false,,9.90,0.0450,true,1,806653
7290000061764,false,קפה נמס מגורען רד מאג 200 גרם,קבוצת אוסם סחר שותפות מוגבלת,,קפה נמס מגורען רד מא,גרמים,200.00,100 גרם,false,,18.90,0.0945,true,1,806656
7290000062129,false,אינסטנט פודינג בטעם וניל אסם (1 קג),קבוצת אוסם סחר שותפות מוגבלת,,אינסטנט פודינג בטעם,גרמים,1000.00,100 גרם,false,,19.90,0.0199,true,1,806661
7290000062952,false,אוסם - מיני קרוטונים למרק ולסלט 250 גרם,קבוצת אוסם סחר שותפות מוגבלת,,מיני קרוטונים למרק ו,גרמים,250.00,100 גרם,false,,13.90,0.0556,true,1,806666
7290000063102,false,קמח עוגה תופח מאליו אסם 350 גרם,קבוצת אוסם סחר שותפות מוגבלת,,קמח תופח אסם 350 גרם,גרמים,350.00,100 גרם,false,,4.90,0.0140,true,1,806669
7290000063140,false,שקדי מרק רכיבים טבעיים בשקית 400 ג' אסם,קבוצת אוסם סחר שותפות מוגבלת,,שקדי מרק בשקית אסם 4,גרמים,400.00,100 גרם,false,,9.90,0.0248,true,1,806671
7290000063157,false,"קמח עוגה תופח מאליו אסם 1 ק""ג",קבוצת אוסם סחר שותפות מוגבלת,,"קמח תופח אסם 1 ק""ג",קילו,1.00,קילו,false,,7.90,7.9000,true,1,806672
7290000064758,false,קוסקוס בינוני אמיתי אסם 350 ג',קבוצת אוסם סחר שותפות מוגבלת,,קוסקוס בינוני אסם 35,גרמים,350.00,100 גרם,false,,7.50,0.0214,true,1,806693
7290000065335,false,אוסם - מנה חמה פירה עם ירקות 55 גרם,קבוצת אוסם סחר שותפות מוגבלת,,מנה חמה פירה עם ירקו,גרמים,55.00,100 גרם,false,,4.90,0.0891,true,1,806697
7290000065557,false,אוסם - מנה חמה קוסקוס עם ירקות 84 גרם,קבוצת אוסם סחר שותפות מוגבלת,,מנה חמה קוסקוס עם יר,גרמים,84.00,100 גרם,false,,4.90,0.0583,true,1,806699
7290000065977,false,אסם חטיפי פריכונים תירס שומשום 80 גרם,קבוצת אוסם סחר שותפות מוגבלת,,פריכיות תירס שומשום,גרמים,80.00,100 גרם,false,,7.50,0.0938,true,1,806708
7290000066141,false,ביסלי חטיף בטעם גריל אסם (70 גרם),קבוצת אוסם סחר שותפות מוגבלת,,ביסלי חטיף בטעם גריל,גרמים,70.00,100 גרם,false,,3.90,0.0557,true,1,806712
7290000066189,false,ביסלי חטיף בטעם פלאפל אסם (200 גרם),קבוצת אוסם סחר שותפות מוגבלת,,ביסלי חטיף בטעם פלאפ,גרמים,200.00,100 גרם,false,,6.50,0.0325,true,1,806716
7290000066196,false,ביסלי חטיף בטעם גריל אסם (200 גרם),קבוצת אוסם סחר שותפות מוגבלת,,ביסלי חטיף בטעם גריל,גרמים,200.00,100 גרם,false,,6.50,0.0325,true,1,806717
7290000066226,false,ביסלי חטיף בטעם פיצה אסם (200 גרם),קבוצת אוסם סחר שותפות מוגבלת,,ביסלי חטיף בטעם פיצה,גרמים,200.00,100 גרם,false,,6.50,0.0325,true,1,806720
7290000066295,false,אסם במבה תות מחומרים טבעיים 30גר,קבוצת אוסם סחר שותפות מוגבלת,,במבה מתוקה בטעם תות,גרמים,30.00,100 גרם,false,,2.50,0.0833,true,1,806722
7290000066318,false,במבה חטיף בוטנים אסם 80 גרם,קבוצת אוסם סחר שותפות מוגבלת,,במבה חטיף בוטנים אסם,גרמים,80.00,100 גרם,false,,3.90,0.0487,true,1,806724
7290000066332,false,אפרופו חטיף תירס אסם (50 גרם),קבוצת אוסם סחר שותפות מוגבלת,,אפרופו חטיף תירס אסם,גרמים,50.00,100 גרם,false,,3.90,0.0780,true,1,806725
7290000066349,false,אפרופו חטיף תירס אסם (100 גרם),קבוצת אוסם סחר-שות.מוגבלת,,אפרופו חטיף תירס אסם,גרמים,100.00,100 גרם,false,,7.90,0.0790,true,1,806726
7290000066431,false,פופקו חטיף פופקורן בטעם חמאה ודבש אסם 80 גרם,קבוצת אוסם סחר שותפות מוגבלת,,פופקו חטיף פופקורן ב,גרמים,80.00,100 גרם,false,,4.50,0.0563,true,1,806728
7290000067599,false,מנה חמה ספגטי ברוטב בולונז אסם 65 גרם,קבוצת אוסם סחר שותפות מוגבלת,,מנה חמה ספגטי ברוטב,גרמים,65.00,100 גרם,false,,4.90,0.0754,true,1,806748
7290000068138,false,אינסטנט פודינג בטעם וניל אסם 80 גרם,קבוצת אוסם סחר שותפות מוגבלת,,אינסטנט פודינג בטעם,גרמים,80.00,100 גרם,false,,4.90,0.0613,true,1,806757
7290000068190,false,אסם ג'לי תות שדה צבעים טבעיים 90 גרם,קבוצת אוסם סחר שותפות מוגבלת,,אבקה להכנת ג'לי בטעם,גרמים,90.00,100 גרם,false,,5.90,0.0656,true,1,806761
7290000068237,false,אבקה להכנת ג`לי בטעם פטל אסם (85 גרם),קבוצת אוסם סחר שותפות מוגבלת,,אבקה להכנת ג'לי בטעם,גרמים,85.00,100 גרם,false,,5.90,0.0694,true,1,806763
7290000068343,false,אוסם - פירכונים מאורז מלא 140 גרם,קבוצת אוסם סחר שותפות מוגבלת,,פריכיות מאורז מלא אס,גרמים,140.00,100 גרם,false,,6.90,0.0493,true,1,806772
7290000068701,false,אסם שקדי מרק רכיבים טבע.מיכל 400 גרם,קבוצת אוסם סחר שותפות מוגבלת,,שקדי מרק במיכל אסם 4,גרמים,400.00,100 גרם,false,,15.90,0.0398,true,1,806775
7290000068770,false,במבה יום הולדת חטיף בוטנים אסם 80 גרם,קבוצת אוסם סחר שותפות מוגבלת,,במבה יום הולדת חטיף,גרמים,80.00,100 גרם,false,,3.90,0.0487,true,1,806778
7290000069364,false,פריכונים מאורז מלא ללא תוספת סוכר אסם 140 גרם,קבוצת אוסם סחר שותפות מוגבלת,,פריכונים מאורז מלא ל,גרמים,140.00,100 גרם,false,,6.90,0.0493,true,1,806794
7290000070308,false,אבקת מרק עוף אמיתי בשרי אסם 400 גרם,קבוצת אוסם סחר שותפות מוגבלת,,אבקת מרק עוף אמיתי ב,גרמים,400.00,100 גרם,false,,14.90,0.0373,true,1,806811
7290000070322,false,אבקת מרק פטריות רכיבים טבעיים אסם 400 גרם,קבוצת אוסם סחר שותפות מוגבלת,,אבקת מרק פטריות רכיב,גרמים,400.00,100 גרם,false,,19.90,0.0497,true,1,806813
7290000070353,false,אבקת מרק בצל רכיבים טבעיים אסם 400 גרם,קבוצת אוסם סחר שותפות מוגבלת,,אבקת מרק בצל רכיבים,גרמים,400.00,100 גרם,false,,19.90,0.0497,true,1,806814
7290000070919,false,בייגלה רשתות עם מלח אסם (400 גרם),קבוצת אוסם סחר שותפות מוגבלת,,בייגלה אסם רשתות מלח,גרמים,400.00,100 גרם,false,,11.90,0.0298,true,1,806825
7290000072067,false,במבה חטיף בוטנים במילוי קרם חלבה 60 גרם,קבוצת אסם סחר שות. מוגבלת,,במבה חטיף בוטנים במי,גרמים,60.00,100 גרם,false,,4.30,0.0717,true,1,806833
7290000072241,false,"רוטב פיצה 290 מ""ל-בקבוק",קבוצת אוסם סחר שותפות מוגבלת,,רוטב לפיצה אסם 290 מ,מיליליטרים,290.00,"100 מ""ל",false,,8.90,0.0307,true,1,806837
7290000072623,false,קטשופ אסם בקבוק לחיץ 750 גרם,קבוצת אוסם סחר שותפות מוגבלת,,קטשופ אסם 750 גרם,גרמים,750.00,100 גרם,false,,9.90,0.0132,true,1,806840
7290000072630,false,קטשופ אסם חריף 750 גרם-בקבוק,קבוצת אוסם סחר שותפות מוגבלת,,קטשופ חריף אסם 750 ג,גרמים,750.00,100 גרם,false,,11.90,0.0159,true,1,806841
7290000072753,false,קפה נמס מגורען טסטרס צ'ויס 200 גרם-,קבוצת אוסם סחר שותפות מוגבלת,,קפה נמס מגורען טסטרס,גרמים,200.00,100 גרם,false,,29.90,0.1495,true,1,806846
7290000072777,false,קפה נמס מגורען נטול קפאין טסטרס צ'ויס 200 גרם,קבוצת אוסם סחר שותפות מוגבלת,,קפה נמס מגורען נטול,גרמים,200.00,100 גרם,false,,35.90,0.1795,true,1,806848
7290000072968,false,דגני בוקר סיני מיניס חיטה מלאה וקינמון נסטלה 500 גרם,קבוצת אוסם סחר-שות.מוגבלת,,סיני מיניס דגנים 500,גרמים,500.00,100 גרם,false,,23.90,0.0478,true,1,806854
7290000073125,false,מנה חמה פסטה ברוטב עגבניות אסם (62 גרם),קבוצת אוסם סחר שותפות מוגבלת,,מנה חמה פסטה ברוטב ע,גרמים,62.00,100 גרם,false,,4.90,0.0790,true,1,806855
7290000073415,false,אוסם - מנה חמה פסטה ברוטב פיצה 61 גרם,קבוצת אוסם סחר שותפות מוגבלת,,מנה חמה פסטה ברוטב פ,גרמים,61.00,100 גרם,false,,4.90,0.0803,true,1,806860
7290000073699,false,סלט חומוס צבר 150 גרם,קבוצת אוסם סחר שותפות מוגבלת,,חומוס צבר 150 גרם,גרמים,150.00,100 גרם,false,,4.50,0.0300,true,1,834470
7290000073750,false,מנה חמה נודלס אטר+ירקות טעם עוף 70 גרם,קבוצת אוסם סחר שותפות מוגבלת,,מנה חמה נודלס בטעם ע,גרמים,70.00,100 גרם,false,,4.90,0.0700,true,1,806861
7290000073767,false,מנה חמה נודלס אטר.+ירקות טעם בקר 70 גרם,קבוצת אוסם סחר שותפות מוגבלת,,מנה חמה נודלס בטעם ב,גרמים,70.00,100 גרם,false,,4.90,0.0700,true,1,806862
7290000073774,false,מנה חמה נודלס אטר+ירקות טעם צילי 70 גרם,קבוצת אוסם סחר שותפות מוגבלת,,מנה חמה נודלס בטעם פ,גרמים,70.00,100 גרם,false,,4.90,0.0700,true,1,806863
7290000074153,false,ביסקוויט פתי בר שוקולד אסם (500 גרם),קבוצת אוסם סחר שותפות מוגבלת,,ביסקוויט פתי בר שוקו,גרמים,500.00,100 גרם,false,,8.90,0.0178,true,1,806869
7290000074184,false,ביסקוויט פתי בר אסם (500 גרם),קבוצת אוסם סחר שותפות מוגבלת,,ביסקוויט פתי בר אסם,גרמים,500.00,100 גרם,false,,8.90,0.0178,true,1,806871
7290000074245,false,אוסם - קרם קרקר אסם 250 גרם,קבוצת אוסם סחר שותפות מוגבלת,,קרם קרקר אסם 250 גרם,גרמים,250.00,100 גרם,false,,7.80,0.0312,true,1,806872
7290000074276,false,קרקר פיקנטי טבעון 250 ג' אסם,קבוצת אוסם סחר שותפות מוגבלת,,קרקר פיקנטי אסם 250,גרמים,250.00,100 גרם,false,,9.90,0.0396,true,1,806874
7290000074375,false,אוסם - קרקר זהב 150 גרם,קבוצת אוסם סחר שותפות מוגבלת,,קרקר זהב אסם 150 גרם,גרמים,150.00,100 גרם,false,,6.50,0.0433,true,1,806879
7290000074764,false,קרקר הזהב אסם 900 גרם,קבוצת אוסם סחר שותפות מוגבלת,,קרקר זהב אסם 900 גרם,גרמים,900.00,100 גרם,false,,26.90,0.0299,true,1,806887
7290000075204,false,קרקר לחמית חיטה מלאה אסם (250 גרם),קבוצת אוסם סחר שותפות מוגבלת,,לחמית חיטה מלאה אסם,גרמים,250.00,100 גרם,false,,7.90,0.0316,true,1,806896
7290000075693,false,עוגת הבית שמרים בריוש שוקולד אסם 360 גרם,קבוצת אסם סחר שות. מוגבלת,,עוגת הבית שמרים בריו,גרמים,360.00,100 גרם,false,,14.90,0.0414,true,1,806901
7290000076126,false,אוסם - בייגלה שמיניות קטנות 80 גרם,קבוצת אוסם סחר שותפות מוגבלת,,בייגלה שמיניות קטנות,גרמים,80.00,100 גרם,false,,2.90,0.0362,true,1,806903
7290000076133,false,בייגלה שמיניות קטנות עם מלח אסם 400 גרם,קבוצת אוסם סחר שותפות מוגבלת,,בייגלה שמיניות עם מל,גרמים,400.00,100 גרם,false,,8.90,0.0223,true,1,806904
7290000076645,false,טוסטעים פת קלויה חיטה מלאה אסם 100 גרם,קבוצת אסם סחר שות. מוגבלת,,טוסטעים פת קלויה חיט,גרמים,100.00,100 גרם,false,,9.90,0.0990,true,1,806913
7290000077017,false,עוגיות קרמוגית במילוי קרם שוקולד אסם 200 גרם,קבוצת אוסם סחר שותפות מוגבלת,,עוגיות קרמוגית במילו,גרמים,200.00,100 גרם,false,,9.90,0.0495,true,1,806918
7290000077253,false,אוסם - לחמית כפרית עם דגנים מלאים 190 גרם,קבוצת אסם סחר שות. מוגבלת,,לחמית כפרית עם דגנים,גרמים,190.00,100 גרם,false,,8.90,0.0468,true,1,806923
7290000078212,false,קרוטונים מתובלים למרק אסם (250 גרם),קבוצת אוסם סחר שותפות מוגבלת,,קרוטונים מתובלים למר,גרמים,250.00,100 גרם,false,,13.90,0.0556,true,1,806932
7290000078762,false,אוסם - חטיפי פריכונים מאורז מלא בטעם דבש 80גר,קבוצת אוסם סחר-שות.מוגבלת,,חטיפי פריכונים מאורז,גרמים,80.00,100 גרם,false,,6.90,0.0863,true,1,806938
7290000079233,false,קרם קרקר דיאטטי דל נתרן 250 גרם,קבוצת אוסם סחר שותפות מוגבלת,,קרם קרקר דל נתרן אסם,גרמים,250.00,100 גרם,false,,9.90,0.0396,true,1,806941
7290000080765,false,פת קלויה טוסטעים עם שומשום אסם (100 גרם),קבוצת אוסם סחר שותפות מוגבלת,,טוסטעים פת קלויה עם,גרמים,100.00,100 גרם,false,,9.90,0.0990,true,1,806951
7290000081663,false,"בייגלה טבעות שומשום אסם 300 גרם בד""ץ",קבוצת אוסם סחר שותפות מוגבלת,,בייגלה טבעות שומשום,גרמים,300.00,100 גרם,false,,8.90,0.0297,true,1,806953
7290000098756,false,עמלה כספומן,,,עמלה כספומן,יח',1.00,יח',false,,5.90,5.9000,true,1,5396889
7290000100029,false,פתיתי כרובית סנפרוסט 800 גרם,"סנפרוסט בע""מ",,פתיתי כרובית,גרמים,800.00,100 גרם,false,,19.90,0.0249,true,1,4575460
7290000100128,false,פירות קפואים תות 300 גר`סנפרוסט,תנובה ענף ב.ע.ד,,פירות קפואים תות,גרמים,300.00,100 גרם,false,,12.90,0.0430,true,1,4575463
7290000100135,false,פירות קפואים סנפרוסט דובדבן 300 גר,תנובה ענף ב.ע.ד,,פירות קפואים דובדבן,גרמים,300.00,100 גרם,false,,12.90,0.0430,true,1,4575464
7290000100302,false,פול ירוק מקולף סנפורסט 600 גר`,תנובה ענף ב.ע.ד,,פול ירוק קלוף סנפרוס,גרמים,600.00,100 גרם,false,,22.90,0.0382,true,1,5421333
7290000100593,false,פרוסות אנטיפסטי לתנור סנפרוסט 600 גרם,תנובה ענף ב.ע.ד,,אנטיפסטי לתנור 600 ג,גרמים,600.00,100 גרם,false,,15.90,0.0265,true,1,6276614
7290000101927,false,אוכמניות כחולות מוקפאות סנפרוסט 300 גרם,תנובה ענף ב.ע.ד,,אוכמניות כחולות מוקפ,גרמים,300.00,100 גרם,false,,12.90,0.0430,true,1,2735698
7290000101934,false,מיקס פירות יער מוקפאים 300 גר סנפרוסט,"איי, בי, אינבוו",,מיקס פירות יער מוקפא,גרמים,300.00,100 גרם,false,,12.90,0.0430,true,1,2735699
7290000101958,false,מנגו חתוך מוקפא סנפרוסט (300 גרם),תנובה ענף ב.ע.ד,,מנגו מוקפא 300 גר,גרמים,300.00,100 גרם,false,,12.90,0.0430,true,1,2735701
7290000103433,false,"לקט ירקות לתנור 800 גרם ""סנפרוסט""",תנובה מרכז שיתופי לשיווק תוצרת,,לקט ירקות לתנור 800,גרמים,800.00,100 גרם,false,,21.90,0.0274,true,1,1526160
7290000103556,false,גרגירי חומוס מבושל סנפרוסט 700ג' בדצ,"סנפרוסט בע""\מ",IL,גרגירי חומוס 8 יח 700 גר,גרמים,700.00,100 גרם,false,,16.90,0.0241,true,1,941583
7290000103730,false,לקט להקפצה עם פסטה פוזילי סנפרוסט 800 גרם,תנובה מרכז שיתופי לשיווק תוצרת,IL,לקט להקפצה עם פסטה פוזילי,גרמים,800.00,100 גרם,false,,22.90,0.0286,true,1,802390
7290000103815,false,לקט להקפצה בסגנון תאילנדי סנפרוסט 800 גרם,תנובה מרכז שיתופי לשיווק תוצרת,IL,לקט להקפצה בסגנון תאילנדי,גרמים,800.00,100 גרם,false,,22.90,0.0286,true,1,802398
7290000103839,false,מרק כתום עשיר בירקות סנפרוסט (572 גרם),תנובה מרכז שיתופי לשיווק תוצרת,IL,מרק כתום 12 יח' 570 גר,גרמים,570.00,100 גרם,false,,17.00,0.0298,true,1,802400
7290000103846,false,מרק אפונה עשיר בירקות סנפרוסט (572 גרם),תנובה מרכז שיתופי לשיווק תוצרת,IL,מרק אפונה 12 יח 570 גר,גרמים,570.00,100 גרם,false,,17.00,0.0298,true,1,802401
7290000103860,false,מרק עדשים עשיר בירקות סנפרוסט (572 גרם),תנובה מרכז שיתופי לשיווק תוצרת,IL,מרק עדשים 12 יח 570 גר,גרמים,570.00,100 גרם,false,,17.00,0.0298,true,1,802403
7290000103877,false,מרק שעועית עשיר בירקות סנפרוסט (644 גרם),תנובה מרכז שיתופי לשיווק תוצרת,IL,מרק שעועית 12 יח 640 גר,גרמים,640.00,100 גרם,false,,17.00,0.0266,true,1,802404
7290000104072,false,עדשים ירוקות מבושלות מוקפאות 800 ג' סנפרוסט,תנובה מרכז שיתופי לשיווק תוצרת,IL,עדשים מוקפאים 14 יח 800 ג,גרמים,800.00,100 גרם,false,,18.70,0.0234,true,1,802412
7290000104188,false,שעועית אדומה מוקפאת מבושלת מוכנה לאכילה,תנובה מרכז שיתופי לשיווק תוצרת,IL,שעועית אדומה מוקפאת 14 יח,גרמים,800.00,100 גרם,false,,17.90,0.0224,true,1,802414
7290000104201,false,אפונה עדינה מוקפאת סנפרוסט (600 גרם),"איי, בי, אינבוו",IL,אפונה עדינה 12 יח 600 ג,גרמים,600.00,100 גרם,false,,16.90,0.0282,true,1,802415
7290000104218,false,סנפרוסט במיה 600 גרם,תנובה מרכז שיתופי לשיווק תוצרת,IL,במיה 14 יח 600 ג,גרמים,600.00,100 גרם,false,,15.80,0.0263,true,1,802416
7290000104287,false,לקט לפשטידה סנפרוסט 600 גרם,תנובה מרכז שיתופי לשיווק תוצרת,IL,לקט לפשטידה 12-800,גרמים,600.00,100 גרם,false,,21.90,0.0365,true,1,802418
7290000104676,false,אפונה קפואה סנפרוסט 800 גרם,תנובה מרכז שיתופי לשיווק תוצרת,IL,אפונה גינה 20 יח 800 ג,גרמים,800.00,100 גרם,false,,14.90,0.0186,true,1,802419
7290000104683,false,שעועית ירוקה שלמה סנפרוסט (800 גרם),תנובה מרכז שיתופי לשיווק תוצרת,IL,שעועית ירוקה שלמה 16 יח 8,גרמים,800.00,100 גרם,false,,19.90,0.0249,true,1,802420
7290000104690,false,גרעיני תירס מוקפאים סנפרוסט (800 גרם),תנובה מרכז שיתופי לשיווק תוצרת,IL,גרעיני תירס 20 יח 800 ג,גרמים,800.00,100 גרם,false,,17.80,0.0223,true,1,802421
7290000104706,false,גזר גמדי מוקפא סנפרוסט (800 גרם),תנובה מרכז שיתופי לשיווק תוצרת,IL,גזר גמדי 16 יח 800 ג,גרמים,800.00,100 גרם,false,,16.90,0.0211,true,1,802422
7290000104713,false,פול ירוק קפוא סנפורסט 800 גרם,תנובה מרכז שיתופי לשיווק תוצרת,IL,פול ירוק 20 יח 800 ג,גרמים,800.00,100 גרם,false,,20.90,0.0261,true,1,802423
7290000104720,false,שעועית ירוקה חתוכה סנפרוסט (800 גרם),תנובה מרכז שיתופי לשיווק תוצרת,IL,שעועית ירוקה חתוכה 16 יח,גרמים,800.00,100 גרם,false,,16.90,0.0211,true,1,802424
7290000104744,false,כרובית מוקפאת סנפרוסט (800 גרם),תנובה מרכז שיתופי לשיווק תוצרת,IL,כרובית 12 יח 800 ג,גרמים,800.00,100 גרם,false,,23.90,0.0299,true,1,802426
7290000104751,false,"כרוב ניצנים 800 גרם ""סנפרוסט""",תנובה מרכז שיתופי לשיווק תוצרת,IL,כרוב ניצנים 16 יח 800 ג,גרמים,800.00,100 גרם,false,,16.90,0.0211,true,1,802427
7290000104768,false,עלי תרד סנפרוסט (800 גרם),תנובה מרכז שיתופי לשיווק תוצרת,IL,עלי תרד 14 יח 800 ג,גרמים,800.00,100 גרם,false,,19.90,0.0249,true,1,802428
7290000104775,false,מדליוני תרד סנפרוסט (800 גרם),תנובה מרכז שיתופי לשיווק תוצרת,IL,מדליוני תרד 16 יח 800 ג,גרמים,800.00,100 גרם,false,,23.90,0.0299,true,1,802429
7290000104799,false,שעועית לבנה מבושלת סנפרוסט (800 גרם),תנובה מרכז שיתופי לשיווק תוצרת,IL,שעועית לבנה 16 יח 800 גר,גרמים,800.00,100 גרם,false,,14.90,0.0186,true,1,802430
7290000104805,false,גרגירי חומוס מבושלים סנפרוסט 800 גרם,תנובה מרכז שיתופי לשיווק תוצרת,IL,גרגירי חומוס 14 יח 800 גר,גרמים,800.00,100 גרם,false,,18.90,0.0236,true,1,802431
7290000104829,false,קלחי תירס חתוכים סנפרוסט 1 קילו,תנובה מרכז שיתופי לשיווק תוצרת,IL,קלחוני תירס 16 יח 1 קג,גרמים,1000.00,100 גרם,false,,19.70,0.0197,true,1,802433
7290000104836,false,שעועית ירוקה עדינה שלמה סנפרוסט 600 גרם,תנובה מרכז שיתופי לשיווק תוצרת,IL,שעועית עדינה שלמה 12 יח,גרמים,600.00,100 גרם,false,,19.90,0.0332,true,1,802434
7290000104881,false,לקט אפונה וגזר מוקפאים סנפרוסט (800 גרם),תנובה מרכז שיתופי לשיווק תוצרת,IL,לקט אפונה וגזר 13 יח 800,גרמים,800.00,100 גרם,false,,14.90,0.0186,true,1,802437
7290000104904,false,לקט ירקות מעורבים סנפורסט 800 גרם,תנובה מרכז שיתופי לשיווק תוצרת,IL,ירקות מעורבים 14 יח 800 ג,גרמים,800.00,100 גרם,false,,23.00,0.0288,true,1,802439
7290000104911,false,לקט נורמנדי מוקפא סנפרוסט (800 גרם),תנובה מרכז שיתופי לשיווק תוצרת,IL,לקט נורמנדי 12 יח 800 ג,גרמים,800.00,100 גרם,false,,16.90,0.0211,true,1,802440
7290000106175,false,לקט כפרי מוקפא סנפרוסט (2 קג),"סנפרוסט בע""\מ",IL,לקט כפרי 6 יח 2 קג,קילוגרמים,2.00,"ק""ג",false,,36.90,18.4500,true,1,802443
7290000106526,false,לקט חגיגה ירוקה להקפצה 800 גרם סנפרוסט,"איי, בי, אינבוו",,לקט להקפצה חגיגה ירו,גרמים,800.00,100 גרם,false,,22.90,0.0286,true,1,5733762
7290000107189,false,תחתיות ארטישוק סנפרוסט (400 גרם),תנובה מרכז שיתופי לשיווק תוצרת,IL,תחתיות ארטישוק 12 יח 400,גרמים,400.00,100 גרם,false,,19.90,0.0497,true,1,802446
7290000107295,false,תפרחות ברוקולי סנפרוסט 800 גרם,תנובה מרכז שיתופי לשיווק תוצרת,IL,תפרחות ברוקולי 12 יח 800,גרמים,800.00,100 גרם,false,,24.90,0.0311,true,1,802451
7290000107615,false,ירקות ואננס להקפצה מנה אסייתית צבעונית ועשירה,"איי, בי, אינבוו",,מנה אסייתית צבעונית,גרמים,800.00,100 גרם,false,,23.00,0.0288,true,1,5935554
7290000111119,false,תפוח אדמה לבן ארוז,ביכורי השקמה,,תפוח אדמה לבן ארוז,קילוגרמים,1.00,"ק""ג",true,,1.90,1.9000,true,1,2366282
7290000111384,false,חרדל אמיתי בצנצנת 550 ג' תלמה,יוניליוור ישראל שיווק בע`מ,,חרדל תלמה 550 גרם,גרמים,550.00,100 גרם,false,,7.50,0.0136,true,1,808455
7290000112220,false,טחינה גולמית שומשום טהור בארכה 500 גרם,קבוצת אוסם סחר שותפות מוגבלת,,טחינה גולמית שומשום,גרמים,500.00,100 גרם,false,,13.90,0.0278,true,1,813600
7290000112237,false,"טחינה גולמית שומשום טהור בארכה 1 ק""ג","רושדי תעשיות מזון בע""\מ",,טחינה גולמית שומשום,יח',1.00,יח',false,,19.90,19.9000,true,1,813601
7290000112497,false,מרק עשיר עוף אטריות קנור 75 גרם - שקיות,יוניליוור ישראל שיווק בע`מ,,קנור מרק עשיר עוף עם,גרמים,75.00,100 גרם,false,,11.90,0.1587,true,1,808459
7290000112619,false,אבקת מרק עוף אמיתי קנור 400 ג' כשלפ,יוניליוור ישראל שיווק בע`מ,,מרק 400 עוף אמיתי,גרמים,400.00,100 גרם,false,,14.90,0.0373,true,1,808462
7290000116204,false,"אבקת מרק דגש בטעם עוף 1ק""ג קנור","יוניליוור ישראל שיווק בע""מ",,מרק דגש מופחת נתרן ק,גרמים,1000.00,100 גרם,false,,13.70,0.0137,true,1,808493
7290000116884,false,"קנור רוטב ברביקיו 300 מ""ל כשלפ",יוניליוור ישראל שיווק בע`מ,,רוטב ברביקיו קנור 34,מיליליטרים,340.00,"100 מ""ל",false,,9.90,0.0291,true,1,808495
7290000117171,false,מרק טעם עוף דל קלוריות 48 גרם-קופסא,"יוניליוור ישראל שיווק בע""מ",,"נמס בכוס בד""ץ טעם עו",יח',10.00,יח',false,,6.50,0.6500,true,1,808501
7290000117720,false,נמס בכוס פטריות קנור 21.5 גרם מארז זוגי,"יוניליוור ישראל שיווק בע""מ",,"נמס בכוס פטריות בד""ץ",יח',1.00,יח',false,,6.50,6.5000,true,1,808506
7290000118277,false,כופתאות מצה להכנת מהירה 65 ג' קנור,"יוניליוור ישראל שיווק בע""מ",,אבקה להכנת קניידלך ק,גרמים,260.00,100 גרם,false,,8.90,0.0342,true,1,808512
7290000120836,false,מיונז אמיתי הלמנס (394 גרם),"יוניליוור ישראל שיווק בע""מ",,מיונז הלמנס 394 גרם,גרמים,394.00,100 גרם,false,,10.90,0.0277,true,1,808523
7290000120874,false,מיונז הלמנס לייט מופחת קלוריות 424ג,יוניליוור ישראל שיווק בעמ,,מיונז הלמנס לייט 424,גרמים,424.00,100 גרם,false,,10.90,0.0257,true,1,808524
7290000121017,false,גבינה מותכת 7% שומרון 120 גרם,נטו מלינדה סחר בע`מ,,שומרון גבינה מותכת 7,גרמים,120.00,100 גרם,false,,8.90,0.0742,true,1,811101
7290000121031,false,החתול המחייך גבינה מותכת 14% מון בלאן 120 גרם,נטו מילנדה סחר בעמ*,,החתול המחייך גבינה מ,גרמים,120.00,100 גרם,false,,8.90,0.0742,true,1,811102
7290000121079,false,גבינה מותכת למריחה עם שום שמיר 9% מון בלאן 120 גרם,נטו מילנדה סחר בעמ*,,גבינה מותכת למריחה ע,גרמים,120.00,100 גרם,false,,8.90,0.0742,true,1,811104
7290000121109,false,גבינה מותכת לייט עם זיתים 7% מון בלאן 120 גרם,נטו מילנדה סחר בעמ*,,גבינה מותכת לייט עם,גרמים,120.00,100 גרם,false,,8.90,0.0742,true,1,811106
7290000121147,false,גבינה מותכת לייט בטעם פיקנטי 7% מון בלאן 120 גרם,נטו מלינדה סחר בע`מ,,גבינה מותכת לייט בטע,גרמים,120.00,100 גרם,false,,8.90,0.0742,true,1,811107
7290000121154,false,גבינה מותכת לייט עם סלמון 7% מון בלאן 120 גרם,נטו מלינדה סחר בע`מ,,גבינה מותכת לייט עם,גרמים,120.00,100 גרם,false,,8.90,0.0742,true,1,811108
7290000125251,false,שמפו לכביסה עדינה בדין 2 ליטר,יוניליוור ישראל שיווק בעמ,,בדין שמפו לכביסה עדי,ליטרים,2.00,ליטר,false,,22.90,11.4500,true,1,808554
7290000129457,false,אבקת רוטב פטריות קנור 28 ג' שקית,יוניליוור ישראל שיווק בע`מ,,רוטב פטריות קנור 28,גרמים,28.00,100 גרם,false,,3.90,0.1393,true,1,808584
7290000129785,false,מרכך כביסה ירוק בדין (4 ליטר),יוניליוור ישראל שיווק בע`מ,,בדין מרכך כביסה 4 לי,ליטרים,4.00,ליטר,false,,19.90,4.9750,true,1,808588
7290000130248,false,קמח מצות 500 גרם חמץ,מצות אביב,,קמח מצות 500 גרם חמץ,גרמים,500.00,100 גרם,false,,6.30,0.0126,true,1,895698
7290000131009,false,דפי בצק פילו דקיקים שחף 500 גרם,מאפיית אריאל,,דפי בצק פילו דקיקים,גרמים,500.00,100 גרם,false,,14.50,0.0290,true,1,819012
7290000131023,false,"בצק עלים מרודד שחף 1 ק""ג",מאפיית אריאל,,בצק עלים מרודד שחף 1,גרמים,1000.00,100 גרם,false,,11.80,0.0118,true,1,819013
7290000131122,false,"בצק עלים צרפתי שחף 1.5 ק""ג",מאפיית אריאל,,בצק עלים צרפתי שחף 1,קילוגרמים,1.50,"ק""ג",false,,16.90,11.2667,true,1,819014
7290000133645,false,שלישיית משחת שיניים סודה אורביטול 145 גרם,החברה הדרומית לשיווק בעמ,,משחת שיניים בטעם מנט,גרמים,435.00,100 גרם,false,,16.50,0.0379,true,1,809506
7290000133904,false,"מטהר אוויר דואופרש פסיפלורה תפוז סנו 300 מ""ל",החברה הדרומית לשיווק בעמ,,דואופרש פסיפלורה ותפ,מיליליטרים,300.00,"100 מ""ל",false,,9.90,0.0330,true,1,809512
7290000135045,false,"XL TEN משקה אנרגיה פתוח ללא סוכר 250 מ""ל","טמפו משקאות בע""\מ",,"XL פחית 250 מ""ל",מיליליטרים,250.00,"100 מ""ל",false,,3.80,0.0152,true,1,5719968
7290000135052,false,"XL TEN משקה אנרגיה מנגו ללא סוכר 250 מ""ל","טמפו משקאות בע""\מ",,"XL פחית 250 מ""ל",מיליליטרים,250.00,"100 מ""ל",false,,3.80,0.0152,true,1,5550161
7290000135113,false,"משקה אנרגיה XL פחית ten נענע ליים 250 מ""ל","טמפו משקאות בע""\מ",,"משקה אנרגיה לל""ס נענ",מיליליטרים,250.00,"100 מ""ל",false,,3.80,0.0152,true,1,6193911
7290000135168,false,"פפסי מקס ליים פחית צרה מארז שישייה 330 מ""ל","טמפו משקאות בע""מ",,פפסי מקס ליים שישיה,ליטרים,1.98,ליטר,false,,16.90,8.5354,true,1,6314056
7290000135465,false,"מי סודה 500 מ""ל - מארז 12 בקבוקים","טמפו משקאות בע""\מ",,טמפו סודה 12* 500 מל,ליטרים,6.00,ליטר,false,,24.90,4.1500,true,1,6379284
7290000135595,false,פפסי מקס בטעם דובדבן 1.5 ללא סוכר,"טמפו משקאות בע""\מ",,פפסי מקס דובדבן 1.5,ליטרים,1.50,ליטר,false,,6.90,4.6000,true,1,6377972
7290000135663,false,"פפסי מקס דובדבן פחית צרה מארז שישייה 330 מ""ל",טמפו משקאות בע''מ,,פפסי מקס דובדבן שישי,ליטור,1.50,ליטור,false,,16.90,11.2667,true,1,6478888
7290000136141,false,פפסי קולה 1.5 ליטר פיקדון,"טמפו משקאות בע""\מ",,פפסי 1.5 ליטר,ליטרים,1.50,ליטר,false,,7.40,4.9333,true,1,6411565
7290000136158,false,פפסי מקס משקה מוגז דל קלוריות בטעם קולה,"טמפו משקאות בע""\מ",,פפסי מקס 1.5 ליטר,ליטרים,1.50,ליטר,false,,6.90,4.6000,true,1,6411566
7290000136165,false,מירינדה אורנג` 1.5 ליטר פיקדון,"טמפו משקאות בע""\מ",,מירינדה 1.5 ליטר,ליטרים,1.50,ליטר,false,,6.90,4.6000,true,1,6411567
7290000136172,false,משקה 7UP בקבוק 1.5 ליטר פיקדון,"טמפו משקאות בע""\מ",,סבן אפ 1.5 ליטר,ליטרים,1.50,ליטר,false,,6.90,4.6000,true,1,6411568
7290000136189,false,משקה דיאט 7UP בקבוק 1.5 ליטר פיקדון,"טמפו משקאות בע""\ם.",,דיאט סבן אפ 1.5 ליטר,ליטרים,1.50,ליטר,false,,6.90,4.6000,true,1,6411537
7290000136257,false,פאנק טוניק גזוז בטעם פירות,טמפו משקאות בע`מ,,פאנק טוניק 1.5,ליטרים,1.50,ליטר,false,,8.20,5.4667,true,1,6411484
7290000136264,false,מי טוניק גזוז 1.5 ל' טמפו,"טמפו משקאות בע""\מ",,מי טוניק 1.5 ליטר,ליטרים,1.50,ליטר,false,,7.20,4.8000,true,1,6411485
7290000136431,false,משקה בטעם אפרסק צלול תריסר 1.5 ל' ג'אמפ,"טמפו משקאות בע""\מ",,ג'אמפ אפרסק 1.5 ליטר,ליטרים,1.50,ליטר,false,,7.50,5.0000,true,1,6411513
7290000136455,false,משקה בטעם אשכוליות תריסר 1.5 ל' ג'אמפ,"טמפו משקאות בע""\ם.",,ג'אמפ אשכוליות 1.5 ל,ליטרים,1.50,ליטר,false,,7.50,5.0000,true,1,6411486
7290000136486,false,ג'אמפ משקה קל דיאט אשכוליות 1.5 ליטר,"טמפו משקאות בע""\ם.",,ג'אמפ דיאט אשכוליות,ליטרים,1.50,ליטר,false,,7.50,5.0000,true,1,6411514
7290000136523,false,ג`אמפ משקה קל ענבים 1.5 ליטר פיקדון,"טמפו משקאות בע""\ם.",,ג'אמפ ענבים 1.5 ליטר,ליטרים,1.50,ליטר,false,,7.50,5.0000,true,1,6411488
7290000136561,false,משקה בטעם תות בננה תריסר 1.5 ל' ג'אמפ,"טמפו משקאות בע""\מ",,ג'אמפ תות בננה 1.5 ל,ליטרים,1.50,ליטר,false,,7.50,5.0000,true,1,6411489
7290000136585,false,משקה בטעם תפוזים תריסר 1.5 ל' ג'אמפ,"טמפו משקאות בע""\ם.",,ג'אמפ תפוזים 1.5 ליט,ליטרים,1.50,ליטר,false,,7.50,5.0000,true,1,6411490
7290000136608,false,משקה בטעם תפוח צלול תריסר 1.5 ל' ג'אמפ,"טמפו משקאות בע""\ם.",,ג'אמפ תפוח צלול 1.5,ליטרים,1.50,ליטר,false,,7.50,5.0000,true,1,6411515
7290000136646,false,בירה נשר מאלט ללא אלכוהול 1.5 ליטר,"טמפו משקאות בע""\מ",,בירה שחורה נשר מאלט,ליטרים,1.90,ליטר,false,,8.90,4.6842,true,1,6411491
7290000136653,false,בירה שחורה נשר מאלט דיאט בקבוק 1.5ל`,"טמפו משקאות בע""\מ",,בירה שחורה דיאט נשר,ליטרים,1.50,ליטר,false,,8.90,5.9333,true,1,6411492
7290000136660,false,סודה טמפו ליטר וחצי,טמפו,,סודה 1.5 ליטר,ליטרים,1.50,ליטר,false,,3.20,2.1333,true,1,6411811
7290000136691,false,סבן אפ 1.5 ליטר שישיה טמפו,טמפו משקאות בע`מ,,סבן אפ 1.5לי שישייה,מטרים,1500.00,100 מ'ל,false,,37.90,0.0253,true,1,6411812
7290000136752,false,סבן אפ דיאט מארז שישייה 1.5 ל' FREE,"טמפו משקאות בע""\מ",,דיאט סבן אפ 1.5 ליטר,ליטרים,9.00,ליטר,false,,35.90,3.9889,true,1,6411542
7290000136769,false,מארז שישיה בטעם קולה 1.5 ל' פפסי,"טמפו משקאות בע""\מ",,פפסי 1.5 ליטר שישייה,ליטרים,9.00,ליטר,false,,35.80,3.9778,true,1,6411569
7290000136776,false,שישיית פפסי מקס דל קלוריות 1.5 ליטר,טמפו משקאות בע`מ,,פפסי מקס 1.5 ליטר שי,ליטרים,9.00,ליטר,false,,35.90,3.9889,true,1,6411570
7290000136783,false,מארז שישייה מרינדה 1.5 ל',"טמפו משקאות בע""\מ",,מירנדה 1.5 ליטר שישי,ליטרים,9.00,ליטר,false,,37.30,4.1444,true,1,6411543
7290000136790,false,טמפו מי סודה 6*1.5 ליטר פיקדון,"טמפו משקאות בע""\מ",,טמפו סודה 6* 1.5 ליט,מטרים,9000.00,100 מ'ל,false,,15.90,0.0018,true,1,6411516
7290000136813,false,סודה בטעם אננס מארז רביעייה 1.5 ל' טמפו,טמפו משקאות בע''מn\,,סודה אננס 1.5לי רביע,ליטרים,6.00,ליטר,false,,10.90,1.8167,true,1,6411813
7290000136820,false,סודה בטעם פירות יער מארז ריבעיה * 1.5 ל' טמפו,טמפו משקאות בע''מn\,,סודה פירות יער 1.5לי,ליטרים,6.00,ליטר,false,,10.90,1.8167,true,1,6411545
7290000136837,false,רביעיית מי סודה נגיעות אפרסק טמפו 1.5 ליטר,טמפו משקאות בע''מn\,,רביעייה סודה טעם אפר,ליטרים,1.50,ליטר,false,,10.90,7.2667,true,1,6411546
7290000136844,false,מארז מים מזוככים אקווה נובה שישיית 2 ליטר,"טמפו משקאות בע""\מ",,מים אקווה נובה 2 ליט,ליטרים,12.00,ליטר,false,,10.70,0.8917,true,1,6411493
7290000137513,false,גלידונית גלידה וניל בציפוי שוקולד 60 יח' קרמיסימו,"גלידת שטראוס בע""\מ, רחוב",,גלידונית קרמיסימו ונ,גרמים,630.00,100 גרם,false,,39.80,0.0632,true,1,816814
7290000137643,false,שלגוני טעמקור בטעם שוקו וניל שטראוס 8*50 גרם,"גלידת שטראוס בע""\מ, רחוב",,שלגוני טעמקור בטעם ש,יח',1.00,יח',false,,31.90,31.9000,true,1,816815
7290000139104,false,שלווה חיטה תפוחה מתוקה אשבול 230 גרם,"אשב""ל בע""מ",,שלווה חיטה תפוחה מתו,גרמים,230.00,100 גרם,false,,8.70,0.0378,true,1,798638
7290000139111,false,שלווה חיטה תפוחה מתוקה אשבול 90 גרם,אשבול בעמ,,שלווה חיטה תפוחה מתו,גרמים,90.00,100 גרם,false,,3.40,0.0378,true,1,798639
7290000139128,false,שלווה חטיף דגן תפוח מתוק אשבול 60 גרם,אשבול בעמ,,שלווה חטיף דגן תפוח,גרמים,60.00,100 גרם,false,,3.40,0.0567,true,1,798640
7290000139180,false,שלווה חיטה מלאה תפוחה אשבול 140 גרם,אשבל מזון פונקציונלי,,שלווה חיטה מלאה תפוח,גרמים,140.00,100 גרם,false,,8.70,0.0621,true,1,798641
7290000139227,false,דגן לבן משפחתי 150 גר' אשבול,מ.ד אטיאס סוכנויות מזון בע`מ,,אשבול דגן לבן 150גר,גרמים,150.00,100 גרם,false,,8.70,0.0580,true,1,798644
7290000139234,false,דגן תפוח שלווה אשבול בטעם חמאה ודבש 150ג',אשבול,,אשבול דגן חמאה 150 ג,גרמים,150.00,100 גרם,false,,8.70,0.0580,true,1,798645
7290000139241,false,מולטי דגני בוקר בטעם שוקו וניל 500 ג',אשבול,,מולטי שוקו וניל 500,גרמים,500.00,100 גרם,false,,8.90,0.0178,true,1,1041890
7290000139258,false,שלווה דבש וסוכר חום אשבול 200 גרם,אשבל מזון פונקציונלי,,שלווה דבש וסוכר חום,גרמים,250.00,100 גרם,false,,8.70,0.0348,true,1,798646
7290000139265,false,מולטי דגנים מלאים עם דבש 420-500 גרם,אשבול,,אשבול מולטי דבש 500,גרמים,500.00,100 גרם,false,,8.90,0.0178,true,1,798647
7290000139272,false,חטיף מולטי פירות אשבול 500 גרם,אשבול,,אשבול מולטי דגני בוק,גרמים,500.00,100 גרם,false,,8.90,0.0178,true,1,798648
7290000139289,false,דגנים מולטי כדורי שוקולד 420גר',אשבול בעמ,,אשבול מולטי שוקולד 5,גרמים,500.00,100 גרם,false,,8.90,0.0178,true,1,798649
7290000139296,false,אשבול דגני בוקר מולטי כוכבים 420-500גר,אשבול,,אשבול מולטי כוכבים 5,גרמים,500.00,100 גרם,false,,8.90,0.0178,true,1,798650
7290000139609,false,שלווה פיצפוצי אורז רגיל מתוק אשבול 375 גרם,אשבול,,אשבול פצפוצי אורז 37,גרמים,375.00,100 גרם,false,,10.90,0.0291,true,1,798660
7290000139623,false,פיצפוצי אורז לייט 375 גר' אשבול,מ.ד אטיאס סוכנויות מזון בע`מ,,פצפוצי אורז אשבול,גרמים,60.00,100 גרם,false,,10.90,0.1817,true,1,798662
7290000143279,false,"הוואי שמפו לשיער נגד קשקשים 700 מ""ל",שוורצקוף& הנקל דיסלד,,הוואי שמפו לשיער נגד,מיליליטרים,700.00,"100 מ""ל",false,,8.90,0.0127,true,1,803567
7290000143286,false,הוואי מרכך לשיער רגיל 700 מל ירוק,שוורצקוף& הנקל דיסלד,,הוואי מרכך לשיער רגי,מיליליטרים,700.00,"100 מ""ל",false,,8.90,0.0127,true,1,803568
7290000143293,false,"הוואי - מרכך ילדים מתיר קשרים 700 מ""ל",טרופיקל דגיל,,הוואי מרכך שיער לילד,מיליליטרים,700.00,"100 מ""ל",false,,8.90,0.0127,true,1,803569
7290000144160,false,"שמן זית כתית מעולה ארומתי עץ הזית 750 מ""ל","מרקאולאו, ספרד.אבסה,",,שמן זית כתית מעולה א,מיליליטרים,750.00,"100 מ""ל",false,,32.90,0.0439,true,1,811577
7290000144467,false,שמן חמניות מועשר בנוגדי חמצון 1 ל' עץ הזית,"נארז ע""י : א.ג. גילר",,שמן בריאות חמניות עץ,ליטרים,1.00,ליטר,false,,13.90,13.9000,true,1,811580
7290000144474,false,שמן עץ הזית קנולה 1 ליטר בריאות מהטבע,סוגת תעשיות בעמ,,שמן בריאות קנולה עץ,ליטרים,1.00,ליטר,false,,14.80,14.8000,true,1,811581
7290000146928,false,"משחת שיניים לילדים בטעם ענבים טום וג'רי 50 מ""ל",טרופיקל דגיל קוסמטיק,,משחת שיניים לילדים ב,גרמים,50.00,100 גרם,false,,7.90,0.1580,true,1,803593
7290000146997,false,משחת שיניים לילדים מסטיק טום וג'רי 50 מל,טרופיקל דגיל קוסמטיק,,משחת שיניים לילדים מ,יח',1.00,יח',false,,7.90,7.9000,true,1,803596
7290000149615,false,רביעיית סבון מוצק קלאסי לתינוק נקה 7 4*100 גרם,החברה הדרומית לשיווק בעמ,,סבון מוצק לתינוק נקה,גרמים,400.00,100 גרם,false,,10.90,0.0273,true,1,828744
7290000149844,false,סבון רב שימושי סינטבון (230 גרם),החברה הדרומית לשיווק בעמ,,סבון רב שימושי סינטב,גרמים,230.00,100 גרם,false,,6.90,0.0300,true,1,809515
7290000149943,false,טקסטיל שמפו לכביסה ביד שקית 1 ליטר,החברה הדרומית לשיווק בעמ,,טקסטיל אבקת כביסה בי,ליטרים,1.00,ליטר,false,,12.90,12.9000,true,1,809519
7290000150956,false,עוף טוב מקלוני קבנוס 160 גרם,קבוצת אסם סחר שות. מוגבלת,,מקלוני קבנוס עוף טוב,גרמים,160.00,100 גרם,false,,9.90,0.0619,true,1,806963
7290000158105,false,שניצל עוף מיני דינוזאור ללא אנטיביוטיקה מ100% ר.טבעי,קבוצת אסם סחר שות. מוגבלת,,שניצל עוף מיני דינוז,גרמים,700.00,100 גרם,false,,24.90,0.0356,true,1,807020
7290000168173,false,"ברנפלקס קרנצ'ים תלמה בד""ץ 375 גרם",יוניליוור ישראל שיווק בעמ,,ברנפלקס קרנצ'ים תלמה,גרמים,375.00,100 גרם,false,,19.90,0.0531,true,1,847978
7290000169538,false,"נמס בכוס עגבניות וקרוטונים מרק כשרות בד""ץ 62 ג' קנור",יוניליוור ישראל שיווק בע`מ,,"נמס בכוס עגבניות בד""",גרמים,31.00,100 גרם,false,,6.50,0.2097,true,1,877499
7290000174723,false,שוקולית אבקה להכנת משקה שוקו 500 גרם,הנסיך- מפעל לייצור ט,,שוקולית 500 גרם,גרמים,500.00,100 גרם,false,,11.90,0.0238,true,1,805367
7290000176079,false,קפה טורקי עם הל עלית (100 גרם),הנסיך- מפעל לייצור ט,,קפה טורקי עם הל 100,גרמים,100.00,100 גרם,false,,8.90,0.0890,true,1,805372
7290000176116,false,קפה טורקי בוואקום עלית (1 קג),הנסיך- מפעל לייצור ט,,קפה טורקי - ואקום 1,לקג,1.00,לקג,false,,74.90,74.9000,true,1,805375
7290000176413,false,קפה נמס עלית פחית 50 גרם,הנסיך- מפעל לייצור ט,,קפה נמס 50 גרם,גרמים,50.00,100 גרם,false,,8.90,0.1780,true,1,805378
7290000176420,false,קפה נמס פחית עלית 200 גרם,פיקסל אם.גי.אם בעמ,,קפה נמס 200 גרם,גרמים,200.00,100 גרם,false,,18.90,0.0945,true,1,805379
7290000176468,false,קפה נמס נטול קפאין 50 ג' קפה האג,"שטראוס גרופ בע""מ",,קפה נמס האג נטול קפא,גרמים,50.00,100 גרם,false,,10.90,0.2180,true,1,805380
7290000176475,false,קפה נמס נטול קפאין האג עלית (200 גרם),שטראוס גרופ בע`מ,,האג קפה נמס נטול קפא,גרמים,200.00,100 גרם,false,,33.80,0.1690,true,1,805381
7290000178707,false,חטיף צ`יפס בטעם טבעי תפוצ`יפס (50 גרם),"שטראוס פריטו ליי בע""\מ )",,תפוצ'יפס בטעם טבעי 5,גרמים,50.00,100 גרם,false,,3.50,0.0700,true,1,812800
7290000178721,false,חטיף צ`יפס בטעם טבעי תפוצ`יפס (200 גרם),"שטראוס פריטו ליי בע""\מ )",,תפוצ'יפס בטעם טבעי 2,גרמים,200.00,100 גרם,false,,9.90,0.0495,true,1,812802
7290000185224,false,סילאן בקבוק לחיץ תמר כנרת 650 גר,תה ויסוצקי (ישראל) בעמ,,סילאן לחיץ כנרת 650,גרמים,650.00,100 גרם,false,,15.90,0.0245,true,1,800430
7290000185330,false,סילאן טבעי תמר כנרת 900 גר,תה ויסוצקי (ישראל) בעמ,,סילאן טבעי 900גר כנר,גרמים,900.00,100 גרם,false,,23.90,0.0266,true,1,6323948
7290000185590,false,סילאן טבעי בבקבוק לחיץ 650 גרם,"טעמי הגליל בע""\מ עבור וי",,סילאן טבעי בבקבוק לח,גרמים,635.00,100 גרם,false,,19.90,0.0313,true,1,6363832
7290000189116,false,תבניות עגולות חזקות ועבות ניקול 5 יחידות,קימברלי קלארק ישראל שיווק בעמ,,תבניות עגולות עבות ב,יח',5.00,יח',false,,9.90,1.9800,true,1,1023963
7290000189482,false,תבניות אפיה מרובעות מקרטון ניקול 4 יחידות,קימברלי קלארק ישראל שיווק בעמ,,תבניות אפיה מרובעות,יח',4.00,יח',false,,9.90,2.4750,true,1,815232
7290000189505,false,ניקול תבנית אפייה מקרטון אינגליש קייק ניקול 5 יחידות,קימברלי קלארק ישראל שיווק בעמ,,ניקול תבנית אפייה מק,יח',5.00,יח',false,,9.90,1.9800,true,1,815234
7290000189536,false,שקיות אשפהעם שרוך 65*52 ניקול 40 יחידות,קימברלי קלארק ישראל שיווק בעמ,,שקיות אשפהעם שרוך 65,יח',40.00,יח',false,,19.90,0.4975,true,1,815236
7290000189598,false,מטליות לחות חד פעמיות לניקוי כללי 50 יח' ניקול,קימברלי קלארק ישראל שיווק בעמ,,מטליות לחות לניקוי כ,יח',50.00,יח',false,,9.90,0.1980,true,1,815241
7290000189659,false,מטליות לחות לרצפה ניקול 10 יח'-מרכז,קימברלי קלארק ישראל שיווק בעמ,,מטליות לחות לרצפה ני,יח',10.00,יח',false,,9.90,0.9900,true,1,815243
7290000189680,false,ניקול זוג מטליות לחות לרצפה,קימברלי קלארק ישראל שיווק בעמ,,זוג מטליות לחות לרצפ,מיליליטרים,700.00,"100 מ""ל",false,,19.90,0.0284,true,1,926117
7290000189734,false,מטליות לחות לניקוי פרקט ניקול 10 יחידות,קימברלי קלארק ישראל שיווק בעמ,,מטליות לחות לניקוי פ,יח',10.00,יח',false,,10.90,1.0900,true,1,815247
7290000190198,false,מטליות לחות לניקוי וחיטוי 99.9% ניקול 50 יחידה,קימברלי קלארק ישראל שיווק בעמ,,מטליות לניקוי וחיטוי,יח',50.00,יח',false,,9.90,0.1980,true,1,911901
7290000191225,false,חיתולים ליטל בייביז מידה 2 האגיס 46 יחידות,קימברלי קלארק ישראל שיווק בעמ,,האגיס ליטל שלב 2 44,יח',46.00,יח',false,,28.90,0.6283,true,1,925902
7290000191645,false,"חיתולים האגיס ליטל בייביס ניו בורן שלב 1 עד 4 ק""ג",קימברלי קלארק ישראל שיווק בעמ,,חיתולים האגיס ליטל ב,יח',36.00,יח',false,,29.90,0.8306,true,1,835128
7290000193014,false,מגן תחתון פדיות אינטרלוד לילי 50 יחידות,קימברלי קלארק ישראל שיווק בעמ,,מגן תחתון לילי 50 יח,יח',50.00,יח',false,,9.90,0.1980,true,1,815281
7290000193076,false,"שלישיית מטליות לריצפה ""ניקול""",עופרטקס,,שלישיית מטליות רצפה,יח',3.00,יח',false,,9.90,3.3000,true,1,911888
7290000193083,false,נובה-לי תחבושות היגייניות לילי 28 יחידות,קימברלי קלארק ישראל שיווק בעמ,,נובה-לי תחבושות היגי,יח',28.00,יח',false,,8.90,0.3179,true,1,815282
7290000193205,false,תחבושות עם כנפיים ללילה נטורל לילי 20 יחידות,קימברלי קלארק ישראל שיווק בעמ,,תחבושות לילה עם כנפי,יח',20.00,יח',false,,15.90,0.7950,true,1,815285
7290000193472,false,מגן תחתון נורמל נטורל לילי 60 יחידות,קימברלי קלארק ישראל שיווק בעמ,,מגן תחתון נטורל נורמ,יח',60.00,יח',false,,14.90,0.2483,true,1,815287
7290000193540,false,מגן תחתון ארוך נטורל לילי 52 יחידות,קימברלי קלארק ישראל שיווק בעמ,,מגן תחתון ארוך נטורל,יח',52.00,יח',false,,14.90,0.2865,true,1,815288
7290000193618,false,לילי אינטימייט מגן תחתון נורמל 24 יח',קימברלי קלארק ישראל שיווק בעמ,,מגן תחתון לייט נטורל,יח',62.00,יח',false,,14.90,0.2403,true,1,815289
7290000193649,false,תחבושות עם כנפיים נורמל פלוס לילי 24 יחידות,קימברלי קלארק ישראל שיווק בעמ,,תחבושות עם כנפיים נו,יח',24.00,יח',false,,15.90,0.6625,true,1,815290
7290000193656,false,תחבושות עם כנפיים סופר פלוס לילי 24 יחידות,קימברלי קלארק ישראל שיווק בעמ,,תחבושות עם כנפיים סו,יח',24.00,יח',false,,15.90,0.6625,true,1,815291
7290000195537,false,האגיס - מגבוני האגיס דיילי קר לא מבושם 64 יח' * 4,קימברלי קלארק ישראל שיווק בעמ,,מגבונים לחים לעור רג,יח',72.00,יח',false,,18.90,0.2625,true,1,815311
7290000196763,false,"שקיות אשפה חזקות במיוחד עם שרוך 52 * 65 ס""מ ניקול 40 יחידות",קימברלי קלארק ישראל שיווק בעמ,,שקיות אשפה חזקות ניק,יח',40.00,יח',false,,24.90,0.6225,true,1,815321
7290000197012,false,שקיות ריצ'רץ' אחסון למזון ניקול 15 יחידות,קימברלי קלארק ישראל שיווק בעמ,,שקיות ריצ'רץ' אחסון,יח',15.00,יח',false,,12.90,0.8600,true,1,815326
7290000197029,false,שקיות ריצ'רץ' רב תכליתיות ניקול 12 יחידות,קימברלי קלארק ישראל שיווק בעמ,,שקיות ריצ'רץ' רב תכל,יח',12.00,יח',false,,12.90,1.0750,true,1,815327
7290000197425,false,חיתולים פרידום דריי שלב 3 האגיס 52 יחידות,קימברלי קלארק ישראל שיווק בעמ,,האגיס פרידום דריי של,יח',52.00,יח',false,,41.90,0.8058,true,1,999155
7290000197456,false,חיתולים פרידום דריי שלב 4 האגיס 44 יחידות,קימברלי קלארק ישראל שיווק בעמ,,האגיס פרידום דריי של,יח',44.00,יח',false,,41.90,0.9523,true,1,999156
7290000197463,false,חיתולים פרידום דריי שלב +4 האגיס 40 יחידות,קימברלי קלארק ישראל שיווק בעמ,,האגיס פרידום דריי של,יח',40.00,יח',false,,41.90,1.0475,true,1,999157
7290000197548,false,חיתולים פרידום דריי שלב 5 האגיס 36 יחידות,קימברלי קלארק ישראל שיווק בעמ,,האגיס פרידום דריי של,יח',36.00,יח',false,,41.90,1.1639,true,1,999158
7290000197654,false,שקיות אשפה ענקיות נשלפות 75*90 ניקול 50 יחידות,קימברלי קלארק ישראל שיווק בעמ,,שקיות אשפה ענקיות נש,יח',45.00,יח',false,,19.90,0.4422,true,1,815335
7290000197678,false,חיתולי האגיס פרידום דריי שלב 6 30 יחידות,קימברלי קלארק ישראל שיווק בעמ,,האגיס פרידום דריי של,יח',30.00,יח',false,,41.90,1.3967,true,1,999159
7290000197753,false,ניילון נצמד אנטי בטקריאלי ניקול 30X2מ',קימברלי קלארק ישראל שיווק בעמ,,ניילון נצמד ניקול 2*,אורך,30.00,אורך,false,,9.90,0.3300,true,1,815338
7290000197876,false,תבניות אלומיניום קטנות עם מכסה ניקול 4 יחידות,קימברלי קלארק ישראל שיווק בעמ,,תבניות אלומיניום קטנ,יח',4.00,יח',false,,8.90,2.2250,true,1,815340
7290000204086,false,ניקול כרית קרצוף מארז שלישייה,קימברלי קלארק ישראל שיווק בעמ,,סקוטש קרצוף ניקול 3,יח',3.00,יח',false,,9.90,3.3000,true,1,815379
7290000204147,false,רביעיית כרית יפנית עבה ניקול 4 יחידות,קימברלי קלארק ישראל שיווק בעמ,,כריות יפניות עבות ני,יח',4.00,יח',false,,9.90,2.4750,true,1,815380
7290000204215,false,שישיית כרית יפנית ניקול 6 יחידות,קימברלי קלארק ישראל שיווק בעמ,,כריות יפניות ניקול 6,יח',6.00,יח',false,,9.90,1.6500,true,1,815381
7290000204253,false,מטליות רב שימושיות לניקיון ניקול 9 יחידות,קימברלי קלארק ישראל שיווק בעמ,,מטליות רב שימושיות ל,יח',9.00,יח',false,,9.90,1.1000,true,1,815383
7290000204512,false,מטליות לחות לניקוי רצפה בריח לימון ניקול 10 יחידות,קימברלי קלארק ישראל שיווק בעמ,,מטליות לחות לרצפה בר,יח',10.00,יח',false,,9.90,0.9900,true,1,2377953
7290000204611,false,שישיית ספוגית הקסם ניקול 6 יחידות,קימברלי קלארק ישראל שיווק בעמ,,ספוגית הקסם ניקול 6,יח',6.00,יח',false,,9.90,1.6500,true,1,815386
7290000205526,false,פיסגה נוזל ריחני לשטיפת רצפות סנו 2 ליטר,"סנו מפעלי ברונוס בע""",,פיסגה נוזל ריחני לשט,ליטרים,2.00,ליטר,false,,9.90,4.9500,true,1,809524
7290000207063,false,רסק עגבניות פריכוז 28% 240 גרם יכין,היינץ צפון אמריקה מק,,רוטב עגב' פריכוז 240,גרמים,260.00,100 גרם,false,,3.80,0.0146,true,1,814947
7290000207162,false,רוטב עגבניות מרכיב טבעי 100 ג' יכין,זנלכול יכין,,רוטב עגבניות 22BX יכ,גרמים,100.00,100 גרם,false,,2.50,0.0250,true,1,814950
7290000207438,false,עגבניות מקולפות חתוכות לקוביות,זנלכול יכין,,עגבניות קוביות יכין,גרמים,800.00,100 גרם,false,,9.90,0.0124,true,1,814951
7290000208022,false,עגבניות 2.5 A מרוסקות 850 גרם יכין,זנלכול יכין,,עגבניות מרוסקות יכין,גרמים,800.00,100 גרם,false,,9.90,0.0124,true,1,814955
7290000208077,false,אפונת גינה גדולה יכין (550 גרם),זנלכול יכין,,אפונת גינה יכין 550,גרמים,335.00,100 גרם,false,,7.90,0.0236,true,1,814957
7290000208114,false,"אפונה וגזר יכין A2 פ""ק בית יוסף",זנלכול יכין,,אפונת גינה וגזר יכין,גרמים,335.00,100 גרם,false,,6.90,0.0206,true,1,814960
7290000208138,false,סירופ דיאט בטעם ענבים יכין (1 ליטר),זנלכול יכין,,סירופ דיאט בטעם ענבי,ליטרים,1.00,ליטר,false,,16.70,16.7000,true,1,814962
7290000208145,false,גרעיני תירס מתוק לייט 550 גרם יכין,זנלכול יכין,,תירס מתוק לייט יכין,גרמים,335.00,100 גרם,false,,9.90,0.0296,true,1,814963
7290000208213,false,שעועית לבנה אפויה A2 ברוטב עגבניות יכין 560ג',היינץ צפון אמריקה מק,,שעועית לבנה ברוטב עג,גרמים,355.00,100 גרם,false,,6.90,0.0194,true,1,814966
7290000208220,false,שעועית צ`ילי מקסיקני חריף יכין (550 גרם),היינץ צפון אמריקה מק,,שעועית צ'ילי יכין 58,גרמים,355.00,100 גרם,false,,9.50,0.0268,true,1,814967
7290000208244,false,"בסיס לשקשוקה יכין A2 פ""ק בית יוסף",זנלכול יכין,,רוטב מתובל לשקשוקה י,גרמים,570.00,100 גרם,false,,8.50,0.0149,true,1,814969
7290000208312,false,גרעיני תירס מתוק בואקום יכין 400 גר',"זנלכל בע""\מ",,תירס מתוק יכין 400 ג,גרמים,246.00,100 גרם,false,,6.50,0.0264,true,1,814972
7290000208329,false,גרעיני תירס מתוק יכין (550 גרם),זנלכול יכין,,תירס מתוק יכין 550 ג,גרמים,335.00,100 גרם,false,,6.90,0.0206,true,1,814973
7290000208336,false,רסק יכין 240גר 22% יכין בית יוסף,"זנלכל בע""\מ",,רוטב עגבניות 22BX יכ,גרמים,240.00,100 גרם,false,,3.90,0.0162,true,1,814974
7290000208343,false,עגבניות מרוסקות שום יכין A2.5 בית יוסף,היינץ צפון אמריקה מק,,עגבניות מרוסקות שום,גרמים,800.00,100 גרם,false,,9.90,0.0124,true,1,814975
7290000208350,false,עגבניות מרוסקות עם בצל יכין (800 גרם),זנלכול יכין,,עגבניות מרוסקות בצל,גרמים,800.00,100 גרם,false,,9.90,0.0124,true,1,814976
7290000208367,false,עגבניות מרוסקות בזיליקום יכין A2.5 בית יוסף,זנלכול יכין,,מרוסקות בזיליקום A2.,גרמים,800.00,100 גרם,false,,9.90,0.0124,true,1,814977
7290000208404,false,A2 פול מצרי 550 גרם יכין,זנלכול יכין,,פול יכין 580 גרם,גרמים,350.00,100 גרם,false,,7.90,0.0226,true,1,814978
7290000208428,false,גרגרי חומוס שלם 550 גרם יכין,היינץ צפון אמריקה מק,,חומוס יכין 550גרם,גרמים,290.00,100 גרם,false,,6.90,0.0238,true,1,814979
7290000208459,false,"לקט אפונה, תפוחי אדמה וגזר יכין 550 גרם",זנלכול יכין,,לקט אפונה תפוחי אדמ,גרמים,335.00,100 גרם,false,,9.90,0.0296,true,1,814981
7290000208480,false,גרעיני תירס מתוק בטעם חמאה 550 גרם יכין,זנלכול יכין,,תירס מתוק בטעם חמאה,גרמים,550.00,100 גרם,false,,9.90,0.0180,true,1,814982
7290000208534,false,תירס קיד גרעיני תירס מתוק יכין (550 גרם),זנלכול יכין,,תירס מתוק לילדים יכי,גרמים,335.00,100 גרם,false,,9.90,0.0296,true,1,814983
7290000208855,false,רוטב לפסטה קלאסי יכין (240 גרם),זנלכול יכין,,רוטב פסטה קלאסי יכין,גרמים,240.00,100 גרם,false,,5.50,0.0229,true,1,814986
7290000208893,false,גרעיני תירס מתוק לייט 400 גרם יכין,היינץ צפון אמריקה מק,,תירס מתוק לייט יכין,גרמים,246.00,100 גרם,false,,6.50,0.0264,true,1,814987
7290000208930,false,עגבניות מרוסקות בתוספת שום 240 גרם יכין,זנלכול יכין,,מרוסקות שום 240 יכין,גרמים,240.00,100 גרם,false,,5.50,0.0229,true,1,814989
7290000208947,false,עגבניות מרוסקות יכין (240 גרם),היינץ צפון אמריקה מק,,עגבניות מרוסקות 240,גרמים,240.00,100 גרם,false,,5.50,0.0229,true,1,814990
7290000209012,false,חומץ 1ליטר יכין הדרים,"זנלכל בע""\מ",,חומץ 5% יכין 1 ליטר,ליטרים,1.00,ליטר,false,,5.90,5.9000,true,1,814993
7290000209043,false,מיץ לימון משומר לתיבול יכין (1 ליטר),היינץ צפון אמריקה מק,,מיץ לימון לתיבול יכי,100 יח',1000.00,100 יח',false,,5.90,0.0059,true,1,814995
7290000209173,false,חומצה אצטית למזון 5% יכין 1 ליטר,זנלכול יכין,,חומצה אצטית למזון 5%,100 מל,1000.00,100 מל,false,,4.50,0.0045,true,1,814997
7290000209371,false,מארז גרעיני תירס מתוק יכין (200x3 גרם),היינץ צפון אמריקה מק,,תירס מתוק יכין 200 ג,גרמים,495.00,100 גרם,false,,14.90,0.0301,true,1,1018424
7290000209388,false,תירס מתוק לייט יכין 200 גרם מארז 3 יח',זנלכול יכין,,תירס מתוק לייט יכין,גרמים,369.00,100 גרם,false,,14.90,0.0404,true,1,1018425
7290000209517,false,סירופ דיאט בטעם לימון יכין (1 ליטר),היינץ צפון אמריקה מק,,סירופ דיאט בטעם לימו,ליטרים,1.00,ליטר,false,,16.70,16.7000,true,1,815007
7290000209524,false,סירופ דיאט בטעם פטל יכין (1 ליטר),זנלכול יכין,,סירופ דיאט בטעם פטל,ליטרים,1.00,ליטר,false,,16.70,16.7000,true,1,815008
7290000209531,false,סירופ דיאט בטעם אשכוליות יכין 1 ליטר,"זנלכל בע""\מ",,סירופ דיאט בטעם אשכו,ליטרים,1.00,ליטר,false,,16.70,16.7000,true,1,815009
7290000209555,false,סירופ דיאט בטעם תפוחים יכין 1 ליטר,זנלכול יכין,,סירופ דיאט בטעם תפוח,ליטרים,1.00,ליטר,false,,16.70,16.7000,true,1,815010
7290000209579,false,סירופ דיאט בטעם אננס יכין (1 ליטר),"זנלכל בע""\מ",,סירופ דיאט בטעם אננס,ליטרים,1.00,ליטר,false,,16.70,16.7000,true,1,815012
7290000209708,false,עגבניות מרוסקות עם בזיליקום 240 גרם יכין,היינץ צפון אמריקה מק,,עגבניות מרוסקות עם ב,גרמים,240.00,100 גרם,false,,5.50,0.0229,true,1,815014
7290000209722,false,רוטב עגבניות 28% יכין (580 גרם)פריכוז,"זנלכל בע""\מ",,פריכוז יכין 580 ג' A,גרמים,580.00,100 גרם,false,,9.90,0.0171,true,1,815016
7290000209906,false,עגבניות מרוסקות בתוספת בצל 240 גרם יכין,זנלכול יכין,,עגבניות מרוסקות בצל,גרמים,240.00,100 גרם,false,,5.50,0.0229,true,1,815017
7290000209913,false,עגבניות חתוכות לקוביות 240 גרם יכין,"זנלכל בע""\מ",,עגבניות קוביות 240 י,גרמים,240.00,100 גרם,false,,5.50,0.0229,true,1,815018
7290000209944,false,רוטב לעגבניות בסיס לשקשוקה 240 ג' יכין,"זנלכל בע""\מ",,רוטב לשקשוקה יכין 24,גרמים,240.00,100 גרם,false,,5.50,0.0229,true,1,815019
7290000209951,false,רוטב עגבניות לפיצה 260 גרם יכין,"זנלכל בע""\מ",,רוטב פיצה יכין 240 ג,מיליליטרים,240.00,"100 מ""ל",false,,5.50,0.0229,true,1,815020
7290000209968,false,רוטב עגבניות ללזניה 260 גרם יכין,זנלכול יכין,,רוטב לזניה 240 יכין,גרמים,240.00,100 גרם,false,,5.50,0.0229,true,1,815021
7290000210469,false,עגבניות שלמות מקולפות יכין (800 גרם),זנלכול יכין,,עגבניות שלמות יכין 8,גרמים,800.00,100 גרם,false,,9.90,0.0124,true,1,815028
7290000210896,false,רוטב לפסטה בולונז 240 גרם יכין,זנלכול יכין,,רוטב פסטה בולונז יכי,גרמים,240.00,100 גרם,false,,5.50,0.0229,true,1,815037
7290000211169,false,"אורז תאילנדי אחד אחד סוגת 1 ק""ג",האי נאם סי או אל.טי.,IL,"אורז תאילנדי 1 ק""ג",גרמים,1000.00,100 גרם,false,,6.80,0.0068,true,1,809247
7290000211312,false,סוגת אורז מלא פרסי אחד אחד 1 קג,האי נאם סי או אל.טי.,IL,"אורז מלא 1 ק""ג",גרמים,1000.00,100 גרם,false,,7.90,0.0079,true,1,809248
7290000211374,false,"קמח חיטה מלא סוגת 1 ק""ג",טחנת קמח דגן-שטיבל,IL,"קמח מלא 1 ק""ג",גרמים,1000.00,100 גרם,false,,6.90,0.0069,true,1,809249
7290000211442,false,אורז בסגנון פרסי קלאסי סוגת (1 קג),האי נאם סי או אל.טי.,,"אורז פרסי סוגת 1 ק""ג",גרמים,1000.00,100 גרם,false,,10.80,0.0108,true,1,809252
7290000211626,false,חיש אורז אחד אחד 1 קג,"סוגת תעשיות בע""\מ",IL,"אורש חיש 1 ק""ג",גרמים,1000.00,100 גרם,false,,7.90,0.0079,true,1,809254
7290000211985,false,אורז עגול ריזוטו אחד אחד 1 קג,"סוגת תעשיות בע""\מ",IL,"אורז עגול 1 ק""ג",גרמים,1000.00,100 גרם,false,,7.90,0.0079,true,1,809256
7290000214115,false,מרק עוף בצנצנת ויטה 400 גרם,ויטה- פרי גליל (החדשה) בעמ,,מרק עוף צנצנת ויטה 4,גרמים,400.00,100 גרם,false,,9.90,0.0248,true,1,840156
7290000226514,false,עוגת דובוש טעם ריבת חלב קפולסקי 450 גרם,תופינים מקבוצת קפולסקי,,עוגת דובוש ריבת חלב,גרמים,450.00,100 גרם,false,,38.90,0.0864,true,1,847433
7290000226545,false,"עוגת טורט היער השחור קפולסקי 1 ק""ג",קפולסקי שיווק וקמעונ,,עוגת טורט היער השחור,יח',1.00,יח',false,,63.90,63.9000,true,1,847336
7290000226552,false,קפולסקי עוגת טורט ריבת חלב+ קוקוס קפוא,קפולסקי שיווק וקמעונ,,עוגת טורט ריבת חלב ע,גרמים,1000.00,100 גרם,false,,63.90,0.0639,true,1,847337
7290000226569,false,עוגת טורט קצפת שוקולד קפולסקי (1 קג),תופינים מקבוצת קפולסקי,,עוגת טורט קצפת שוקול,קילוגרמים,1.00,"לק""ג",false,,63.90,63.9000,true,1,1148006
7290000226576,false,"עוגת טורט מצופה שוקולד קפולסקי 1 ק""ג",תופינים מקבוצת קפולסקי,,עוגת טורט קצפת שוקול,יח',1.00,יח',false,,63.90,63.9000,true,1,847338
7290000226613,false,עוגת דובוש מצופה שוקולד קפולסקי 450 גרם,תופינים מקבוצת קפולסקי,,עוגת דובוש מצופה בטע,גרמים,450.00,100 גרם,false,,38.90,0.0864,true,1,847436
7290000238029,false,"בצק עלים צרפתי מרודד מעדנות 1 ק""ג",תנובה מרכז שיתופי לשיווק תוצרת,IL,"בצק עלים מרודד 1 ק""ג מעדנ",גרמים,1000.00,100 גרם,false,,15.90,0.0159,true,1,802454
7290000238036,false,מלאווח מעדנות 6 יח`700 גרם קפוא,תנובה מרכז שיתופי לשיווק תוצרת,IL,מלאווח 700גר מעדנות,גרמים,700.00,100 גרם,false,,12.90,0.0184,true,1,802455
7290000238173,false,.בורקס במילוי גבינה 800 גרם מעדנות,מיוצר עי קונדיטוריית,IL,בורקס גבינה מעדנות 800גר,גרמים,800.00,100 גרם,false,,14.90,0.0186,true,1,802456
7290000238180,false,בורקס במילוי תפוא 800 גרם מעדנות,מיוצר עי קונדיטוריית,IL,"בורקס תפו""א 800 גרם מעדנו",גרמים,800.00,100 גרם,false,,14.90,0.0186,true,1,802457
7290000244143,false,קרם הוואי לאחר גילוח+ לחות 120 מ``ל,טרופיקל דגיל קוסמטיק,,קרם לאחר גילוח הוואי,מיליליטרים,120.00,"100 מ""ל",false,,16.90,0.1408,true,1,803605
7290000244761,false,"קרם ידיים ולווטה 100 מ""ל",טרופיקל דגיל קוסמטיק,,קרם ידים ולווטה 100,מטרים,100.00,100 מ'ל,false,,8.90,0.0890,true,1,803615
7290000245072,false,סוד מרכך כביסה בייבי סנסטיב 4 ליטר,גורי שיווק בעמ,IL,סוד מרכך כביסה תינוק 4 לי,ליטרים,4.00,ליטר,false,,17.90,4.4750,true,1,803618
7290000245089,false,סוד סופט מרכך כביסה סגול 4 ליטר,גורי שיווק בעמ,IL,סוד מרכך כביסה סגול 4 ליט,ליטרים,4.00,ליטר,false,,17.90,4.4750,true,1,803619
7290000245157,false,סוד סופט מרכך כביסה סנסיישן 4 ליטר,גורי שיווק בעמ,IL,סוד מרכך כביסה סנסיישן 4,ליטרים,4.00,ליטר,false,,17.90,4.4750,true,1,803621
7290000245294,false,"פרסיל אבקת כביסה סופרא 2.5ק""ג",גורי שיווק בעמ,IL,"פרסיל אבקת כביסה 2.5 ק""ג",קילוגרמים,2.50,"ק""ג",false,,24.90,9.9600,true,1,803627
7290000245799,false,סוד סופט מרכך כביסה כחול 4 ליטר,גורי שיווק בעמ,IL,סוד מרכך כביסה כחול 4 ליט,ליטרים,4.00,ליטר,false,,17.90,4.4750,true,1,803646
7290000253220,false,שוקולדצ`יפס לאפייה 260 גר`אופנהיימר,תה ויסוצקי (ישראל) בעמ,,שוקולד צ'יפס חום 260,גרמים,260.00,100 גרם,false,,10.90,0.0419,true,1,819880
7290000253251,false,נטיפי שוקולד צ`יפס לבן לאפיה 250 גרם,תה ויסוצקי (ישראל) בעמ,,שוקולד צ'יפס לבן 250,גרמים,250.00,100 גרם,false,,9.90,0.0396,true,1,819881
7290000253374,false,מיני שוקולד צ`יפס 66% מוצקי קקאו אופנהיי,תה ויסוצקי (ישראל) בעמ,,מיני שוקולד ציפס 250,גרמים,250.00,100 גרם,false,,14.90,0.0596,true,1,6383856
7290000253381,false,שוקולד ציפס 500 ג-אופינהיימר,אופנהיימר,,שוקולד ציפס 500 ג-או,גרמים,500.00,100 גרם,false,,14.60,0.0292,true,1,6356871
7290000253459,false,נטיפי צ'יפס בטעם קרמל אופנהיימר 250 גרם,תה ויסוצקי (ישראל)בעמ,,שוקולד ציפס קרמל 250,גרמים,250.00,100 גרם,false,,10.90,0.0436,true,1,6374054
7290000263359,false,חיתולים ליטל בייביז מידה 1 האגיס 40 יחידות,קימברלי קלארק ישראל שיווק בעמ,,האגיס ליטל בייביס מי,יח',40.00,יח',false,,28.90,0.7225,true,1,815404
7290000267036,false,שקדים מולבנים משובבים השף 100 גרם,דין שיווק וקליה 2021 בעמ,,שקד מולבן משובב 100,יח',1.00,יח',false,,9.90,9.9000,true,1,6433856
7290000267043,false,שקדים מולבנים פרוסים השף 100 גרם,דין שיווק וקליה 2021 בעמ,,שקד מולבן פרוס 100 -,גרמים,100.00,100 גרם,false,,9.90,0.0990,true,1,6426520
7290000267050,false,שקדים טבעיים טחונים השף 100 גרם,דין שיווק וקליה 2021 בעמ,,שקד מולבן טחון 100 -,גרמים,100.00,100 גרם,false,,9.90,0.0990,true,1,6426521
7290000267586,false,גרעייני חמניה קלופים 150 גר,דין שיווק וקליה 2021 בעמ,,גרעיני חמניה קלופים,גרמים,150.00,100 גרם,false,,4.90,0.0327,true,1,6489900
7290000267678,false,גרעיני דלעת טבעי קלוף שקדיה 150 ג',דין שיווק וקליה 2021 בעמ,,גרעיני דלעת טבעי קלו,גרמים,150.00,100 גרם,false,,7.90,0.0527,true,1,6489901
7290000272443,false,סירופ דיאט בטעם תפוזים עסיס 1 ליטר,קבוצת אוסם סחר שותפות מוגבלת,,סירופ דיאט בטעם תפוז,ליטרים,1.00,ליטר,false,,17.90,17.9000,true,1,807034
7290000272696,false,מיץ לימון טבעי משומר 1 ליטר עסיס כלפ,קבוצת אוסם סחר שותפות מוגבלת,,עסיס מיץ לימון משומר,100 מל,1000.00,100 מל,false,,7.90,0.0079,true,1,807036
7290000272726,false,חומץ רכיבים רכיבים טבעיים 5% עסיס 1 ליטר,קבוצת אוסם סחר שותפות מוגבלת,,חומץ רכיבים רכיבים ט,100 מל,1000.00,100 מל,false,,5.90,0.0059,true,1,807037
7290000286228,false,ספוגיות לניקוי כללי סנו סושי 6 יחידות,החברה הדרומית לשיווק בעמ,,כריות יפניות סנו סוש,יח',6.00,יח',false,,9.90,1.6500,true,1,809525
7290000286297,false,"אנטי קאלק מסיר אבנית מקומקום סנו 700 מ""ל",החברה הדרומית לשיווק בעמ,,אנטי קאלק מסיר אבנית,מיליליטרים,700.00,"100 מ""ל",false,,9.90,0.0141,true,1,809526
7290000286549,false,מטליות לניקוי כללי סנו סושי 9 יחידות,החברה הדרומית לשיווק בעמ,,מטליות לניקוי כללי ס,יח',9.00,יח',false,,9.90,1.1000,true,1,809533
7290000286761,false,ניילון נצמד סנו סושי פלסטיק מארז 30X2 מ',החברה הדרומית לשיווק בעמ,,ניילון נצמד פלסטיק ס,יח',2.00,יח',false,,9.90,4.9500,true,1,809538
7290000286921,false,סנוקל רסס וכבס תרסיס אקדח 750 מ``ל,החברה הדרומית לשיווק בעמ,,סנו קל רסס וכבס 750,מיליליטרים,750.00,"100 מ""ל",false,,10.90,0.0145,true,1,809543
7290000287102,false,סנו שטיחים קצף לניקוי שטיחים 600 סמק,החברה הדרומית לשיווק בעמ,,ספריי שמפו לניקוי שט,מיליליטרים,600.00,"100 מ""ל",false,,19.70,0.0328,true,1,809547
7290000287195,false,"סנו רהיט ספריי עשיר בווקס להברקה 305 מ""ל",החברה הדרומית לשיווק בעמ,,סנו רהיט תרסיס לניקו,מיליליטרים,300.00,"100 מ""ל",false,,13.70,0.0457,true,1,809548
7290000287492,false,"סנובון נוזל לניקוי אסלות בריח לימון סנו 750 מ""ל",החברה הדרומית לשיווק בעמ,,סנובון נוזל לניקוי א,מיליליטרים,750.00,"100 מ""ל",false,,8.90,0.0119,true,1,809555
7290000287607,false,"אקוה בלו סבון לניאגרה סנו 150 מ""ל",סנו מפעלי ברונוס בעמ,,אקוה בלו סבון לניאגר,מיליליטרים,150.00,"100 מ""ל",false,,19.90,0.1327,true,1,809557
7290000287621,false,"אנטי קאלק נוזל לניקוי אסלות סנו 750 מ""ל",החברה הדרומית לשיווק בעמ,,אנטי קאלק נוזל לניקו,מיליליטרים,750.00,"100 מ""ל",false,,9.90,0.0132,true,1,809558
7290000287659,false,שקית רב פעמית ורודה,,,שקית רב פעמית ורודה,יח',1.00,יח',false,,2.90,2.9000,true,1,819433
7290000288024,false,סנו - ז'אוול אקונומיקה בריח לימון 4 ליטר,החברה הדרומית לשיווק בעמ,,אקונומיקה בריח לימון,ליטרים,4.00,ליטר,false,,16.90,4.2250,true,1,809567
7290000288086,false,אבקת ניקוי עם אקונומיקה בריח לימון סנו ז'אוול 600 ג',החברה הדרומית לשיווק בעמ,,אבקת ניקוי עם אקונומ,גרמים,600.00,100 גרם,false,,9.90,0.0165,true,1,809571
7290000288253,false,"קוטל חרקים מעופפים K-400 סנו 630 מ""ל",החברה הדרומית לשיווק בעמ,,קוטל מעופפים K-400 ס,מיליליטרים,630.00,"100 מ""ל",false,,23.90,0.0379,true,1,809574
7290000288291,false,סנומט דוחה יתושים לוחיות אידוי 30 יחידות,החברה הדרומית לשיווק בעמ,,סנומט דוחה יתושים לו,יח',1.00,יח',false,,11.90,11.9000,true,1,809575
7290000288352,false,"קוטל חרקים וזוחלים K-300 סנו 630 מ""ל",החברה הדרומית לשיווק בעמ,,קוטל חרקים K300 סנו,מיליליטרים,630.00,"100 מ""ל",false,,19.90,0.0316,true,1,809578
7290000288413,false,סנו-די דוחה יתושים כדורי סנו (50 מל),החברה הדרומית לשיווק בעמ,,סנו-די דוחה יתושים כ,גרמים,50.00,100 גרם,false,,19.90,0.3980,true,1,809581
7290000288420,false,"תרסיס דוחה יתושים סנו די 175 מ""ל",החברה הדרומית לשיווק בעמ,,סנו די תרסיס,מיליליטרים,125.00,"100 מ""ל",false,,19.90,0.1592,true,1,809582
7290000288642,false,מקסימה מרכך כביסה סנסיטיב בייבי סנו 4 ליטר,החברה הדרומית לשיווק בעמ,,מקסימה מרכך כביסה סנ,ליטרים,4.00,ליטר,false,,21.90,5.4750,true,1,809589
7290000288840,false,מים מזוקקים 2 ליטר לגיהוץ,החברה הדרומית לשיווק בעמ,,מים מזוקקים סנו 2 לי,ליטרים,2.00,ליטר,false,,12.90,6.4500,true,1,809590
7290000289052,false,פוליויקס נוזל רצפות בניחוח סחלבים סנו 4 ליטר,סנו פוליויקס,,פוליויקס נוזל רצפות,ליטרים,4.00,ליטר,false,,34.90,8.7250,true,1,809593
7290000289069,false,סנו - ז'אוול מרסס קצף ניקוי בתוספת אקונומיקה בריח לימון 1 ליטר,החברה הדרומית לשיווק בעמ,,קצף לניקוי כללי בריח,ליטרים,1.00,ליטר,false,,16.90,16.9000,true,1,809594
7290000289236,false,K3 נמלים פיתיון ג'ל - קוטל נמלים בבית ובחצר,החברה הדרומית לשיווק בעמ,,סנו K3 תחנת פיתיון ל,יח',1.00,יח',false,,39.90,39.9000,true,1,6280417
7290000289380,false,ז`אוול מונטבלאן ג`ל לאסלות סנו (750 מל),החברה הדרומית לשיווק בעמ,,ג'ל לניקוי אסלה ז'או,מיליליטרים,750.00,"100 מ""ל",false,,10.80,0.0144,true,1,809601
7290000289472,false,סנו סושי רב שקית שקיות אשפה90*76 50י,החברה הדרומית לשיווק בעמ,,סנו סושי שקיות אשפה,יח',50.00,יח',false,,16.90,0.3380,true,1,809603
7290000289748,false,"מסיר שומנים לתנורים פורטה פלוס סנו 750 מ""ל",החברה הדרומית לשיווק בעמ,,מסיר שומנים לתנורים,מיליליטרים,750.00,"100 מ""ל",false,,12.80,0.0171,true,1,809609
7290000289885,false,"מטהר אוויר ענק אושנבריז סנו פרש 375 מ""ל",החברה הדרומית לשיווק בעמ,,מטהר אויר כחול ים סנ,מיליליטרים,375.00,"100 מ""ל",false,,9.80,0.0261,true,1,809610
7290000289892,false,"סנו פרש ענק מאונטן טורקיז 375 מ""ל",החברה הדרומית לשיווק בעמ,,פרש מבשם אויר ספרינג,מיליליטרים,375.00,"100 מ""ל",false,,9.90,0.0264,true,1,809611
7290000291932,false,"סנובון נוזל לניקוי אסלה בניחוח לבנדר סנו 750 מ""ל",החברה הדרומית לשיווק בעמ,,סנובון נוזל לניקוי א,מיליליטרים,750.00,"100 מ""ל",false,,8.90,0.0119,true,1,809619
7290000291963,false,אקונומיקה סמיכה בריח לימון סנו ז'אוול 1 ליטר,החברה הדרומית לשיווק בעמ,,אקונומיקה סמיכה בריח,ליטרים,1.00,ליטר,false,,7.90,7.9000,true,1,809621
7290000292007,false,K3 פיתיון ג'ל קוטל תיקנים (ג'וקים) בבית ובחצר,החברה הדרומית לשיווק בעמ,,סנו K3 פיתיון ג'ל קו,יח',1.00,יח',false,,39.90,39.9000,true,1,5396911
7290000292311,false,פוליויקס נוזל רצפות בניחוח סחלבים סנו 2 ליטר,החברה הדרומית לשיווק בעמ,,פוליויקס נוזל רצפות,ליטרים,2.00,ליטר,false,,19.90,9.9500,true,1,809624
7290000292557,false,סנומט מלוי נוזלי דוחה יתושים 45 לילות,החברה הדרומית לשיווק בעמ,,סנומט דוחה יתושים מי,יח',1.00,יח',false,,14.90,14.9000,true,1,809630
7290000292564,false,סנו K-2000 תרסיס מיקרו קפסולרי ללא ריח 750 מ”ל,החברה הדרומית לשיווק בעמ,,קוטל חרקים K2000 ללא,מיליליטרים,750.00,"100 מ""ל",false,,28.90,0.0385,true,1,809631
7290000292595,false,סופר פוליש מבריק רצפות 2לי,סנו,,סופר פוליש מבריק רצפ,ליטרים,2.00,ליטר,false,,39.90,19.9500,true,1,809633
7290000292915,false,רסס ונגב לניקוי כללי תרסיס סנו (750 מל),החברה הדרומית לשיווק בעמ,,תרסיס לניקוי כללי רס,מיליליטרים,750.00,"100 מ""ל",false,,10.90,0.0145,true,1,809637
7290000293073,false,מקסימה מרכך כביסה ביו לבן סנו 4 ליטר,החברה הדרומית לשיווק בעמ,,מקסימה מרכך כביסה בי,ליטרים,4.00,ליטר,false,,21.50,5.3750,true,1,809640
7290000293530,false,שקית מילוי לסנו סופג לחות ומונע עובש,החברה הדרומית לשיווק בעמ,,סופג לחות מילוי סנו,מיליליטרים,340.00,"100 מ""ל",false,,11.70,0.0344,true,1,809643
7290000293561,false,"תרסיס להסרת כתמי עובש עם אקונומיקה סנו 750 מ""ל",החברה הדרומית לשיווק בעמ,,תרסיס להסרת כתמי עוב,מיליליטרים,750.00,"100 מ""ל",false,,14.90,0.0199,true,1,809644
7290000293820,false,"קרמה מן שמפו וג'ל גל רחצה אקטיב בלוק 700מ""ל",החברה הדרומית לשיווק בעמ,,שמפו וג'ל רחצה קרמה,מיליליטרים,700.00,"100 מ""ל",false,,14.90,0.0213,true,1,4641086
7290000293943,false,"מרסס לבן מסיר אבנית 1 ליטר אנטי קאלק ""סנו""",החברה הדרומית לשיווק בעמ,,אנטיקאלק תרסיס להסרת,ליטרים,1.00,ליטר,false,,16.70,16.7000,true,1,809647
7290000294780,false,אקונומיקה סמיכה בריח לימון סנו ז'אוול 4 ליטר,החברה הדרומית לשיווק בעמ,,אקונומיקה סמיכה בריח,ליטרים,4.00,ליטר,false,,16.90,4.2250,true,1,809654
7290000295121,false,מטליות זיגזג סנו סושי לניקוי רצפות 3יח',החברה הדרומית לשיווק בעמ,,מטליות לניקוי רצפות,יח',3.00,יח',false,,9.90,3.3000,true,1,809656
7290000295299,false,סנו סושי כריות הפלא רב תכלתיות רביעייה,החברה הדרומית לשיווק בעמ,,כריות יפניות סנו סוש,יח',4.00,יח',false,,9.70,2.4250,true,1,809657
7290000295367,false,"מקסימה אבקת כביסה אפקט ז'אוול סנו 2.5 ק""ג",החברה הדרומית לשיווק בעמ,,מקסימה אבקת כביסה אפ,קילוגרמים,2.50,"ק""ג",false,,22.90,9.1600,true,1,809660
7290000295404,false,שקיות אשפה עם שרוך 54 * 65 סנו סושי 60 יחידות,החברה הדרומית לשיווק בעמ,,סנו סושי שקיות אשפה,יח',60.00,יח',false,,19.90,0.3317,true,1,809661
7290000295503,false,זוג שקיות מזון טבע 19*25 סנו סושי 150 יחידות,החברה הדרומית לשיווק בעמ,,סנו סושי זוג שקיות א,יח',300.00,יח',false,,13.70,0.0457,true,1,809662
7290000295558,false,"רדיד אלומיניום רוחב 30 ס""מ סנו סושי 2 יח' 7.5 מטר",החברה הדרומית לשיווק בעמ,,רדיד אלומיניום רוחב,יח',1.00,יח',false,,9.90,9.9000,true,1,809664
7290000295565,false,"רדיד אלומיניום רוחב 45 ס""מ סנו 2 יח' 7.5 מטר",החברה הדרומית לשיווק בעמ,,רדיד אלומיניום רוחב,אורך,7.50,אורך,false,,14.90,1.9867,true,1,809665
7290000295589,false,טלק לתינוק בייבי כיף 200 גרם,החברה הדרומית לשיווק בעמ,,טלק בייבי כיף 200 גר,גרמים,200.00,100 גרם,false,,14.90,0.0745,true,1,809667
7290000295794,false,ספוגיות מתכת אל חלד לניקוי סנו 3 יחידות,החברה הדרומית לשיווק בעמ,,ספוגיות מתכת אל חלד,יח',3.00,יח',false,,9.90,3.3000,true,1,809669
7290000295824,false,"רדיד אלומיניום 30 ס""מ רוחב סנו סושי 100 מטר",החברה הדרומית לשיווק בעמ,,"רדיד אלומיניום 30 ס""",יח',1.00,יח',false,,47.90,47.9000,true,1,809671
7290000300900,false,שניצל תירס מרכיבים טבעיים טבעול 750 גרם,קבוצת אוסם סחר שותפות מוגבלת,,שניצל תירס מרכיבים ט,גרמים,750.00,100 גרם,false,,24.90,0.0332,true,1,807047
7290000305882,false,אס הרינג עם ירקות ברוטב עגבניות 120 גרם,דיפלומט מפיצים (1968) בעמ**,IL,קוליאס 120גרם,גרמים,120.00,100 גרם,false,,4.90,0.0408,true,1,814170
7290000311067,false,מן-וופלים קוביות מינימן לא מצופה 200גר,רוקחמן,,מן וופל מיני מן שוקו,גרמים,200.00,100 גרם,false,,6.70,0.0335,true,1,5562043
7290000311128,false,עוגיות מובחרות בטעם חמאה מן (300 גרם),רוקחמן בעמ מפעל לייצור ופלים ו,,מן עוגיות בטעם חמאה,גרמים,300.00,100 גרם,false,,6.40,0.0213,true,1,812230
7290000311180,false,ופל ופליתעשיריות מן 250 גרם מארז 10 יחידות,ח.כהן סוכנות מזון ומשקאות בע,,מן וופלים שוקולד ציב,גרמים,250.00,100 גרם,false,,6.70,0.0268,true,1,812236
7290000311203,false,"וופלים בטעם שוקולד ""מן"" 200 גרם",רוקחמן בעמ מפעל לייצור ופלים ו,,מן וופלים שוקולד 200,גרמים,200.00,100 גרם,false,,4.30,0.0215,true,1,812238
7290000311210,false,"וופלים בטעם לימון ""מן"" 200 גרם",רוקחמן בעמ מפעל לייצור ופלים ו,,מן וופל לימון 200 גר,גרמים,200.00,100 גרם,false,,4.30,0.0215,true,1,812239
7290000311227,false,"וופלים במילוי קרם קפה ""מן"" 200 גרם",ח.כהן סוכנות מזון ומשקאות בע,,מן וופלים קפה 200 גר,גרמים,200.00,100 גרם,false,,4.30,0.0215,true,1,812240
7290000311234,false,וופל מן בטעם וניל 200 גרם,ח.כהן סוכנות מזון ומשקאות בע,,מן וופלים וניל 200 ג,גרמים,200.00,100 גרם,false,,4.30,0.0215,true,1,812241
7290000311258,false,מן וופל מצופה שוקולד 250 גרם,"רוקחמן בע""מ",,מן וופל מצופה 250 גר,גרמים,250.00,100 גרם,false,,6.50,0.0260,true,1,812242
7290000311272,false,מן-וופלים במילוי חלווה 180 ג,מ.ד אטיאס סוכנויות מזון בע`מ,,מן וופל חלבה 180ג,גרמים,180.00,100 גרם,false,,4.30,0.0239,true,1,812243
7290000311319,false,"מן וופלים מצופים 10 יח' 1 ק""ג",רוקחמן בעמ מפעל לייצור ופלים ו,,וופלים מצופים מן 1 ק,גרמים,1000.00,100 גרם,false,,23.70,0.0237,true,1,812245
7290000311357,false,מן וופלים בטעם אגוזים 10*28 גר-נ.ל.פ,ח.כהן סוכנות מזון ומשקאות בע,,מן וופלים בטעם אגוזי,גרמים,280.00,100 גרם,false,,9.90,0.0354,true,1,812247
7290000311364,false,מן וופלים שוקולד טייק 1 מן 10*21 גרם,רוקחמן בעמ,,מן וופלים שוקולד טיי,גרמים,210.00,100 גרם,false,,6.70,0.0319,true,1,812248
7290000311425,false,ופל מצופה עשיריות מן 220 גרם מארז 10 יחידות,רוקחמן בעמ מפעל לייצור ופלים ו,,מן וופלים מצופים 10*,גרמים,220.00,100 גרם,false,,6.80,0.0309,true,1,812249
7290000311432,false,עוגיות גרנולה קינמון ללא תוספת סוכר 200ג,"רוקחמן בע""מ",,מן עוגיות גרנולה וקי,גרמים,200.00,100 גרם,false,,8.70,0.0435,true,1,6392363
7290000311463,false,מן עוגיות חיטה מלאה חמאה ללא סוכר 200 גרם,"רוקחמן בע""מ",,מן עוגיות חיטה מלאה,גרמים,250.00,100 גרם,false,,8.70,0.0348,true,1,6377808
7290000311470,false,מיני ופלים בטעם שוקולד ללא סוכר מן 200 גרם,"רוקחמן בע""מ",,מן וופל מיני שוקולד,גרמים,200.00,100 גרם,false,,8.70,0.0435,true,1,6461965
7290000311487,false,מאגדת וופל שוקולד מקמח מלא ללא סוכר 20 ג'*7 יח' מן,"רוקחמן בע""מ",,מן מאגדת וופל אישי,גרמים,140.00,100 גרם,false,,7.90,0.0564,true,1,6513879
7290000311500,false,וופלים מן שוקו ללא כולסטרול 500 גרם,רוקחמן בעמ מפעל לייצור ופלים ו,,מן וופלים בטעם שוקול,גרמים,500.00,100 גרם,false,,8.70,0.0174,true,1,812250
7290000311517,false,מן וופלים בטעם לימון 500 גרם,ח.כהן סוכנות מזון ומשקאות בע,,מן וופלים בטעם לימון,גרמים,500.00,100 גרם,false,,8.70,0.0174,true,1,812251
7290000311708,false,מן עוגיות מחיטה מלאה 300 גרם*נ.ל.פ,רוקחמן בעמ מפעל לייצור ופלים ו,,מן עוגיות מחיטה מלאה,גרמים,300.00,100 גרם,false,,6.40,0.0213,true,1,812256
7290000311715,false,מן עוגיות כוכבים בטעם שוקולד 300 גרם*נ.ל.פ,רוקחמן בעמ מפעל לייצור ופלים ו,,מן עוגיות כוכבים בטע,גרמים,300.00,100 גרם,false,,6.40,0.0213,true,1,812257
7290000311722,false,מן עוגיות כוכבים וניל 300 גרם,רוקחמן בעמ מפעל לייצור ופלים ו,,מן עוגיות כוכבים 300,גרמים,300.00,100 גרם,false,,6.40,0.0213,true,1,812258
7290000311753,false,עוגיות חיטה מלאה בטעם חלווה 250 גר' מן,רוקחמן בעמ מפעל לייצור ופלים ו,,מן עוגיות חיטה מלאה,גרמים,250.00,100 גרם,false,,6.40,0.0256,true,1,6193962
7290000311845,false,מן עוגיות חיטה מלאה ללא תוספת סוכר 200 ג,רוקחמן בעמ מפעל לייצור ופלים ו,IL,מן עוגיות חיטה מלאה,גרמים,200.00,100 גרם,false,,8.70,0.0435,true,1,1127999
7290000311869,false,מן וופלים שוקולד ללא תוספת סוכר 180 גר,רוקחמן בעמ מפעל לייצור ופלים ו,IL,מן וופלים שוקולד ללא,גרמים,180.00,100 גרם,false,,7.70,0.0428,true,1,1119152
7290000311876,false,מן-וופלים בטעם וניל ללא תוספת סוכר 180ג,"רוקחמן בע""מ",IL,מן וופלים וניל ללא ת,גרמים,180.00,100 גרם,false,,7.70,0.0428,true,1,1119153
7290000311883,false,עוגיות גרנולה ללא תוספת סוכר מן 200 גרם,רוקחמן בעמ מפעל לייצור ופלים ו,IL,מן עוגיות גרנולה ללא,גרמים,200.00,100 גרם,false,,8.70,0.0435,true,1,1128000
7290000311890,false,מן וופל לימון ללא סוכר 180 גר-חדש,"רוקחמן בע""מ",,מן וופל לימון ללא סו,יח',1.00,יח',false,,7.70,7.7000,true,1,6339646
7290000313160,false,זהבה ושלושת הדובים עוגיות בטעם שוקולד אסם 350 גרם,קבוצת אוסם סחר שותפות מוגבלת,,זהבה ושלושת הדובים ע,גרמים,350.00,100 גרם,false,,7.90,0.0226,true,1,807056
7290000313184,false,עוגיות חברים גן חיות וניל אסם 250 גר',קבוצת אוסם סחר שותפות מוגבלת,,גן חיות עוגיות בטעם,גרמים,250.00,100 גרם,false,,7.90,0.0316,true,1,807057
7290000313290,false,אסם נודלס נודלס איטריות מסולסלות 200גר,קבוצת אוסם סחר שותפות מוגבלת,,נודלס אטריות מסולסלו,גרמים,200.00,100 גרם,false,,8.90,0.0445,true,1,807059
7290000315126,false,קנור ציר עוף משחתי 300 ג,יוניליוור ישראל שיווק בע`מ,,ציר עוף קנור 300 גרם,גרמים,300.00,100 גרם,false,,24.70,0.0823,true,1,808707
7290000315133,false,קנור ציר בקר משחתי 300ג,יוניליוור ישראל שיווק בע`מ,,ציר בקר קנור 300 גרם,גרמים,300.00,100 גרם,false,,24.90,0.0830,true,1,808708
7290000318127,false,נקניקיות ביס יחיעם (380 גרם),מעדני יחיעם (1993) בעמ,,נקניקיות ביס יחיעם 3,גרמים,380.00,100 גרם,false,,10.90,0.0287,true,1,816092
7290000318189,false,פסטרמה ברביקיו על האש 300 גרם יחיעם,מעדני יחיעם ( 1993 ) בע`מ,,פסטרמה ברביקיו על הא,גרמים,330.00,100 גרם,false,,24.70,0.0748,true,1,816093
7290000318479,false,נקניק פרושוטו בקר יחיעם 100 גרם,מעדני יחיעם ( 1993 ) בע`מ,,נקניק פרושוטו בקר יח,גרמים,100.00,100 גרם,false,,24.90,0.2490,true,1,816101
7290000318677,false,נקניק סלמי סרוולט יחיעם 150 גרם,מעדני יחיעם (1993) בעמ,,נקניק סלמי סרוולט יח,גרמים,150.00,100 גרם,false,,22.90,0.1527,true,1,816106
7290000318707,false,נקניק סלמי מעושן יחיעם 500 גרם,מעדני יחיעם ( 1993 ) בע`מ,,נקניק סלמי מעושן יחי,גרמים,500.00,100 גרם,false,,29.90,0.0598,true,1,816108
7290000318943,false,פסטרמה של פעם מעושן 1.5% יחיעם 200 גרם,מעדני יחיעם ( 1993 ) בע`מ,,פסטרמה של פעם מעושן,גרמים,200.00,100 גרם,false,,21.90,0.1095,true,1,816116
7290000319063,false,כתף בקר מפולפל יחיעם 150 גרם,מעדני יחיעם (1993) בעמ,,כתף בקר מעושן מפולפל,גרמים,150.00,100 גרם,false,,22.90,0.1527,true,1,4544887
7290000319131,false,נקניקיות עוף יחיעם 400 גרם,מעדני יחיעם (1993) בעמ,,נקניקיות עוף יחיעם 4,גרמים,400.00,100 גרם,false,,10.90,0.0273,true,1,816121
7290000319520,false,נקניק סלמי צרפתי יחיעם 100 גרם,מעדני יחיעם (1993) בעמ,,נקניק סלמי צרפתי יחי,גרמים,100.00,100 גרם,false,,18.90,0.1890,true,1,816132
7290000319803,false,קבנוס קלאסי יחיעם (125 גרם),מעדני יחיעם ( 1993 ) בע`מ,,קבנוס קלאסי יחיעם 12,גרמים,125.00,100 גרם,false,,12.90,0.1032,true,1,1038052
7290000319834,false,קבנוס פפרוני יחיעם (125 גרם),מעדני יחיעם ( 1993 ) בע`מ,,קבנוס פפרוני קלאסי 1,גרמים,125.00,100 גרם,false,,12.90,0.1032,true,1,1038053
7290000334325,false,ציפס למיקרו מארז שלישיה 125 ג' תפוגן,קבוצת אוסם סחר שותפות מוגבלת,,תפוגן צ'יפס למיקרוגל,גרמים,375.00,100 גרם,false,,12.90,0.0344,true,1,807065
7290000334745,false,"ציפס אמריקאי דקדק תפוגן 1.5 ק""ג",קבוצת אוסם סחר שותפות מוגבלת,,תפוגן אמריקן צ'יפס 1,קילוגרמים,1.50,"לק""ג",false,,24.90,16.6000,true,1,807071
7290000339191,false,רן אבקת הלבנה לכביסה 350 גרם,יוניליוור ישראל שיווק בע`מ,,אבקת הלבנה רן 350 גר,גרמים,350.00,100 גרם,false,,17.90,0.0511,true,1,808722
7290000341071,false,בדין - מרכך כביסה בייבי לבן 2 ליטר,"יוניליוור ישראל שיווק בע""מ",,בדין מרכך כביסה לבן,ליטרים,2.00,ליטר,false,,14.90,7.4500,true,1,808729
7290000341224,false,אקונומיקה בניחוח לימון לובן קלין 4 ליטר,קלין,,אקונומיקה בניחוח לימ,מטרים,4000.00,100 מ'ל,false,,12.90,0.0032,true,1,816626
7290000342832,false,מרכך כביסה צהוב בדין (4 ליטר),"יוניליוור ישראל שיווק בע""מ",,בדין מרכך כביסה 4 לי,ליטרים,4.00,ליטר,false,,19.90,4.9750,true,1,808731
7290000345048,false,תה עלים 74 פחית 125 גרם,תה ויסוצקי (ישראל) בעמ,,תה ויסוצקי 74 125 גר,גרמים,125.00,100 גרם,false,,12.80,0.1024,true,1,813606
7290000345055,false,תה עלים ארל גריי ויסוצקי 100 גרם,תה ויסוצקי (ישראל) בעמ,,תה עלים ארל גריי ויס,גרמים,100.00,100 גרם,false,,12.90,0.1290,true,1,813607
7290000345116,false,תה ירוק עלים ויסוצקי (125 גרם),תה ויסוצקי (ישראל) בעמ,,תה ירוק תפזורת 125 ג,גרמים,125.00,100 גרם,false,,13.90,0.1112,true,1,813608
7290000345215,false,תה כחול קלאסיק ויסוצקי 100 יחידות,תה ויסוצקי (ישראל) בעמ,,תה מעודן ויסוצקי 100,גרמים,100.00,100 גרם,false,,15.90,0.1590,true,1,813611
7290000345260,false,תה קלאסיק מעטפות ויסוצקי 25 יחידות,תה ויסוצקי (ישראל) בעמ,,תה קלאסיק מעטפות ויס,גרמים,37.50,100 גרם,false,,6.90,0.1840,true,1,813612
7290000345277,false,תה קלאסיק מעטפות ויסוצקי 50 יחידות,תה ויסוצקי (ישראל)בעמ,,תה קלאסיק מעטפות ויס,גרמים,75.00,100 גרם,false,,11.90,0.1587,true,1,813613
7290000345291,false,תה ארל גרי 1.5/ 25 שקיקים ויסוצקי,תה ויסוצקי (ישראל) בעמ,,תה ארל גריי ויסוצקי,גרמים,37.50,100 גרם,false,,14.90,0.3973,true,1,813615
7290000345307,false,תה ארל גרי 1.5/ 50 שקיקים ויסוצקי,תה ויסוצקי (ישראל) בעמ,,תה ארל גריי ויסוצקי,גרמים,75.00,100 גרם,false,,24.90,0.3320,true,1,813616
7290000345536,false,תה נענע 1.5/ 25 שקיקים ויסוצקי,תה ויסוצקי (ישראל) בעמ,,תה נענע ויסוצקי 25 י,גרמים,37.50,100 גרם,false,,16.50,0.4400,true,1,813618
7290000346021,false,חליטת קמומיל הגן הקסום ויסוצקי 50 יחידות,תה ויסוצקי (ישראל) בעמ,,הגן הקסום תה קמומיל,גרמים,75.00,100 גרם,false,,27.30,0.3640,true,1,813624
7290000346120,false,חליטת קינמון הגן הקסום ויסוצקי 25 יחידות,תה ויסוצקי (ישראל) בעמ,,הגן הקסום תה קינמון,גרמים,62.50,100 גרם,false,,16.90,0.2704,true,1,813625
7290000346137,false,חליטת הילולי פירות הגן הקסום ויסוצקי 25 יחידות,תה ויסוצקי (ישראל) בעמ,,הגן הקסום תה הילולי,גרמים,62.50,100 גרם,false,,16.90,0.2704,true,1,813626
7290000346144,false,הגן הקסום תה עינוגי התפוח ויסוצקי 25 יחידות,תה ויסוצקי (ישראל) בעמ,,הגן הקסום תה עינוגי,גרמים,75.00,100 גרם,false,,16.90,0.2253,true,1,813627
7290000346168,false,חליטת שומר הגן הקסום ויסוצקי 25 יחידות,תה ויסוצקי (ישראל) בעמ,,הגן הקסום חליטת שומר,גרמים,37.50,100 גרם,false,,16.90,0.4507,true,1,813629
7290000346199,false,חליטת פירות יער הגן הקסום ויסוצקי 25 יחידות,תה ויסוצקי (ישראל) בעמ,,הגן הקסום פירות היער,גרמים,67.50,100 גרם,false,,16.90,0.2504,true,1,813630
7290000346205,false,חליטת קמומיל הגן הקסום ויסוצקי 25 יחידות,תה ויסוצקי (ישראל) בעמ,,הגן הקסום תה קמומיל,100 יח,25.00,100 יח,false,,16.90,0.6760,true,1,813631
7290000346212,false,חליטת מנטה הגן הקסום ויסוצקי 25 יחידות,תה ויסוצקי (ישראל) בעמ,,הגן הקסום תה מנטה וי,גרמים,50.00,100 גרם,false,,16.90,0.3380,true,1,813632
7290000346229,false,הגן הקסום תה ורד הבר והיביסקוס ויסוצקי 25 יחידות,תה ויסוצקי (ישראל) בעמ,,הגן הקסום תה ורד הבר,גרמים,75.00,100 גרם,false,,16.90,0.2253,true,1,813633
7290000346236,false,חליטת לואיזה וורבנה הגן הקסום ויסוצקי 25 יחידות,תה ויסוצקי (ישראל) בעמ,,הגן הקסום תה לואיזה,גרמים,50.00,100 גרם,false,,16.90,0.3380,true,1,813634
7290000346960,false,תה ויסוצקי נענע 1.7 גרם 50יח',תה ויסוצקי (ישראל) בעמ,,תה נענע ויסוצקי 50 י,גרמים,75.00,100 גרם,false,,29.90,0.3987,true,1,813636
7290000347738,false,תה ירוק בתוספת עלי נענע 25 שקיקים,תה ויסוצקי (ישראל) בעמ,,תה ירוק נענע ויסוצקי,גרמים,37.50,100 גרם,false,,22.90,0.6107,true,1,813641
7290000347752,false,תה ירוק לימונית ולואיזה 25 שקיקים *1.5 ג'' ויסוצקי,תה ויסוצקי (ישראל) בעמ,,תה ירוק לימונית ולוא,גרמים,37.50,100 גרם,false,,22.90,0.6107,true,1,813643
7290000363202,false,סלמי גליל מעושן נקניק מעושן חצי יבש 600 גרם,הנסיך- מפעל לייצור ט,,סלמי גליל 600 גרם,גרמים,600.00,100 גרם,false,,26.90,0.0448,true,1,802465
7290000363363,false,קבנוס נקניק מעושן יבש 160 גרם,תנובה מרכז שיתופי לשיווק תוצרת,,קבנוס טירת צבי 160 ג,גרמים,160.00,100 גרם,false,,12.90,0.0806,true,1,802467
7290000364261,false,"דקניקים, סלסולי פסטרמה כתף בקר מעושנת 120 גרם",תנובה מרכז שיתופי לשיווק תוצרת,,נקניק סלסולי כתף בקר,גרמים,120.00,100 גרם,false,,13.90,0.1158,true,1,802471
7290000364278,false,דקניקים סלסולי סלמי איטלקי משובח טירת צבי 120 גרם,תנובה מרכז שיתופי לשיווק תוצרת,,נקניק סלסולי סלמי אי,גרמים,120.00,100 גרם,false,,13.90,0.1158,true,1,802472
7290000364292,false,דקניקים סלסולי פסטרמה הודו על גחלים 1% טירת צבי 120 גרם,תנובה מרכז שיתופי לשיווק תוצרת,,דקניקים סלסולי פסטרמ,גרמים,120.00,100 גרם,false,,13.90,0.1158,true,1,802474
7290000364803,false,נקניקיות בקר אמריקאיות טירת צבי 500 גרם,הנסיך- מפעל לייצור ט,,נקניקיות בקר אמריקאי,גרמים,500.00,100 גרם,false,,26.90,0.0538,true,1,802476
7290000364858,false,"נקניקיות עוף טרי טירת צבי 1 ק""ג",הנסיך- מפעל לייצור ט,,נקניקיות עוף טרי טיר,גרמים,1000.00,100 גרם,false,,22.90,0.0229,true,1,802478
7290000364872,false,נקניקיות עוף טירת צבי (400 גרם),טיב טירת צבי 2000,,נקניקיות עוף טירת צב,גרמים,400.00,100 גרם,false,,10.90,0.0273,true,1,802479
7290000367590,false,פסטרמה כפרית וסלמי פריזר כפרי טירת צבי 2*400 גרם,תנובה מרכז שיתופי לשיווק תוצרת,,פסטרמה כפרית וסלמי פ,גרמים,800.00,100 גרם,false,,24.90,0.0311,true,1,802491
7290000369037,false,סלט קוביות בולגרית גבינות ניצן 200 גרם,גבינות אמיר ניצן בעמ,,סלט קוביות בולגרית 2,גרמים,200.00,100 גרם,false,,12.90,0.0645,true,1,5090665
7290000369341,false,לבנה אבו גוש ירוק15%משקל,גבינות אמיר ניצן בעמ,,לאבנה אבו גוש,קילוגרמים,1.00,"ק""ג",true,,45.00,45.0000,true,1,6285868
7290000369365,false,מעדן גבינה בולגרית עם חציל 9% ניצן 200 גרם,גבינות אמיר ניצן בעמ,,מעדן גבינה בולגרית ע,גרמים,200.00,100 גרם,false,,13.10,0.0655,true,1,812213
7290000369617,false,מעדן כדורי פטה בשמן מתובל ניצן 230 גרם,גבינות אמיר ניצן בעמ,,מעדן כדורי פטה בשמן,גרמים,230.00,100 גרם,false,,16.90,0.0735,true,1,812214
7290000369709,false,חמאה עירונית בתוספת ריחן ושום טרי גבינות ניצן 100 גרם,גבינות אמיר ניצן בעמ,,חמאה עירונית בתוספת,גרמים,100.00,100 גרם,false,,12.10,0.1210,true,1,812215
7290000379142,false,לחם עינן מחיטה מלאה פרוס 750 גרם(מרובע),מאפיית שלמה א. אנג'\ל בע,,לחם עינן מחיטה מלאה,גרמים,750.00,100 גרם,false,,14.90,0.0199,true,1,804414
7290000379203,false,לחם עינן קל פרוס מחיטה מלאה אנג'ל 500 גרם,מאפיית שלמה א. אנג'\ל בע,,לחם עינן קל פרוס מחי,גרמים,500.00,100 גרם,false,,14.90,0.0298,true,1,804415
7290000379531,false,לחמניה מזונות מונדלך קטן מתוק,מאפיית שלמה א. אנג'ל,,מונדלך קטן אנג'ל,יח',1.00,יח',false,,2.90,2.9000,true,1,804389
7290000408316,false,יוגורט דנונה דל לקטוז 200 גרם,שטראוס גרופ בעמ/מצונן,,יוגורט דנונה ביו לבן,מיליליטרים,200.00,"100 מ""ל",false,,3.40,0.0170,true,1,818269
7290000408354,false,יוגורט עם אורז מצופה שוקולד קקאו 175 ג' דנונה,שטראוס גרופ בעמ/מצונן,,יוגורט דנונה ביו עם,מיליליטרים,175.00,"100 מ""ל",false,,4.30,0.0246,true,1,818270
7290000412481,false,נוזל לניקוי אסלות 00 סנו (1 ליטר),החברה הדרומית לשיווק בעמ,,נוזל לניקוי אסלות 00,ליטרים,1.00,ליטר,false,,7.50,7.5000,true,1,809676
7290000412764,false,"פזטוקס קוטל חרקים סנו 630 מ""ל",החברה הדרומית לשיווק בעמ,,פזטוקס קוטל חרקים סנ,מיליליטרים,630.00,"100 מ""ל",false,,18.90,0.0300,true,1,809677
7290000416021,false,ממרח בטעם שוקולד השחר העולה (500 גרם),השחר העולה תעשית ממתקים בעמ,,ממרח בטעם שוקולד השח,גרמים,500.00,100 גרם,false,,13.80,0.0276,true,1,813033
7290000416045,false,ממרח בטעם שוקולד השחר העולה (1 קג),השחר העולה תעשית ממתקים בעמ,,ממרח בטעם שוקולד השח,יח',1.00,יח',false,,23.90,23.9000,true,1,813034
7290000416618,false,"ממרח שוקולד פרווה השחר 400 גרם כשל""פ",השחר העולה תעשית ממתקים בעמ,,השחר ממרח שוקולד פרו,גרמים,400.00,100 גרם,false,,11.40,0.0285,true,1,813039
7290000416632,false,"ממרח שוקולד פרווה השחר 1 ק""ג כשל""פ",השחר העולה תעשית ממתקים בעמ,,ממרח בטעם שוקולד פרו,100 לקג,1.00,100 לקג,false,,22.90,22.9000,true,1,813040
7290000416809,false,ממרח חצי חצי נוגט אגוזים וקרם חלב השחר 350ג',השחר העולה תעשית ממתקים בעמ,,השחר ממרח חצי חצי 35,גרמים,350.00,גרם,false,,10.90,0.0311,true,1,6395608
7290000416854,false,אבקת קקאו השחר העולה (150 גרם),השחר העולה תעשית ממתקים בעמ,,השחר קקאו 150 גרם,גרמים,150.00,100 גרם,false,,8.90,0.0593,true,1,813042
7290000416922,false,השחר ממרח חלב 350 גרם,השחר העולה תעשית ממתקים בעמ,,השחר ממרח חלב 350 גר,יח',1.00,יח',false,,10.90,10.9000,true,1,6395610
7290000419893,false,לנדוור קפה שחור חזק טחון טורקי 100 גרם,מולינו ניקולי s.p.a,,קפה שחור טחון לבוקר,גרמים,100.00,100 גרם,false,,7.90,0.0790,true,1,807078
7290000420325,false,"פופסטאר פופקורן למקירוגל בטעם טבעי 5 שקיות,500 גרם","דנשר (1963) בע,מ",US,פופסטאר טבעי 5יח',גרמים,500.00,100 גרם,false,,11.90,0.0238,true,1,830143
7290000420332,false,פופסטאר פופקורן למיקרוגל בטעם חמאה 5 יחידות 500 גרם,"דנשר (1963) בע,מ",US,פופסטאר חמאה 5יח',גרמים,500.00,100 גרם,false,,11.90,0.0238,true,1,830144
7290000420417,false,גלילונית שקיות אשפה 52X65 עם שרוך 60 יחידות,"איטיליאן פוד, אס.פי.",IL,גלילונית 52X65עם שרוך - 6,יח',60.00,יח',false,,17.90,0.2983,true,1,830145
7290000430102,false,קוביות קרח בשקית מיסטר אייס 2 קילו,אייס קיובס בעמ מיסטר אייס,,שקית קרח 2קג,קילוגרמים,2.00,"ק""ג",false,,8.40,4.2000,true,1,819270
7290000435015,false,סוכריות לקישוט צבעונ,,,סוכריות לקישוט צבעונ,יח',1.00,יח',false,,4.80,4.8000,true,1,6294840
7290000435251,false,סוכריות מיני משמחים עלה 500ג',לירון קרביץ יבוא שיווק וסחר,,עדשים כפתורים 500ג,גרמים,500.00,100 גרם,false,,14.90,0.0298,true,1,1152373
7290000442044,false,פמינה תחליב רחצה אינטימי חמוציות 220 מל,גורי ע.ע.ע. בע`מ,,פמינה שטיפה אינטימית,מיליליטרים,220.00,"100 מ""ל",false,,23.90,0.1086,true,1,820422
7290000449128,false,סיף פנטסטיק לימון ניקוי רב תכליתי 4ל',יוניליוור ישראל שיווק בע`מ,,פנטסטיק נוזל לניקוי,ליטרים,4.00,ליטר,false,,17.90,4.4750,true,1,808734
7290000450209,false,נתחי טונה בהירה בשמן פוסידון (108 גרם),"מיוצר עי וליגר בעמ,",,פוסידון טונה בהירה ב,גרמים,77.00,100 גרם,false,,5.00,0.0649,true,1,811113
7290000450308,false,פוסידון טונה בהירה במי מלח 77 גרם,ויליגר בעמ עבור נטו,,פוסידון טונה בהירה ב,גרמים,77.00,100 גרם,false,,5.00,0.0649,true,1,811114
7290000453019,false,שמרים טריים לאפייה שקית שמרית 50 ג',שטראוס גרופ בעמ/מצונן,,שמרים טריים שמרית 50,גרמים,50.00,100 גרם,false,,3.90,0.0780,true,1,818271
7290000453125,false,שמרית שמרים טריים לאפיה +משפר אפיה 100ג,שטראוס גרופ בעמ/מצונן,,שמרית + משפר אפייה 1,גרמים,100.00,100 גרם,false,,6.90,0.0690,true,1,818272
7290000453323,false,קמח תמי עמילן חיטה ללא גלוטן 500 גרם,תמי,,קמח תמי עמילן חיטה ל,גרמים,500.00,100 גרם,false,,18.90,0.0378,true,1,6445820
7290000453330,false,תמי תערובת עוגת וניל ללא גלוטן 500גר,,,תמי תערובת עוגת וניל,גרמים,500.00,100 גרם,false,,18.90,0.0378,true,1,6461835
7290000453385,false,שמרים יבשים פארא אינסטנט 500 גרם עלית,שטראוס גרופ בע`מ,IL,פאקא שמרים יבשים 500,גרמים,500.00,100 גרם,false,,11.90,0.0238,true,1,1141923
7290000453408,false,בצק פיצה דק מצונן ומוכן לאפייה שמרית 415 גרם,שטראוס גרופ בעמ/מצונן,,בצק פיצה דק מצונן ו,גרמים,415.00,100 גרם,false,,15.80,0.0381,true,1,5893623
7290000453415,false,בצק עלים מצונן ומוכן לאפייה שמרית 300 גרם,שטראוס גרופ בעמ/מצונן,,בצק עלים מצונן ומוכן,גרמים,300.00,100 גרם,false,,14.80,0.0493,true,1,5893624
7290000453422,false,בצק פילו מצונן ומוכן לאפייה שמרית 300 גרם,שטראוס גרופ בעמ/מצונן,,בצק פילו מוכן לאפייה,גרמים,300.00,100 גרם,false,,14.80,0.0493,true,1,6277163
7290000453781,false,שמרים יבשים שמרית 125 גרם,"פאקא תעשיות בע""מ",,שמרים יבשים 125גר שמ,גרמים,125.00,100 גרם,false,,5.90,0.0472,true,1,5102672
7290000453798,false,שמרים יבשים אקטיביים שימרית 500 ג',"גי' בי' רכיבים בע""מ",IL,שמרים אקטיביים 500 ג,גרמים,500.00,100 גרם,false,,12.90,0.0258,true,1,1250473
7290000453866,false,נטורינה תחליף מרגרינה לבישול ואפיה קוקוס שמרית 200 גרם,שטראוס גרופ בעמ/מצונן,,נטורינה קוקוס שמרית,גרמים,200.00,100 גרם,false,,7.40,0.0370,true,1,3455616
7290000453880,false,מרגרינה ללא מלח לאפיה ובישול שמרית 200גר,שטראוס גרופ בעמ (ח),IL,"מרגרינה לל""ת מלח לאפ",גרמים,200.00,100 גרם,false,,4.60,0.0230,true,1,1358930
7290000461625,false,בייגלה שמיניות מלח בייגל בייגל 400 ג',יוניליוור ישראל שיווק בע`מ,,בייגלה שמיניות מלוחו,גרמים,400.00,100 גרם,false,,8.90,0.0223,true,1,808737
7290000461724,false,בייגלה שמיניות גדולות שומשום בייגל בייגל,"יוניליוור ישראל שיווק בע""מ",,בייגלה שמיניות גדולו,גרמים,400.00,100 גרם,false,,11.90,0.0298,true,1,808741
7290000462141,false,סחוג אדום תימני מקורי חריף מאוד זהבי 150 גרם,שטראוס גרופ בעמ/מצונן,,סחוג אדום תימני מקור,גרמים,150.00,100 גרם,false,,6.90,0.0460,true,1,818274
7290000462172,false,סחוג זחוק ירוק תימני חריף זהבי (150 גרם),שטראוס גרופ בעמ/מצונן,,סחוג ירוק תימני חריף,גרמים,150.00,100 גרם,false,,6.90,0.0460,true,1,818275
7290000467153,false,מלך החומוס סמיר הגדול 400 גרם צבר,קבוצת אוסם סחר שותפות מוגבלת,,מלך החומוס סמיר הגדו,גרמים,400.00,100 גרם,false,,13.90,0.0348,true,1,934977
7290000467320,false,מלך החומוס אבו מרוואן 400 גרם,קבוצת אוסם סחר שותפות מוגבלת,,מלך החומוס אבו מרווא,גרמים,400.00,100 גרם,false,,13.90,0.0348,true,1,934978
7290000474076,false,"חלב קרטון 3%-1 ליטר ""טרה""-מוצר בפיקוח",החברה המרכזית טלהפצת משקאות בע,,חלב 3% טרה 1 ליטר,ליטרים,1.00,ליטר,false,,6.20,6.2000,true,1,799937
7290000474090,false,"חלב בקרטון 1%- 1 ליטר בד""צ - מוצר בפיקוח",*החברה המרכזית להפצת משקאותבעמ,,חלב 1% טרה 1 ליטר,ליטרים,1.00,ליטר,false,,5.80,5.8000,true,1,799938
7290000474373,false,"שמנת חמוצה 15% שומן 200 מ""ל טרה",החברה המרכזית טלהפצת משקאות בע,,שמנת חמוצה 15% טרה 2,מיליליטרים,200.00,"100 מ""ל",false,,2.40,0.0120,true,1,799943
7290000474502,false,גבינה לבנה טרה 5% מרכיבים טבעיים,*החברה המרכזית להפצת משקאותבעמ,,גבינה לבנה 5% טרה 25,גרמים,250.00,100 גרם,false,,4.70,0.0188,true,1,799946
7290000474540,false,גבינה טוב טעם 3% טרה 250ג' מהדרין,החברה המרכזית טלהפצת משקאות בע,,טוב טעם גבינה לבנה 3,גרמים,250.00,100 גרם,false,,10.20,0.0408,true,1,799947
7290000474830,false,נעם גבינה צהובה מגורדת 28% טרה 500 גרם,*החברה המרכזית להפצת משקאותבעמ,,נעם גבינה צהובה מגור,גרמים,500.00,100 גרם,false,,29.90,0.0598,true,1,799949
7290000480107,false,קוואקר שיבולת שועל פחית 500 גרם,שטראוס פריטו ליי בעמ,,קוואקר שיבולת שועל פ,גרמים,500.00,100 גרם,false,,11.90,0.0238,true,1,814182
7290000480442,false,קוואקר שיבולת שועל בשקית 500 גרם,שטראוס פריטו ליי בע`מ,,קוואקר שיבולת שועל ש,גרמים,500.00,100 גרם,false,,11.90,0.0238,true,1,814187
7290000483887,false,חטיף מרציפן ללא תוספת סוכר המרשלג 75 גרם,קריות זול,,חטיף מרציפן ללא תוספ,גרמים,75.00,100 גרם,false,,13.80,0.1840,true,1,810505
7290000484747,false,"ארק עלית 700 מ""ל 40% יקב הגליל*",יקב הגליל יוסף גולד ובניו,,ארק עלית 700 מל,מיליליטרים,700.00,"100 מ""ל",false,,49.90,0.0713,true,1,6349192
7290000490311,false,מנבו וניל פלדמן 6 יחידות,פלקו בעמ,,מנבו וניל 6יח,יח',6.00,יח',false,,10.90,1.8167,true,1,6129968
7290000490397,false,מנבו וניל פלדמן 20 יחידות,הגלידות של פלדמן,,מנבו וניל 20 יח,גרמים,480.00,100 גרם,false,,32.90,0.0685,true,1,5134236
7290000490601,false,גלידל וניל פלדמן מארז שמינייה,הגלידות של פלדמן,,"גלידל וניל לל""ס 8יח",גרמים,400.00,100 גרם,false,,28.90,0.0722,true,1,5064471
7290000493176,false,אסם אבקת רוטב צלי לבשר 22 ג',קבוצת אוסם סחר שותפות מוגבלת,,רוטב צלי לבשר אסם 22,גרמים,22.00,100 גרם,false,,3.60,0.1636,true,1,807107
7290000493183,false,אבקת רוטב פטריות לבשר-30 גרם,קבוצת אוסם סחר שותפות מוגבלת,,אבקת רוטב פטריות אסם,גרמים,30.00,100 גרם,false,,3.50,0.1167,true,1,807108
7290000497013,false,חלה רגילה/קלועה/עגול,מאפיית ברמן,,חלה מרובעת ודש,גרמים,500.00,100 גרם,false,,3.90,0.0078,true,1,6397492
7290000497044,false,לחם אקטיב ברמן (750 גרם),מאפית י את א ברמן בע,,ברמן לחם אקטיב 500גר,גרמים,750.00,100 גרם,false,,15.50,0.0207,true,1,5085312
7290000497112,false,"לחם כהה פרוס וארוז ""ברמן""-מוצר בפיקוח",מאפית י את א ברמן בע,,לחם אחיד פרוס ברמן,גרמים,750.00,100 גרם,false,,6.50,0.0087,true,1,5085313
7290000497198,false,מארז פיתות עשירייה אסלי,מאפית י את א ברמן בע,,"פיתות ""ברמן אסלי"" 10",יחידה,0.00,יחידה,false,,9.90,0.0000,true,1,6454191
7290000497228,false,לחמניה רגילה בשקית ברמן 6יח',מאפית י את א ברמן בע,,לחמניות ברמן 6יח 450,גרמים,450.00,100 גרם,false,,9.80,0.0218,true,1,5085430
7290000497273,false,לחמניות אקטיב ברמן שישייה 450 גרם,מאפית י את א ברמן בע,,לחמניות ברמן אקטיב 6,גרמים,450.00,100 גרם,false,,13.80,0.0307,true,1,5085431
7290000497303,false,"שישיית לחמניות מקמח מלא ""ברמן""",מאפית י את א ברמן בע,,לחמניות מקמח מלא 6 י,גרמים,540.00,100 גרם,false,,12.50,0.0231,true,1,5085432
7290000497426,false,לחם ברמן לענין פלוס 500 גרם,מאפית י את א ברמן בע,,לחם ברמן לענין פלוס,גרמים,500.00,100 גרם,false,,13.90,0.0278,true,1,5085316
7290000497532,false,לחם ברמן לעניין פרוס ברמן (750 גרם),מאפית י את א ברמן בע,,לחם ברמן לענין 750 ג,גרמים,750.00,100 גרם,false,,12.90,0.0172,true,1,5085319
7290000497570,false,לחם דגנים פלוס ברמן 500 גרם,מאפית י את א ברמן בע,,לחם דגנים פלוס 500 ג,גרמים,500.00,100 גרם,false,,13.90,0.0278,true,1,5085320
7290000498003,false,לחם מקמח מלא 750 גר`E FREE ברמן,מאפית י את א ברמן בע,,לחם מקמח מלא 750 גר,גרמים,750.00,100 גרם,false,,14.90,0.0199,true,1,5085321
7290000498034,false,לחם אי פרי קמח כוסמין מלא 750 גר',מאפית י את א ברמן בע,,לחם כוסמין מלא 750 ג,גרמים,750.00,100 גרם,false,,14.90,0.0199,true,1,5990524
7290000498256,false,מארז 10 לחמניות בשקית ברמן,מאפית י את א ברמן בע,,לחמניות 10יח בשקית,גרמים,750.00,100 גרם,false,,12.70,0.0169,true,1,5085433
7290000504025,false,ממתיק סוכרזית פטרייה עלית 300 גרם,אף.סי תבליני בגליל ב,,ממתיק סוכרזית פטריה,גרמים,246.00,100 גרם,false,,7.90,0.0321,true,1,805395
7290000504049,false,סוכרזית קלאסי קנקן 1200 טבליות,אף.סי תבליני בגליל ב,,ממתיק סוכרזית 1200 ט,יח',1200.00,יח',false,,17.90,0.0149,true,1,805397
7290000504209,false,"סוכרזית דיאט טיפ נוזלי 220 מ""ל",אף.סי תבליני בגליל ב,,ממתיק טיפות סוכרזית,מיליליטרים,220.00,"100 מ""ל",false,,14.80,0.0673,true,1,805398
7290000504261,false,סוויט דיאט כמו סוכר ממתיק אבקתי 65ג',"שטראוס גרופ בע""מ",,ממתיק אבקתי כמו סוכר,גרמים,65.00,100 גרם,false,,24.90,0.3831,true,1,805399
7290000504278,false,ממתיק סוכרזית אריזת פטנט 700 טבליות,אף.סי תבליני בגליל ב,,ממתיק סוכרזית 700 טב,גרמים,574.00,100 גרם,false,,13.90,0.0242,true,1,805400
7290000518169,false,ממתיק מתוק וקל 1000 טבליות,מתוק וקל בע`מ,,ממתיק מתוק וקל 1000,יח',1.00,יח',false,,6.60,6.6000,true,1,829911
7290000518176,false,ממתיק מתוק וקל 250 שקיות,מתוק וקל בע`מ,,ממתיק מתוק וקל 250 ש,גרמים,250.00,100 גרם,false,,16.90,0.0676,true,1,829912
7290000518220,false,ממתיק סוכרה דיאט 100 יחידות,מתוק וקל בעמ,,ממתיק סוכרה דיאט 100,יח',1.00,יח',false,,23.90,23.9000,true,1,2866174
7290000521008,false,יין אדום יבש של סגל (750 מל),"כרמי צבי - אחים סגל בע""\",IL,"סגל אדום יבש 750 מ""ל 2013",מיליליטרים,750.00,"100 מ""ל",false,,21.40,0.0285,true,1,804178
7290000521015,false,יין לבן יבש של סגל (750 מל),פארייפאבה אגרואינדוס,IL,"סגל לבן יבש 750 מ""ל",מיליליטרים,750.00,"100 מ""ל",false,,21.40,0.0285,true,1,804179
7290000521404,false,"יין מרום גליל קברנה סוביניון סינגל 750 מ""ל",תאי פרזידנט פוד פאבל,IL,מרום גליל קברנה סוביניון,מיליליטרים,750.00,"100 מ""ל",false,,29.90,0.0399,true,1,804190
7290000521411,false,יין מרום גליל סינגל מרלו 750 מל,תאי פרזידנט פוד פאבל,IL,מרום גליל מרלו סינגל 750,מיליליטרים,750.00,"100 מ""ל",false,,29.90,0.0399,true,1,804191
7290000522166,false,חלב הרים טהור-עמיד- נטול לקטוז 1 לי 3%,"מחלבות רמת הגולן בע""",,חלב הרים טהור 1 ל' נ,ליטרים,1.00,ליטר,false,,10.50,10.5000,true,1,831790
7290000522272,false,"שמנת לקפה רמת הגולן 10% 500 מ""ל עמידה",מחלבות רמת הגולן,,שמנת לקפה 10% שומן 5,מיליליטרים,500.00,"100 מ""ל",false,,8.90,0.0178,true,1,1013029
7290000523125,false,מלח הארץ הים האדום 250 ג' עדין,"חברת מלח הארץ אילת בע""\מ",,מלח ים יבש מלח הארץ,גרמים,250.00,100 גרם,false,,5.40,0.0216,true,1,813645
7290000523224,false,מלח הארץ הים האדום 500 ג' עדין,"חברת מלח הארץ אילת בע""\מ",,מלח ים יבש מלח הארץ,גרמים,500.00,100 גרם,false,,7.90,0.0158,true,1,813646
7290000523514,false,מלח ים יבש מופחת נתרן מלח הארץ (250 גרם),"חברת מלח הארץ אילת בע""\מ",,מלח ים יבש מופחת נתר,גרמים,250.00,100 גרם,false,,9.90,0.0396,true,1,813647
7290000523521,false,מלח ים מלח הארץ 250 גרם מועשר ביוד,חברת מלח הארץ אילת ב,,מלח ים מועשר ביוד מל,גרמים,250.00,100 גרם,false,,5.90,0.0236,true,1,813648
7290000523804,false,"מלח עדין צנצנת 1 ק""ג מלח הארץ","חברת מלח הארץ אילת בע""\מ",,מלח עדין מלח הארץ 1,גרמים,1000.00,100 גרם,false,,6.90,0.0069,true,1,813649
7290000523811,false,"צנצנת מלח גס 1 ק""ג מלח הארץ","חברת מלח הארץ אילת בע""\מ",,"מלח גס מלח הארץ 1 ק""",גרמים,1000.00,100 גרם,false,,6.90,0.0069,true,1,813650
7290000525969,false,מיץ תפוזים סחוט רכיבים טבעיים פרימור 1 ליטר,שטראוס גרופ בעמ/מצונן,,מיץ תפוזים סחוט רכיב,ליטרים,1.00,ליטר,false,,15.80,15.8000,true,1,818276
7290000530086,false,נקניק סלמי מעושן 7000 זוגלובק (600 גרם),נקניק נהריה כשר זוגל,,נקניק סלמי מעושן זוג,גרמים,600.00,100 גרם,false,,24.90,0.0415,true,1,813847
7290000530109,false,קבנוס זוגי בואקום זוגלובק 180ג',נקניק נהריה כשר זוגל,,קבנוס זוגלובק 2*180,גרמים,360.00,100 גרם,false,,24.90,0.0692,true,1,813848
7290000530116,false,נקניק סלמי מעושן בשן 470 ג' זוגלובק,נקניק נהריה כשר זוגל,,נקניק סלמי בשן זוגלו,גרמים,470.00,100 גרם,false,,24.90,0.0530,true,1,813849
7290000530291,false,נקניק מבשר הודו קטן זוגלובק 750 גרם,נקניק נהריה כשר זוגל,,נקניק מבשר הודו קטן,גרמים,750.00,100 גרם,false,,18.90,0.0252,true,1,813851
7290000530413,false,המבורגר זהב זוגלובק 400 גרם,נקניק נהריה כשר זוגל,,המבורגר זהב זוגלובק,גרמים,400.00,100 גרם,false,,19.90,0.0497,true,1,813852
7290000530468,false,"נקניקיות וינר זוגלובק 1 ק""ג",זוגלובק שיווק בעמ,,נקניקיות וינר זוגלוב,גרמים,1000.00,100 גרם,false,,23.90,0.0239,true,1,813853
7290000530598,false,נקניקיות עוף וינר זוגלובק 500 גרם,נקניק נהריה כשר זוגל,,נקניקיות עוף וינר זו,גרמים,500.00,100 גרם,false,,11.90,0.0238,true,1,813854
7290000530703,false,פסטרמה חרמון כפרית ונקניק תה מעושן זוגלובק 2*400 גרם,נקניק נהריה כשר זוגל,,פסטרמה חרמון כפרית ו,גרמים,800.00,100 גרם,false,,25.90,0.0324,true,1,813856
7290000531601,false,סטייק בורגר בקר זהב 400 גרם קפוא,נקניק נהריה כשר זוגל,,סטייקבורגר זהב זוגלו,גרמים,400.00,100 גרם,false,,19.90,0.0497,true,1,813860
7290000531977,false,בורקס במילוי גבינה זוגלובק 800 גרם,נקניק נהריה כשר זוגל,,בורקס גבינה זוגלובק,גרמים,800.00,100 גרם,false,,13.90,0.0174,true,1,813861
7290000533353,false,"בצק עלים מרודד זוגלובק 1 ק""ג",מאפיית אריאל וגידרון,,בצק עלים מרודד זוגלו,גרמים,1000.00,100 גרם,false,,13.90,0.0139,true,1,813867
7290000536316,false,שניצל מן הצומח זוגלובק (1 קג),נקניק נהריה כשר זוגל,,שניצל מן הצומח זוגלו,גרמים,1000.00,100 גרם,false,,23.90,0.0239,true,1,813873
7290000536743,false,שניצלונים קריספי ט. תירס 500 גר' זוגלובק,נקניק נהריה כשר זוגל,,אצבעות שניצל טבע 500,גרמים,500.00,100 גרם,false,,11.90,0.0238,true,1,984966
7290000536774,false,"נקניקיות מן הצומח זוגלובק 1ק""ג בד""צ",זוגלובק שיווק בעמ,,נקניקיות מן הצומח זו,גרמים,1000.00,100 גרם,false,,23.90,0.0239,true,1,813874
7290000537566,false,נקניקיות עוף טרי 400 ג' זוגלובק,נקניק נהריה כשר זוגל,,נקניקיות עוף זוגלובק,גרמים,400.00,100 גרם,false,,9.90,0.0248,true,1,813879
7290000537603,false,"נקניקיות עוף 1 ק""ג זוגלובק.",זוגלובק שיווק בעמ,,נקניקיות עוף זוגלובק,גרמים,1000.00,100 גרם,false,,23.90,0.0239,true,1,813880
7290000538105,false,נקניק סלמי סרוולד 200 ג' זוגלובק,נקניק נהריה כשר זוגל,,נקניק סרבלד זוגלובק,גרמים,200.00,100 גרם,false,,38.90,0.1945,true,1,813883
7290000538709,false,נקניק סלמי תה מעושן זוגלובק 200 גרם,נקניק זוגלובק נהריה,,נקניק סלמי תה מעושן,גרמים,200.00,100 גרם,false,,14.90,0.0745,true,1,813887
7290000552118,false,נקניקיות מרגז קפואות טיבון ויל (400 גרם),טיבון ויל אחזקות בעמ,,נקניקיות מרגז טיבון,גרמים,400.00,100 גרם,false,,20.50,0.0513,true,1,811115
7290000552194,false,קישקע קפוא טיבון ויל (500 גרם),טיבון ויל אחזקות בעמ,,קישקע טיבון ויל 500,גרמים,500.00,100 גרם,false,,12.90,0.0258,true,1,811117
7290000552569,false,סטייקבורגר בקר טיבון ויל 400 גרם,"טיבון ויל אחזקות בע""\מ",,סטייקבורגר בקר טיבון,גרמים,400.00,100 גרם,false,,17.90,0.0447,true,1,811118
7290000552927,false,בשר עוף קפוא טחון טיבון ויל (500 גרם),"טיבון ויל אחזקות בע""\מ",,עוף טחון טיבון ויל 5,גרמים,500.00,100 גרם,false,,12.90,0.0258,true,1,811120
7290000552934,false,בשר הודו קפוא טחון טיבון ויל (500 גרם),"טיבון ויל אחזקות בע""\מ",,בשר הודו טחון טיבון,גרמים,500.00,100 גרם,false,,12.90,0.0258,true,1,811121
7290000552989,false,בשר טחון טיבון ויל 500 גרם,"טיבון ויל אחזקות בע""\מ",,בשר טחון טיבון ויל 5,גרמים,500.00,100 גרם,false,,26.90,0.0538,true,1,811122
7290000554006,false,גבינה קשקבלו משולשים,מחלבות גד,,גבינה קשקאבל בלו 22%,קילוגרמים,1.00,"ק""ג",true,,115.00,115.0000,true,1,807800
7290000554402,false,מעדן חלב מלבי גד (160 גרם),מחלבות גד שיווק 1992 בעמ,,מעדן חלב מלבי גד 160,מיליליטרים,160.00,"100 מ""ל",false,,5.50,0.0344,true,1,807891
7290000554457,false,גבינה צפתית 5% 350 גרם - רבנות,מחלבות גד שיווק 1992 בעמ,,גבינה צפתית 5% גד 35,גרמים,350.00,100 גרם,false,,19.90,0.0569,true,1,807892
7290000554471,false,נקניק מוצרלה 22 אחוז 180גרם גד מהדרין,מחלבות גד שיווק 1992 בעמ,,גבינת מוצרלה 22% גד,גרמים,180.00,100 גרם,false,,15.90,0.0883,true,1,807893
7290000554532,false,גבינה צפתית מעודנת במלח ים 5% 200 ג' גד,מחלבות גד שיווק 1992 בעמ,,גבינה צפתית מעודנת 5,גרמים,200.00,100 גרם,false,,13.90,0.0695,true,1,807894
7290000554600,false,מוצרלה מגורדת 22 אחוז 300גרם גד מהדרין,מחלבות גד שיווק 1992 בעמ,,גבינת מוצרלה מגורדת,גרמים,300.00,100 גרם,false,,20.90,0.0697,true,1,807895
7290000554624,false,ירח מתוק מעדן חלב עם אורז 3% גד 150 גרם,מחלבות גד שיווק 1992 בעמ,,ירח מתוק מעדן חלב עם,מיליליטרים,150.00,"100 מ""ל",false,,4.90,0.0327,true,1,807896
7290000554686,false,גבינת לאבנה בתוספת שמן זית וזעתר 5% גד 250 גרם,מחלבות גד שיווק 1992 בעמ,,גבינת לאבנה בתוספת ש,גרמים,250.00,100 גרם,false,,13.80,0.0552,true,1,807897
7290000554822,false,ריקוטה גבינה לבנה בסגנון איטלקי 5% גד 250 גרם,מחלבות גד שיווק 1992 בעמ,,ריקוטה גבינה לבנה בס,גרמים,250.00,100 גרם,false,,12.90,0.0516,true,1,807899
7290000554839,false,מסקרפונה שמנת מתוקה קשה בסגנון איטלקי 40% גד 250 גרם,מחלבות גד שיווק 1992 בעמ,,מסקרפונה שמנת מתוקה,גרמים,250.00,100 גרם,false,,19.30,0.0772,true,1,807900
7290000560533,false,אדג`פרו ג`ל לגילוח רגיל ירוק 220 מל,אס.סי ג'ונסון ובניו,US,אדג' ג'ל ירוק לעור רגיל 1,גרמים,198.00,100 גרם,false,,14.90,0.0753,true,1,830152
7290000560540,false,אדג`פרו ג`ל לגילוח עור רגיש כתום220,המאפיה של הרמן,US,אדג' ג'ל כתום לעור רגיש 1,גרמים,198.00,100 גרם,false,,14.90,0.0753,true,1,830153
7290000560557,false,אדג' ג'ל סגול כהה לעור יבש 198ג',אס.סי ג'ונסון ובניו,US,אדג' ג'ל סגול כהה לעור יב,גרמים,198.00,100 גרם,false,,14.90,0.0753,true,1,830154
7290000644783,false,נתחי פילה סלמון קפוא קג,תנובה קפואים,,נתחי פילה סלמון תנוב,קילוגרמים,1.00,"ק""ג",true,,79.80,79.8000,true,1,802343
7290000646299,false,פילה נסיכת הנילוס 100% דג קפוא תנובה,תנובה מרכז שיתופי לשיווק תוצרת,,פילה נסיכת הנילוס 10,קילוגרמים,1.00,"ק""ג",true,,39.90,39.9000,true,1,6300829
7290000652177,false,נתחי פילה נסיכה 100% דג קפוא תנובה,תנובה מרכז שיתופי לשיווק תוצרת,,נתחי פילה נסיכת 100%,קילוגרמים,1.00,"ק""ג",true,,54.90,54.9000,true,1,6300830
7290000652542,false,פילה אמנון 5-7 100% דג- תנובה,תנובה קפואים,,פילה אמנון 5-7,קילוגרמים,1.00,"ק""ג",true,,22.90,22.9000,true,1,6483269
7290000654546,false,פילה אמנון 7-9 100% דג תנובה,תנובה,,פילה אמנון 7-9,קילוגרמים,1.00,"ק""ג",true,,22.90,22.9000,true,1,6483270
7290000654935,false,שיפודי פרגית קפוא אר,,,שיפודי פרגית ארוז ק,קילוגרמים,1.00,"ק""ג",true,,69.90,69.9000,true,1,5482868
7290000655376,false,פילה דניס קפוא בוואקום 100% דג תנובה,תנובה קפואים,,פילה דניס קפוא,קילוגרמים,1.00,"ק""ג",true,,59.90,59.9000,true,1,4946237
7290000659312,false,דגי תנובה פילה סלומון קפוא בוואקום,תנובה בשר,,פילה סלמון פרימיום ת,קילוגרמים,1.00,"ק""ג",true,,69.80,69.8000,true,1,802345
7290000663036,false,פילה אמנון קפוא ללא עור 100% דג תנובה,תנובה מרכז שיתופי לשיווק תוצרת,,פילה אמנון ללא עור,קילוגרמים,1.00,"ק""ג",true,,29.80,29.8000,true,1,6483271
7290000663135,false,קוביות סלומון קפוא 100% דג 300 גרם תנובה,תנובה מרכז שיתופי לשיווק תוצרת,,קוביות סלומון קפוא 1,גרמים,380.00,100 גרם,false,,29.80,0.0784,true,1,6483298
7290000663166,false,פילה הייק דרום אפריקאי קפוא,תנובה קפואים,,פילה הייק דרום אפריק,קילוגרמים,1.00,"ק""ג",true,,39.80,39.8000,true,1,6483322
7290000688374,false,מים מינרלים סמיילי מי עדן (330X6מל),יפאורה שותפות מוגבלת לשיווק,,מים מינרלים מי עדן 6,ליטרים,1.98,ליטר,false,,13.80,6.9697,true,1,808004
7290000688381,false,מים מינרלים פקק ספורט מי עדן (500x6 מל),יפאורה שותפות מוגבלת לשיווק,,מים מינרלים מי עדן 6,ליטרים,3.00,ליטר,false,,12.80,4.2667,true,1,808005
7290000688466,false,מי עדן 0.75 ליטר ספורט בודד,יפאורה שותפות מוגבלת לשיווק,,מים מינרלים פקק ספור,מיליליטרים,750.00,"100 מ""ל",false,,2.50,0.0033,true,1,808006
7290000688503,false,"מים מינרלים פקק ספורט מי עדן 6*750 מ""ל",יפאורה שותפות מוגבלת לשיווק,,מים מינרלים פקק ספור,מיליליטרים,750.00,"100 מ""ל",false,,13.90,0.0185,true,1,808007
7290000688732,false,שישיית מי עדן 1.5 ליטר משפחתי,"מופק ממקור בזלתי עדן ,1",,מים מינרלים מי עדן 6,ליטרים,9.00,ליטר,false,,10.90,1.2111,true,1,808012
7290000692135,false,ספיד סטיק דאו בסיסי ירוק א.פ פרש פאוור,קולגייט-פלמוליב,,ספיד סטיק בסיסי ירוק,גרמים,60.00,100 גרם,false,,16.90,0.2817,true,1,804681
7290000692203,false,נוזל לניקוי כללי ורצפות בניחוח לימון אג'קס 2 ליטר,הנסיך- מפעל לייצור ט,,נוזל לניקוי כללי ורצ,ליטרים,2.00,ליטר,false,,19.90,9.9500,true,1,804682
7290000692210,false,נוזל לניקוי כללי ורצפות בניחוח לבנדר אג'קס 2 ליטר,הנסיך- מפעל לייצור ט,,נוזל לניקוי כללי ורצ,ליטרים,2.00,ליטר,false,,19.90,9.9500,true,1,804683
7290000692227,false,נוזל כלים פלמוליב צילינדר קלאסי 1 ליטר,יבואן ומשווק: ש. שסט,,נוזל לניקוי כלים קלא,ליטרים,1.00,ליטר,false,,13.90,13.9000,true,1,804684
7290000692456,false,אג'קס חלונות זוג 750*2 מל ספריי ורפיל,הנסיך- מפעל לייצור ט,,תרסיס לניקוי חלונות,מיליליטרים,750.00,"100 מ""ל",false,,23.90,0.0319,true,1,804687
7290000799800,false,פקדון 12 יח,,,פקדון 12 יח,יח',1.00,יח',false,,3.60,3.6000,true,1,949011
7290000799801,false,פיקדון בודד 0.3 ₪,,,פיקדון בודד 0.3 ₪,יח',1.00,יח',false,,0.30,0.3000,true,1,798674
7290000799802,false,"פיקדון שישיה 1.8 ש""ח",,,"פיקדון שישיה 1.8 ש""ח",יח',1.00,יח',false,,1.80,1.8000,true,1,798676
7290000799814,false,פיקדון 15 יח,,,פיקדון 15 יח,יחידה,0.00,יחידה,false,,4.50,0.0000,true,1,6473229
7290000803067,false,"משחת שיניים לילדים גילאים 6-2 אלמקס 75 מ""ל",הנסיך- מפעל לייצור ט,,משחת שיניים לילדים ג,מיליליטרים,75.00,"100 מ""ל",false,,15.90,0.2120,true,1,830167
7290000803180,false,"מרידול-שטיפת פה דנטלית 400 מ""ל",קולגייט פלמוליב,,"מי פה מרידול 400 מ""ל",מיליליטרים,400.00,"100 מ""ל",false,,29.90,0.0747,true,1,830168
7290000804484,false,"שטיפת פה אלמקס דנטלית למניעת עששת 400מ""ל",קולגייט פלמוליב,,מי פה להגנה מפני עשש,מיליליטרים,400.00,"100 מ""ל",false,,24.90,0.0622,true,1,805316
7290000841557,false,"סטרילי נוזל חיטוי 500 מ""ל לניקוי פירות וירקות",סטרילי מעבדות בעמ,,סטרילי לחיטוי ושטיפה,מיליליטרים,700.00,"100 מ""ל",false,,11.90,0.0170,true,1,823646
7290000961804,false,דלעת חתוכה,"בכורי השדה צפון1994 ג.ד. בע""מ",,דלעת ארוזה,קילוגרמים,1.00,"ק""ג",true,,8.90,8.9000,true,1,1011688
7290000995410,false,נבטים סיניים נבטי העמק,"בכורי השדה צפון1994 ג.ד. בע""מ",,נבטים סיניים,יח',1.00,יח',false,,5.90,5.9000,true,1,817443
7290001001592,false,כנפיים עוף קפוא ארוז,עוף ירושלים מהדרין,,כנפיים עוף קפוא ארוז,קילוגרמים,1.00,"ק""ג",true,,8.90,8.9000,true,1,1046031
7290001001899,false,עוף טרי ארוז כשר למה,עוף ירושלים מהדרין,,עוף טרי ארוז כשר למה,קילוגרמים,1.00,"ק""ג",true,,18.90,18.9000,true,1,1042293
7290001001905,false,חזה עוף טרי ארוז כשר למהדרין,עוף ירושלים מהדרין,,חזה טרי ארוז כשר למה,קילוגרמים,1.00,"ק""ג",true,,34.90,34.9000,true,1,1042294
7290001001912,false,כרעיים טרי ארוז כשר,עוף ירושלים מהדרין,,כרעיים טרי ארוז כשר,קילוגרמים,1.00,"ק""ג",true,,24.90,24.9000,true,1,1042295
7290001001936,false,ירכיים טרי ארוז כשר,עוף ירושלים מהדרין,,ירכיים טרי ארוז כשר,קילוגרמים,1.00,"ק""ג",true,,24.90,24.9000,true,1,1042297
7290001001981,false,שניצל עוף טרי ארוז כ,עוף ירושלים מהדרין,,שניצל עוף טרי ארוז כ,קילוגרמים,1.00,"ק""ג",true,,36.90,36.9000,true,1,1042302
7290001004036,false,צ'אך טרי,,,צ'אך טרי,קילוגרמים,1.00,"ק""ג",true,,79.90,79.9000,true,1,6427995
7290001004289,false,סטייק ע.ע טרי,,,סטייק ע.ע טרי,קילוגרמים,1.00,"ק""ג",true,,119.90,119.9000,true,1,6427950
7290001004333,false,אסאדו ע.ע טרי,,,אסאדו ע.ע טרי,קילוגרמים,1.00,"ק""ג",true,,59.90,59.9000,true,1,6427951
7290001004388,false,אוסובקו ע.ע טרי,,,אוסובקו ע.ע טרי,קילוגרמים,1.00,"ק""ג",true,,59.90,59.9000,true,1,6427952
7290001004685,false,שפיץ צ'אך טרי,,,שפיץ צ'אך טרי,קילוגרמים,1.00,"ק""ג",true,,119.90,119.9000,true,1,6428000
7290001004845,false,טחון טרי מוכשר,,,טחון טרי מוכשר,קילוגרמים,1.00,"ק""ג",true,,39.90,39.9000,true,1,6427897
7290001022160,false,חלבה קלאסית שקיל,,,חלבה קלאסית שקיל,קילוגרמים,1.00,"ק""ג",true,,34.00,34.0000,true,1,6505893
7290001022177,false,רמי לוי-חלבה עם קקאו,,,חלבה עם קקאו שקיל,קילוגרמים,1.00,"ק""ג",true,,34.00,34.0000,true,1,6505894
7290001121054,false,צמד חמד פסטרמה וסלמי יחיעם 700 גרם,מעדני יחיעם ( 1993 ) בע`מ,,צמד חמד יחיעם,גרמים,700.00,100 גרם,false,,25.90,0.0370,true,1,816147
7290001121238,false,קורנדביף 4% שומן יחיעם (180 גרם).,מעדני יחיעם ( 1993 ) בע`מ,,נקניק קורנדביף 4% יח,גרמים,180.00,100 גרם,false,,22.90,0.1272,true,1,816150
7290001121672,false,פסטרמה מעודנת בפפריקה 300 ג' יחיעם,מעדני יחיעם (1993) בעמ,,פסטרמה מעודנת בפפריק,גרמים,300.00,100 גרם,false,,19.90,0.0663,true,1,816151
7290001121795,false,נקניקיות עוף חריפות יחיעם 400 גרם,מעדני יחיעם ( 1993 ) בע`מ,,נקניקיות עוף חריפות,גרמים,400.00,100 גרם,false,,10.90,0.0273,true,1,6432530
7290001121931,false,קבנוס מקסיקני דק דק יחיעם 125 גרם,מעדני יחיעם ( 1993 ) בע`מ,,קבנוס מקסיקני דק דק,גרמים,125.00,100 גרם,false,,12.90,0.1032,true,1,816168
7290001123775,false,שווארמה אמיתית פרגיות טיבון ויל 500 גרם,"טיבול ויל אחזקות בע""",,שווארמה אמיתית פרגיו,גרמים,500.00,100 גרם,false,,19.90,0.0398,true,1,811129
7290001123782,false,שווארמה אמיתית הודו טיבון ויל (500 גרם),נטו מלינדה סחר בע`מ,,שווארמה אמיתית הודו,גרמים,500.00,100 גרם,false,,19.90,0.0398,true,1,811130
7290001124536,false,ארוחת נודלס טעם תירס מג'יק 70 גרם,נטו מלינדה סחר בעמ,,ארוחת נודלס תירס מג',גרמים,70.00,100 גרם,false,,4.90,0.0700,true,1,811131
7290001124611,false,שומן כבש טיבון ויל 200 גרם,טיבון ויל אחזקות בעמ,,שומן כבש טיבון ויל 2,גרמים,200.00,100 גרם,false,,14.90,0.0745,true,1,811132
7290001136287,false,"שמפו לשיער רגיל בבושם פרחים נקה 7 750 מ""ל",החברה הדרומית לשיווק בעמ,,שמפו לשיער רגיל בבוש,מיליליטרים,750.00,"100 מ""ל",false,,9.90,0.0132,true,1,828746
7290001136294,false,"שמפו לשיער יבש בבישום פרחים נקה 7 750 מ""ל",החברה הדרומית לשיווק בעמ,,שמפו לשיער יבש בבישו,מיליליטרים,750.00,"100 מ""ל",false,,9.90,0.0132,true,1,828747
7290001136300,false,"נקה 7 שמפו ומרכך לסירוק קל 750 מ""ל",החברה הדרומית לשיווק בעמ,,שמפו + מרכך של נקה 7,מיליליטרים,750.00,"100 מ""ל",false,,9.90,0.0132,true,1,828748
7290001216101,false,"טחינה שומשום מלא אל ארז 1 ק""ג",סוגת תעשיות בעמ,,"טחינה 1 ק""ג מלאה",גרמים,1000.00,100 גרם,false,,29.90,0.0299,true,1,6472896
7290001216231,false,טחינה גולמית שומשום מלא אל ארז 500 גרם,אגס ירוק מסחר ושירותים,,טחינה אלארז שומשום מ,גרמים,500.00,100 גרם,false,,16.80,0.0336,true,1,943135
7290001230961,false,מגן ציצית לכביסה,פמפרס,,מגן ציצית לכביסה,יח',1.00,יח',false,,22.50,22.5000,true,1,1001877
7290001245453,false,ג'ל כביסה ורוד 5לי רמילוי,,,ג'ל כביסה ורוד 5לי ר,ליטרים,5.00,ליטר,false,,29.90,5.9800,true,1,5460255
7290001245460,false,ג'ל כביסה ירוק 5לי רמילוי,,,ג'ל כביסה ירוק 5לי ר,ליטרים,5.00,ליטר,false,,29.90,5.9800,true,1,5460256
7290001245477,false,ג'ל כביסה כחול 5לי רמילוי,,,ג'ל כביסה כחול 5לי ר,ליטרים,5.00,ליטר,false,,29.90,5.9800,true,1,5460257
7290001245651,false,נוזל רצפות מאסק 4 ליט רמילוי,,,נוזל רצפות מאסק 4 לי,יח',1.00,יח',false,,11.90,11.9000,true,1,5811374
7290001246009,false,ג'ל לכביסה אדום 3לי רמילוי,,,ג'ל לכביסה אדום 3לי,יח',1.00,יח',false,,20.90,20.9000,true,1,5677301
7290001246016,false,ג'ל לכביסה ירוק 3לי רמילוי,,,ג'ל לכביסה ירוק 3לי,יח',1.00,יח',false,,20.90,20.9000,true,1,5677302
7290001246023,false,ג'ל לכביסה כחול 3לי רמילוי,,,ג'ל לכביסה כחול 3לי,יח',1.00,יח',false,,20.90,20.9000,true,1,5913648
7290001246658,false,מבשם נטול גז בלוסום 350מל רמילוי,,,מבשם נטול גז בלוסום,מיליליטרים,350.00,"100 מ""ל",false,,7.90,0.0226,true,1,6137531
7290001246672,false,מבשם נטול גז פרש 350מל רמילוי,,,מבשם נטול גז פרש 350,מיליליטרים,350.00,"100 מ""ל",false,,7.90,0.0226,true,1,6137533
7290001246689,false,מבשם נטול גז לבנדר 350מל רמילוי,,,מבשם נטול גז לבנדר 3,מיליליטרים,350.00,"100 מ""ל",false,,7.90,0.0226,true,1,6137534
7290001246771,false,מטהר אויר לוונדר 300מל רמילוי,,,מטהר אויר לוונדר 300,מיליליטרים,300.00,"100 מ""ל",false,,4.90,0.0163,true,1,6137535
7290001246788,false,מטהר אויר לימון 300מל רמילוי,,,מטהר אויר לימון 300מ,מיליליטרים,300.00,"100 מ""ל",false,,4.90,0.0163,true,1,6137536
7290001246795,false,מטהר אוויר פריחה 300מל רמילוי,,,מטהר אוויר פריחה 300,מיליליטרים,300.00,"100 מ""ל",false,,4.90,0.0163,true,1,6137537
7290001247068,false,קרטונית נקטר ספרינג תות בננה 1 ליטר,יפאורה שותפות מוגבלת לשיווק,,נקטר תות בננה ספרינג,ליטרים,1.00,ליטר,false,,6.50,6.5000,true,1,808014
7290001247082,false,מיץ עגבניות רכיבים טבעיים ספרינג 1 ליטר,יפאורה שותפות מובגלת לשיווק,,מיץ עגבניות רכיבים ט,ליטרים,1.00,ליטר,false,,6.30,6.3000,true,1,808016
7290001247099,false,קרטונית נקטר ספרינג מנגו 1 ליטר,יפאורה שותפות מובגלת לשיווק,,נקטר מנגו ספרינג 1 ל,ליטרים,1.00,ליטר,false,,6.50,6.5000,true,1,808017
7290001247105,false,קרטונית נקטר ספרינג אפרסק 1 ליטר,יפאורה שותפות מובגלת לשיווק,,נקטר אפרסק ספרינג 1,ליטרים,1.00,ליטר,false,,6.50,6.5000,true,1,808018
7290001247112,false,קרטונית נקטר ספרינג לימונענע 1 ליטר,יפאורה שותפות מובגלת לשיווק,,נקטר לימונים ספרינג,ליטרים,1.00,ליטר,false,,6.50,6.5000,true,1,808019
7290001247129,false,נקטר ספרינג תפוזים קרטונית 1 ל',יפאורה שותפות מובגלת לשיווק,,נקטר תפוזים ספרינג 1,ליטרים,1.00,ליטר,false,,6.50,6.5000,true,1,808020
7290001247143,false,קרטונית נקטר ספרינג תפוחים 1 ליטר,יפאורה שותפות מובגלת לשיווק,,נקטר תפוחים ספרינג 1,ליטרים,1.00,ליטר,false,,6.50,6.5000,true,1,808021
7290001258040,false,משולש גבינת רוקפור משקל,גבינות משק יעקבס,,משולש רוקפור,קילוגרמים,1.00,"ק""ג",true,,92.00,92.0000,true,1,5603729
7290001258187,false,משק יעקבס צפתית בקר,,,משק יעקבס צפתית בקר,קילוגרמים,1.00,"ק""ג",true,,34.00,34.0000,true,1,1168851
7290001258200,false,גבינת שמנת 30% במשקל,גבינות משק יעקבס,,גבינת שמנת 25%,קילוגרמים,1.00,"ק""ג",true,,34.00,34.0000,true,1,921776
7290001258224,false,לבנה בקר יעקבס במשקל,גבינות יעקבס,,לאבנה בקר שקיל,קילוגרמים,1.00,"ק""ג",true,,29.00,29.0000,true,1,877542
7290001258255,false,משולש גבינת גאודה28%משקל,גבינות משק יעקבס,,משולש גאודה,קילוגרמים,1.00,"ק""ג",true,,92.00,92.0000,true,1,5603730
7290001258262,false,משולש גאודה ע.תיבול משקל,גבינות משק יעקבס,,משולש גאודה תיבול,קילוגרמים,1.00,"ק""ג",true,,92.00,92.0000,true,1,5603731
7290001258378,false,גבינת חלומי במשקל,גבינות משק יעקבס,,חלומי יעקבס,קילוגרמים,1.00,"ק""ג",true,,88.00,88.0000,true,1,965148
7290001258385,false,מוצרלה במים 20% במשקל,גבינות משק יעקבס,,מוצרלה במים,קילוגרמים,1.00,"ק""ג",true,,75.00,75.0000,true,1,921777
7290001258415,false,רוקפור באריזת ווקום יעקובס 180 גרם,גבינות משק יעקבס,,גבינת רוקפור משק יעק,גרמים,180.00,100 גרם,false,,24.70,0.1372,true,1,829737
7290001258439,false,גבינת עיזים למריחה 5,גבינות משק יעקבס,,גבינת עיזים למריחה 5,קילוגרמים,1.00,"ק""ג",true,,58.00,58.0000,true,1,921778
7290001258446,false,"יעקבס יוגורט כבשים 5% 850 מ""ל",גבינות משק יעקבס,,יעקבס יוגורט כבשים 5,מיליליטרים,850.00,"100 מ""ל",false,,19.50,0.0229,true,1,829738
7290001258453,false,קממברט בקר+אגוזים במשקל,גבינות משק יעקבס,,קממברט אגוזים,קילוגרמים,1.00,"ק""ג",true,,92.00,92.0000,true,1,829732
7290001258491,false,מוצרלה בלוק,משק יעקבס,,מוצרלה בלוק,קילוגרמים,1.00,"ק""ג",true,,64.00,64.0000,true,1,897682
7290001258514,false,גב.רכה ריקוטה במשקל,גבינות משק יעקבס,,ריקוטה 5% במשקל,קילוגרמים,1.00,"ק""ג",true,,34.00,34.0000,true,1,1145407
7290001258552,false,גבינה לאבנה בקר 250 גרם,בטר אנד דיפרנט,,לבנה בקר 250 גר,גרמים,250.00,100 גרם,false,,9.50,0.0380,true,1,829740
7290001258576,false,גאודה ואקום יעקובס 200 גרם,גבינות משק יעקבס,,גבינת גאודה יעקבס 20,גרמים,200.00,100 גרם,false,,19.70,0.0985,true,1,829741
7290001258620,false,גבינת מנצ'גו משק יעקבס 180 גרם,גבינות יעקבס,,גבינת מנצ'גו משק יעק,גרמים,180.00,100 גרם,false,,23.90,0.1328,true,1,829742
7290001258668,false,גבינת עז מה 5% יעקבס 250 גרם,גבינות משק יעקבס,,גבינת עז מה 5% יעקבס,גרמים,250.00,100 גרם,false,,14.90,0.0596,true,1,829743
7290001258682,false,"יוגורט עיזים באריזה 500 מ""ל",גבינות משק יעקבס,,יעקבס יוגורט עיזים 3,מיליליטרים,500.00,"100 מ""ל",false,,12.90,0.0258,true,1,829744
7290001258729,false,לאבנה עיזים יעקובס 250 גרם,גבינות משק יעקבס,,יעקבס לאבנה עיזים 25,גרמים,250.00,100 גרם,false,,13.90,0.0556,true,1,829745
7290001258774,false,מוצרלה בייבי 150 גרם יעקובס,גבינות משק יעקבס,,בייבי מוצרלה 140גר,מיליליטרים,140.00,"100 מ""ל",false,,12.90,0.0921,true,1,829748
7290001258804,false,קשקבל גבינה חצי קשה יעקבס 180 גרם,גבינות משק יעקבס,,גבינת קשקבל משק יעקב,גרמים,180.00,100 גרם,false,,21.70,0.1206,true,1,829751
7290001258811,false,גבינת מוצרלה בייבי ב,גבינות משק יעקבס,,כדורי מוצרלה,קילוגרמים,1.00,"ק""ג",true,,79.00,79.0000,true,1,1145408
7290001258941,false,גבינת שמנת זיתים 25%,משק יעקבס,,גבינת שמנת זיתים 25%,קילוגרמים,1.00,"ק""ג",true,,34.00,34.0000,true,1,921780
7290001258972,false,גבינת חלומי בואקום 2,גבינות משק יעקבס,,חלומי 200 גרם,גרמים,200.00,100 גרם,false,,17.90,0.0895,true,1,919284
7290001258989,false,קממבר בקר בייבי במשקל,גבינות משק יעקבס,,*מבצע* קממברט בקר בי,קילוגרמים,1.00,"ק""ג",true,,87.00,87.0000,true,1,1136187
7290001258996,false,מעדניה - שמנת שום שמ,משק יעקבס,,גבינת שמנת שום שמיר,קילוגרמים,1.00,"ק""ג",true,,34.00,34.0000,true,1,921781
7290001265642,false,"מזון חתולים מעדני פטה 1.2 ק""ג מארז 3 יחידות",דיפלומט מפיצים (1968) בעמ**,FR,לה-קט מולטי-פק 3X400,קילוגרמים,1.20,"ק""ג",false,,18.40,15.3333,true,1,814204
7290001274422,false,שלגונים ציפוי בננה מאגדת שמינייה 560 ג',פלקו בעמ חברה ישראלית,,מאגדת שלגונים ציפוי,10 יח',1.00,10 יח',false,,19.80,19.8000,true,1,5064475
7290001274576,false,מאגדת גלידל וניל ותות 900 גר`פלדמן,גלידות פלדמן,,גלידל וניל תות 0% שו,ליטרים,1.00,ליטר,false,,19.90,19.9000,true,1,5064359
7290001274583,false,גלידה משפחתית גלידל ש. פאקן 900 גרם,"פלקו בע""\מ, חברה ישראלית",,גלידל שוקו פקאן 0% ש,מיליליטרים,900.00,"100 מ""ל",false,,19.90,0.0221,true,1,5064360
7290001274934,false,"שמיניית גלידל פרי לימון ""פלדמן""",הגלידות של פלדמן,,גלידל דיאט למון ליים,גרמים,640.00,100 גרם,false,,20.90,0.0327,true,1,5064518
7290001305058,false,"פלמוליב - נטורלס תחליב רחצה חלב ודבש 500 מ""ל",הנסיך- מפעל לייצור ט,,סבון נוזלי בניחוח חל,מיליליטרים,500.00,"100 מ""ל",false,,15.90,0.0318,true,1,804693
7290001305188,false,"נוזל לניקוי כלים בריח לימון פלמוליב 750 מ""ל",יבואן ומשווק: ש. שסט,,נוזל לניקוי כלים ברי,מיליליטרים,750.00,"100 מ""ל",false,,11.90,0.0159,true,1,804694
7290001327180,false,שטראוס קרמיסימו וניל ציפ 1.33 ליטר,"גלידת שטראוס בע""\מ, רחוב",,שטראוס קרמיסימו וניל,ליטרים,1.33,ליטר,false,,17.90,13.4586,true,1,816819
7290001327791,false,גלידה קרמיסימו וניל עוגיות 1.33 ליטר,"גלידת שטראוס בע""\מ, רחוב",,שטראוס קרמיסימו עוגי,ליטרים,1.33,ליטר,false,,17.90,13.4586,true,1,816823
7290001343845,false,תערובת מיזלי עם פירות מיובשים 1 קג,דין שיווק וקליה 2021 בעמ,,"גרנולה פירות 1 ק""ג ש",קג,1.00,קג,false,,21.90,21.9000,true,1,872346
7290001407127,false,פרוסות חלבה קלאסית בטעם וניל בארכה 400 גרם,קבוצת אוסם סחר שותפות מוגבלת,,פרוסות חלבה קלאסית ב,גרמים,400.00,100 גרם,false,,12.90,0.0323,true,1,834548
7290001407134,false,בארכה פרוסות חלווה שוקו וניל+פ.קקאו 400גר,קבוצת אוסם סחר שותפות מוגבלת,,פרוסות חלבה שוקו וני,גרמים,400.00,100 גרם,false,,12.90,0.0323,true,1,835251
7290001407592,false,"בארכה טחינה גולמית פי 6 סידן 6*1 ק""ג",קבוצת אוסם סחר שותפות מוגבלת,,בארכה טחינה גולמית פ,גרמים,800.00,100 גרם,false,,19.90,0.0249,true,1,6382144
7290001407769,false,טחינה גולמית בארכה שומשום מלא 500 גרם,קבוצת אוסם סחר שותפות מוגבלת,,טחינה גולמית שומשום,גרמים,500.00,100 גרם,false,,12.90,0.0258,true,1,813663
7290001407837,false,חלבה שאמית עם פולי קקאו בארכה 350 גרם,קבוצת אוסם סחר-שות.מוגבלת,,חלבה שאמית עם פולי ק,גרמים,350.00,100 גרם,false,,14.90,0.0426,true,1,813666
7290001407844,false,חלבה קלאסית בטעם וניל בארכה 350 גרם,קבוצת אוסם סחר שותפות מוגבלת,,חלבה קלאסית בטעם וני,גרמים,350.00,100 גרם,false,,13.90,0.0397,true,1,813667
7290001427019,false,קשת מיץ תפוזים טבעי 500 מל,קשת מיצים טבעיים,,קשת מיץ תפוזים טבעי,100 מל,500.00,100 מל,false,,15.50,0.0310,true,1,6391547
7290001427132,false,"משקה רימון 500 מ""ל פריניב זכוכית",קשת מיצים טבעיים,,מיץ רימונים טבעי 500,מיליליטרים,500.00,"100 מ""ל",false,,20.50,0.0410,true,1,6322612
7290001427347,false,מיץ תפוחים 100% סחוט תוז סמית 1לי,תנובה - פריניב,,מיץ תפוחים 100% סחוט,גרמים,1.00,100 גרם,false,,19.90,19.9000,true,1,6411518
7290001461112,false,לחם מחמצת דגנים וגרע,פילסברי,,לחם דגנים מחמצת,יח',1.00,יח',false,,16.90,16.9000,true,1,6375312
7290001461860,false,עשריית פיתות פילסברי,פילסברי,,עשריית פיתות פילסברי,יח',1.00,יח',false,,13.50,13.5000,true,1,914308
7290001461884,false,קוקטייל בולגרית חלבי,,,קוקטייל בולגרית חלבי,קילוגרמים,1.00,"ק""ג",true,,47.00,47.0000,true,1,3234594
7290001461891,false,לחמניה יאמיז קמח מלא,פילסברי,,יאמיס עם קמח מלא,יח',1.00,יח',false,,12.90,12.9000,true,1,2565695
7290001476208,false,גבינה ברי משולש כבשי,מחלבות גד,,ברי פקאן 22% במשקל,קילוגרמים,1.00,"ק""ג",true,,119.00,119.0000,true,1,807820
7290001482049,false,בולגריה בקוביות עם ש,,,הבולגריה בקוביות + ש,קילוגרמים,1.00,"ק""ג",true,,65.00,65.0000,true,1,833418
7290001482094,false,גבינה פרמז'נו משולשים ויליפוד 200ג',ג.וילי-פוד אינטרנשיונל **גבינו,,פרמז'נו וילי פוד 200,גרמים,200.00,100 גרם,false,,17.90,0.0895,true,1,813316
7290001482186,false,אננס חתוך בסירופ קל ויליפוד 565 גרם,ג.וילי פוד אינטרנשיונל בעמ,,אננס חתוך ויליפוד 56,גרמים,565.00,100 גרם,false,,5.90,0.0104,true,1,5182022
7290001485019,false,גבינת קרם שמנת טבעי 5% טרה 200 גרם,*החברה המרכזית להפצת משקאותבעמ,,גבינת קרם שמנת 5% טר,גרמים,200.00,100 גרם,false,,10.90,0.0545,true,1,799952
7290001491010,false,תה ירוק יסמין ויסוצקי 25 יחידות,תה ויסוצקי (ישראל) בעמ,,תה ירוק יסמין ויסוצק,גרמים,37.50,100 גרם,false,,22.90,0.6107,true,1,813668
7290001491096,false,תה ירוק בתוספת לימונית ולואיזה 50 שקיקים ויסוצקי,תה ויסוצקי (ישראל) בעמ,,תה ירוק לימונית ולוא,גרמים,75.00,100 גרם,false,,39.90,0.5320,true,1,813669
7290001507018,false,וופל גלילית אורגנית 100 גרם השדה,השדה מוצרים אורגניים,,גלילית אורגני 100 גר,גרמים,100.00,100 גרם,false,,14.40,0.1440,true,1,6305642
7290001507179,false,חטיף אובלטים אורגניים עם קימל 100 גר,השדה מוצרים טבעיים ו,,אובלטים קימל אורגני,גרמים,100.00,100 גרם,false,,7.90,0.0790,true,1,6305680
7290001507360,false,חטיף אובלטים אורגניים עם כוסמין 100 גר,השדה מוצרים אורגניים,,אובלטים כוסמין 100 ג,גרמים,100.00,100 גרם,false,,10.90,0.1090,true,1,6305681
7290001552025,false,קוסקוס של אמא פרבורגר 800 גרם,מטעמי פאר (א.מ.נ) בעמ,,קוסקוס של אמא פרבורג,גרמים,800.00,100 גרם,false,,14.90,0.0186,true,1,805243
7290001552049,false,קוסקוס מרוקאי קפוא 800 גר,מטעמי פאר (א.מ.נ) בעמ,,קוסקוס אמא 800גר,גרמים,800.00,100 גרם,false,,14.90,0.0186,true,1,833227
7290001567708,false,נקניקיות וינר 400 גר`ללא ח`מ,מעדני יחיעם ( 1993 ) בע`מ,,נקנקיות עוף 400 גרם,גרמים,400.00,100 גרם,false,,10.90,0.0273,true,1,1279756
7290001567760,false,פסטרמה של פעם יחיעם 300 גרם,מעדני יחיעם ( 1993 ) בע`מ,,פסטרמה של פעם 300 גר,גרמים,300.00,100 גרם,false,,24.40,0.0813,true,1,1471200
7290001591680,false,קניידלך מקמח מצה שלושת האופים 500 גרם,נטו מילנדה סחר בעמ*,,קניידלך מקמח מצה 500,גרמים,500.00,100 גרם,false,,19.90,0.0398,true,1,6429694
7290001591703,false,קבב אנגוס עגול טיבון ויל 500 גרם,נטו מלינדה סחר בעמ,,קבב אנגוס עגול 500 ג,גרמים,500.00,100 גרם,false,,22.90,0.0458,true,1,6417616
7290001591710,false,המבורגר אנגוס טיבון ויל 600 גרם,נטו מילנדה סחר בעמ*,,המבורגר אנגוס 600 גר,גרמים,600.00,100 גרם,false,,22.90,0.0382,true,1,6417617
7290001591734,false,נקניקיה מרגז בסגנון מרוקאי טיבון ויל 500 גרם,נטו מילנדה סחר בעמ*,,מרגז נקניקייה סגנון,גרמים,500.00,100 גרם,false,,22.90,0.0458,true,1,6417619
7290001591741,false,קבבוני טלה טיבון ויל 500 גרם,נטו מלינדה סחר בעמ,,קבבוני טלה 500 גר,גרמים,500.00,100 גרם,false,,22.90,0.0458,true,1,6417620
7290001591758,false,קבב מזרחי בסגנון ביתי אנגוס 600 גר`טיבו,נטו מילנדה סחר בעמ*,,קבב מזרחי ביתי אנגוס,גרמים,600.00,100 גרם,false,,22.90,0.0382,true,1,6440007
7290001591949,false,שיפודי פרגיות 100% טיבון ויל 500 גרם,נטו מלינדה סחר בעמ,,שיפודי פרגיות 100%,גרמים,500.00,100 גרם,false,,48.90,0.0978,true,1,6440008
7290001594155,false,"קוקה-קולה בבקבוק אישי 500 מ""ל",החברה המרכזית להפצת משקאות בעמ,,קוקה-קולה בבקבוק איש,מיליליטרים,500.00,"100 מ""ל",false,,5.90,0.0118,true,1,800499
7290001594568,false,בירה בפחית קרלסברג (500 מל),החברה המרכזית להפצת משקאות בעמ,,בירה בפחית קרלסברג 5,מיליליטרים,500.00,"100 מ""ל",false,,8.90,0.0178,true,1,800511
7290001594575,false,בירה בפחית רד טובורג (500 מל),החברה המרכזית להפצת משקאות בעמ,,בירה טובורג בפחית 50,מיליליטרים,500.00,"100 מ""ל",false,,8.90,0.0178,true,1,800512
7290001594858,false,מארז שישייה בירה טובורג רד (330x6 מל),החברה המרכזית להפצת משקאות בעמ,,טובורג רד מארז שישיי,מיליליטרים,1980.00,"100 מ""ל",false,,39.90,0.0202,true,1,800518
7290001594865,false,"שישייה בירה קרלסברג בקבוק 330 מ""ל",החברה המרכזית להפצת משקאות בעמ,,בירה קרלסברג 6*330 מ,ליטרים,1.98,ליטר,false,,39.90,20.1515,true,1,800519
7290001598085,false,לחם משפחתי עם דגנים מקמח מלא,מאפיית יוסף ברון,,לחם משפחתי עם דגנים,גרמים,400.00,100 גרם,false,,14.90,0.0373,true,1,6313966
7290001598276,false,"לחם 7 דגנים קל מקמח חיטה מלא ללא שמרים 1.1 ק""ג הברון",מאפיית יוסף ברון,,לחם 7 דגנים קל 1.1קג,קילוגרמים,1.10,"ק""ג",false,,14.90,13.5455,true,1,6313967
7290001598597,false,פיתה כוסמין 99 קלוריות,,,פיתה כוסמין 99 קלורי,גרמים,300.00,100 גרם,false,,14.90,0.0497,true,1,6426194
7290001598764,false,פיתות ביס כוסמין מלא 10יח רמילוי,,,פיתות ביס כוסמין מלא,גרמים,480.00,100 גרם,false,,14.90,0.0310,true,1,6472328
7290001598771,false,פיתה כוסמין 99 קל' 8יח רמילוי,,,פיתה כוסמין 99 קל' 8,גרמים,360.00,100 גרם,false,,14.90,0.0414,true,1,6470324
7290001598788,false,פיתות כוסמין מלא 8יח רמילוי,,,פיתות כוסמין מלא 8יח,גרמים,480.00,100 גרם,false,,14.90,0.0310,true,1,6470326
7290001670224,false,מלית פרג 400 גרם פוליבה,הנמל אריזות ושיווק (1984) בעמ,,מלית פרג פוליבה 400,גרמים,400.00,100 גרם,false,,9.90,0.0248,true,1,812952
7290001670514,false,מלית אוכמניות למילוי דברי מאפה 400 ג,הנמל אריזות ושיווק (1984) בעמ,,מלית אוכמניות 400 גר,גרמים,400.00,100 גרם,false,,9.90,0.0248,true,1,812955
7290001670668,false,קרחונית שקיות להכנת קרח הנמל 12 יחידות,הנמל אריזות ושיווק (1984) בעמ,,קרחונית שקיות להכנת,יח',12.00,יח',false,,2.90,0.2417,true,1,812958
7290001670859,false,מלית דובדבנים פוליבה 400 ג',הנמל אריזות ושיווק (1984) בעמ,,מלית דובדבנים 400 גר,גרמים,400.00,100 גרם,false,,9.90,0.0248,true,1,812960
7290001710111,false,נקניקיות מרגז חריפות מעדני הטלה 500 גר`,לאטי עזרא גלם ודגים,,נקניקיות מרגז ארוז 5,גרמים,500.00,100 גרם,false,,19.80,0.0396,true,1,2511238
7290001710128,false,נקניקיות צוריסוס מעדני הטלה 500 גר`,לאטי עזרא בעמ,,נקניקיות צוריסוס ארו,גרמים,500.00,100 גרם,false,,19.80,0.0396,true,1,3207805
7290001710159,false,גולש עגל קפוא ארוז מ,לאטי עזרא גלם ודגים,,גולש עגל מוכשר,קילוגרמים,1.00,"ק""ג",true,,44.90,44.9000,true,1,1997442
7290001713167,false,סנט מוריץ - מרסס קצף ניקוי 1 ליטר סניטרי אפור,קומפלקס כימיקלסבעמ ~~~,,סנט מוריץ קצף ניקוי,מיליליטרים,750.00,"100 מ""ל",false,,9.90,0.0132,true,1,6028088
7290001713211,false,נוזל רצפות סופר מבושם מאסק 2.5 ליטר,קומפלקס כימיקלסבעמ ~~~,,רצפות סופר מבושם מאס,ליטרים,2.50,ליטר,false,,11.90,4.7600,true,1,6355345
7290001713235,false,מנקה רצפות סופר מבושם סגול 2.5 ל',,,רצפות סופר מבושם לבנ,יח',1.00,יח',false,,11.90,11.9000,true,1,6355347
7290001713242,false,עלמה שקיות אשפה 25 יחידות 75*90 עם ידית,קומפלקס כימקלים בעמ`,,שקיות אשפה עם ידיות,יח',1.00,יח',false,,9.90,9.9000,true,1,6499241
7290001713662,false,מרכך כביסה pure בניחוח מלון רויאל 1 ל' סנט מוריץ,"קומפלקס כימיקלים בע""",,מרכך כביסה בית מלון,מטרים,1000.00,100 מ'ל,false,,9.90,0.0099,true,1,6410195
7290001713815,false,PURE מרכך כביסה בניחוח מלון מפנק 1 ליטר,קומפלקס כימקלים בעמ`,,מרכך כביסה בית מלון,מטרים,1000.00,100 מ'ל,false,,9.90,0.0099,true,1,6410888
7290001713860,false,PURE מרכך כביסה בניחוח מלון ספא 1 ליטר,קומפלקס כימיקלסבעמ ~~~,,מרכך כביסה בית מלון,מטרים,1000.00,100 מ'ל,false,,9.90,0.0099,true,1,6410196
7290001741801,false,"כספת דיגיטלית 23X17 ס""מ",,,כספת דיגיטלית 23X17,יחידה,0.00,יחידה,false,,159.90,0.0000,true,1,6510627
7290001791349,false,אקונומיקה פיסגה ריחנית סנו (4 ליטר),החברה הדרומית לשיווק בעמ,,פיסגה אקונומיקה ריחנ,ליטרים,4.00,ליטר,false,,9.90,2.4750,true,1,809686
7290001791356,false,"פרש מבשם אויר אוטומטי בניחוח לבנדר סנו 250 מ""ל",החברה הדרומית לשיווק בעמ,,פרש מבשם אויר אוטומט,מיליליטרים,250.00,"100 מ""ל",false,,12.90,0.0516,true,1,809687
7290001791363,false,"מטהר אויר בניחוח וניל קוקוס מילוי סנו 250 מ""ל",החברה הדרומית לשיווק בעמ,,מטהר אויר בניחוח וני,מיליליטרים,250.00,"100 מ""ל",false,,12.90,0.0516,true,1,809688
7290001791776,false,"סנו-די דוחה יתושים רול און עם אלוורה סנו 50 מ""ל",החב. הדרומית לשיווק,,סנו-די דוחה יתושים ר,מטרים,50.00,100 מ'ל,false,,19.90,0.3980,true,1,809695
7290001813454,false,"עוגיות חיוכים שוקולד עלית 900 גרם מארז 6 יחידות בד""צ","אפיפית נצרת (1971) בע""\מ",,חיוכים עוגיות שוקו ע,גרמים,900.00,100 גרם,false,,18.90,0.0210,true,1,4803247
7290001813478,false,"עוגיות חיוכים וניל עלית 900 גרם מארז 6 יחידות בד""צ","אפיפית נצרת (1971) בע""\מ",,חיוכים עוגיות בטעם ו,גרמים,900.00,100 גרם,false,,18.90,0.0210,true,1,4803248
7290001817728,false,צ'יטוס אפוי כאפה בטעם קטשופ 55 גרם,"שטראוס פריטו ליי בע""\מ )",,צ'יטוס אפוי כאפה בטע,גרמים,55.00,100 גרם,false,,3.10,0.0564,true,1,812806
7290001855232,false,שמן למאור מרום הגליל,ירושלים שיווק שמן זית וזיתים,,שמן למאור 1 ליטר,ליטרים,1.00,ליטר,false,,10.90,10.9000,true,1,828575
7290001865453,false,פמילי לקשרי 1 ליטר לבנדר ארומטי+משאבה,מיוצר עי קונדיטוריית,IL,פמלי אל סבון ליטר לבנדר [,ליטרים,1.00,ליטר,false,,10.80,10.8000,true,1,830181
7290001873441,false,המבורגר 320 גר` בלאק אנגוס מוכשר ארוז,טיבון ויל אחזקות בעמ,,המבורגר,גרמים,320.00,100 גרם,false,,24.90,0.0778,true,1,6277157
7290001873472,false,קבב 320 גר` בלאק אנגוס מוכשר ארוז,טיבון ויל אחזקות בעמ,,קבב,גרמים,320.00,100 גרם,false,,24.90,0.0778,true,1,6277159
7290001873489,false,קרפצ`יו 120 גר`בלאק אנגוס מוכשר ארוז,טיבון ויל אחזקות בעמ,,קרפציו,גרמים,120.00,100 גרם,false,,14.90,0.1242,true,1,6277160
7290001915011,false,שווארמה פרגית מתובלת 500 גר,לאטי עזרא,,שווארמה פרגית מתובלת,גרמים,500.00,100 גרם,false,,37.90,0.0758,true,1,6485370
7290001946121,false,פפריקה מרוקאית מתוקה תבליני ביטון 400 גרם,דין שיווק וקליה 2021 בעמ,,פפריקה מרוקאית מתוקה,גרמים,400.00,100 גרם,false,,19.90,0.0497,true,1,802115
7290001990148,false,"סוכר גולדן קלאסי בצנצנת 1 ק""ג סוגת",האי נאם סי או אל.טי.,IL,סוכר גולדן קלסי צנצנת1 קג,יח',1.00,יח',false,,10.90,10.9000,true,1,809260
7290001990261,false,"חומוס סוגת 1 ק""ג","סוגת תעשיות בע""\מ",IL,"חומוס 1 ק""ג",גרמים,1000.00,100 גרם,false,,14.80,0.0148,true,1,809261
7290001990278,false,"שעועית לבנה 1 ק""ג סוגת","סוגת תעשיות בע""\מ",IL,"שעועית לבנה 1 ק""ג",גרמים,1000.00,100 גרם,false,,18.90,0.0189,true,1,809262
7290001990377,false,שעועית בובס 500 גרם סוגת,סוגת תעשיות בעמ,IL,שעועית בובס 500 גר,גרמים,500.00,100 גרם,false,,10.90,0.0218,true,1,809264
7290001990391,false,אפונה יבשה 1קג סוגת,"סוגת תעשיות בע""\מ",IL,"אפונה 1 ק""ג",גרמים,1000.00,100 גרם,false,,9.40,0.0094,true,1,809266
7290001990407,false,"עדשים ירוקות סוגת 1 ק""ג","סוגת תעשיות בע""\מ",IL,"עדשים ירוקים 1 ק""ג",גרמים,1000.00,100 גרם,false,,13.80,0.0138,true,1,809267
7290001990414,false,"עדשים אדומות סוגת 1 ק""ג","סוגת תעשיות בע""\מ",IL,"עדשים אדומים 1 ק""ג",גרמים,1000.00,100 גרם,false,,13.80,0.0138,true,1,809268
7290002000136,false,שעווה לחימום במיקרוגל - דבש ופרופוליס,"ש. שוורץ )באר שבע( בע""\מ",IL,מגע המשי הדבש ש.למיקרוגל,גרמים,500.00,100 גרם,false,,19.50,0.0390,true,1,830189
7290002000266,false,שעווה מגע המשי הדבש תפוח למיקרו 500 גרם,המאפיה של הרמן,IL,מגע המשי התפוח ש.למיקרוגל,גרמים,500.00,100 גרם,false,,19.50,0.0390,true,1,830191
7290002003168,false,"שלישיית קרם ידיים קלאסי פנג'ל 80 מ""ל",אינטרקוסמא 1985 במ,IL,מארז שלישית פנג'ל קלאסיק,מיליליטרים,240.00,"100 מ""ל",false,,13.90,0.0579,true,1,830202
7290002007234,false,אבקת סוכר הנמל 100 גרם,הנמל אריזות ושיווק 1984 בע`מ,,אבקת סוכר הנמל 100 ג,גרמים,100.00,100 גרם,false,,1.60,0.0160,true,1,812965
7290002007241,false,סודה לשתיה הנמל 50 גרם,הנמל אריזות ושיווק (1984) בעמ,,סודה לשתיה הנמל 50 ג,100 יח',50.00,100 יח',false,,1.50,0.0300,true,1,6294335
7290002007357,false,שקיות צליה דליקטס מיקרוגל הנמל 10 יח',הנמל אריזות ושיווק (1984) בעמ,,שקיות לצליה הנמל 10,יח',10.00,יח',false,,3.80,0.3800,true,1,812967
7290002008149,false,מדליק פחם מוצק הנמל אריזת 40יח',הנמל אריזות ושיווק (1984) בעמ,,מדליק פחם מוצק מנגל,יח',40.00,יח',false,,5.80,0.1450,true,1,812982
7290002008347,false,קורנפלור 500 גרם הנמל,הנמל אריזות ושיווק (1984) בעמ,,קורנפלור 500 גרם הנמ,גרמים,500.00,100 גרם,false,,6.50,0.0130,true,1,993095
7290002008750,false,אבקת אפיה עשירייה הנמל 100 גרם,הנמל אריזות ושיווק 1984 בע`מ,,אבקת אפיה 10x10 גרם,100 יח',100.00,100 יח',false,,1.90,0.0190,true,1,6294336
7290002008835,false,מגן כיריים הנמל 4 יח,מיוצר בסין.יבוא ושיו,,מגן כיריים הנמל 4 יח,יח',4.00,יח',false,,4.00,1.0000,true,1,813000
7290002014201,false,חומוס מעדני מיקי 200 גרם,"סלטי שמיר 2006 בע""\מ",,חומוס 200 גרם,100 יח,200.00,100 יח,false,,7.90,0.0395,true,1,6510857
7290002014218,false,טחינה מעדני מיקי 200 גרם,"סלטי שמיר 2006 בע""\מ",,טחינה 200 גרם,גרמים,200.00,100 גרם,false,,7.90,0.0395,true,1,6510883
7290002014225,false,חציל במיונז 200 גרם מעדני מיקי,"סלטי שמיר 2006 בע""\מ",,חציל במיונז 200 גרם,גרמים,200.00,100 גרם,false,,7.90,0.0395,true,1,6510884
7290002014232,false,סלט טורקי 200 גרם מעדני מיקי,סלטי שמיר2006בעמ,,סלט טורקי 200 גרם,גרמים,200.00,100 גרם,false,,7.90,0.0395,true,1,6510885
7290002014751,false,כרוב אדום 200 גרם מעדני מיקי,"סלטי שמיר 2006 בע""\מ",,כרוב אדום 200 גרם,גרמים,200.00,100 גרם,false,,7.90,0.0395,true,1,6510886
7290002014799,false,מטבוחה מעדני מיקי 200 גרם,"סלטי שמיר 2006 בע""\מ",,מטבוחה 200 גרם,גרמים,200.00,100 גרם,false,,7.90,0.0395,true,1,6510887
7290002019114,false,רוטב עגבניות מרוכז מאד 28-30BX פריניר,ח.כהן סוכנות מזון ומשקאות בע,,רוטב עגבניות מרוכז מ,גרמים,580.00,100 גרם,false,,6.90,0.0119,true,1,811142
7290002019183,false,"עגבניות מקולפות 800ג בד""ץ פריניר*",ח.כהן סוכנות מזון ומשקאות בע,,פריניר עגב שלמות במי,גרמים,800.00,100 גרם,false,,6.80,0.0085,true,1,5056912
7290002019763,false,עגבניות מרוסקות 800ג פריניר ה.מכירה *,ח.כהן סוכנות מזון ומשקאות בע,,פריניר עגב מרוסקות A,גרמים,800.00,100 גרם,false,,6.70,0.0084,true,1,811144
7290002019787,false,רוטב עגבניות מרוכז מאוד 260 גרם פריניר,ח.כהן סוכנות מזון ומשקאות בע,,פריניר רוטב עגבניות,גרמים,260.00,100 גרם,false,,3.50,0.0135,true,1,811145
7290002019794,false,רוטב עגבניות מרוכז מאוד 100 גרם פריניר,ח.כהן סוכנות מזון ומשקאות בע,,פריניר רוטב עגבניות,גרמים,100.00,100 גרם,false,,1.90,0.0190,true,1,811146
7290002026358,false,אריסטו קראנץ צ`יפס בטטה זיגזג טוגנים 500,מוצרי איכות אמריקאיים בעמ,,ציפס בטטה קרינקל 500,גרמים,500.00,100 גרם,false,,15.50,0.0310,true,1,1018285
7290002026365,false,טבעות בצל אריסטו קראנץ' 500 גרם,מוצרי איכות אמריקאיים בעמ,,טבעות בצל 500גר,גרמים,500.00,100 גרם,false,,8.70,0.0174,true,1,1018286
7290002026402,false,בראנץ אנד קראנץ בלינצס גבינה 350 גרם,מוצרי איכות אמריקאיים בעמ,,בלינצ'ס גבינה,גרמים,350.00,100 גרם,false,,10.90,0.0311,true,1,865508
7290002026440,false,פרצלס בייגלה בראנץ אנד קראנץ 280 ג',מוצרי איכות אמריקאיים בעמ,,פרצלס קפוא 280 גרם,גרמים,280.00,100 גרם,false,,10.90,0.0389,true,1,849328
7290002026587,false,וופל בלגי פרווה בראנץ אנד קראנץ 8 יח',מוצרי איכות אמריקאיים בעמ,,ופל בלגי חם קפוא 280,גרמים,280.00,100 גרם,false,,10.90,0.0389,true,1,6287899
7290002037637,false,לחמניות הבית מתוקות מאפיית ודש) (4,מאפית י.את א. ברמן ב,,חליות מתוקות 4יח,יח',4.00,יח',false,,10.90,2.7250,true,1,5085439
7290002040019,false,קוסקוס רגיל מזון קוסקוס (350 גרם),הנמל אריזות ושיווק (1984) בעמ,,קוסקוס רגיל הנמל 350,גרמים,350.00,100 גרם,false,,5.30,0.0151,true,1,813003
7290002040064,false,קוסקוס דק להכנה מהירה בשקית 350 גרם,הנמל אריזות ושיווק (1984) בעמ,,קוסקוס דק הנמל 350 ג,גרמים,350.00,100 גרם,false,,5.30,0.0151,true,1,813005
7290002040071,false,קוסקוס עבה להכנה קלה ומהירה 350 גרם,הנמל אריזות ושיווק (1984) בעמ,,קוסקוס עבה הנמל 350,גרמים,350.00,100 גרם,false,,5.30,0.0151,true,1,813006
7290002040088,false,קוסקוס מלא מזון קוסקוס (350 גרם),הנמל אריזות ושיווק (1984) בעמ,,קוסקוס מלא הנמל 350,גרמים,350.00,100 גרם,false,,6.30,0.0180,true,1,813007
7290002043065,false,אקסטרה פריכיות אורז חום מלא בציפוי שוקולד מריר 70 גרם,א.ל.ייצור ושיווק תבלינים בעמ,,אקסטרה פריכוני אורז,יח',1.00,יח',false,,8.90,8.9000,true,1,6324393
7290002043072,false,אקסטרה פריכיות אורז חום מלא בציפוי שוקולד חלב 70 גרם,א.ל.ייצור ושיווק תבלינים בעמ,,אקסטרה פריכוני אורז,יח',1.00,יח',false,,8.90,8.9000,true,1,6324394
7290002043188,false,אקסטרה צ'יפס אורז חום מלא צ'ילי חריף 60 גרם,א.ל ייצור ושיווק תבלינים בעמ,,אקסטרה ציפס אורז חום,יח',1.00,יח',false,,6.90,6.9000,true,1,6342803
7290002043218,false,אקסטרה צ'יפס אורז חום מלא מלח 60 גרם,א.ל ייצור ושיווק תבלינים בעמ,,אקסטרה ציפס מלח ים 6,יח',1.00,יח',false,,6.90,6.9000,true,1,6324398
7290002043225,false,אקסטרה צ'יפס אורז חום מלא פפריקה 60 גרם,א.ל.ייצור ושיווק תבלינים בעמ,,אקסטרה ציפס פפריקה 6,גרמים,60.00,100 גרם,false,,6.90,0.1150,true,1,6324399
7290002043379,false,אקסטרה צ'יפס אורז חום מלא עדשים שחורות 60 גרם,נוהלס ג'\י אס סי.,,אקסטרה ציפס פרוטאין,גרמים,60.00,100 גרם,false,,7.90,0.1317,true,1,6324408
7290002043782,false,אקסטרה צ'יפס אורז חום מלא טקסס ברביקיו 60 גרם,א.ל.ייצור ושיווק תבלינים בעמ,,אקסטרה ציפס טקסס ברב,יח',1.00,יח',false,,6.90,6.9000,true,1,6324411
7290002043812,false,פריכוני אורז חום מלא,נוהלס,,אקסטרה פריכיות צ'יה,יח',1.00,יח',false,,4.60,4.6000,true,1,6324414
7290002043867,false,חטיף אורז אקסטרה בציפוי שוקולד לבן 90 גרם,א.ל ייצור ושיווק תבלינים בעמ,,חטיף אורז אקסטרה בצי,גרמים,90.00,100 גרם,false,,12.50,0.1389,true,1,6476408
7290002043874,false,חטיף אורז אקסטרה קרמל בציפוי שוקולד לבן,א.ל ייצור ושיווק תבלינים בעמ,,חטיף אורז אקסטרה קרמ,גרמים,90.00,100 גרם,false,,12.50,0.1389,true,1,6476409
7290002043898,false,חטיף אורז אקסטרה קוקוס בציפוי שוקולד לבן,א.ל ייצור ושיווק תבלינים בעמ,,חטיף אורז אקסטרה קוק,גרמים,90.00,100 גרם,false,,12.50,0.1389,true,1,6476411
7290002053088,false,אטריות ביצים דקיקים מספר 8 אוריינט 200 גרם,גורי מוצרי צריכה (1991) בעמ,PL,אטריות ביצים מס' 8 - 200,גרמים,200.00,100 גרם,false,,7.90,0.0395,true,1,800883
7290002053095,false,אטריות ביצים דקות מספר 10 אוריינט 200 גרם,גורי מוצרי צריכה (1991) בעמ,PL,אטריות ביצים מס' 10 - 200,גרמים,200.00,100 גרם,false,,7.90,0.0395,true,1,800884
7290002053118,false,אטריות ביצים עבות מספר 14 אוריינט 200 גרם,האי נאם סי או אל.טי.,PL,אטריות ביצים מס' 14 - 200,גרמים,200.00,100 גרם,false,,7.90,0.0395,true,1,800886
7290002053354,false,אטריות נודלס סיני להקפצה אוריינט 300 גרם,טאביט ספ.ז.או.או,PL,נודלס סיני 300 גר',גרמים,300.00,100 גרם,false,,13.90,0.0463,true,1,800887
7290002057017,false,זיתים ירוקים נובו קבוצת יבנה (540 גרם),קבוצת יבנה מוצרי מזון אגודה שי,,זית נובו 330 גרם,גרמים,330.00,100 גרם,false,,8.90,0.0270,true,1,809410
7290002057031,false,זיתים מבוקעים פיקנטי קבוצת יבנה 340 גרם,"קבוצת יבנה מוצרי מזון בע""מ",,זית יבנה מבוקע פיקנט,גרמים,340.00,100 גרם,false,,8.90,0.0262,true,1,809411
7290002057048,false,זית סורי מתובל בשמן קבוצת יבנה 560 גרם,"קבוצת יבנה מוצרי מזון בע""מ",,זית יבנה סורי מבוקע,גרמים,340.00,100 גרם,false,,10.50,0.0309,true,1,809412
7290002057086,false,זיתים מנזנילו גדול קבוצת יבנה 780 גרם,קבוצת יבנה מוצרי מזון בעמ,,זית מנזלינו גדול יבנ,גרמים,780.00,100 גרם,false,,17.90,0.0229,true,1,809416
7290002057109,false,זיתים יבנה ירוקים גדולים מאוד שום מנזלינ,קבוצת יבנה מוצרי מזון בעמ,,זיתים יבנה ירוקים גד,גרמים,340.00,100 גרם,false,,8.90,0.0262,true,1,809418
7290002057123,false,זיתים ירוקים מנזנילו קבוצת יבנה 560 גרם,קבוצת יבנה מוצרי מזון אגודה שי,,זית חרוזית ירוק יבנה,גרמים,275.00,100 גרם,false,,9.50,0.0345,true,1,809420
7290002057130,false,זיתים חרוזית קבוצת יבנה 650 גרם,"קבוצת יבנה מוצרי מזון בע""מ",,חרוזית ‏43‏ או יבנה,גרמים,650.00,100 גרם,false,,19.90,0.0306,true,1,809421
7290002057161,false,זיתים מרינט ביין גדול מאד קבוצת יבנה 340 גרם,קבוצת יבנה מוצרי מזון בעמ,,זית מרינדבחומץ יין י,גרמים,340.00,100 גרם,false,,8.90,0.0262,true,1,809424
7290002057178,false,זיתים שחורים גדולים מנזלינו קבוצת יבנה 3,קבוצת יבנה מוצרי מזון בעמ,,זיתים שחורים גדולים,גרמים,340.00,100 גרם,false,,8.70,0.0256,true,1,809425
7290002057185,false,טבעות זיתים ירוקים קבוצת יבנה 560 גרם,קבוצת יבנה מוצרי מזון אגודה שי,,טבעות זית ירוק 275 ג,גרמים,275.00,100 גרם,false,,9.20,0.0335,true,1,809426
7290002057215,false,"מלפפונים במלח ‏12‏-‏10‏ קבוצת יבנה 320 גרם בד""ץ",קבוצת יבנה,,"מלפפון במלח בד""צ 320",גרמים,320.00,100 גרם,false,,7.50,0.0234,true,1,809428
7290002057284,false,"זיתים חרוזית קבוצת יבנה 275 גרם בד""ץ",קבוצת יבנה מוצרי מזון בעמ,,זיתים חרוזית 275 גרם,גרמים,275.00,100 גרם,false,,9.50,0.0345,true,1,809434
7290002057291,false,פלפל חריף שיפקה A2יבנה 540 גרם,קבוצת יבנה,,שיפקה 225 גרם יבנה,גרמים,225.00,100 גרם,false,,5.50,0.0244,true,1,809435
7290002057321,false,"מלפפון במלח ‏25‏-‏21‏ יבנה 1.3 ק""ג",קבוצת יבנה,,מלפפון במלח 21-25 יב,גרמים,725.00,100 גרם,false,,15.90,0.0219,true,1,809438
7290002057352,false,מלפפונים במלח ‏9‏-‏7‏ קבוצת יבנה 320 גרם,"קבוצת יבנה מוצרי מזון בע""מ",,מלפפון יבנה במלח גדו,גרמים,320.00,100 גרם,false,,6.50,0.0203,true,1,809440
7290002057369,false,מלפפונים במלח ‏12‏-‏10‏ קבוצת יבנה 320 גרם,"קבוצת יבנה מוצרי מזון בע""מ",,מלפפון יבנה במלח בינ,גרמים,320.00,100 גרם,false,,7.50,0.0234,true,1,809441
7290002057376,false,מלפפונים במלח ‏17‏-‏13‏ קבוצת יבנה 320 גרם,"קבוצת יבנה מוצרי מזון בע""מ",,מלפפון יבנה במלח קטנ,גרמים,320.00,100 גרם,false,,9.90,0.0309,true,1,809442
7290002057383,false,מלפפון יבנה במלח קטנים מאוד 18-25 320 גר יבנה,"קבוצת יבנה מוצרי מזון בע""מ",,מלפפון יבנה במלח קטנ,גרמים,320.00,100 גרם,false,,12.90,0.0403,true,1,809443
7290002057437,false,פלפל שיפקונית קבוצת יבנה 225 גרם,קבוצת יבנה מוצרי מזון,,שיפקונית יבנה,גרמים,650.00,100 גרם,false,,9.90,0.0152,true,1,6343329
7290002057451,false,מלפפונים בחומץ ‏9‏-‏7 קבוצת יבנה 290 גרם,קבוצת יבנה מוצרי מזון אגודה שי,,מלפפון יבנה בחומץ גד,גרמים,290.00,100 גרם,false,,6.50,0.0224,true,1,809448
7290002057468,false,מלפפון יבנה בחומץ בינוניים 10-12 290 גרם,"קבוצת יבנה מוצרי מזון בע""מ",,מלפפון יבנה בחומץ בי,גרמים,290.00,100 גרם,false,,7.50,0.0259,true,1,809449
7290002057475,false,מלפפונים בחומץ ‏17‏-‏13 קבוצת יבנה 290 גרם,קבוצת יבנה מוצרי מזון אגודה שי,,מלפפון יבנה בחומץ קט,גרמים,290.00,100 גרם,false,,9.90,0.0341,true,1,809450
7290002057482,false,מלפפונים קטנים בחומץ קבוצת יבנה 560 גרם,קבוצת יבנה מוצרי מזון אגודה שי,,מלפפון יבנה בחומץ קט,גרמים,290.00,100 גרם,false,,12.90,0.0445,true,1,809451
7290002057543,false,"מלפפונים במלח ‏9‏-‏7‏ קבוצת יבנה 320 גרם בד""ץ",קבוצת יבנה מוצרי מזון בעמ,,מלפפון במלח 7-9 320,גרמים,320.00,100 גרם,false,,6.50,0.0203,true,1,809452
7290002057604,false,פלפל חריף שיפקה קבוצת יבנה (540 גרם),קבוצת יבנה מוצרי מזון אגודה שי,,פלפל חריף שיפקה קבוצ,גרמים,225.00,100 גרם,false,,5.50,0.0244,true,1,809455
7290002057628,false,זיתים מושחרים טבעות קבוצת יבנה (540 גרם),קבוצת יבנה מוצרי מזון אגודה שי,,זית טבעות מושחרים 2,גרמים,275.00,100 גרם,false,,8.90,0.0324,true,1,809457
7290002057703,false,חצילים במלח קבוצת יבנה 320 גרם,"קבוצת יבנה מוצרי מזון בע""מ",,חצילים במלח קבוצת יב,גרמים,320.00,100 גרם,false,,6.50,0.0203,true,1,809462
7290002057734,false,זיתים חרוזית מושחר קבוצת יבנה 275 גרם,קבוצת יבנה מוצרי מזון בעמ,,זית חרוזית שחור יבנה,גרמים,275.00,100 גרם,false,,8.90,0.0324,true,1,809464
7290002065555,false,שישיית לחמנייה הכי רכה בהפסקה אנג'ל 450 גרם,מאפיית שלמה א. אנג'\ל בע,,לחמניות אנג'ל 6 יחיד,גרמים,450.00,100 גרם,false,,10.90,0.0242,true,1,804440
7290002065616,false,לחם שיפון גרעינים פרוס אחדות (750 גרם),מאפיית שלמה א. אנג'\ל בע,,לחם שיפון גרעינים פר,גרמים,750.00,100 גרם,false,,12.50,0.0167,true,1,818191
7290002077268,false,מיני קציצות דג לבישול 500 גרם קהילות,האי נאם סי או אל.טי.,,מיני קציצות דגים 500,גרמים,500.00,100 גרם,false,,18.90,0.0378,true,1,811147
7290002105176,false,בשר מס' 4 כתף מחיר לפי מ,עוף ירושלים,,כתף מרכזי צרכני מס',קילוגרמים,1.00,"ק""ג",true,,44.90,44.9000,true,1,867256
7290002105329,false,צלעות קצרות מחפוד לפי מש,עוף ירושלים,,אצבעות אנטריקוט מחפו,קילוגרמים,1.00,"ק""ג",true,,81.90,81.9000,true,1,2303502
7290002105503,false,בורגר מזרחי קפוא גלאט 500ג' מחפוד,עוף ירושלים שיווק בעמ,,המבורגר בקר 500 גר מ,גרמים,500.00,100 גרם,false,,18.90,0.0378,true,1,867276
7290002105510,false,קבב מזרחי מתובל וקפוא גלאט הדר בשר 500ג',עוף ירושלים שיווק בעמ,,קבב מזרחי 500-מחפוד,גרמים,500.00,100 גרם,false,,18.90,0.0378,true,1,867277
7290002105527,false,גולש עגל 800 גר' מחפוד קפוא,עוף ירושלים שיווק בעמ,,גולש בקר 800 גרם מחפ,גרמים,800.00,100 גרם,false,,42.90,0.0536,true,1,867278
7290002105541,false,סטייק אנטריקוט מעובד קפוא ה.הבשר 800ג',עוף ירושלים שיווק בעמ,,סטייק אנטריקוט 800 ג,גרמים,800.00,100 גרם,false,,42.90,0.0536,true,1,867280
7290002105565,false,טחון הודו 500 גרם מחפוד מהדרין,עוף ירושלים שיווק בעמ,,הודו טחון עוף ירושלי,גרמים,500.00,100 גרם,false,,12.90,0.0258,true,1,867282
7290002105671,false,טחון עוף 500 גר' קפוא מחפוד,עוף ירושלים שיווק בעמ,,עוף טחון 500 גר מחפו,גרמים,500.00,100 גרם,false,,12.90,0.0258,true,1,867336
7290002105749,false,"טחון בקר 100% קפוא 1 ק""ג גאלט מחפוד",עוף ירושלים שיווק בעמ,,"בשר טחון 1 ק""ג מחפוד",100 קילו,1.00,100 קילו,false,,44.90,44.9000,true,1,867337
7290002105756,false,טחון בקר בתוספת חלבון מן הצומח מחפוד,עוף ירושלים שיווק בעמ,,"טחון בקר מחפוד 1ק""ג",גרמים,1000.00,100 גרם,false,,39.90,0.0399,true,1,877890
7290002105817,false,עצמות עגל פרוס ארוז קפוא מחפוד,עוף ירושלים מהדרין,,עצמות עגל פרוס קפוא,קילוגרמים,1.00,"ק""ג",true,,50.90,50.9000,true,1,980371
7290002105831,false,שניצל עגל בוואקום קפוא מחפוד,,,שניצל עגל בוואקום קפ,קילוגרמים,1.00,"ק""ג",true,,51.90,51.9000,true,1,3194318
7290002107071,false,גבינת פטה עיזים מעודנת 16% משק צוריאל 200 גרם,החברה המרכזית טלהפצת משקאות בע,,בולגרית עיזים מעודנת,גרמים,200.00,100 גרם,false,,22.50,0.1125,true,1,799965
7290002107385,false,גליל גבינת עיזים מה עז משק צוריאל 180 גרם,החברה המרכזית טלהפצת משקאות בע,,גליל גבינת עיזים מה,גרמים,180.00,100 גרם,false,,19.90,0.1106,true,1,799967
7290002107798,false,גבינה בולגרית מעודנת 5% משק צוריאל 250 גרם,*החברה המרכזית להפצת משקאותבעמ,,גבינה בולגרית מעודנת,גרמים,250.00,100 גרם,false,,19.70,0.0788,true,1,799970
7290002109488,false,קבב 100% אמיתי טיבון ויל 440 גרם,"טיבון ויל אחזקות בע""\מ",,קבב 100% אמיתי טיבון,גרמים,440.00,100 גרם,false,,19.90,0.0452,true,1,811162
7290002111085,false,"רוטב עגבניות 22% ""פרי מבורך"" 100 גרם","זנלכל בע""\מ",,רוטב עגבניות 22% 10,גרמים,100.00,100 גרם,false,,2.20,0.0220,true,1,815045
7290002111139,false,רסק תפוחי עץ טבעי בלי תוספת סוכר פרי מבו,"זנלכל בע""\מ",,רסק תפוחי עץ טבעי בל,גרמים,560.00,100 גרם,false,,7.80,0.0139,true,1,815047
7290002111214,false,גרעיני תירס לייט A2 פרי מבורך 550 גר',"זנלכל בע""\מ",,תירס מתוק לייט פרי מ,גרמים,335.00,100 גרם,false,,8.90,0.0266,true,1,815048
7290002111313,false,עגבניות קוביות A2.5 פרי מבורך 800ג' בדצ,פרי מבורך,,עגבניות קוביות פרי מ,גרמים,800.00,100 גרם,false,,9.90,0.0124,true,1,815050
7290002111337,false,רוטב עגבניות BX 22% פרי מבורך (240 גרם),"זנלכל בע""\מ",,רוטב עגבניות 22% 240,גרמים,240.00,100 גרם,false,,3.90,0.0162,true,1,815051
7290002111511,false,אפונת גינה וגזר פרי מבורך 550 גרם,"זנלכל בע""\מ",,אפונת גינה וגזר פרי,גרמים,335.00,100 גרם,false,,6.90,0.0206,true,1,815055
7290002111634,false,חומוס שלם פרי מבורך 290 גרם,"זנלכל בע""\מ",,חומוס פרי מבורך 550,גרמים,290.00,100 גרם,false,,6.90,0.0238,true,1,815057
7290002111696,false,עגבניות מרוסקות פרי מבורך 800 גרם,פרי מבורך,,עגבניות מרוסקות פרי,גרמים,800.00,100 גרם,false,,9.90,0.0124,true,1,815061
7290002111764,false,שעועית לבנה ברוטב עגבניות פרי מבורך 580,"זנלכל בע""\מ",,שעועית לבנה ברוטב עג,גרמים,355.00,100 גרם,false,,6.90,0.0194,true,1,815063
7290002111825,false,גרעיני תירס מתוק 550 גרם פרי מבורך,"זנלכל בע""\מ",,תירס מתוק פרי מבורך,גרמים,335.00,100 גרם,false,,6.90,0.0206,true,1,815065
7290002111948,false,"שעועית ירוקה חתוכה""פרי מבורך"" 550 גרם","זנלכל בע""\מ",,שעועית ירוקה חתוכה פ,גרמים,320.00,100 גרם,false,,9.90,0.0309,true,1,815068
7290002128069,false,נר לחגים כוס 26 שעות רמילוי,,,נר לחגים כוס 26 שעות,יח',1.00,יח',false,,2.20,2.2000,true,1,6175994
7290002128397,false,נר נשמה שבועי זכוכית,,,נר נשמה שבועי זכוכית,יח',1.00,יח',false,,9.90,9.9000,true,1,5958715
7290002128403,false,נרות שבת אורה מס 4 מנורה שי נר,אבאל יזמות בעמ,,נרות שבת אורה מספר 4,יח',1.00,יח',false,,2.90,2.9000,true,1,901283
7290002128434,false,נרות שבת אורה 10 יחידות,אבאל יזמות בעמ,,נרות שבת אורה מספר 1,יח',1.00,יח',false,,2.90,2.9000,true,1,901286
7290002128472,false,נרות 72 (4 שעות) רמילוי,,,נרות 72 (4 שעות) רמי,יח',1.00,יח',false,,19.90,19.9000,true,1,6333592
7290002128663,false,נרות חימום בלוק 50יח רמילוי,,,נרות חימום בלוק 50יח,יח',1.00,יח',false,,9.90,9.9000,true,1,6310945
7290002128816,false,נרות חימום שקית 50יח רמילוי,,,נרות חימום שקית 50יח,יח',1.00,יח',false,,8.90,8.9000,true,1,6327334
7290002128823,false,נרות חימום 100 בשקית רמילוי,,,נרות חימום 100 בשקית,יח',1.00,יח',false,,17.80,17.8000,true,1,6333594
7290002129455,false,פיצה איטלקית XL גדולה שלושת האופים 450 גרם,נטו מלינדה סחר בעמ,,פיצה איטלקית גדולה 4,גרמים,450.00,100 גרם,false,,19.90,0.0442,true,1,3403608
7290002129462,false,פיצה איטלקית דקה שלושת האופים מארז זוג 640 ג',נטו מלינדה סחר בעמ,,זוג פיצה איטלקית דקה,יח',1.00,יח',false,,19.90,19.9000,true,1,2647485
7290002129479,false,פיצה איטלקית דקה שלושת האופים 320 גר,האי נאם סי או אל.טי.,,פיצה איטלקית דקה שלו,יח',1.00,יח',false,,13.90,13.9000,true,1,2647486
7290002129486,false,פיצה איטלקית דקה זיתים 340 ג' שלושת האופים,האי נאם סי או אל.טי.,,פיצה איטלקית דקה שלו,גרמים,340.00,100 גרם,false,,13.90,0.0409,true,1,3061045
7290002130567,false,דבש דבורים טהור פרחי בר יד מרדכי 350 גרם,מכוורת יד מרדכי שטראוס ב,,דבש טהור 350 גרם,גרמים,350.00,100 גרם,false,,16.90,0.0483,true,1,805417
7290002130574,false,דבש טהור מפרחי בר בזכוכית 500 ג' יד מרדכי,מכוורת יד מרדכי שטראוס ב,,דבש טהור 500 גרם,גרמים,500.00,100 גרם,false,,24.70,0.0494,true,1,805418
7290002130581,false,דבש טהור מפרחי בר יד מרדכי (1 קג),מכוורת יד מרדכי שטראוס ב,,"דבש יד מרדכי 1 ק""ג",100 לקג,1.00,100 לקג,false,,42.90,42.9000,true,1,805419
7290002132011,false,עוגיות מזרחיות עם שומשום עבאדי (400 גר),מאפיית יוסף ושמחה עבאדי,,עוגיות מזרחיות מלוחו,גרמים,400.00,100 גרם,false,,16.90,0.0422,true,1,813672
7290002133032,false,פתיתי קשקבל 29% גבינות השומרון 300 גרם,"מחלבת השומרון בע""מ",,פתיתי קשקבל 29% גבינ,גרמים,300.00,100 גרם,false,,27.90,0.0930,true,1,798690
7290002133162,false,גבינה בולגרית 5% גבינות השומרון 250 גרם,מחלבת שומרון בעמ`,,גבינה בולגרית 5% גבי,גרמים,250.00,100 גרם,false,,16.90,0.0676,true,1,798692
7290002133247,false,לאבנה עם שמן זית וזעתר 5% גבינות השומרון 250 גרם,מחלבת שומרון בעמ`,,לאבנה עם שמן זית וזע,גרמים,250.00,100 גרם,false,,12.90,0.0516,true,1,798693
7290002133506,false,יוגורט של פעם חלב עיזים 4% גבינות השומרון 400 גרם,מחלבת השומרון,,יוגורט של פעם חלב עי,מיליליטרים,400.00,"100 מ""ל",false,,9.90,0.0248,true,1,798694
7290002133551,false,גבינת לאבנה עם שמן זית וזעתר 5% השומרון 500 גרם,מחלבת השומרון,,גבינת לאבנה עם שמן ז,גרמים,500.00,100 גרם,false,,14.90,0.0298,true,1,798699
7290002133575,false,יוגורט של פעם חלב כבשים 5% גבינות השומרון 400 גרם,מחלבת השומרון,,יוגורט של פעם חלב כב,מיליליטרים,400.00,"100 מ""ל",false,,12.10,0.0302,true,1,798700
7290002133889,false,גבינה בולגרית מעודנת 5% 250 גרם,מחלבת השומרון,,גבינה בולגרית מעודנת,גרמים,250.00,100 גרם,false,,18.90,0.0756,true,1,798710
7290002157953,false,מארז נתחי טונה בהירה בשמן קנולה - 4 יחידות,נטו מלינדה סחר בע`מ,,טונה ויליגר 392 גרם,גרמים,392.00,100 גרם,false,,18.90,0.0482,true,1,2493383
7290002157960,false,טונה ויליגר רביעייה 140 גר במי מלח,נטו מילנדה סחר בעמ*,,טונה ויליגר 392 גרם,גרמים,392.00,100 גרם,false,,18.90,0.0482,true,1,2493384
7290002190141,false,ריבת חלב 450 גר`גלעם קומידה,תומר יבוא ושיווק מוצרי מזון (1,,ריבת חלב גלעם 450ג',גרמים,450.00,100 גרם,false,,12.90,0.0287,true,1,803926
7290002253006,false,שום טרי כתוש צנצנת דורות 200 גרם,קבוצת אוסם סחר-שות.מוגבלת,,דורות שום כתוש טרי 2,גרמים,200.00,100 גרם,false,,15.90,0.0795,true,1,807119
7290002253013,false,ראשום שום כתוש דורות,מוצרי שום ותיבול דורות,,דורות ראשום 400 גר,גרמים,400.00,100 גרם,false,,19.90,0.0497,true,1,6215346
7290002253105,false,שום במגשית 20 שיניים כתושות קפוא 80,קבוצת אוסם סחר-שות.מוגבלת,,דורות קוביות שום טרי,גרמים,80.00,100 גרם,false,,9.90,0.1238,true,1,807123
7290002253150,false,קוביות בזיליקום קצוץ דורות 70 גרם,קבוצת אוסם סחר שותפות מוגבלת,,קוביות בזיליקום קצוץ,גרמים,70.00,100 גרם,false,,9.50,0.1357,true,1,807124
7290002253167,false,פטרוזיליה טרייה קצוצה מוקפאת 70 גרם,קבוצת אוסם סחר שותפות מוגבלת,,פטרוזיליה קצוצה דורו,גרמים,70.00,100 גרם,false,,9.50,0.1357,true,1,807125
7290002253198,false,ג'ינג'ר טרי כתוש במגשית 70 ג' דורות,קבוצת אוסם סחר-שות.מוגבלת,,דורות ג'ינג'ר טרי כת,גרמים,70.00,100 גרם,false,,9.50,0.1357,true,1,807128
7290002253235,false,דורות רוטב פסטו דורות,קבוצת אוסם סחר שותפות מוגבלת,,דורות רוטב פסטו 160ג,גרמים,160.00,100 גרם,false,,10.90,0.0681,true,1,1027151
7290002253310,false,דורות שום צילי חריף קוביות תערובת 80 גר,קבוצת אוסם סחר שותפות מוגבלת,,דורות שום צילי חריף,יח',1.00,יח',false,,12.90,12.9000,true,1,5657153
7290002263562,false,מיץ לימון משומר( 200 מל)תבליני מימון,א.ל.ייצור ושיווק תבלינים בעמ,,מיץ לימון 200מל 99.9,מיליליטרים,200.00,"100 מ""ל",false,,6.70,0.0335,true,1,6279593
7290002263586,false,מיץ לימון משומר ( 500 מל) תבליני מימון,א.ל.ייצור ושיווק תבלינים בעמ,,מיץ לימון 500מל 99.9,יח',1.00,יח',false,,10.90,10.9000,true,1,6279594
7290002263661,false,מיץ לימון 100% טבעי( 250 מל) תבליני מ,א.ל.ייצור ושיווק תבלינים בעמ,,מיץ לימון 250מל 100%,יח',1.00,יח',false,,7.80,7.8000,true,1,6279595
7290002281429,false,סטייק טונה אדומה מעובד ק,נטו מילנדה סחר בעמ*,,סטייק דג טונה אדומה,קילוגרמים,1.00,"ק""ג",true,,54.90,54.9000,true,1,5325461
7290002281436,false,סטייק דג טונה בהירה קפוא ללא עור,בין דין פישרי ויאטנם,,סטייק דג טונה בהירה,קילוגרמים,1.00,"ק""ג",true,,44.90,44.9000,true,1,5480180
7290002281498,false,גבינה צהובה מגורדת על בסיס חלב 500 ג' ריץ,נטו מילנדה סחר בעמ*,,ריץ' מגורדת 500 ג,גרמים,500.00,100 גרם,false,,17.90,0.0358,true,1,5872361
7290002298908,false,עצמות מוח בקר קפוא מ,,,עצמות מוח בקר קפוא מ,קילוגרמים,1.00,"ק""ג",true,,51.90,51.9000,true,1,1827179
7290002331360,false,"נביעות מים מינרליים טו גו מארז 500X6מ""ל",החברה המרכזית להפצת משקאות בעמ,,מים מינרלים נביעות 6,ליטרים,3.00,ליטר,false,,14.70,4.9000,true,1,800536
7290002331421,false,"שישיית מים מינרליים GO TO נביעות 755 מ""ל",החברה המרכזית להפצת משקאות בעמ,,מים מינרלים נביעות 6,ליטרים,4.53,ליטר,false,,16.90,3.7307,true,1,800537
7290002331483,false,נביעות מים מינרלים שישיה בייבי 330 מ`ל,החברה המרכזית להפצת משקאות בעמ,,מים מינרלים נביעות 6,ליטרים,1.92,ליטר,false,,13.90,7.2396,true,1,903422
7290002331490,false,מים מינרלים נביעות (1 ליטר),החברה המרכזית להפצת משקאות בעמ,,מים מינרליים נביעות,ליטרים,1.00,ליטר,false,,2.90,2.9000,true,1,926832
7290002333463,false,שעועית מש אורגני הרדוף 500 גרם,אול אורגני,,שעועית מש אורגני הרד,גרמים,500.00,100 גרם,false,,14.50,0.0290,true,1,800923
7290002333500,false,עדשים אדומות אורגני 500 גרם - הרדוף,אול אורגני,IL,עדשים אדומות אורגני 500 ג,גרמים,500.00,100 גרם,false,,11.90,0.0238,true,1,800925
7290002333678,false,שומשום מלא אורגני הרדוף 300 גרם,אול אורגני,,שומשום מלא אורגני הר,גרמים,300.00,100 גרם,false,,12.90,0.0430,true,1,800928
7290002333692,false,דוחן אורגני הרדוף 500 גרם,אול אורגני,,דוחן אורגני הרדוף 50,גרמים,500.00,100 גרם,false,,9.90,0.0198,true,1,800929
7290002333838,false,כוסמת אורגנית ירוקה 500 גרם - הרדוף,אול אורגני,,כוסמת אורגני הרדוף 5,גרמים,500.00,100 גרם,false,,8.90,0.0178,true,1,800931
7290002336808,false,"אסאדו ע""ח ע""ע טריחלק לקג",,,"קשתית אסאדו ע""ע טרי",קילוגרמים,1.00,"ק""ג",true,,59.90,59.9000,true,1,6275155
7290002341390,false,בשר מס 6 קפוא,,,בשר מס 6 קפוא,קילוגרמים,1.00,"ק""ג",true,,37.90,37.9000,true,1,2590516
7290002345022,false,אנטריקוט דק דק מינוט סטייק אל גאוצ'ו 250 גרם,"טיבון ויל אחזקות בע""\מ",,אנטריקוט דקדק 250 גר,גרמים,250.00,100 גרם,false,,15.90,0.0636,true,1,5907491
7290002345046,false,סטייק אנטירקוט קפוא 300 ג,,,סטייק אנטירקוט קפוא,גרמים,300.00,100 גרם,false,,23.90,0.0797,true,1,4058608
7290002345060,false,גב.מאסדם הולנדי 29% משקל,סר קאשנדל בי.וי,,מאסדם הולנדי,קילוגרמים,1.00,"ק""ג",true,,75.00,75.0000,true,1,4340818
7290002345077,false,דק דק שניצל בקר 250 גר`טיבון ויל אל גא,"טיבון ויל אחזקות בע""\מ",,שניצל בקר דקדק קפוא,גרמים,250.00,100 גרם,false,,14.90,0.0596,true,1,4464660
7290002345121,false,אסאדו דקדק אל גאוצ'ו 250 גרם,"טיבון ויל אחזקות בע""\מ",,אסאדו דקדק 250 גר,גרמים,250.00,100 גרם,false,,24.90,0.0996,true,1,6356795
7290002345169,false,סחוג ירוק 250גר רמי לוי,,,סחוג ירוק 250גר רמי,גרמים,250.00,100 גרם,false,,12.90,0.0516,true,1,3834319
7290002345176,false,סחוג אדום 250 גר רמי לוי,,,סחוג אדום 250 גר רמי,גרמים,250.00,100 גרם,false,,12.90,0.0516,true,1,3684815
7290002345183,false,אריסה מתוקה 250 גר רמי לוי,,,אריסה מתוקה 250 גר ר,גרמים,250.00,100 גרם,false,,12.90,0.0516,true,1,3684816
7290002345206,false,שום כתוש 250 גר רמי לוי,,,שום כתוש 250 גר רמי,גרמים,250.00,100 גרם,false,,12.90,0.0516,true,1,3684818
7290002345213,false,פלפל צומה 250 גרם רמי לוי,,,פלפל צומה 250 גרם רמ,גרמים,250.00,100 גרם,false,,12.90,0.0516,true,1,3899370
7290002345237,false,ממרח לימון כבוש 250 גר רמי לוי,,,ממרח לימון כבוש 250,גרמים,250.00,100 גרם,false,,12.90,0.0516,true,1,3684820
7290002345244,false,ממרח שום 250גר רמי לוי,,,ממרח שום 250גר רמי ל,גרמים,235.00,100 גרם,false,,12.90,0.0549,true,1,3684821
7290002345275,false,פילה דג סלמון מעושן 100 גר,,,פילה דג סלמון מעושן,גרמים,100.00,100 גרם,false,,17.90,0.1790,true,1,3959898
7290002345435,false,פילה מרלוזה ארגנטינאיתקפ,דלידג - נטו,,פילה מרלוזה ארגנטינא,קילוגרמים,1.00,"ק""ג",true,,26.90,26.9000,true,1,4290884
7290002349020,false,מלכודת עש המזון,,,מלכודת עש המזון,יח',1.00,יח',false,,24.90,24.9000,true,1,6375695
7290002349044,false,ספוג הקסם שלישייה-רמ,,,ספוג הקסם WOW רמילוי,יח',1.00,יח',false,,8.90,8.9000,true,1,6269253
7290002349198,false,ספוג רחצה סאקי,,,ספוג סאקי,יח',1.00,יח',false,,11.90,11.9000,true,1,6368953
7290002349204,false,ספוג רצועות לגב,,,ספוג רצועות לגב,יח',1.00,יח',false,,11.90,11.9000,true,1,6389002
7290002349211,false,כרית יפנית 4 יח רמי לוי,,,כרית יפנית 4 יח רמי,יח',1.00,יח',false,,8.30,8.3000,true,1,6324545
7290002349228,false,ספוג פלא עם שכבה ירוקה רמי לוי,,,ספוג פלא עם שכבה ירו,יח',1.00,יח',false,,8.30,8.3000,true,1,6320658
7290002349327,false,מטלית מיקרופייבר אידאלית לרצפה,,,מטלית מיקרופייבר איד,יח',1.00,יח',false,,9.80,9.8000,true,1,6394074
7290002349334,false,מטלית פרימיום לניקוי כללי,,,מטלית פרימיום לניקוי,יח',1.00,יח',false,,11.90,11.9000,true,1,6401347
7290002349549,false,מטליות מיקרופייבר עם ספוג - מותג הבית,,,מטליות מיקרופייבר לנ,יח',1.00,יח',false,,14.90,14.9000,true,1,6415563
7290002349587,false,כרית קרצוף נירוסטה רמילוי,,,כרית קרצוף נירוסטה ר,יח',1.00,יח',false,,7.90,7.9000,true,1,6431985
7290002353836,false,סרדינים רוברט בשמן זית 115 גרם,קונסרבס פורטוגל נורטה,,סרדינים בשמן זית רוב,גרמים,125.00,100 גרם,false,,7.90,0.0632,true,1,811186
7290002360124,false,חליטת צמחים ורד הבר והיביסקוס פומפדור 20 יחידות,ש.שסטוביץ בעמ,,חליטת צמחים ורד הבר,גרמים,30.00,100 גרם,false,,11.90,0.3967,true,1,804705
7290002360155,false,חליטת תה פרחי שומר פומפדור 20 שקיקים,ש. שסטוביץ בע`מ,,חליטת שומר פומפדור 2,גרמים,40.00,100 גרם,false,,11.90,0.2975,true,1,804706
7290002360285,false,חליטת צמחים פומפדור קמומיל 20 יחידות,ש. שסטוביץ בע`מ,,חליטת קמומיל פומפדור,גרמים,30.00,100 גרם,false,,11.90,0.3967,true,1,804710
7290002370512,false,גבינת פרמז'ן שקיל שמ,,,גבינת פרמז'ן קשה 27%,קילוגרמים,1.00,"ק""ג",true,,97.00,97.0000,true,1,6327159
7290002370543,false,גבינת מנצ'גו מחלב כב,,,גבינת קשה כבשים מנצ',קילוגרמים,1.00,"ק""ג",true,,97.00,97.0000,true,1,6352904
7290002370598,false,גבינת גאודה בגלגל הו,,,גבינת גאודה בגלגל הו,קילוגרמים,1.00,"ק""ג",true,,67.00,67.0000,true,1,6352909
7290002370604,false,גבינת עיזים חלב ישרא,,,גבינת עיזים חצי קשה,קילוגרמים,1.00,"ק""ג",true,,98.00,98.0000,true,1,6352910
7290002370802,false,גבינת עיזים בלוק רמי,,,גבינת עיזים בלוק רמי,קילוגרמים,1.00,"ק""ג",true,,100.00,100.0000,true,1,6420409
7290002370857,false,גבינת קשקבל גלגל רמי,,,גבינת קשקבל גלגל רמי,קילוגרמים,1.00,"ק""ג",true,,74.00,74.0000,true,1,6420433
7290002370864,false,גבינת מנצ'גו גלגל רמ,,,גבינת מנצ'גו גלגל רמ,קילוגרמים,1.00,"ק""ג",true,,100.00,100.0000,true,1,6420434
7290002371526,false,דקניקים סלסולי פסטרמה שום וצילי פיקנטי טירת צבי 120 גרם,תנובה מרכז שיתופי לשיווק תוצרת,,סלסולי פסטרמה שום וצ,גרמים,120.00,100 גרם,false,,14.90,0.1242,true,1,899401
7290002371533,false,דקניקים סלסולי פסטרמה דבש טירת צבי 120 גרם,תנובה מרכז שיתופי לשיווק תוצרת,,סלסולי פסטרמה דבש,גרמים,120.00,100 גרם,false,,13.90,0.1158,true,1,899402
7290002371854,false,נקניקיות עוף חריפות טירת צבי 2 * 500 גרם,תנובה מרכז שיתופי לשיווק תוצרת,,נקניקיות עוף חריפות,100 לקג,1.00,100 לקג,false,,22.90,22.9000,true,1,802528
7290002371939,false,סרוולד בסגנון צרפתי דליקטיב 120 גרם,תנובה מרכז שיתופי לשיווק תוצרת,,סרוולד צרפתי מ.ק. 12,גרמים,120.00,100 גרם,false,,23.90,0.1992,true,1,802529
7290002374640,false,שמן בריאות קנולה פלוס אומגה 3 עץ הזית 1 ליטר,סוגת תעשיות בעמ,,שמן קנולה פלוס אומגה,ליטרים,1.00,ליטר,false,,16.50,16.5000,true,1,985655
7290002385745,false,גבינת פיקורינו משולשים גד,מחלבות גד,,פקורינו משולש,קילוגרמים,1.00,"ק""ג",true,,135.00,135.0000,true,1,807857
7290002395409,false,גבינה צהובה 28% נועם,החברה המרכזית,,ג. צהובה 28% נעם,קילוגרמים,1.00,"ק""ג",true,,44.70,44.7000,true,1,855735
7290002395416,false,גבינה צהובה נעם 9%,החברה המרכזית,,ג. צהובה 9% נעם,קילוגרמים,1.00,"ק""ג",true,,71.00,71.0000,true,1,855736
7290002395423,false,גבינה צהובה 22% נועם,החברה המרכזית,,ג.צהובה 22% נעם,קילוגרמים,1.00,"ק""ג",true,,42.50,42.5000,true,1,855737
7290002402855,false,נקניקיות קוקטייל 400 גר' מחפוד,עוף ירושלים מהדרין,,נקניקיות קוקטייל 400,גרמים,400.00,100 גרם,false,,9.90,0.0248,true,1,898968
7290002402978,false,צוואר כבש לתנור ארוז קפוא מחפוד,,,צוואר כבש לתנור קפוא,קילוגרמים,1.00,"ק""ג",true,,71.90,71.9000,true,1,5494172
7290002404576,false,"מוריה- יין מתוק לייט 750 מ""ל",יקבי ארזה,,"מוריה לייט 750 מ""ל",מיליליטרים,750.00,"100 מ""ל",false,,16.20,0.0216,true,1,821819
7290002404583,false,יין קברנה סדרת היוצר בראשית*,יקבי ארזה ת.ר.ז. בעמ,IL,"קברנה 750 מנ""ל",מיליליטרים,750.00,"100 מ""ל",false,,34.90,0.0465,true,1,1120518
7290002404613,false,"יין וירטואוז קברנה 750 מ""ל היוצר",יקבי ארזה,,היוצר וירטואוזו קברנ,מיליליטרים,750.00,"100 מ""ל",false,,44.90,0.0599,true,1,1120521
7290002404828,false,תירוש ענבים 1 ליטר כשרות משולבת ארזה*,יקבי ארזה ת.ר.ז. בעמ,,מיץ ענבים תירוש יקב,ליטרים,1.00,ליטר,false,,15.90,15.9000,true,1,821821
7290002404958,false,יין גינוסר ליטר -מתוק לקידוש 1 ליטר,יקבי ארזה ת.ר.ז. בעמ,,גנוסר יין אדום מתוק,ליטרים,1.00,ליטר,false,,14.90,14.9000,true,1,821827
7290002404965,false,"מוריה יין אדום מתוק יקב ארזה 750 מ""ל",יקבי ארזה ת.ר.ז. בעמ,,מוריה יין אדום מתוק,מיליליטרים,750.00,"100 מ""ל",false,,16.20,0.0216,true,1,821828
7290002420927,false,נקניקיות קראנץ 1קג ר,,,נקניקיות קראנץ 1קג ר,100 קילו,1.00,100 קילו,false,,26.90,26.9000,true,1,3399494
7290002439981,false,קלאסיקו קבב בקר אל גאוצ'ו,"טיבון ויל אחזקות בע""\מ",IL,קלאסיקו קבב בקר אל ג,גרמים,400.00,100 גרם,false,,23.90,0.0597,true,1,1059962
7290002439998,false,קלאסיקו קבב בקר וכבש אלג,טיבון ויל - נטו,IL,קלאסיקו קבב בקר כבש,גרמים,400.00,100 גרם,false,,23.90,0.0597,true,1,1059963
7290002453383,false,נקניקיות מרגז טלה קפוא 500 גר`זוהר,זהר בשר עופות ובשר בעמ,,מרגז טלה 500 גר,גרמים,500.00,100 גרם,false,,24.90,0.0498,true,1,6391657
7290002478157,false,פרגיות ממולאות אורז מתקת,מעדני הטלה והעגל,,רבעי פרגיות ממולאות,קילוגרמים,1.00,"ק""ג",true,,49.80,49.8000,true,1,5507206
7290002487364,false,שלושת האופים ב. פילו גבינה זיתים 700 גר לנדא,שלושת האופים שגמור,,בורקס פילו גבינה זית,גרמים,700.00,100 גרם,false,,17.90,0.0256,true,1,811187
7290002488057,false,"תמר מגהול פרימיום 2 ק""",,,תמר מגהול פרימיום 2,יח',1.00,יח',false,,44.90,44.9000,true,1,6295525
7290002488460,false,תמר מג'הול עסיסי 500 גר,,,תמר מג'הול עסיסי 500,גרמים,500.00,100 גרם,false,,30.00,0.0600,true,1,6485825
7290002507277,false,קציצות דג דלידג 700 גרם,אף.סי תבליני בגליל ב,,קציצות דג דלידג 700,גרמים,700.00,100 גרם,false,,24.90,0.0356,true,1,3336328
7290002507604,false,פיצה שגב השף מאיטליה 350 גרם,האי נאם סי או אל.טי.,,פיצת השף שגב 320 ג,גרמים,320.00,100 גרם,false,,15.80,0.0494,true,1,2917452
7290002511137,false,מעדניה - פטה עיזים,מחלבת המושבה,IL,פטה עיזים 18%,קילוגרמים,1.00,"ק""ג",true,,99.00,99.0000,true,1,1121372
7290002511243,false,בולגרית מסורתית 16% משקל,"מחלבת המושבה בע""מ",,בולגרית מסורתית 16%,קילוגרמים,1.00,"ק""ג",true,,43.00,43.0000,true,1,1121350
7290002511250,false,גב.שמנת שום שמיר30% משקל,"מחלבת המושבה בע""מ",,שמנת שום שמיר 30%,קילוגרמים,1.00,"ק""ג",true,,38.00,38.0000,true,1,1121351
7290002511267,false,שמנת 30% פיקנטי המוש,"מחלבת המושבה בע""מ",,שמנת בטעם פסטו,קילוגרמים,1.00,"ק""ג",true,,38.00,38.0000,true,1,1121352
7290002511274,false,גבינת שמנת זיתים30%משקל,"מחלבת המושבה בע""מ",,שמנת זיתים 30%,קילוגרמים,1.00,"ק""ג",true,,38.00,38.0000,true,1,1121353
7290002511281,false,גבינת ברינזה צאן18% משקל,"מחלבת המושבה בע""מ",IL,ברינזה צאן 16%,קילוגרמים,1.00,"ק""ג",true,,67.00,67.0000,true,1,1121374
7290002511311,false,גבינת פיקורינו כבשים,,,גבינת פיקורינו כבשים,קילוגרמים,1.00,"ק""ג",true,,120.00,120.0000,true,1,5171994
7290002511397,false,גבינת ברי בקר במשקל,מחלבת מושבה,,ברי בקר המושבה,קילוגרמים,1.00,"ק""ג",true,,79.00,79.0000,true,1,3556175
7290002511427,false,אצבעות שוקולד וניל במשקל,"מחלבת המושבה בע""מ",IL,אצבעות שוקולד וניל,קילוגרמים,1.00,"ק""ג",true,,54.00,54.0000,true,1,1121375
7290002511670,false,גבינת צ'דר המושבה מע,,,גבינת צ'דר המושבה מע,קילוגרמים,1.00,"ק""ג",true,,87.00,87.0000,true,1,3119253
7290002511748,false,גאודה כמהין במשקל,"מחלבת המושבה בע""מ",,גבינת גאודה כמהין,קילוגרמים,1.00,"ק""ג",true,,128.00,128.0000,true,1,6275112
7290002511786,false,בולגרית עיזים 23 במשקל,"מחלבת המושבה בע""מ",,בולגרית עיזים,קילוגרמים,1.00,"ק""ג",true,,79.00,79.0000,true,1,6335788
7290002512004,false,מלווח צנעני 900 גרם קפוא,צנעני מוצרי בצק בעמ,,מלווח צנעני 900 ג,גרמים,900.00,100 גרם,false,,19.90,0.0221,true,1,876773
7290002512011,false,ג חנון בצק 900ג צנעני,צנעני מוצרי בצק בעמ,,גחנון צנעני 900 ג,גרמים,900.00,100 גרם,false,,19.90,0.0221,true,1,876774
7290002512066,false,ג`חנון אפוי צנעני למיקרוגל,צנעני מוצרי בצק בעמ,,ג'חנון אפוי 650גר צנ,גרמים,650.00,100 גרם,false,,19.90,0.0306,true,1,6366430
7290002512257,false,מלווח מפחת שומן 700 גרם צנעני,צנעני מוצרי בצק בעמ,,מלווח מופחת שומן 700,גרמים,700.00,100 גרם,false,,17.90,0.0256,true,1,2378039
7290002515333,false,"ד""ר פישר - קמיל בלו סנסיטיב אל סבון עדין לתינוק 500 מ""ל","פישר תעשיות פרמבצטיות בע""מ",IL,קמיל בלו סנסיטיב אל סבון,מיליליטרים,500.00,"100 מ""ל",false,,17.90,0.0358,true,1,827982
7290002515364,false,"קמיל בלו אל סבון לתינוק קלאסיק ד""ר פישר 500 מ""ל","פישר תעשיות פרמצביטות בע""מ",IL,קמיל בלו קלאסיק 500 משאבה,מיליליטרים,500.00,"100 מ""ל",false,,15.90,0.0318,true,1,827983
7290002515371,false,"קמיל בלו אל סבון לתינוקות ד""ר פישר 1 ליטר","פישר תעשיות פרמצבטיות בע""מ",IL,קמיל בלו קלאסיק ליטר,ליטרים,1.00,ליטר,false,,25.50,25.5000,true,1,827984
7290002543046,false,דגני בוקר קלוגס פרוסטיס 750 גרם,דיפלומט מפיצים (1968) בעמ**,DE,קלוגס פרוסטיס 750 ג',גרמים,750.00,100 גרם,false,,14.90,0.0199,true,1,804718
7290002543237,false,דגני בוקר קלוגס קורנפלקס 750 גרם,קלוגס קומפני אוף גרייט ב,DE,קלוגס קורנפלקס 750 ג',גרמים,750.00,100 גרם,false,,13.90,0.0185,true,1,804725
7290002552772,false,עשיריית קרחונים טעמים שונים ריאו 90 גרם,"גלידות ריאו ביח""ר לג",,קרחונים בטעמים שונים,יח',1.00,יח',false,,9.90,9.9000,true,1,818783
7290002581352,false,קרקר עם חיטה מלאה ללא סוכר 250 גר',אפיפית נצרת,,דגן קרקר חיטה מלאה ה,גרמים,250.00,100 גרם,false,,6.90,0.0276,true,1,818212
7290002596448,false,חזה בקר כבוש קורנדבי,מעדני הטלה והעגל,,חזה בקר כבוש קורנדבי,קילוגרמים,1.00,"ק""ג",true,,35.90,35.9000,true,1,1728979
7290002603474,false,פיצת השף מאיטליה רוטב פטריות בטעם כמהין 256 גרם,נטו מילנדה סחר בעמ*,,פיצת השף מאיטליה שגב,גרמים,220.00,100 גרם,false,,12.90,0.0586,true,1,3882374
7290002603498,false,פיצת השף מאיטליה CHEF שגב אנטיפסטי 220,האי נאם סי או אל.טי.,,פיצת השף מאיטליה שגב,גרמים,220.00,100 גרם,false,,12.90,0.0586,true,1,3882376
7290002603535,false,בסגנון פטה רמי לוי,,,בסגנון פטה רמי לוי,קילוגרמים,1.00,"ק""ג",true,,30.00,30.0000,true,1,5072741
7290002603764,false,כיסוני תפוא 600 גר רמי לוי,,,כיסוני תפוא 600 גר ר,גרמים,600.00,100 גרם,false,,9.90,0.0165,true,1,3684922
7290002603771,false,פלמני כיסוני בשר 600 גר רמי לוי,,,פלמני כיסוני בשר 600,גרמים,600.00,100 גרם,false,,9.90,0.0165,true,1,3684923
7290002603788,false,קובה חמוסטה 600 גר רמי לוי,,,קובה חמוסטה 600 גר ר,גרמים,600.00,100 גרם,false,,9.90,0.0165,true,1,3684924
7290002603801,false,קובה למרק 600 גר רמי לוי,,,קובה למרק 600 גר רמי,גרמים,600.00,100 גרם,false,,9.90,0.0165,true,1,3684925
7290002603863,false,אמפנדס בשר 600 גר רמי לוי,,,אמפנדס בשר 600 גר רמ,גרמים,600.00,100 גרם,false,,9.90,0.0165,true,1,3684900
7290002603887,false,קובה מטוגן 600 גר רמי לוי,,,קובה מטוגן 600 גר רמ,גרמים,600.00,100 גרם,false,,9.90,0.0165,true,1,3684902
7290002603900,false,פלאפל 500 גר רמי לוי,,,פלאפל 500 גר רמי לוי,גרמים,600.00,100 גרם,false,,9.90,0.0165,true,1,3684904
7290002603917,false,מאפה עלים למילוי 500 גר רמי לוי,,,מאפה עלים למילוי 500,גרמים,500.00,100 גרם,false,,9.90,0.0198,true,1,3684875
7290002603924,false,מאפה אגרול סיני 600 גר רמי לוי,,,מאפה אגרול סיני 600,גרמים,600.00,100 גרם,false,,9.90,0.0165,true,1,3684876
7290002603931,false,מאפה פסטל בשר 600 גר רמי לוי,,,מאפה פסטל בשר 600 גר,גרמים,600.00,100 גרם,false,,9.90,0.0165,true,1,3684877
7290002603948,false,"מאפה פסטל תפו""א 600 גר רמי לוי",,,"מאפה פסטל תפו""א 600",גרמים,600.00,100 גרם,false,,9.90,0.0165,true,1,3684878
7290002603955,false,מאפה סיגר בשר 600 גר רמי לוי,,,מאפה סיגר בשר 600 גר,גרמים,600.00,100 גרם,false,,9.90,0.0165,true,1,3684879
7290002603962,false,"מאפה סיגר תפו""א 600 גר רמי לוי",,,"מאפה סיגר תפו""א 600",גרמים,600.00,100 גרם,false,,9.90,0.0165,true,1,3684857
7290002603979,false,פיצה איטלקית 320גר רמי לוי,,,פיצה איטלקית 320גר ר,גרמים,350.00,100 גרם,false,,11.90,0.0340,true,1,3684928
7290002603986,false,פיצה מרגריטה זוג 640 גרם רמי לוי,,,פיצה מרגריטה זוג 640,גרמים,640.00,100 גרם,false,,20.90,0.0327,true,1,3858042
7290002603993,false,פיצה מרגריטה זיתים 340 גר רמי לוי,,,פיצה מרגריטה זיתים 3,גרמים,350.00,100 גרם,false,,12.90,0.0369,true,1,3684947
7290002608370,false,לחמניית בגט (רבע בגט,,,רבע באגט,יח',1.00,יח',false,,1.80,1.8000,true,1,2670159
7290002608509,false,לחם מחמצת זיתי קלמנט,,,לחם מחמצת זיתי קלמטה,גרמים,530.00,100 גרם,false,,16.90,0.0319,true,1,4120022
7290002608516,false,לחם מחמצת מקמח מלא (,פילסברי,,לחם מחמצת מקמח מלא,יח',1.00,יח',false,,16.90,16.9000,true,1,4120023
7290002610168,false,עוף מס' 2 קפוא חתם ס,,,עוף מס' 2 קפוא חתם ס,קילוגרמים,1.00,"ק""ג",true,,20.90,20.9000,true,1,3579430
7290002610182,false,חזה עוף קפוא ארוז חתם סופר,,,חזה עוף ארוז קפוא חת,קילוגרמים,1.00,"ק""ג",true,,28.90,28.9000,true,1,3579432
7290002610199,false,כנפיים עוף קפוא ארוז חתם סופר,,,כנפיים עוף ארוז קפוא,קילוגרמים,1.00,"ק""ג",true,,8.90,8.9000,true,1,3579433
7290002610212,false,ירכיים עוף ארוז קפוא חתם סופר,,,ירכיים עוף ארוז קפוא,קילוגרמים,1.00,"ק""ג",true,,27.90,27.9000,true,1,3579435
7290002610229,false,פרגיות עוף קפוא ארוז חתם סופר,,,פרגיות עוף ארוז קפוא,קילוגרמים,1.00,"ק""ג",true,,61.90,61.9000,true,1,3579436
7290002610236,false,שניצל עוף פרוס ארוז קפוא חתם סופר,,,שניצל עוף פרוס ארוז,קילוגרמים,1.00,"ק""ג",true,,29.90,29.9000,true,1,3579437
7290002610243,false,"סטייק פרגיות עוף ארוז קפוא חת""ס",,,סטייק פרגיות עוף ארו,קילוגרמים,1.00,"ק""ג",true,,51.90,51.9000,true,1,3579438
7290002610250,false,כבד עוף קפוא ארוז חתם סופר,,,כבד עוף ארוז קפוא חת,קילוגרמים,1.00,"ק""ג",true,,17.90,17.9000,true,1,3579439
7290002610267,false,לבבות עוף קפוא ארוז חתם סופר,,,לבבות עוף ארוז קפוא,קילוגרמים,1.00,"ק""ג",true,,25.90,25.9000,true,1,3579440
7290002610397,false,עוף שלם טרי ארוז חתם סופר,,,עוף טרי ארוז חתם סופ,קילוגרמים,1.00,"ק""ג",true,,18.90,18.9000,true,1,3579402
7290002610410,false,כרעיים עוף טרי ארוז חתם סופר,,,כרעיים טרי ארוז חתם,קילוגרמים,1.00,"ק""ג",true,,24.90,24.9000,true,1,3579404
7290002610441,false,שוקיים עוף טרי ארוז חתם סופר,,,שוקיים טרי ארוז חתם,קילוגרמים,1.00,"ק""ג",true,,27.90,27.9000,true,1,3579407
7290002610489,false,שניצל עוף טרי ארוז חתם סופר,,,שניצל עוף פרוס טרי א,קילוגרמים,1.00,"ק""ג",true,,36.90,36.9000,true,1,3579411
7290002610830,false,"שיפודי פרגית קפוא ארוז חת""ס",טיבון ויל,,שיפודי פרגיות ארוז,קילוגרמים,1.00,"ק""ג",true,,61.90,61.9000,true,1,5410047
7290002627098,false,פיצה ביס 350 גר` שלושת האופים 12 יח,שגמור ייצור ושווק מוצרי,,פיצה ביס 350ג שלושת,גרמים,350.00,100 גרם,false,,14.90,0.0426,true,1,6410174
7290002627128,false,פיצה איטלקית פסטו 325 ג,,,פיצה איטלקית פסטו 32,גרמים,325.00,100 גרם,false,,13.90,0.0428,true,1,6203559
7290002627135,false,פיצה איטלקית ד.גבינה 340 ג,,,פיצה איטלקית ד.גבינה,גרמים,340.00,100 גרם,false,,11.90,0.0350,true,1,6203560
7290002627975,false,פיצה עבה,,,פיצה עבה,גרמים,425.00,100 גרם,false,,14.90,0.0351,true,1,6314181
7290002651116,false,גחנון חמסי ארוז 1 קג,מאפיית אריאל,,"ג'חנון חמסי 1 ק""ג",גרמים,1000.00,100 גרם,false,,15.90,0.0159,true,1,810391
7290002651123,false,מלאווח חמסי ארוז 1 ק,מאפיית אריאל,,"מלוואח חמסי 1 ק""ג",גרמים,1000.00,100 גרם,false,,15.90,0.0159,true,1,810392
7290002661153,false,לחם דני קל פרוס ברמן (1 קג),מאפית י את א ברמן בע,,לחם דני קל 1 קג,גרמים,1.00,100 גרם,false,,15.90,15.9000,true,1,5085401
7290002674221,false,"אקווה פרש משחת שינים 100 מ""ל משאבה מנטה",גלקסו סמית קליין,GB,"אקוה פרש משאבה 100 מ""ל",גרמים,100.00,100 גרם,false,,11.80,0.1180,true,1,820445
7290002679066,false,שווארמה הודו נקבה טר,,,שווארמה הודו נקבה טר,קילוגרמים,1.00,"ק""ג",true,,59.90,59.9000,true,1,5185330
7290002679080,false,גרון הודו טרי,,,גרון הודו טרי,קילוגרמים,1.00,"ק""ג",true,,24.90,24.9000,true,1,5185332
7290002679097,false,חזה חצוי הודו טרי,,,חזה חצוי הודו טרי,קילוגרמים,1.00,"ק""ג",true,,29.90,29.9000,true,1,5185333
7290002679738,false,שווארמה הודו נקבה מח,,,שווארמה הודו נקבה מח,קילוגרמים,1.00,"ק""ג",true,,59.90,59.9000,true,1,5288589
7290002680314,false,עוף טרי,,,עוף טרי,קילוגרמים,1.00,"ק""ג",true,,18.90,18.9000,true,1,5185240
7290002680321,false,כרעיים עוף טרי,,,כרעיים עוף טרי,קילוגרמים,1.00,"ק""ג",true,,24.90,24.9000,true,1,5185241
7290002680338,false,שוקיים עוף טרי,,,שוקיים עוף טרי,קילוגרמים,1.00,"ק""ג",true,,27.90,27.9000,true,1,5185242
7290002680345,false,ירכיים עוף טרי,,,ירכיים עוף טרי,קילוגרמים,1.00,"ק""ג",true,,24.90,24.9000,true,1,5185243
7290002680352,false,שניצל עוף טרי,,,שניצל עוף טרי,קילוגרמים,1.00,"ק""ג",true,,36.90,36.9000,true,1,5185296
7290002680369,false,חזה שלם טרי,,,חזה שלם טרי,קילוגרמים,1.00,"ק""ג",true,,34.90,34.9000,true,1,5185297
7290002680376,false,פילה עוף טרי,,,פילה עוף טרי,קילוגרמים,1.00,"ק""ג",true,,34.90,34.9000,true,1,5185298
7290002680383,false,לב עוף טרי,,,לב עוף טרי,קילוגרמים,1.00,"ק""ג",true,,27.90,27.9000,true,1,5185299
7290002680390,false,שווארמה עוף טרי,,,שווארמה עוף טרי,קילוגרמים,1.00,"ק""ג",true,,54.90,54.9000,true,1,5185379
7290002680406,false,כנפיים עוף טרי,הוד חפר,,כנפיים עוף טרי,קילוגרמים,1.00,"ק""ג",true,,9.90,9.9000,true,1,5185380
7290002680413,false,כבד עוף טרי לצלייה ב,,,כבד עוף טרי לצלייה ב,קילוגרמים,1.00,"ק""ג",true,,22.90,22.9000,true,1,5185300
7290002680420,false,קורקבן עוף טרי,,,קורקבן עוף טרי,קילוגרמים,1.00,"ק""ג",true,,9.90,9.9000,true,1,5185381
7290002680604,false,שניצל דק דק רמי לוי,,,שניצל דק דק רמי לוי,קילוגרמים,1.00,"ק""ג",true,,33.90,33.9000,true,1,5185382
7290002681021,false,כרעיים מפורק עוף טרי,,,כרעיים מפורק עוף טרי,קילוגרמים,1.00,"ק""ג",true,,44.90,44.9000,true,1,5185301
7290002681120,false,סטייק פרגית פרמיום,,,סטייק פרגית פרמיום,קילוגרמים,1.00,"ק""ג",true,,59.90,59.9000,true,1,5185384
7290002681137,false,שניצל דק דק פרימיום,,,שניצל דק דק פרימיום,קילוגרמים,1.00,"ק""ג",true,,39.90,39.9000,true,1,5185385
7290002681526,false,עוף שלם טרי מחפוד,,,עוף שלם טרי מחפוד,קילוגרמים,1.00,"ק""ג",true,,22.90,22.9000,true,1,5288596
7290002681533,false,חזה טרי מחפוד,,,חזה טרי מחפוד,קילוגרמים,1.00,"ק""ג",true,,29.90,29.9000,true,1,5288597
7290002681540,false,כרעיים טרי מחפוד,,,כרעיים טרי מחפוד,קילוגרמים,1.00,"ק""ג",true,,29.90,29.9000,true,1,5288598
7290002681557,false,ירכיים טרי מחפוד,,,ירכיים טרי מחפוד,קילוגרמים,1.00,"ק""ג",true,,29.90,29.9000,true,1,5288599
7290002681564,false,שוקיים עוף טרי מחפוד,,,שוקיים עוף טרי מחפוד,קילוגרמים,1.00,"ק""ג",true,,32.90,32.9000,true,1,5288600
7290002681571,false,שווארמה עוף טרי מחפו,,,שווארמה עוף טרי מחפו,קילוגרמים,1.00,"ק""ג",true,,69.90,69.9000,true,1,5288601
7290002681595,false,כבד עוף טרי מחפוד,,,כבד עוף טרי מחפוד,קילוגרמים,1.00,"ק""ג",true,,29.90,29.9000,true,1,5288603
7290002681601,false,כנפיים טרי מחפוד,,,כנפיים טרי מחפוד,קילוגרמים,1.00,"ק""ג",true,,12.90,12.9000,true,1,5288604
7290002681618,false,גרון עוף טרי מחפוד,,,גרון עוף טרי מחפוד,קילוגרמים,1.00,"ק""ג",true,,9.90,9.9000,true,1,5288605
7290002681625,false,שניצל עוף טרי מחפוד,,,שניצל עוף טרי מחפוד,קילוגרמים,1.00,"ק""ג",true,,34.90,34.9000,true,1,5288606
7290002681960,false,שווארמה עוף קפוא,קורניש חן (1987) בעמ,,פרגית ארוז קפוא,קילוגרמים,1.00,"ק""ג",true,,44.90,44.9000,true,1,6445691
7290002683711,false,פילה עוף מובחר פרימי,,,פילה עוף מובחר פרימי,קילוגרמים,1.00,"ק""ג",true,,34.90,34.9000,true,1,6324450
7290002683728,false,חזה עוף פרימיום,,,חזה עוף פרימיום,קילוגרמים,1.00,"ק""ג",true,,35.90,35.9000,true,1,6324451
7290002683735,false,כרעיים פרימיום,,,כרעיים פרימיום,קילוגרמים,1.00,"ק""ג",true,,29.90,29.9000,true,1,6324452
7290002683742,false,שוקיים פרימיום,,,שוקיים פרימיום,קילוגרמים,1.00,"ק""ג",true,,29.90,29.9000,true,1,6324453
7290002683759,false,כנפיים פרימיום,,,כנפיים פרימיום,קילוגרמים,1.00,"ק""ג",true,,15.00,15.0000,true,1,6324454
7290002692393,false,שמן קנולה מזוכך מועשר עץ הזית (1 ליטר),סוגת תעשיות בעמ,,שמן קנולה מזוכך מועש,ליטרים,1.00,ליטר,false,,14.80,14.8000,true,1,811595
7290002692478,false,"שמן זית כתית מעולה קלאסי מעודן 750 מ""ל עץ הזית","מרקאולאו, ספרד.אבסה,",,שמן זית כתית מעולה מ,מיליליטרים,750.00,"100 מ""ל",false,,32.80,0.0437,true,1,811598
7290002692768,false,"תרסיס שמן קנולה מזוכך ללא תוספת גז עץ הזית 200 מ""ל",טרנסומס פוד איי בי,,תרסיס שמן קנולה עץ ה,מיליליטרים,200.00,"100 מ""ל",false,,15.70,0.0785,true,1,811602
7290002692775,false,"תרסיס שמן קנולה בטעם חמאה עץ הזית 200 מ""ל",סוגת תעשיות בעמ,,תרסיס שמן חמאה עץ הז,מיליליטרים,200.00,"100 מ""ל",false,,15.70,0.0785,true,1,5285853
7290002692782,false,"תרסיס שמן זית כתית מעולה ללא תוספת גז עץ הזית 150 מ""ל",י.ב טכנולוגיות אריזה,,תרסיס שמן זית עץ הזי,מיליליטרים,148.00,"100 מ""ל",false,,15.70,0.1061,true,1,811604
7290002710004,false,ביצים אורגניות מן הטבע 12 יחידות,מן הטבע בארותיים,,ביצים אורגניות מן הט,יח',1.00,יח',false,,21.90,21.9000,true,1,816757
7290002710110,false,מן הטבע ביצי חופש 12יח.,מן הטבע בארותיים,,ביצי חופש 12 יח מן ה,יח',1.00,יח',false,,16.90,16.9000,true,1,816758
7290002715504,false,ארוחת נודלס בטעם עוף מג`יק (70 גרם),נטו מלינדה סחר בע`מ,,ארוחת נודלס בטעם עוף,גרמים,70.00,100 גרם,false,,4.50,0.0643,true,1,811201
7290002715511,false,ארוחת נודלס בטעם בשר מג`יק (70 גרם),נטו מילנדה סחר בעמ*,,ארוחת נודלס בטעם בשר,גרמים,70.00,100 גרם,false,,4.50,0.0643,true,1,811202
7290002715580,false,ארוחת נודלס בטעם סיני חריף מג'יק 70 גרם,נטו מילנדה סחר בעמ*,,ארוחת נודלס בטעם סינ,גרמים,70.00,100 גרם,false,,4.50,0.0643,true,1,811205
7290002730262,false,נוזל לניקוי כלים קלאסי פלמוליב (750 מל),יבואן ומשווק: ש. שסט,,נוזל לניקוי כלים קלא,מיליליטרים,750.00,"100 מ""ל",false,,11.90,0.0159,true,1,804729
7290002730521,false,צימרוני אוזניים בלונס בקופסא 200 יח',ש. שסטוביץ בע`מ,,צמרוני אוזניים בלונס,יח',200.00,יח',false,,5.90,0.0295,true,1,804732
7290002730538,false,פדיות להסרת איפור בלונס 80 יחידות,הנסיך- מפעל לייצור ט,,פדיות להסרת איפור בל,יח',80.00,יח',false,,7.90,0.0988,true,1,804733
7290002730675,false,"קולגייט משחת שיניים אדומה משפחתי 100 מ""ל",קולגייט-פלמוליב,,משחת שיניים קולגייט,מיליליטרים,100.00,"100 מ""ל",false,,10.90,0.1090,true,1,804735
7290002730811,false,"משחת שיניים ג'ל פסים מרעננים קולגייט 100 מ""ל",הנסיך- מפעל לייצור ט,,משחת שיניים ג'ל פסים,100 מל,100.00,100 מל,false,,11.90,0.1190,true,1,804736
7290002730903,false,פלמוליב סבון מוצק ורדים רביעייה * 125 ג',הנסיך- מפעל לייצור ט,,סבון מוצק ורדים פלמו,גרמים,500.00,100 גרם,false,,16.90,0.0338,true,1,804738
7290002730941,false,כדורי צמר גפן בלונס 100 יחידות,הנסיך- מפעל לייצור ט,,צמר גפן פרוס בלונס 1,גרמים,100.00,100 גרם,false,,5.90,0.0590,true,1,804741
7290002730958,false,סבון מוצק בניחוח זיתים ואלוורה פלמוליב 4*100 גרם,הנסיך- מפעל לייצור ט,,סבון מוצק בניחוח זית,גרמים,400.00,100 גרם,false,,16.90,0.0422,true,1,804742
7290002735809,false,בצק עלים רמי לוי 1קג,ינון,IL,בצק עלים רמי לוי 1קג,גרמים,1000.00,100 גרם,false,,11.90,0.0119,true,1,1118733
7290002735816,false,גחנון רמי לוי 750 גרם,ינון,IL,גחנון רמי לוי 750 גר,גרמים,750.00,100 גרם,false,,11.90,0.0159,true,1,1118734
7290002735823,false,מלווח רמי לוי 700 גרם,ינון,IL,מלווח רמי לוי 700 גר,גרמים,700.00,100 גרם,false,,11.90,0.0170,true,1,1118735
7290002735830,false,בורקס תפוא רמי לוי 800 גרם,ינון,IL,בורקס תפוא רמי לוי 8,גרמים,800.00,100 גרם,false,,10.90,0.0136,true,1,1118736
7290002735847,false,בורקס גבינה רמי לוי 800 גרם,ינון,IL,בורקס גבינה רמי לוי,גרמים,800.00,100 גרם,false,,12.90,0.0161,true,1,1118737
7290002735854,false,גחנון אפוי רמי לוי 600 גרם,ינון,IL,גחנון אפוי רמי לוי 6,גרמים,600.00,100 גרם,false,,11.90,0.0198,true,1,1118738
7290002735953,false,בצק פריך מלוח 900ג רמילוי,,,בצק פריך מלוח 900ג ר,גרמים,900.00,100 גרם,false,,19.80,0.0220,true,1,6295236
7290002735960,false,פילאס טורקי 600ג רמילוי,,,פילאס טורקי 600ג רמי,מיליליטרים,600.00,"100 מ""ל",false,,14.90,0.0248,true,1,6292555
7290002748229,false,כרעיים עוף ארוז קפוא,עוף ירושלים מהדרין,,כרעיים עוף ארוז קפוא,קילוגרמים,1.00,"ק""ג",true,,28.90,28.9000,true,1,888661
7290002748250,false,חזה עוף ארוז קפוא שק,עוף ירושלים,,חזה עוף ארוז קפוא שק,קילוגרמים,1.00,"ק""ג",true,,26.90,26.9000,true,1,802370
7290002748281,false,שוקיים עוף ארוז קפוא,עוף ירושלים,,שוקיים עוף ארוז קפוא,קילוגרמים,1.00,"ק""ג",true,,26.90,26.9000,true,1,802372
7290002748298,false,ירכיים עוף ארוז קפוא,עוף ירושלים,,ירכיים עוף ארוז קפוא,קילוגרמים,1.00,"ק""ג",true,,27.90,27.9000,true,1,888662
7290002748328,false,כבד עוף ארוז קפוא שק,עוף ירושלים,,כבד עוף ארוז קפוא שק,קילוגרמים,1.00,"ק""ג",true,,17.90,17.9000,true,1,888663
7290002748335,false,לבבות עוף שקיל,עוף ירושלים מהדרין,,לבבות עוף שקיל,קילוגרמים,1.00,"ק""ג",true,,25.90,25.9000,true,1,888664
7290002748366,false,חזה עוף פרוס ארוז קפ,עוף ירושלים,,חזה עוף פרוס ארוז קפ,קילוגרמים,1.00,"ק""ג",true,,29.90,29.9000,true,1,888665
7290002748472,false,ירכיים טרי ארוז,תנובה,,ירכיים טרי ארוז,קילוגרמים,1.00,"ק""ג",true,,24.90,24.9000,true,1,944035
7290002748557,false,גרון טרי ארוז,תנובה,,גרון טרי ארוז,קילוגרמים,1.00,"ק""ג",true,,11.90,11.9000,true,1,944041
7290002750154,false,לחמניה יאמיס שישייה אפיה מקומית,ג נרל מילס ישראל בעמ ~~~,,מארז6 לחמניית יאמי,יח',1.00,יח',false,,12.90,12.9000,true,1,2670161
7290002750178,false,ג'בטה 180 כפרית,פילסברי,,ג'בטה 180 כפרית,יח',1.00,יח',false,,4.90,4.9000,true,1,2565696
7290002750383,false,לחם מחמצת טוסקאני כפ,פילסברי,,לחם מחמצת טוסקני כפר,יח',1.00,יח',false,,16.90,16.9000,true,1,6392088
7290002750406,false,סופגניה עם ריבה פילסברי 95 גרם,פילסברי,,סופגנייה פילסברי,יח',1.00,יח',false,,3.90,3.9000,true,1,5102701
7290002750710,false,סופגניה מיני עם ריבה פילסברי 40 גרם,פילסברי,,סופגנייה מיני פילסבר,יח',1.00,יח',false,,2.90,2.9000,true,1,5102516
7290002750963,false,באגט רוסטיק פילסברי,פילסברי,,באגט רוסטיק,יח',1.00,יח',false,,7.90,7.9000,true,1,800353
7290002750987,false,חלה פילסברי קלועה מתוקה 550ג',ג`נרל מילס ישראל בעמ,,חלה רגילה קלועה פילס,יח',1.00,יח',false,,12.40,12.4000,true,1,2565627
7290002752332,false,"סוכריות מנטוס פירות בגליל, 37.5 גרם",הדקלאים אגודת שיתופי,,סוכריות בטעם פירות מ,גרמים,37.50,100 גרם,false,,2.90,0.0773,true,1,814698
7290002752349,false,סוכריות מנטוס מנטה 40יח' בגליל 38ג',ליימן שליסל בעמ,,סוכריות מנטה מנטוס 3,גרמים,37.50,100 גרם,false,,2.90,0.0773,true,1,814699
7290002753223,false,רביעייה סוכריות תפוז 4*16 ג' טיק טק,פרימיום-חברה לדברי מתיקה ולמסח,,טיק טק תפוז רביעייה,גרמים,64.00,100 גרם,false,,9.90,0.1547,true,1,814701
7290002753995,false,סוכריות עדשים לקישוט עוגה וורנר 6*25 גרם,היינץ צפון אמריקה מק,,סוכריות עדשים לקישוט,גרמים,150.00,100 גרם,false,,15.90,0.1060,true,1,814703
7290002757511,false,דלידג קציצות דג לבישול 750 גר קהילות,נטו מלינדה סחר בע`מ,,קציצות דג לבישול דלי,גרמים,750.00,100 גרם,false,,24.90,0.0332,true,1,811214
7290002757665,false,קבב מזרחי טיבון ויל 400 ג',נטו מלינדה סחר בעמ,,קבב מזרחי 400 גרם,גרמים,400.00,100 גרם,false,,9.90,0.0248,true,1,811217
7290002757672,false,המבורגר מזרחי טיבון ויל 400ג',נטו מילנדה סחר בעמ*,,המבורגר 400 גרם,גרמים,400.00,100 גרם,false,,9.90,0.0248,true,1,811218
7290002768036,false,"מי פה תיאדנט ענק מונע עששת 150מ""ל",החברה הדרומית לשיווק בעמ,,מי פה למניעת עששת תי,מיליליטרים,150.00,"100 מ""ל",false,,14.70,0.0980,true,1,828805
7290002768043,false,"תיאדנט מי-פה ענק פלאוריד 150 מ""ל",החברה הדרומית לשיווק בעמ,,"מי פה תיאדנט 150 מ""ל",מיליליטרים,150.00,"100 מ""ל",false,,14.70,0.0980,true,1,828806
7290002768074,false,אל סבון נוזלי רגיל דרמפון 1 ליטר,החברה הדרומית לשיווק בעמ,,אל סבון נוזלי רגיל ד,ליטרים,1.00,ליטר,false,,17.80,17.8000,true,1,828807
7290002768159,false,"קצף אמבט בת אורן קרליין 500 מ""ל",החברה הדרומית לשיווק בעמ,,קצף אמבט בת אורן קרל,מיליליטרים,500.00,"100 מ""ל",false,,17.90,0.0358,true,1,828808
7290002771104,false,קפה עם הל אל נחלה 500 גרם,קפה אל נחלה בני רפיק,,קפה עם הל אל נחלה 50,גרמים,500.00,100 גרם,false,,29.90,0.0598,true,1,821330
7290002771111,false,.קפה אלנחילה 250 גר עם הל,קפה אל נחלה בני רפיק,,קפה עם הל אל נחלה 25,גרמים,250.00,100 גרם,false,,15.90,0.0636,true,1,821331
7290002771128,false,קפה אלנח'לה בלי הל 250 ג',קפה אל נחלה בני רפיק,,קפה אל נחלה 250 גרם,גרמים,250.00,100 גרם,false,,15.90,0.0636,true,1,821332
7290002771326,false,קפסולות קפה אלנחלה קלוי טחון עם הל 10 יח,קפה אל נח'לה,,קפסולות קפה קלוי וטח,יח',1.00,יח',false,,18.90,18.9000,true,1,6215385
7290002773214,false,דניס נקי טרי,,,דניס נקי טרי,קילוגרמים,1.00,"ק""ג",true,,64.90,64.9000,true,1,6077424
7290002773887,false,ברמונדי נקי טרי,,,ברמונדי נקי טרי,קילוגרמים,1.00,"ק""ג",true,,49.90,49.9000,true,1,6077426
7290002773924,false,לברק נקי טרי,,,לברק נקי טרי,קילוגרמים,1.00,"ק""ג",true,,69.90,69.9000,true,1,6077428
7290002782131,false,"פנינה רוזנבלום - דאודורנט ספריי לאישה מס' 1 150 מ""ל","פנינה רוזנבלום בע""מ",,דאודורנט ספריי מס' 1,מיליליטרים,150.00,"100 מ""ל",false,,23.90,0.1593,true,1,816973
7290002782742,false,"פנינה רוזנבלום - דאודורנט ספריי לאישה מס' 2 150 מ""ל",פנינה רוזנבלום בעמ,,דאודורנט ספריי לנשים,מיליליטרים,150.00,"100 מ""ל",false,,14.90,0.0993,true,1,816975
7290002782759,false,קרם גוף מספר 2 פנינה רוזנבלום (340 מל),"פנינה רוזנבלום בע""מ",,קרם גוף מס' 2 פנינה,מיליליטרים,340.00,"100 מ""ל",false,,19.90,0.0585,true,1,816972
7290002793311,false,שירות והחלפה מילוי גז 60 סודהסטרים,א.א צ יקו שיווק והפצה,,מילוי גז למיכל סודה,יח',1.00,יח',false,,48.90,48.9000,true,1,813107
7290002800361,false,המבורגר ואקום 500 גר`מסעדות,מעדני הטלה והעגל,,המבורגר ואקום 500 גר,גרמים,500.00,100 גרם,false,,22.90,0.0458,true,1,3207694
7290002814054,false,סנט מוריץ מתז אנטרטיק מתז 1 ליטר,קומפלקס כימיקלסבעמ ~~~,,אנטרטיק במתז 1 ליטר,יח',1.00,יח',false,,9.90,9.9000,true,1,5502834
7290002814290,false,קצף מרוכז blanco בניחוח לימון משמיד 99.9% חיידקים סנט מוריץ 1 ליטר,קומפלקס כימיקלים בעמ,,קצף מרוכז אקונומיקה,יח',1.00,יח',false,,9.90,9.9000,true,1,6300113
7290002814368,false,"סנט מוריץ - מרסס מסיר שומנים קר 800 מ""ל",,,מסיר שומנים קר מתז 8,מיליליטרים,800.00,"100 מ""ל",false,,13.90,0.0174,true,1,6333236
7290002814528,false,סנט מוריץ נוזל לאסלה No1 ירוק 1 ליטר,קומפלקס כימיקלסבעמ ~~~,,סנט מוריץ מס' 1 לאסל,ליטרים,1.00,ליטר,false,,4.90,4.9000,true,1,816786
7290002814597,false,סנט מוריץ טורנדו נוזל לפתיחת סתימות 1 לי,קומפלקס כימיקלסבעמ ~~~,,סנט מוריץ טורנדו נוז,מטרים,1000.00,100 מ'ל,false,,14.90,0.0149,true,1,2261849
7290002814610,false,סנט מוריץ מסיר שומנים מבושם שחור 1 ליטר,קומפלקס כימיקלים בעמ,,סנט מוריץ מסיר שומני,יח',1.00,יח',false,,12.90,12.9000,true,1,6307801
7290002814689,false,"נוזל כלים סנט מוריץ בניחוח לימון מארז 750X3מ""ל",קומפלקס כימיקלים,,נוזל לכלים שלישייה 7,מיליליטרים,750.00,"100 מ""ל",false,,16.50,0.0220,true,1,816789
7290002814849,false,סנט מוריץ סבון אסלה שלישייה כחול אוקיינוס,קומפלקס כימיקלים בעמ,,סנט מוריץ סבון אסלה,יח',3.00,יח',false,,9.90,3.3000,true,1,2710070
7290002814870,false,"סנט מוריץ - מרסס מסיר שומנים קר מבושם לוונדר\פרחים 750 מ""ל",קומפלקס כימיקלים בעמ,,מסיר שומנים קר מבושם,מיליליטרים,750.00,"100 מ""ל",false,,12.90,0.0172,true,1,5445486
7290002814931,false,סנט מוריץ שמפו רצפות בניחוח פרחים 4 ליטר - מרכז,קומפלקס כימיקלים בעמ,,סנט מוריץ רצפות בניח,ליטרים,4.00,ליטר,false,,9.90,2.4750,true,1,816792
7290002823025,false,אמנון נקי טרי,,,אמנון נקי טרי,קילוגרמים,1.00,"ק""ג",true,,28.90,28.9000,true,1,6077365
7290002824183,false,"גבינה לבנה סקי 500 גרם 5% ""שטראוס"" -מוצר בפיקוח",שטראוס גרופ בעמ/מצונן,,גבינה לבנה סקי 5% שו,גרמים,500.00,100 גרם,false,,9.20,0.0184,true,1,818286
7290002824466,false,יוגורט דנונה ביו לבן 0% שומן 200 גרם,שטראוס גרופ בעמ/מצונן,,יוגורט דנונה ביו לבן,מיליליטרים,200.00,"100 מ""ל",false,,3.40,0.0170,true,1,818287
7290002824640,false,"גבינת סקי 250 גרם 5% ""שטראוס"" -מוצר בפיקוח",שטראוס גרופ בעמ/מצונן,,גבינה לבנה סקי 5% שו,גרמים,250.00,100 גרם,false,,4.70,0.0188,true,1,818289
7290002825722,false,כרוב אדום במיונז אחלה (500 גרם),שטראוס גרופ בעמ/מצונן,,סלט כרוב אדום אחלה 5,גרמים,500.00,100 גרם,false,,12.90,0.0258,true,1,818293
7290002827306,false,נקניקיות עוף ירושלים מחפוד 400 ג',עוף ירושלים שיווק בעמ,,נקניקיות עוף 400ג מח,גרמים,400.00,100 גרם,false,,9.90,0.0248,true,1,867349
7290002827320,false,נקניקיות מרגז קפוא גלאט הדר הבשר 400ג',עוף ירושלים שיווק בעמ,,נקניקיות מרגז 400 גר,גרמים,400.00,100 גרם,false,,19.90,0.0497,true,1,867350
7290002827337,false,נקניקיות עוף פיקנטי חריף 400 מחפוד,עוף ירושלים שיווק בעמ,,נקניקיות עוף פיקנטי,גרמים,400.00,100 גרם,false,,9.90,0.0248,true,1,867351
7290002827740,false,כתף כבש פרוס ארוז קפוא מחפוד,,,כתף כבש פרוס מחפוד,קילוגרמים,1.00,"ק""ג",true,,119.90,119.9000,true,1,1674476
7290002827818,false,עוף ירושלים נגיסי עוף 500 גר מחפוד.,עוף ירושלים,,נגיסי עוף 600 גרם מח,גרמים,600.00,100 גרם,false,,22.90,0.0382,true,1,867354
7290002830948,false,גבינת עיזים מותכת 30% מון בלאן 120 גרם,סלס קרית מלאכי ישראל,,גבינת עיזים מותכת 30,גרמים,120.00,100 גרם,false,,8.90,0.0742,true,1,811246
7290002842002,false,פתיתי שיבולת שועל קוואקר אנגלי מורנפלייק,ליימן שליסל בעמ,,פתיתי שיבולת שועל קו,גרמים,500.00,100 גרם,false,,9.90,0.0198,true,1,814022
7290002862000,false,אריסה תוניסאית הררית 250גר,"הררית מזון בע""מ",,אריסה 250 גביע הררית,גרמים,250.00,100 גרם,false,,9.90,0.0396,true,1,827895
7290002862017,false,שום כתוש 250 הררית,"הררית מזון בע""מ",,שום כתוש 250 הררית,גרמים,250.00,100 גרם,false,,12.90,0.0516,true,1,827896
7290002862031,false,אריסה 250מתובלת הררית,"הררית מזון בע""מ",,אריסה 250מתובלת הררי,גרמים,250.00,100 גרם,false,,9.90,0.0396,true,1,827897
7290002862055,false,לימון כבוש 250 גרם,בידאני נתן,,לימון כבוש 250 גרם,גרמים,250.00,100 גרם,false,,9.90,0.0396,true,1,827898
7290002862093,false,חזרת 250 גרם,"הררית מזון בע""מ",,חזרת 250 גרם,גרמים,250.00,100 גרם,false,,9.90,0.0396,true,1,827899
7290002862123,false,סחוג ירוק 150 גר הררית,"הררית מזון בע""מ",,סחוג ירוק 150 גר הרר,גרמים,250.00,100 גרם,false,,9.90,0.0396,true,1,827900
7290002862277,false,לימון כבוש 200 גרם,הררית מזון בעמ,,ממרח לימון 200 גר,גרמים,200.00,100 גרם,false,,13.90,0.0695,true,1,819910
7290002862338,false,סחוג אדום 150 גרם,"הררית מזון בע""מ",,סחוג אדום 150 גרם,גרמים,150.00,100 גרם,false,,9.90,0.0660,true,1,827903
7290002862369,false,עמבה בצנצנת,,,עמבה 260 גרם,גרמים,260.00,100 גרם,false,,9.90,0.0381,true,1,827905
7290002862376,false,מעדן עגבניות מיובשות200ג,הררית מזון בעמ,,עגבניות מיובשות 200,גרמים,200.00,100 גרם,false,,13.90,0.0695,true,1,2279024
7290002862468,false,"הררית מעדן פסטו 200 מ""ל",,,הררית מעדן פסטו 200,מיליליטרים,200.00,"100 מ""ל",false,,17.90,0.0895,true,1,3933177
7290002862543,false,פלפל צומה 250 גרם,הררית הגליל,,פלפל צומה 250 ג,גרמים,250.00,100 גרם,false,,12.90,0.0516,true,1,834405
7290002862802,false,הררית אריסה בתוספת לימון 250מל,הררית מזון בעמ,,הררית אריסה בתוספת ל,מיליליטרים,250.00,"100 מ""ל",false,,12.90,0.0516,true,1,3921475
7290002868996,false,"קוטג' 5% שומן, רכיבים טבעיים, 250 גרם",*החברה המרכזית להפצת משקאותבעמ,,גבינת קוטג' מועשר 5%,גרמים,250.00,100 גרם,false,,5.30,0.0212,true,1,799976
7290002871248,false,"בירה טובורג רד בקבוק 500 מ""ל חוזר",החברה המרכזית להפצת משקאות בעמ,,"טובורג רד 500 מ""ל",מיליליטרים,500.00,"100 מ""ל",false,,7.50,0.0150,true,1,910974
7290002881209,false,רסק תפוחי עץ דיאט 700 ג' תומר,תומר יבוא ושיווק מוצרי מזון (1,,רסק תפוחי עץ תומר 70,גרמים,708.00,100 גרם,false,,9.90,0.0140,true,1,803935
7290002881216,false,רסק תפוחי עץ לא ממותק תומר 700 גרם,תומר ייבוא ושיווק מוצרי מזון [,,רסק תפוחי עץ לא ממות,גרמים,708.00,100 גרם,false,,9.90,0.0140,true,1,803936
7290002904694,false,"טיטניום דאודורנט ספריי לגברים 150 מ""ל",החברה הדרומית לשיווק בעמ,,דאו ספריי טיטניום 18,מיליליטרים,180.00,"100 מ""ל",false,,14.90,0.0828,true,1,818889
7290002920311,false,גבינת קממבר צאן במשק,מחלבות גד,,קממבר צאן 25% במשקל,קילוגרמים,1.00,"ק""ג",true,,110.00,110.0000,true,1,807862
7290002921165,false,"חלב לניקוי רהיטי עור הזלין יעקבי 400 מ""ל",יעקב יעקבי ובניו בעמ,,חלב לניקוי רהיטי עור,מיליליטרים,400.00,"100 מ""ל",false,,32.90,0.0822,true,1,812582
7290002921516,false,סופג לחות טורבול,טורבול,,סופג לחות טורבול,מיליליטרים,340.00,"100 מ""ל",false,,38.90,0.1144,true,1,812587
7290002923466,false,בקר קפוא טחון לקציצות וקבב נטו (1 קג),טיבון ויל אחזקות בעמ,,בקר טחון טיבון ויל 1,גרמים,1000.00,100 גרם,false,,39.90,0.0399,true,1,811252
7290002925798,false,"גם וגם משחת שיניים ירוק מי פה לייט 120 מ""ל",החברה הדרומית לשיווק בעמ,,משחת שיניים ומי פה ג,מיליליטרים,120.00,"100 מ""ל",false,,14.90,0.1242,true,1,828810
7290002927044,false,צלי כתף מס' 5 קפוא,זהר בשר,,צלי כתף מועבד,קילוגרמים,1.00,"ק""ג",true,,34.90,34.9000,true,1,801365
7290002927051,false,פילה מדומה מס' 6 קפו,זהר בשר,,פילה מדומה מס' 6,קילוגרמים,1.00,"ק""ג",true,,34.90,34.9000,true,1,801366
7290002927105,false,צלי עגל ברשת קפוא,זהר בשר,,צלי עגל ברשת,קילוגרמים,1.00,"ק""ג",true,,34.90,34.9000,true,1,801369
7290002927198,false,טחון בקר קפוא 500 גר,זהר בשר,,טחון בקר 500 ג,גרמים,500.00,100 גרם,false,,11.90,0.0238,true,1,801384
7290002927389,false,טחון עוף קפוא 500 גר,זהר בשר,,טחון עוף 500 ג,גרמים,500.00,100 גרם,false,,9.90,0.0198,true,1,801386
7290002927464,false,גולש עגל קפוא,זהר בשר,,גולש עגל,קילוגרמים,1.00,"ק""ג",true,,29.90,29.9000,true,1,801375
7290002927471,false,צלי עגל חצוי קפוא,זהר בשר,,צלי עגל,קילוגרמים,1.00,"ק""ג",true,,36.90,36.9000,true,1,801376
7290002927518,false,טבעות עגל ארוז קפוא קג,"זהר בשר עופות ובשר בע""\מ",,טבעות עגל,קילוגרמים,1.00,"ק""ג",true,,36.90,36.9000,true,1,801377
7290002927631,false,טחון הודו קפוא 500 ג,זהר בשר,,טחון הודו 500 ג,גרמים,500.00,100 גרם,false,,9.90,0.0198,true,1,801388
7290002929642,false,נתחי טונה בהירה בשמן ויליגר (140x4 גרם),דיאמנט פוד פרודקט קו,,טונה ויליגר 392 גרם,גרמים,392.00,100 גרם,false,,18.90,0.0482,true,1,947594
7290002929734,false,"גפילטעפיש קציצות מדגי קרפיון וכסיף 560 גר' העד""ח",נטו מלינדה,,גפילטע פיש 310 ג,גרמים,310.00,100 גרם,false,,12.90,0.0416,true,1,954506
7290002954026,false,"שמן תירס ""שוקחה"" 3 ליטר",בני ג`ורג` שוקחה (חיפה) בעמ,,שמן תירס 3ליטר,יח',1.00,יח',false,,44.50,44.5000,true,1,6483273
7290002954040,false,שמן תירס שוקחה 1 ליטר,בני ג`ורג` שוקחה (חיפה) בעמ,,שמן תירס 1 ליטר,ליטרים,1.00,ליטר,false,,14.70,14.7000,true,1,6354421
7290002954187,false,אורז יסמין שוקחה (5 קג),בני ג`ורג` שוקחה (חיפה) בעמ,,אורז יסמין 5ק'ג מדלי,יח',1.00,יח',false,,39.90,39.9000,true,1,1840085
7290002987963,false,"חומוס אחלה 1 ק""ג שטראוס",שטראוס גרופ בעמ/מצונן,,"סלט חומוס אחלה 1 ק""ג",יח',1.00,יח',false,,13.90,13.9000,true,1,818294
7290003006021,false,סלט קוביות בולגרי25%משקל,גבינות אמיר ניצן בעמ,,קוביות מעדן פטה מעדנ,קילוגרמים,1.00,"ק""ג",true,,68.00,68.0000,true,1,6285847
7290003006120,false,פינצ'וס פלפלונים+גב.משקל,גבינות אמיר ניצן בעמ,,ממלואים גורמת מעדניי,קילוגרמים,1.00,"ק""ג",true,,149.00,149.0000,true,1,6285848
7290003009596,false,סירופ דיאט אשכוליות 750 מל פיקדון,החברה המרכזית להפצת משקאות בעמ,,סירופ דיאט אשכוליות,מיליליטרים,750.00,"100 מ""ל",false,,19.90,0.0265,true,1,800567
7290003009640,false,מיץ תפוזים סחוט רכיבים טבעיים פריגת 1 ליטר,*החברה המרכזית להפצת משקאותבעמ,,מיץ תפוזים סחוט רכיב,ליטרים,1.00,ליטר,false,,15.90,15.9000,true,1,799977
7290003013128,false,פתיל צף מתומן כ-50 יחידות שלהבת,שלהבת,,פתיל צף מתומן כ-50 י,יח',50.00,יח',false,,3.50,0.0700,true,1,822338
7290003015627,false,"נוזל רצפות אפרסק 2 ליטר ""ריצפז פרש""",החברה הדרומית לשיווק בעמ,,ריצפז פרש 2 לי,ליטרים,2.00,ליטר,false,,16.90,8.4500,true,1,809722
7290003015634,false,"נוזל רצפות פסיפלורה 2 ליטר ""ריצפז פרש""",החברה הדרומית לשיווק בעמ,,ריצפז פרש 2 לי,ליטרים,2.00,ליטר,false,,16.90,8.4500,true,1,809723
7290003015641,false,"נוזל רצפות יסמין 2 ליטר ""ריצפז פרש""",החברה הדרומית לשיווק בעמ,,ריצפז פרש 2 לי,ליטרים,2.00,ליטר,false,,16.90,8.4500,true,1,809724
7290003015672,false,סנו סופט מפיות צבעוניות חלקות 50 יחידות,חיי נייר,,סנו סופט מפיות צבעונ,יח',50.00,יח',false,,7.90,0.1580,true,1,809725
7290003026029,false,"ד""ר פישר - קמיל בלו סנסיטיב שמפו אלדמע 500 מ""ל","פישר תעשיות פרמצביטות בע""מ",IL,קמיל בלו סנסיטיב אל דמע 5,מיליליטרים,500.00,"100 מ""ל",false,,17.90,0.0358,true,1,827988
7290003026036,false,"ד""ר פישר - קמיל בלו סנסיטיב אל סבון עדין לתינוק 1 ליטר","פישר תעשיות פרמבצטיות בע""מ",IL,קמיל בלו סנסיטיב אל סבון,ליטרים,1.00,ליטר,false,,32.80,32.8000,true,1,827989
7290003026197,false,"קמיל בלו סנסטיב שמן טיפולי ד""ר פישר 500 מ""ל",פישר תעשיות פרמצבטיות בעמ,IL,קמיל בלו סנסיטיב שמן טיפו,מיליליטרים,500.00,"100 מ""ל",false,,26.90,0.0538,true,1,827990
7290003026227,false,"קמיל בלו שמפו לתינוק סנסיטיב אל דמע ד""ר פישר 1 ליטר","פישר תעשיות פרמצביטות בע""מ",IL,קמיל בלו סנסיטיב אל דמע ל,ליטרים,1.00,ליטר,false,,32.80,32.8000,true,1,827991
7290003026234,false,"ד""ר פישר - קמיל בלו תחליב לתינוק 500 מ""ל","פישר תעשיות פרמצביטות בע""מ",IL,קמיל בלו סנסיטיב תחליב לת,מיליליטרים,500.00,"100 מ""ל",false,,29.90,0.0598,true,1,827992
7290003029181,false,משקה יטבתה שוקו' בקבוק 1ל מהדרין,שטראוס גרופ בעמ/מצונן,,שוקו יטבתה 1 ליטר,100 מל,1000.00,100 מל,false,,11.50,0.0115,true,1,818299
7290003029372,false,יטבתה משקה בטעם בננה %3 בקבוק 1 ליטר,שטראוס גרופ בעמ/מצונן,,משקה חלב בטעם בננה י,מיליליטרים,1000.00,"100 מ""ל",false,,11.50,0.0115,true,1,818301
7290003029389,false,"משקה חלב בננה פקק ספורט 250 מ""ל יוטבתה",שטראוס גרופ בעמ/מצונן,,משקה חלב בננה פקק ספ,מיליליטרים,250.00,"100 מ""ל",false,,5.20,0.0208,true,1,818302
7290003029433,false,"משקה יטבתה שוקו פקק 250 מ""ל מהדרין",שטראוס גרופ בעמ/מצונן,,שוקו פקק ספורט יטבתה,מיליליטרים,250.00,"100 מ""ל",false,,5.20,0.0208,true,1,818304
7290003029532,false,מוקה בבקבוק יטבתה 1 ליטר מהדרין,שטראוס גרופ בעמ/מצונן,,מוקה יטבתה 1 ליטר,100 מל,1000.00,100 מל,false,,11.50,0.0115,true,1,818306
7290003029617,false,יטבתה שמנת מנה אישית 15% 125מל,שטראוס גרופ בעמ/מצונן,,שמנת חמוצה 15% 100 מ,מטרים,100.00,100 מ'ל,false,,1.90,0.0190,true,1,818307
7290003029792,false,"משקה יטבתה שוקו שקיות מהדרין מארז 225X8מ""ל",שטראוס גרופ בעמ/מצונן,,שוקו בשקית יטבתה 8 י,יח',8.00,יח',false,,18.90,2.3625,true,1,818308
7290003029815,false,חלב מועשר 3% בכד יטבתה 2 ליטר,שטראוס גרופ בעמ/מצונן,,חלב מועשר 2 ל 3% מהד,ליטרים,2.00,ליטר,false,,14.90,7.4500,true,1,818309
7290003029907,false,משקה חלב אייס קפה 2% יטבתה (1 ליטר,שטראוס גרופ בעמ/מצונן,,אייס קפה יטבתה 1 ליט,ליטרים,1.00,ליטר,false,,11.50,11.5000,true,1,818312
7290003031702,false,"נקניקיות הודו מחפוד וואקום 1 ק""ג טירת צבי",טיב טירת צבי 2000,,נקניקיות הודו חלק מה,גרמים,1000.00,100 גרם,false,,24.90,0.0249,true,1,802541
7290003031733,false,טירת צבי פסטרמה על גחלים קופ. מחפוד 400ג,טיב טירת צבי 2000,,פסטרמה על גחלים 2% ט,גרמים,400.00,100 גרם,false,,24.90,0.0622,true,1,802542
7290003031740,false,טירתצבי פסטרמה בדבש קופ. מחפוד 400ג,טיב טירת צבי 2000,,פסטרמה הודו בדבש 3%,גרמים,400.00,100 גרם,false,,24.90,0.0622,true,1,802543
7290003031757,false,פסטרמה הודו בפפריקה מחפוד טירת צבי 400 גרם,תנובה מרכז שיתופי לשיווק תוצרת,,פסטרמה הודו בפפריקה,גרמים,400.00,100 גרם,false,,24.80,0.0620,true,1,802544
7290003031788,false,צמד כפרי סלמי+פסטרמה טירת צבי 400X2ג' מחפוד,תנובה מרכז שיתופי לשיווק תוצרת,,צמד כפרי מחפוד800גר,גרמים,800.00,100 גרם,false,,24.90,0.0311,true,1,802547
7290003031818,false,פסטרמה שום וצ'ילי פיקנטי מחפוד טירת צבי 400 גרם,טיב טירת צבי 2000,,פסטרמה שום וצ'ילי מח,גרמים,400.00,100 גרם,false,,29.90,0.0747,true,1,6495281
7290003031849,false,"פסטרמה כפרית דבש וברביקיו צמד ט.צבי 300X2ג' בד""ץ",טיב טירת צבי 2000,,צמד מהדרין מחפוד 600,גרמים,600.00,100 גרם,false,,24.80,0.0413,true,1,1068969
7290003060030,false,"קמח חיטה מלא רמילוי 1 ק""ג",טחנות ישראליות,,קמח חיטה מלא רמילוי,יח',1.00,יח',false,,4.90,4.9000,true,1,937835
7290003060061,false,"קמח כוסמין מלא 1 ק""ג",טחנות ישראליות בעמ,,קמח כוסמין מלא 1 קג,יח',1.00,יח',false,,10.50,10.5000,true,1,2451213
7290003060078,false,"קמח שיפון מלא רמילוי 1 ק""ג",טחנות ישראליות,,קמח שיפון מלא רמילוי,יח',1.00,יח',false,,4.90,4.9000,true,1,1084129
7290003060085,false,קמח ישראלי ללחם וחלות טחנות ישראליות,טחנות ישראליות,,קמח ללחם וחלות מועשר,יח',1.00,יח',false,,4.90,4.9000,true,1,937836
7290003060337,false,קמח כוסמין לבן מנופה,,,קמח כוסמין לבן מנופה,קילוגרמים,1.00,"ק""ג",false,,13.90,13.9000,true,1,6348819
7290003060351,false,"קמח מלא 80% מנופה טחנות ישראליות 1 ק""ג",,,קמח מלא מנופה 80% 1ק,יח',1.00,יח',false,,5.90,5.9000,true,1,3910371
7290003060368,false,"קמח כוסמין 80% מנופה טחנות ישראליות 1 ק""ג",,,קמח כוסמין מנופה 80%,יח',1.00,יח',false,,12.90,12.9000,true,1,3910372
7290003060382,false,קמח חיטה לאפיית עוגות ועוגיות מנופה,,,קמח חיטה לאפיית עוגו,יח',1.00,יח',false,,7.50,7.5000,true,1,6317741
7290003060443,false,קמח דורום לפסטה מנופה,,,קמח דורום לפסטה מנופ,יח',1.00,יח',false,,12.90,12.9000,true,1,6317742
7290003060535,false,"קמח חיטה לבן בהיר מנופה 1 ק""ג רמילוי",,,קמח חיטה לבן בהיר מנ,יח',1.00,יח',false,,6.50,6.5000,true,1,6269531
7290003060542,false,קמח מנופה ללחם וחלות 1 קג -רמי לוי,,,קמח מנופה ללחם וחלות,יח',1.00,יח',false,,7.50,7.5000,true,1,6273534
7290003060559,false,קמח תופח מנופה 1קג רמילוי,,,קמח תופח מנופה 1קג ר,גרמים,1000.00,100 גרם,false,,6.50,0.0065,true,1,6269561
7290003060573,false,קמח כוסמין מלא מנופה 1קג רמילוי,,,קמח כוסמין מלא מנופה,יח',1.00,יח',false,,12.90,12.9000,true,1,6269562
7290003069590,false,"פילה פוטית עם עור קפוא דלידג 1 ק""ג",דאליאן גואופו אקאטיק,,"פילה סול דלידג 1 ק""ג",גרמים,1000.00,100 גרם,false,,29.90,0.0299,true,1,6396107
7290003072521,false,כתף בקר מעושן מחפוד טירת צבי 300 גרם,טיב טירת צבי 2000,,פסטרמה כתף בקר מעושן,גרמים,300.00,100 גרם,false,,24.90,0.0830,true,1,5482659
7290003072804,false,פסטרמה של פעם עם 200 גר` טירת צבי,טיב טירת צבי 2000,,פסטרמה של פעם 200 גר,גרמים,200.00,100 גרם,false,,19.90,0.0995,true,1,5935518
7290003072859,false,רוסטביף טירת צבי 120 גרם,הנסיך- מפעל לייצור ט,,רוסטביף 120 גר,גרמים,120.00,100 גרם,false,,23.90,0.1992,true,1,6193958
7290003072965,false,קבנוס חריף מעושן טירת צבי 120 גרם,טיב טירת צבי 2000,,קבנוס חריף מעושן 120,גרמים,120.00,100 גרם,false,,9.90,0.0825,true,1,6346431
7290003072972,false,קבנוס בתיבול מעושן טירת צבי 120 גרם,טיב טירת צבי 2000,,קבנוס בתיבול שום 120,גרמים,120.00,100 גרם,false,,9.90,0.0825,true,1,6346432
7290003121083,false,ארוחת נודלס בטעם בשר בשקית מג'יק 85 גרם,נטו מילנדה סחר בעמ*,,ארוחת נודלס בטעם בשר,גרמים,85.00,100 גרם,false,,2.50,0.0294,true,1,811269
7290003121090,false,ארוחת נודלס ירקות בשקית מג'יק 85 גרם,נטו מלינדה סחר בעמ,,ארוחת נודלס בטעם ירק,גרמים,85.00,100 גרם,false,,2.50,0.0294,true,1,811270
7290003121106,false,ארוחת נודלס טעם עוף בשקית מג'יק 85 גרם,נטו מילנדה סחר בעמ*,,ארוחת נודלס בטעם עוף,גרמים,85.00,100 גרם,false,,2.50,0.0294,true,1,811271
7290003126712,false,יוגורט עיזים מחלב מלא 3.7% משק צוריאל 150 גרם,*החברה המרכזית להפצת משקאותבעמ,,יוגורט עיזים מחלב מל,מיליליטרים,150.00,"100 מ""ל",false,,5.80,0.0387,true,1,799984
7290003126958,false,טופו גבינה גוש בואקום צוריאל 300 ג',*החברה המרכזית להפצת משקאותבעמ,,גבינת טופו משק צוריא,גרמים,300.00,100 גרם,false,,11.90,0.0397,true,1,799987
7290003130399,false,מברשת שיניים לילדים שלב 2 אקווה פרש.,גלקסו סמית קליין,IN,אקוה פרש מברשת חיות שלב 2,יח',1.00,יח',false,,7.90,7.9000,true,1,820454
7290003140237,false,סילאן בבקבוק לחיץ קליית גת (360 גרם),ליימן שליסל בעמ,,סילאן לחיץ 360גר,גרמים,360.00,100 גרם,false,,9.90,0.0275,true,1,1012699
7290003141159,false,יוגטה מרשמלו ממתק מוקצף בטעמי תות שדה ווניל 180 גרם,ליימן שליסל בעמ,,יוגטה מרשמלו 180 גרם,גרמים,180.00,100 גרם,false,,6.80,0.0378,true,1,833457
7290003142477,false,ערמונים קלופים קלויים קלית גת.,הדקלאים אגודת שיתופי,,ערמונים קלויים 100 ג,גרמים,100.00,100 גרם,false,,5.90,0.0590,true,1,835964
7290003143139,false,סילאן תמרים קלית גת 900 ג',"טעמי הגליל בע""\מ",,סילאן קליית גת 900 ג,גרמים,900.00,100 גרם,false,,12.80,0.0142,true,1,814743
7290003143146,false,ממרח תמרים קליית גת (450 גרם),הדקלאים אגודת שיתופי,,ממרח תמרים קליית 450,גרמים,450.00,100 גרם,false,,4.90,0.0109,true,1,814744
7290003143276,false,יוגטה מרשמלו ממתק מוקצף בטעם תות שדה 180 גרם,ליימן שליסל בעמ,,יוגוטה מרשמלו רול 18,גרמים,180.00,100 גרם,false,,6.80,0.0378,true,1,899406
7290003143337,false,סילאן רכיבים טבעיים לחיץ קליית גת 350 גרם,ליימן שליסל בעמ,,סילאן רכיבים טבעיים,גרמים,350.00,100 גרם,false,,14.90,0.0426,true,1,1005407
7290003144419,false,סילאן טבעי קליית גת (710 גרם),"טעמי הגליל בע""\מ",IL,סילאן רכיבים טבעיים,גרמים,710.00,100 גרם,false,,19.90,0.0280,true,1,1109507
7290003163939,false,מעדני הטלה נקניקיות,לאטי עזרא בעמ,,נקניקיות גריל 1.5 קג,קילוגרמים,1.50,"ק""ג",false,,24.90,16.6000,true,1,3207807
7290003185719,false,קבב רומני טיבון ויל 500 גרם,טיבון ויל אחזקות בעמ,,קבב רומני טיבון ויל,גרמים,500.00,100 גרם,false,,19.90,0.0398,true,1,811272
7290003185726,false,קבב מזרחי טיבון ויל 500 גרם,טיבון ויל אחזקות בעמ,,קבב מזרחי טיבון ויל,גרמים,500.00,100 גרם,false,,17.90,0.0358,true,1,811273
7290003187843,false,עגל טחון טיבון ויל 500 גרם,טיבון ויל אחזקות בעמ,,עגל טחון טיבון ויל 5,גרמים,500.00,100 גרם,false,,29.90,0.0598,true,1,811275
7290003189076,false,פיצרלה הצהובה הטובה מגורדת 22% כפיר 500 גרם,צי תעשיות מזון יבנה,,פיצרלה הצהובה הטובה,גרמים,500.00,100 גרם,false,,18.50,0.0370,true,1,802240
7290003189144,false,"גבינה הולנדית 22% שומן 1 ק""ג כפיר",צי תעשיות מזון יבנה,,הצהובה הטובה בסגנון,גרמים,1000.00,100 גרם,false,,28.90,0.0289,true,1,802242
7290003189168,false,"צהובה מעושנת כפיר 1 ק""ג",צי תעשיות מזון יבנה,,צהובה מעושנת כפיר 1,100 לקג,1.00,100 לקג,false,,31.90,31.9000,true,1,802244
7290003189199,false,צהובה טובה חריפה במש,צי תעשיות מזון יבנה,,הצהובה הטובה חריפה מ,קילוגרמים,1.00,"ק""ג",true,,32.00,32.0000,true,1,802228
7290003189205,false,הצהובה הטובה לייט קלאסית 9% כפיר 200 גרם,כפיר,,הצהובה הטובה לייט קל,גרמים,200.00,100 גרם,false,,12.90,0.0645,true,1,802245
7290003189267,false,הצהובה הטובה לייט קלאסית 5% כפיר 200 גרם,צי תעשיות מזון יבנה,,הצהובה הטובה לייט קל,גרמים,200.00,100 גרם,false,,12.90,0.0645,true,1,802248
7290003189274,false,בנוסח מעושנת גליל26%משקל,צי תעשיות מזון יבנה,,הצהובה הטובה מעושנת,קילוגרמים,1.00,"ק""ג",true,,39.00,39.0000,true,1,802230
7290003189380,false,מעדן עם שום ושמיר26%משקל,צי תעשיות מזון יבנה,,הצהובה הטובה שמיר מע,קילוגרמים,1.00,"ק""ג",true,,32.00,32.0000,true,1,802234
7290003229116,false,פסטרמה הודו בדבש שומן טירת צבי 400 גרם,תנובה מרכז שיתופי לשיווק תוצרת,,פסטרמה הודו בדבש 3%,גרמים,400.00,100 גרם,false,,25.90,0.0647,true,1,802549
7290003229123,false,פסטרמה הודו על גחלים 2% טירת צבי 400 גרם,תנובה מרכז שיתופי לשיווק תוצרת,,פסטרמה הודו על גחלים,גרמים,400.00,100 גרם,false,,25.90,0.0647,true,1,802550
7290003229147,false,נקניק סלמי איטלקי מעושן טירת צבי 300 גרם,תנובה מרכז שיתופי לשיווק תוצרת,,נקניק סלמי איטלקי מע,גרמים,300.00,100 גרם,false,,24.90,0.0830,true,1,802551
7290003229154,false,נקניק סלמי קוניאק טירת צבי 300 גרם,תנובה מרכז שיתופי לשיווק תוצרת,,נקניק סלמי קוניאק טי,גרמים,300.00,100 גרם,false,,24.90,0.0830,true,1,802552
7290003229192,false,נקניק כתף בקר מעושן 2% טירת צבי 400 גרם,תנובה מרכז שיתופי לשיווק תוצרת,,נקניק כתף בקר מעושן,גרמים,400.00,100 גרם,false,,25.90,0.0647,true,1,802555
7290003229208,false,פסטרמה ספרדית 2% טירת צבי 360 גרם,תנובה מרכז שיתופי לשיווק תוצרת,,פסטרמה ספרדית 2% טיר,גרמים,360.00,100 גרם,false,,24.90,0.0692,true,1,802556
7290003258284,false,"קרם גוף מס' 3 350 מ""ל פנינה רוזנבלום",פנינה רוזנבלום בעמ,,"קרם גוף מס' 3 350 מ""",מיליליטרים,350.00,"100 מ""ל",false,,28.90,0.0826,true,1,816977
7290003258291,false,"דאודורנט ספריי לנשים 150 מ""ל פנינה רוזנבלום",פנינה רוזנבלום בעמ,,דאודורנט ספריי לנשים,מיליליטרים,150.00,"100 מ""ל",false,,15.90,0.1060,true,1,816978
7290003258406,false,"פנינה וואקס בריליאנטין לשיער 100 מ""ל",פנינה רוזנבלום בעמ,,ווקס לשיער פנינה רוז,מטרים,100.00,100 מ'ל,false,,16.90,0.1690,true,1,816980
7290003310555,false,"מאגדת טילון קרם עוגיות 4*100 מ""ל בן וג'ירי",מוצרי איכות אמריקאיים בעמ,,בן&ג'ריס טילוני קרם,גרמים,400.00,100 גרם,false,,24.90,0.0622,true,1,3344658
7290003318827,false,מארז וופל 640 גר רמי לוי,,,מארז וופל 640 גר רמי,גרמים,640.00,100 גרם,false,,12.90,0.0202,true,1,3917025
7290003321155,false,יוגורט בר עם פקאן מצופה שוקולד 183 ג' דנונה,שטראוס גרופ בעמ/מצונן,,יוגורט דנונה ביו עם,מיליליטרים,183.00,"100 מ""ל",false,,4.30,0.0235,true,1,818313
7290003332007,false,קפה שחור עם הל נח`לה אדום (250 גרם),סובחי נחלה ובניו בעמ,,קפה נחלה 250 ג,גרמים,250.00,100 גרם,false,,13.90,0.0556,true,1,2324841
7290003332014,false,קפה שחור עם הל נח`לה אדום (500 גרם),סובחי נחלה ובניו בעמ,,קפה נחלה 500 ג,גרמים,500.00,100 גרם,false,,26.90,0.0538,true,1,2324842
7290003332021,false,"קפה נחלה סובחי 1 ק""ג",,,קפה נחלה 1קג,100 קילו,1.00,100 קילו,false,,49.90,49.9000,true,1,2324843
7290003332045,false,קפה שחור בלי הל נח`לה אדום (250 גרם),סובחי נחלה ובניו בעמ,,קפה נחלה 250 ג בלי ה,גרמים,250.00,100 גרם,false,,13.90,0.0556,true,1,2324844
7290003387205,false,ספיד סטיק - דאודורנט סטיק לגבר רגולר,הנסיך- מפעל לייצור ט,,דאודורנט ספיד סטיק ר,גרמים,63.00,100 גרם,false,,16.90,0.2683,true,1,804743
7290003397136,false,בדית תחבושות 18 יחידות,כ. כיפות שיווק וסחר בעמ,,בדית 18 יחידות,יח',1.00,יח',false,,5.50,5.5000,true,1,887698
7290003400500,false,חטיף הרשי ריזס נאטרייגיס 47 גרם,ליימן מותגים,,חטיף קרמל בוטנים בצי,גרמים,47.00,100 גרם,false,,3.90,0.0830,true,1,935394
7290003401420,false,"קרם לחות לשיער סיליקון כתום נטורל 400 מ""ל",החברה הדרומית לשיווק בעמ,,קרם לחות לשיער נטורל,מיליליטרים,400.00,"100 מ""ל",false,,19.90,0.0497,true,1,828813
7290003401635,false,נטורל פורמולה לחות מעצבת לפתיחת תלתלים,החברה הדרומית לשיווק בעמ,,נטורל פורמולה לחות מ,מיליליטרים,400.00,"100 מ""ל",false,,20.70,0.0517,true,1,828814
7290003401642,false,"קרם לחות לתלתלים טבעיים נטורל פורמולה 400 מ""ל",החברה הדרומית לשיווק בעמ,,קרם לחות לתלתלים טבע,מיליליטרים,400.00,"100 מ""ל",false,,20.70,0.0517,true,1,828815
7290003411528,false,מלית קינמון פוליבה 450 גרם,הנמל אריזות ושיווק 1984 בע`מ,,מלית קינמון פוליבה 4,גרמים,450.00,100 גרם,false,,9.90,0.0220,true,1,813018
7290003414406,false,הרשי ריזס נטיפי אפייה בוטנים 283 גר',ליימן מותגים,,ריזס נטיפים לאפייה,גרמים,283.00,100 גרם,false,,14.90,0.0527,true,1,1031760
7290003423909,false,חטיף קוקיס אנד קרים לבן 43 גרם,ליימן מותגים,,חטיף שוקולד לבן עם ש,יח',1.00,יח',false,,3.90,3.9000,true,1,924989
7290003427154,false,"שמן זית כתית מעולה טעם מעודן זיתא 750 מ""ל",תה ויסוצקי (ישראל) בעמ,,שמן זית כתית מעולה ט,מיליליטרים,750.00,"100 מ""ל",false,,32.90,0.0439,true,1,813675
7290003438006,false,ממרח אולביה פסטו וצנובר איטלקי 190ג',תה ויסוצקי (ישראל) בעמ,IL,ממרח פסטו איטלקי,גרמים,190.00,100 גרם,false,,12.90,0.0679,true,1,800964
7290003438013,false,7290003אוליביה ממרח זיתים ירוקים 190 גרם,תה ויסוצקי (ישראל) בעמ,IL,ממרח זיתים ירוקים,גרמים,190.00,100 גרם,false,,12.90,0.0679,true,1,800965
7290003438020,false,אוליביה ממרח עגבניות מיובשות (190 גרם),תה ויסוצקי (ישראל) בעמ,IL,ממרח עגבניות מיובשות,גרמים,190.00,100 גרם,false,,12.90,0.0679,true,1,800966
7290003438853,false,אוליביה ממרח אריסה חריפה 185 גר ',תה ויסוצקי (ישראל) בעמ,,אריסה חריפה 185גר,גרמים,185.00,100 גרם,false,,12.90,0.0697,true,1,1033364
7290003438990,false,עיטורי עגבניות מיובשות וזיתים אוליביה 280 ג',תה ויסוצקי (ישראל) בעמ,IL,עיטורי עגבניות,גרמים,280.00,100 גרם,false,,15.90,0.0568,true,1,800976
7290003444009,false,הרשי ריזס חטיף במילוי בוטנים 42 גרם,ליימן מותגים,,שוקולד חלב במילוי חמ,יח',1.00,יח',false,,3.90,3.9000,true,1,924990
7290003450602,false,חרדל אמיתי צהוב בקבוק לחיץ 255 גר,היינץ צפון אמריקה מקבוצת ה.י.היינץ,US,חרדל לחיץ 255 גרם,גרמים,255.00,100 גרם,false,,7.50,0.0294,true,1,814234
7290003451548,false,פורל טרי,,,פורל טרי,קילוגרמים,1.00,"ק""ג",true,,69.90,69.9000,true,1,6302834
7290003456284,false,"להקט מיקס 7.2 ק""ג","ביופט בע""מ",IL,לה קט מיקס 9קג,יח',1.00,יח',false,,119.90,119.9000,true,1,6140380
7290003457991,false,טילון קורנטו וניל עם וופל ואגוזי לוז מסוכרים,"גלידת שטראוס בע""\מ, רחוב",,טילון קורנטו קלאסיקו,גרמים,300.00,100 גרם,false,,25.90,0.0863,true,1,816839
7290003514571,false,פריכונים אורז עם מלח מנה (100 גרם),ש.שסטוביץ בעמ,,פריכיות אורז עם מלח,גרמים,100.00,100 גרם,false,,4.90,0.0490,true,1,804757
7290003521074,false,סרקל מרכך שיער לילדים דר. פישר (1 ליטר),"פישר תעשיות פרמבצטיות בע""מ",IL,סרקל מעצב ליטר,ליטרים,1.00,ליטר,false,,28.90,28.9000,true,1,827996
7290003521081,false,"סרקל שמפו אל דמע לילדים ד""ר פישר 1 ליטר","פישר תעשיות פרמצביטות בע""מ",IL,סרקל שמפו ליטר,ליטרים,1.00,ליטר,false,,28.90,28.9000,true,1,827997
7290003521166,false,"ד""ר פישר - סרקל קרם רוזמרין לילדים 325 מ""ל","פישר תעשיות פרמבצטיות בע""מ",IL,"סרקל קרם רוזמרין 325מ""ל",מיליליטרים,325.00,"100 מ""ל",false,,24.90,0.0766,true,1,827998
7290003521197,false,"ד""ר פישר - סרקל תרסיס מתיר קשרים 340 מ""ל","פישר תעשיות פרמצביטות בע""מ",IL,"סרקל מתיר קשרים 340מ""ל",מיליליטרים,325.00,"100 מ""ל",false,,24.90,0.0766,true,1,828000
7290003521203,false,"סרקל שמפו לשיער לילדים אל דמע ד""ר פישר 2 ליטר","פישר תעשיות פרמצביטות בע""מ",IL,סרקל שמפו 2 ליטר,ליטרים,2.00,ליטר,false,,39.90,19.9500,true,1,828001
7290003521210,false,סרקל מרכך שיער לילדים דר. פישר (2 ליטר),"פישר תעשיות פרמצביטות בע""מ",IL,סרקל מעצב 2 ליטר,ליטרים,2.00,ליטר,false,,39.90,19.9500,true,1,828002
7290003521395,false,"קמיל בלו סנסיטיב אל סבון ד""ר פישר 2 ליטר","פישר תעשיות פרמבצטיות בע""מ",IL,קמיל בלו סנסיטיב אל סבון,ליטרים,2.00,ליטר,false,,34.90,17.4500,true,1,828005
7290003521463,false,"קמיל בלו שמפו לשיער אל דמע ד""ר פישר 2 ליטר","פישר תעשיות פרמצביטות בע""מ",IL,ק.ב סנסטיב אל דמע 2 ליטר,ליטרים,2.00,ליטר,false,,34.90,17.4500,true,1,828008
7290003525461,false,סלט טונה פיקנטי ויליגר 160 גרם,נטו מילנדה סחר בעמ*,,סלט טונה פיקנטי וילי,גרמים,160.00,100 גרם,false,,4.90,0.0306,true,1,811283
7290003525904,false,שלישיית סלט טונה פיקנטי ויליגר 160 גרם,נטו מילנדה סחר בעמ*,,סלט טונה פיקנטי וילי,גרמים,480.00,100 גרם,false,,14.90,0.0310,true,1,811287
7290003550753,false,נתחי טונה בהירה בשמן פוסידון (108x4 גרם),"מיוצר עי וליגר בעמ,",,טונה פוסידון בשמן 4*,גרמים,308.00,100 גרם,false,,19.90,0.0646,true,1,811304
7290003550937,false,רגל פרוסה קפואה במגש,נטו מלינדה סחר בע`מ,,רגל קפוא בקר פרוסה נ,קילוגרמים,1.00,"ק""ג",true,,35.90,35.9000,true,1,811023
7290003569021,false,כרובית ארוזה יח' רמי לוי,,,כרובית ארוזה יח' רמי,יח',1.00,יח',false,,9.90,9.9000,true,1,2217449
7290003578078,false,קוקטייל פירות טרופי בסירופ קל ויליפוד 850 גרם,ג. וילי-פוד אינטרנשיונל בע`מ,,קוקטייל פירות בסירופ,גרמים,850.00,100 גרם,false,,9.80,0.0115,true,1,813323
7290003578177,false,תירס צעיר שלם וילי פוד (410 גרם),ג.וילי-פוד אינטרנשיונל בעמ,,תירס צעיר שלם וילי פ,גרמים,210.00,100 גרם,false,,6.50,0.0310,true,1,813330
7290003643004,false,אורז בסמטי קלאסי סוגת (1 קג),האי נאם סי או אל.טי.,,סוגת אורז בסמטי קלאס,גרמים,1000.00,100 גרם,false,,12.90,0.0129,true,1,809272
7290003643387,false,"סוכר אריזת פלסטיק 1 ק""ג סוגת",האי נאם סי או אל.טי.,IL,סוכר לבן בצנצנת 1 קג,גרמים,1000.00,100 גרם,false,,7.90,0.0079,true,1,809279
7290003643646,false,"סוכר דמררה קלאסי בצנצנת סוגת 1 ק""ג",האי נאם סי או אל.טי.,IL,סוכר חום דמררה צנצנת 1 קג,יח',1.00,יח',false,,12.90,12.9000,true,1,809280
7290003643684,false,אפונה יבשה סוגת 500 גר',האי נאם סי או אל.טי.,IL,אפונה 500 גר,גרמים,500.00,100 גרם,false,,5.90,0.0118,true,1,809281
7290003643714,false,חומוס גרגירים 500 גרם סוגת,האי נאם סי או אל.טי.,IL,חומוס 500 גר,גרמים,500.00,100 גרם,false,,7.80,0.0156,true,1,809283
7290003643738,false,חיטה סוגת (500 גרם),האי נאם סי או אל.טי.,IL,חיטה 500 גר,גרמים,500.00,100 גרם,false,,4.50,0.0090,true,1,809284
7290003643745,false,כוסמת סוגת (500 גרם),האי נאם סי או אל.טי.,IL,כוסמת 500 גר,גרמים,500.00,100 גרם,false,,6.90,0.0138,true,1,809285
7290003643752,false,עדשים ירוקים יבש סוגת 500 גר',האי נאם סי או אל.טי.,IL,עדשים ירוקים 500 גר,גרמים,500.00,100 גרם,false,,6.90,0.0138,true,1,809286
7290003643769,false,עדשים אדומים יבש סוגת 500 גר',"סוגת תעשיות בע""\מ",IL,עדשים אדומים 500 גר,גרמים,500.00,100 גרם,false,,6.90,0.0138,true,1,809287
7290003643776,false,"פופקורן גרעינים סוגת 500 ג' כשל""פ",האי נאם סי או אל.טי.,IL,פופקורן 500 גר,גרמים,500.00,100 גרם,false,,5.50,0.0110,true,1,809288
7290003643806,false,שעועית לבנה יבשה סוגת (500 גרם),האי נאם סי או אל.טי.,IL,שעועית לבנה 500 גר,גרמים,500.00,100 גרם,false,,10.90,0.0218,true,1,809290
7290003643813,false,שעועית אדומה יבשה סוגת 500 גר',האי נאם סי או אל.טי.,IL,שעועית אדומה 500 גר,גרמים,500.00,100 גרם,false,,10.90,0.0218,true,1,809291
7290003648849,false,מקרל בשמן שמיר 750 ג,סלטי שמיר 2006 בעמ,,מקרל בשמן 550 גר,גרמים,550.00,100 גרם,false,,39.90,0.0725,true,1,6414465
7290003680184,false,מסחטה פלסטיק רגילה,ב ספירת מלאי,,מסחטת מיץ,יח',1.00,יח',false,,7.90,7.9000,true,1,1678759
7290003680412,false,נפנף,,,נפנף,יח',1.00,יח',false,,3.50,3.5000,true,1,6377209
7290003726141,false,טופו אמיתי כפרי בריא 300 גרם,מחלבות גד שיווק 1992 בעמ,,טופו אמיתי כפרי בריא,גרמים,300.00,100 גרם,false,,9.90,0.0330,true,1,807905
7290003726615,false,"טופו ויילר 300 גרם ""שטראוס""",שטראוס גרופ בעמ/מצונן,,טופו ויילר 300 גר,יח',1.00,יח',false,,10.90,10.9000,true,1,5646409
7290003726622,false,טופו פיקנטי 300 ג' משק ויילר,שטראוס גרופ בעמ/מצונן,,טופו פיקנטי 300 גר,גרמים,300.00,100 גרם,false,,10.90,0.0363,true,1,6432532
7290003726783,false,שניצל טופו עם תירס 420 גר`משק ויילר,קפוא-זן תעשיות מזון בעמ - תפוג,,שניצל טופו עם תירס 4,גרמים,420.00,100 גרם,false,,26.90,0.0640,true,1,6460947
7290003726790,false,שניצל טופו בטעם פיקנטי 420 גר`משק ויילר,קפוא-זן תעשיות מזון בעמ - תפוג,,שניצל טופו טעם פיקנט,גרמים,420.00,100 גרם,false,,26.90,0.0640,true,1,6460948
7290003726868,false,טופו חומוס בתוספת עגבניות מיובשות 300 ג' משק ויילר,שטראוס גרופ בעמ/מצונן,,טופו חומוס בתוספת עג,גרמים,300.00,100 גרם,false,,12.90,0.0430,true,1,6426165
7290003781065,false,מלפפונים בחומץ קטנים מאוד וילי פוד 370 גרם,ג. וילי-פוד אינטרנשיונל בע`מ,,מלפפונים בחומץ קטנים,גרמים,370.00,100 גרם,false,,9.90,0.0268,true,1,813341
7290003781850,false,גבינת קשקבל פרוסות 200 גרם ויליפוד.,ג.וילי-פוד אינטרנשיונל **גבינו,,גבינת קשקבל פרוסות 2,יח',1.00,יח',false,,19.90,19.9000,true,1,6377945
7290003804252,false,תיבוליות לאורז בנוסח הודי קנור 80גרם,יוניליוור ישראל שיווק בע`מ,,תיבולית הודי קנור 72,גרמים,72.00,100 גרם,false,,7.40,0.1028,true,1,808781
7290003804320,false,תיבולית קנור שום ופטורזיליה 72 גרם,"יוניליוור ישראל שיווק בע""מ",,תיבולית שום ופטרוזיל,גרמים,80.00,100 גרם,false,,7.40,0.0925,true,1,808782
7290003804368,false,תיבוליות בזיליקום קנור (8 יח`- 72 גרם),"יוניליוור ישראל שיווק בע""מ",,תיבולית בזיליקום קנו,גרמים,72.00,100 גרם,false,,7.40,0.1028,true,1,808785
7290003804382,false,תיבוליות פטריות קנור (8 יח`- 72 גרם),יוניליוור ישראל שיווק בע`מ,,תיבולית פטריות קנור,גרמים,72.00,100 גרם,false,,7.40,0.1028,true,1,808787
7290003805501,false,"פתית בסגנון שוודי תלמה בד""צ 300 גרם",יוניליוור ישראל שיווק בע`מ,,פתית שוודי תלמה 300,גרמים,300.00,100 גרם,false,,14.90,0.0497,true,1,808802
7290003805587,false,"פתית חיטה מלאה בד""צ 250 גרם-קופסא",יוניליוור ישראל שיווק בע`מ,,פתית חיטה מלאה תלמה,גרמים,250.00,100 גרם,false,,14.90,0.0596,true,1,808809
7290003864478,false,סרדינים בשמן צמחי פתח קל ויליפוד 110 גרם,ג.וילי-פוד אינטרנשיונל בעמ,,סרדין בשמן צמחי 110ג,גרמים,85.00,100 גרם,false,,4.90,0.0576,true,1,813346
7290003864485,false,סרדינים ברוטב עגבנ יות ויליפוד 110ג' פתח קל,ג. וילי-פוד אינטרנשיונל בע`מ,,סרדין ברוטב עגבניות,גרמים,85.00,100 גרם,false,,4.90,0.0576,true,1,813347
7290003864492,false,סרדין בשמן צמחי חריף פתח קל ויליפוד 110 גרם,ג. וילי-פוד אינטרנשיונל בע`מ,,סרדין בשמן צמחי חריף,גרמים,85.00,100 גרם,false,,4.90,0.0576,true,1,813348
7290003882922,false,עלי גפן ממולאים באורז וילי פוד 360 גרם,ג. וילי-פוד אינטרנשיונל בע`מ,,עלי גפן ממולאים באור,גרמים,360.00,100 גרם,false,,8.50,0.0236,true,1,813352
7290003903771,false,קפה נמס קפוצ'ינו רגיל 200 ג',שטראוס גרופ בע`מ,,קפוצ'ינו 200 גרם,גרמים,200.00,100 גרם,false,,23.90,0.1195,true,1,805431
7290003903788,false,אבקת קפוצ`ינו וניל עלית (200 גרם),שטראוס גרופ בע`מ,,קפוצ'ינו וניל 200 גר,גרמים,200.00,100 גרם,false,,23.90,0.1195,true,1,805432
7290003976751,false,מילוי למטהר אויר אוטמטי 250 מל,,,מילוי למטהר אויר אוט,יח',1.00,יח',false,,8.90,8.9000,true,1,6319614
7290003989096,false,סלט חצילים פיקנטי אחלה 500 גרם,שטראוס גרופ בעמ/מצונן,,סלט חצילים פיקנטי אח,גרמים,500.00,100 גרם,false,,14.90,0.0298,true,1,818315
7290003989539,false,רביולי עם גבינה שטראוס (400 גרם),שטראוס גרופ בעמ/מצונן,,פסטה רביולי גבינה 40,גרמים,400.00,100 גרם,false,,19.80,0.0495,true,1,818316
7290003989553,false,פסטה טורטליני גבינה ופטריות 400 גרם,שטראוס גרופ בעמ/מצונן,,פסטה טורטליני גבינה,גרמים,400.00,100 גרם,false,,19.80,0.0495,true,1,818317
7290003996018,false,חסה ערבית (שקית ) חסלט,"בכורי השדה צפון1994 ג.ד. בע""מ",,חסה ערבית (שקית ) חס,יח',1.00,יח',false,,7.80,7.8000,true,1,819830
7290003996049,false,פטרוזיליה טרי ארוז חסלט,יעל ירק עלים לשיווק בעמ,,פטרוזיליה (שקית ) חס,יח',1.00,יח',false,,6.80,6.8000,true,1,819831
7290003996056,false,כוסברה חסלט כפרי טרי,יעל ירק עלים לשיווק בעמ,,כוסברה (שקית) חסלט,יח',1.00,יח',false,,6.80,6.8000,true,1,819832
7290003996094,false,סלרי אמריקאי חסלט כפרי טרי,ביכורי השדה הצפון בעמ` 1964,,סלרי (שקית )חסלט,יח',1.00,יח',false,,7.80,7.8000,true,1,819836
7290003996186,false,בזיליקום חסלט כפרי טרי,נסטלה קוריאה - קפה,,בזיליקום(שקית ) חסלט,יח',1.00,יח',false,,7.80,7.8000,true,1,819842
7290003996209,false,פטריות שמפיניון חסלט ללא חרקים א.א,יעל ירק עלים לשיווק בעמ,,פטריות שמפניון חסלט,יח',1.00,יח',false,,9.90,9.9000,true,1,6340231
7290003996575,false,סלק אדום מבושל בואקום חסלט,יעל ירק עלים לשיווק בעמ,,סלק וואקום שקית 500,גרמים,500.00,100 גרם,false,,6.90,0.0138,true,1,6410801
7290003996742,false,עלי סלק תרדי מהדרין כפרי טרי חסלט 200 גרם,יעל ירק עלים לשיווק בעמ,,עלי תרד מגשית חסלט,גרמים,200.00,100 גרם,false,,12.80,0.0640,true,1,819855
7290004011284,false,בסיס להכנת קצפת צמחי ריץ` (212 מל),ריצ' פרודקטס קורפריי,,בסיס להכנת קצפת ריצ',מיליליטרים,212.00,"100 מ""ל",false,,6.90,0.0325,true,1,811313
7290004011291,false,בסיס להכנת קצפת צמחי ריץ` (425 מל),נטו מלינדה סחר בע`מ,,בסיס להכנת קצפת ריצ',מיליליטרים,425.00,"100 מ""ל",false,,12.90,0.0304,true,1,811314
7290004011338,false,קצפת מתוקה מוכנה ספריי ריץ` (250 מל),נטו מלינדה סחר בע`מ,,ספריי קצפת מתוקה מוכ,מיליליטרים,250.00,"100 מ""ל",false,,8.90,0.0356,true,1,811315
7290004011345,false,"ספריי קצפת מתוקה מוכנה פרווה ריץ' 238 מ""ל",האי נאם סי או אל.טי.,,ספריי קצפת מתוקה מוכ,מיליליטרים,238.00,"100 מ""ל",false,,8.90,0.0374,true,1,811316
7290004011796,false,קבבונים בקר קפוא אל גאוצ''ו 400ג',"טיבון ויל אחזקות בע""",,קבבונים אל גאוצ'ו 40,גרמים,45.00,100 גרם,false,,22.90,0.5089,true,1,811321
7290004011802,false,נקניקיות צ'וריסוס אל גאוצ'ו 400 גר',טיבון ויל אחזקות בעמ,,צ'וריסוס אל גאוצ'ו 4,גרמים,400.00,100 גרם,false,,23.90,0.0597,true,1,811322
7290004011826,false,מיני המבורגר ריב אנטריקוט אל גאוצ`ו 360,טיבון ויל אחזקות בעמ,,מיני המבורגר ריב 320,גרמים,320.00,100 גרם,false,,21.90,0.0684,true,1,811324
7290004014407,false,עדשי מ&מ'ס חמאת בוטנים46,מרס נדרלנד,,אמ אנד אם חטיף 46 גר,גרמים,46.00,100 גרם,false,,4.90,0.1065,true,1,1138253
7290004022309,false,עדשי מ&מ'ס חמאת בוטנים80,מרס,US,אם אנד אם חמאת בוטני,גרמים,80.00,100 גרם,false,,5.90,0.0738,true,1,2133107
7290004026448,false,בורקיטס בולגרית פילס,,,בורקיטס בולגרית פילס,קילוגרמים,1.00,"ק""ג",true,,42.00,42.0000,true,1,5919881
7290004026776,false,לחם מחמצת אגוזים וצימוקים,פילסברי,,לחם מחמצת אגוזים וצי,יח',1.00,יח',false,,16.90,16.9000,true,1,6375320
7290004030018,false,"פריניב מיץ לימון סחוט פרי לתיבול 500 מ""ל",הנסיך- מפעל לייצור ט,,מיץ לימון סחוט רכיבי,מיליליטרים,500.00,"100 מ""ל",false,,6.40,0.0128,true,1,827473
7290004030100,false,מיץ תפוזים ולנסיה סחוט 100% 1 ליטר,תנובה - פריניב,,מיץ תפוזים ולנסיה סח,מטרים,1000.00,100 מ'ל,false,,15.80,0.0158,true,1,6274948
7290004030216,false,משקה בטעם חמוציות 1 ליטר פריניב,הנסיך- מפעל לייצור ט,,נקטר חמוציות 1 ליטר,100 מל,1000.00,100 מל,false,,12.70,0.0127,true,1,827476
7290004030445,false,מיץ תפוזים סחוט רכיבים טבעיים 1 ליטר פרי ניב,הנסיך- מפעל לייצור ט,,מיץ תפוזים סחוט רכיב,ליטרים,1.00,ליטר,false,,13.90,13.9000,true,1,827485
7290004030544,false,משקה בטעם לימונדה לואיזה ולימון 1 ליטר פריניב,הנסיך- מפעל לייצור ט,,משקה קל לימונענע 1,ליטרים,1.00,ליטר,false,,12.90,12.9000,true,1,827486
7290004030612,false,"מיץ תפוח, קיווי אגס ללא תוספת סוכר 1 ליטר פרי ניב",הנסיך- מפעל לייצור ט,,מיץ תפוח קיווי אגס,ליטרים,1.00,ליטר,false,,13.90,13.9000,true,1,935774
7290004033705,false,הבורגריה לחמניות המבורגר ביג 6 יחי',מאפית י את א ברמן בע,,לחמניות המבורגר ביג,יח',1.00,יח',false,,12.90,12.9000,true,1,6383762
7290004033712,false,לחם עננים מקמח מלא עם פרוסות עבות,מאפית י את א ברמן בע,,לחם עננים מקמח מלא 7,גרמים,750.00,100 גרם,false,,14.90,0.0199,true,1,6383763
7290004033729,false,לחם עננים מקמח כוסמין עם פרוסות עבות,מאפית י את א ברמן בע,,לחם עננים כוסמין 750,גרמים,750.00,100 גרם,false,,15.90,0.0212,true,1,6383764
7290004033736,false,"עננים לחם לבן בסגנון בריוש עם פרוסות עבות, 500 גרם",מאפית י את א ברמן בע,,לחם עננים סגנון בריו,גרמים,500.00,100 גרם,false,,13.90,0.0278,true,1,6420408
7290004033750,false,לחמניות עננים סגנון בריוש,מאפיית י.את א. ברמן בעמ,,לחמניות עננים סגנון,100 יח',125.00,100 יח',false,,13.90,0.1112,true,1,6510889
7290004034610,false,המבורגר ריב אנטריקוט 360ג רמילוי,,,המבורגר ריב אנטריקוט,גרמים,360.00,100 גרם,false,,26.90,0.0747,true,1,4661184
7290004034627,false,קבב 400גר קפוא מחפוד רמילוי,,,קבב 400גר קפוא מחפוד,גרמים,360.00,100 גרם,false,,26.90,0.0747,true,1,4661185
7290004034641,false,קציצות מתובלות לאש 4,,,קציצות מתובלות לאש 4,גרמים,360.00,100 גרם,false,,26.90,0.0747,true,1,4661209
7290004043108,false,עדשי מ&מ'ס שוקולד 89 גרם,מרס,US,אם אנד אם שוקולד 89,גרמים,89.00,100 גרם,false,,5.90,0.0663,true,1,2133108
7290004043205,false,עדשי שוק.מ&מ'ס בוטנים90ג,מרס,US,אם אנד אם בוטנים 93,גרמים,93.00,100 גרם,false,,5.90,0.0634,true,1,2212000
7290004061449,false,שניצל אמריקאי 700 גר`טופ שוף,קפוא-זן תעשיות מזון בעמ - תפוג,,טופ שף שניצל אמרקאי,גרמים,700.00,100 גרם,false,,11.50,0.0164,true,1,6292051
7290004061487,false,טבעות עוף700 גר`טופ שף,קפוא-זן תעשיות מזון בעמ - תפוג,,טבעות עוף 700,גרמים,700.00,100 גרם,false,,11.50,0.0164,true,1,6292052
7290004064105,false,מטחנה מלח עשבי תיבול מלח הארץ 100 גרם,חברת מלח הארץ אילת ב,IL,מטחנה מלח עשבי תיבול,גרמים,250.00,100 גרם,false,,15.90,0.0636,true,1,1340632
7290004064174,false,"תבלין מלח ההימלאיה דק בצנצנת 1 ק""ג","חברת מלח הארץ אילת בע""\מ",,מלח הימלאיה דק צנצנת,100 קילו,1.00,100 קילו,false,,14.90,14.9000,true,1,3315296
7290004064181,false,"תבלין מלח ההימלאיה גס בצנצנת 1 ק""ג","חברת מלח הארץ אילת בע""\מ",,מלח הימלאיה גס צנצנת,100 קילו,1.00,100 קילו,false,,14.90,14.9000,true,1,3315297
7290004064198,false,מטחנת מלח ספייסי- אקסטרא תבלינים 115 ג',"מלח הארץ אילת בע""מ",,מטחנת מלח אקסטרא ספי,גרמים,115.00,100 גרם,false,,15.90,0.1383,true,1,4903457
7290004064297,false,"מלח מועשר ביוד בצנצנת מלח הארץ 1 ק""ג","חברת מלח הארץ אילת בע""\מ",,מלח מועשר ביוד צנצנת,גרמים,1000.00,100 גרם,false,,8.90,0.0089,true,1,5662812
7290004064303,false,מלח אטלנטי בצנצנת מלח הארץ 800 גרם,"חברת מלח הארץ אילת בע""\מ",,מלח אטלנטי צנצנת 800,גרמים,800.00,100 גרם,false,,17.90,0.0224,true,1,5662813
7290004064358,false,"מלח דק זורם בקלות מלח הארץ קרטון 1 ק""ג","חברת מלח הארץ אילת בע""\מ",,מלח דק קרטון 1קג,גרמים,1000.00,100 גרם,false,,4.90,0.0049,true,1,6188607
7290004064389,false,מלח הימלאיה דק 250ג מלחיה סוגת*,"חברת מלח הארץ אילת בע""\מ",,מלח הימלאיה דק מלחיי,גרמים,250.00,100 גרם,false,,9.90,0.0396,true,1,6356794
7290004064457,false,"מלח שולחן בשקית 1 ק""ג רמי לוי",,,"מלח שולחן בשקית 1 ק""",קג,1.00,קג,false,,1.50,1.5000,true,1,6461832
7290004064464,false,"מלח גס בשקית 1 ק""ג רמי לוי",,,"מלח גס בשקית 1 ק""ג ר",קילוגרמים,1.00,"ק""ג",false,,1.50,1.5000,true,1,6506173
7290004068011,false,יוגורט כבשים בדלי 5% שומן 600 ג' גד,מחלבות גד שיווק 1992 בעמ,,יוגורט כבשים מחלבות,מיליליטרים,600.00,"100 מ""ל",false,,16.90,0.0282,true,1,832804
7290004068028,false,"יוגורט צזיקי לשתיה 3.5% 500 מ""ל רובין",מחלבות גד שיווק 1992 בעמ,,משקה ציזיקי גד 500 מ,מיליליטרים,500.00,"100 מ""ל",false,,7.90,0.0158,true,1,840907
7290004068035,false,"איירן יוגורט לשתייה 3% גד 500 מ""ל",מחלבות גד שיווק 1992 בעמ,,איירן 500מל,מיליליטרים,500.00,"100 מ""ל",false,,7.90,0.0158,true,1,840908
7290004068172,false,"יוגורט עיזים בדלי 5% 600 מ""ל רובין",מחלבות גד שיווק 1992 בעמ,,יוגורט עזים דלי 600ג,גרמים,600.00,100 גרם,false,,16.90,0.0282,true,1,848774
7290004075231,false,סטייק אנטריקוט דק דק ארוז מחפוד פרימיו,עוף ירושלים שיווק בעמ,,סטייק אנטריקוט פרמיו,יח',1.00,יח',false,,29.90,29.9000,true,1,5611377
7290004075248,false,סינטה פרימיום דק דק 300 גרם מחפוד,,,סינטה עגל פרימיום פר,יח',1.00,יח',false,,25.90,25.9000,true,1,6308560
7290004075293,false,פיקניה דק דק פרמיום מיט 300*8 קפוא ארוז מחפוד,,,פיקניה דק דק מחפוד,גרמים,300.00,100 גרם,false,,30.90,0.1030,true,1,6478409
7290004075576,false,קבב רומני פרמיום מח,,,קבב רומני פרמיום מח,קילוגרמים,1.00,"ק""ג",true,,51.90,51.9000,true,1,6366586
7290004075613,false,שווארמה עוף להקפצה מ,,,שווארמה עוף להקפצה מ,קילוגרמים,1.00,"ק""ג",true,,59.90,59.9000,true,1,6350591
7290004075620,false,קציצות כבש פרמיום מיטקפוא ארוז מחפוד,,,קציצות כבש פרמיום מי,קילוגרמים,1.00,"ק""ג",true,,51.90,51.9000,true,1,6371081
7290004078270,false,נוזל לניקוי כלים בריח לימון פלמוליב 1 ליטר,יבואן ומשווק: ש. שסט,,נוזל לניקוי כלים ברי,ליטרים,1.00,ליטר,false,,13.90,13.9000,true,1,804780
7290004078690,false,"אגקס נוזל לניקוי אסלות מרענן 750 מ""ל",הנסיך- מפעל לייצור ט,,אג'קס נוזל לניקוי אס,מיליליטרים,750.00,"100 מ""ל",false,,14.90,0.0199,true,1,804783
7290004078942,false,ליידי ספיד סטיק - דאודורנט ג'ל לאישה 65 גרם,קולגייט-פלמוליב,,דאודורנט ג'ל פרש ליי,גרמים,63.00,100 גרם,false,,14.90,0.2365,true,1,804784
7290004104306,false,טרמומטר לחדר עץ,איתן,,טרמומטר לחדר עץ,יח',1.00,יח',false,,11.90,11.9000,true,1,990789
7290004119133,false,כד יוגורט תנובה 6.5% שומן 1.5 ליטר,מיוצר עי קונדיטוריית,,יוגורט תנובה 6.5% כד,ליטרים,1.50,ליטר,false,,16.90,11.2667,true,1,803092
7290004119225,false,יוגורט יופלה אננס 3% שומן 150 גרם,תנובה מרכז שיתופי לש,,יופלה יוגורט אננס %3,מיליליטרים,150.00,"100 מ""ל",false,,4.70,0.0313,true,1,803093
7290004119928,false,מעדן חלב בטעם וניל 2% קרלו תנובה 125 גרם,מחלבת אלון תבור,,קרלו מעדן וניל גביע,מיליליטרים,125.00,"100 מ""ל",false,,2.80,0.0224,true,1,803096
7290004119973,false,קרלו מעדן שוקו רביעיה גביע 1.5% 125 גרם,תנובה מרכז שיתופי לש,,קרלו מעדן שוקולד 2%,מיליליטרים,125.00,"100 מ""ל",false,,2.80,0.0224,true,1,803097
7290004120061,false,מעדן חלב בטעם שוקו וניל שוניל 2% קרלו 125 גרם,תנובה מרכז שיתופי לש,,קרלו שוניל 1.5% 125,מיליליטרים,125.00,"100 מ""ל",false,,2.90,0.0232,true,1,803098
7290004120108,false,יוגורט יופלה דיאט דובדבן 0% שומן 150גרם,תנובה מרכז שיתופי לש,,יופלה דיאט יוגורט דו,מיליליטרים,150.00,"100 מ""ל",false,,4.70,0.0313,true,1,803099
7290004120566,false,גבינה בולגרית (25024% גרם)פיראוס תנובה,"תנובה בע""מ ***",,פיראוס בולגרית גביע,גרמים,250.00,100 גרם,false,,19.90,0.0796,true,1,803103
7290004120573,false,גבינה בולגרית (25016% גרם)פיראוס תנובה,תנובה מרכז שיתופי לש,,פיראוס בולגרית גביע,גרמים,250.00,100 גרם,false,,19.90,0.0796,true,1,803104
7290004120634,false,גבינה בולגרית (2505% גרם)פיראוס תנובה,תנובה מרכז שיתופי לש,,פיראוס בולגרית גביע,גרמים,250.00,100 גרם,false,,19.90,0.0796,true,1,803105
7290004121488,false,יוגורט ביו דיאט 0% אפרסק יופלה (150 גרם),תנובה מרכז שיתופי לש,,יופלה דיאט אפרסק 0%,מיליליטרים,150.00,"100 מ""ל",false,,4.70,0.0313,true,1,803108
7290004121525,false,יופלה מאגדת פרי 4 תות 4 אפרסק 3% 8 יח'*150 ג',תנובה מרכז שיתופי לש,,מאגדת שמיניה יופלה פ,ליטרים,1.20,ליטר,false,,27.90,23.2500,true,1,803109
7290004121754,false,יוגורט ביו עוגת גבינה ותות 3% יופלה 150 גרם,תנובה בעמ ***,,יופלה יוגורט עוגת גב,מיליליטרים,150.00,"100 מ""ל",false,,4.80,0.0320,true,1,803111
7290004121853,false,גבינה בולגרית קוביות (2005% גרם)פיראוס,תנובה מרכז שיתופי לש,,פיראוס קוביות בולגרי,גרמים,200.00,100 גרם,false,,19.90,0.0995,true,1,803114
7290004122119,false,פתיתי פרמזן לפסטה 23% השף הלבן 100 גרם,"תנובה בע""מ ***",,פתיתי פרמזן לפסטה 10,גרמים,100.00,100 גרם,false,,10.90,0.1090,true,1,803117
7290004122195,false,גוש חלב גבינה צהובה פרוסה 28% תנובה 200 גרם,"תנובה בע""מ ***",,גוש חלב פרוס 200 %28,גרמים,200.00,100 גרם,false,,12.90,0.0645,true,1,803118
7290004122270,false,עמק קלאסית פרוסות גבינה חצי קשה 28% 200 גרם,תנובה מרכז שיתופי לש,,עמק פרוס בקופסא 200,גרמים,200.00,100 גרם,false,,15.80,0.0790,true,1,803119
7290004122348,false,גבינה צהובה מופחתת שומן 9% עמק (200 גרם),תנובה מרכז שיתופי לש,,עמק לייט פרוס 200 גר,גרמים,200.00,100 גרם,false,,16.60,0.0830,true,1,803121
7290004122607,false,גבינת עמק לייט 9% במשקל,תנובה מרכז שיתופי לש,,עמק לייט 9%- חריץ,קילוגרמים,1.00,"ק""ג",true,,70.00,70.0000,true,1,802771
7290004122676,false,גבינה חמד לייט (2505% גרם)פיראוס תנובה,תנובה מרכז שיתופי לש,,פיראוס חמד לייט 5% 2,גרמים,250.00,100 גרם,false,,17.50,0.0700,true,1,803125
7290004124205,false,יופלה דיאט יוגורט תות %0 גביע 150 גרם,תנובה מרכז שיתופי לש,,יופלה דיאט יוגורט תו,מיליליטרים,150.00,"100 מ""ל",false,,4.70,0.0313,true,1,803136
7290004124847,false,"קצפת צמחית השף הלבן 500 מ""ל תנובה",תנובה מרכז שיתופי לש,,קצפת צמחית השף הלבן,מיליליטרים,500.00,"100 מ""ל",false,,13.90,0.0278,true,1,803137
7290004125370,false,"שמנת חמוצה 9% מופחתת שומן תנובה 200 מ""ל מהדרין",תנובה מרכז שיתופי לש,,שמנת אורגינל 9% 200מ,מיליליטרים,200.00,"100 מ""ל",false,,3.50,0.0175,true,1,803139
7290004125400,false,"אשל שלי מהדרין 200 מ""ל 4.5% ""תנובה""- מוצר בפיקוח",פארייפאבה אגרואינדוס,,אשל 4.5% 200מל מהדרי,מיליליטרים,200.00,"100 מ""ל",false,,1.60,0.0080,true,1,803140
7290004125417,false,"גיל 3% שלי 200 מ""ל ""תנובה"" -מוצר בפיקוח",תנובה מרכז שיתופי לש,,גיל 3% 200מל מהדרין,מיליליטרים,200.00,"100 מ""ל",false,,1.50,0.0075,true,1,803141
7290004125455,false,"שמנת חמוצה 200 מ""ל 15% ""תנובה"" -מוצר בפיקוח",תנובה מרכז שיתופי לש,,שמנת אורגינל 15% 200,מיליליטרים,200.00,"100 מ""ל",false,,2.40,0.0120,true,1,803142
7290004125462,false,"שמנת חמוצה 15% תנובה 500 מ""ל מהדרין",תנובה מרכז שיתופי לש,,שמנת אורגינל 15% 500,מיליליטרים,500.00,"100 מ""ל",false,,5.90,0.0118,true,1,803143
7290004125509,false,"שמנת חמוצה 15% מועשרת תנובה 100 מ""ל",תנובה מרכז שיתופי לש,,שמנת חמוצה 15% תנובה,מטרים,100.00,100 מ'ל,false,,1.60,0.0160,true,1,803144
7290004125578,false,משקה סויה מועשר בסידן 1 ל`תנובה,תנובה מרכז שיתופי לש,,משקה סויה מועשר 1 לי,ליטרים,1.00,ליטר,false,,9.90,9.9000,true,1,803145
7290004125585,false,משקה סויה בטעם וניל תנובה 1 ליטר,תנובה מרכז שיתופי לש,,משקה סויה וניל על הב,ליטרים,1.00,ליטר,false,,9.90,9.9000,true,1,803146
7290004125721,false,"השף הלבן שמנת עמידה לבישול 15% תנובה 250 מ""ל",תנובה מרכז שיתופי לש,,השף הלבן שמנת עמידה,מיליליטרים,250.00,"100 מ""ל",false,,7.90,0.0316,true,1,803148
7290004125738,false,שמנת מתוקה להקצפה32% 250מל עמיד השף הלבן,תנובה מרכז שיתופי לש,,השף הלבן שמנת להקצפה,מיליליטרים,250.00,"100 מ""ל",false,,5.90,0.0236,true,1,803149
7290004125776,false,גבינה צהובה קלאסית 28% עמק (400 גרם),"תנובה בע""מ ***",,עמק פרוס 28% 400 גרם,גרמים,400.00,100 גרם,false,,27.80,0.0695,true,1,803150
7290004126674,false,טל העמק פרוסות גבינה חצי קשה לייט %9 200 גרם בקופסא,תנובה מרכז שיתופי לש,,טל העמק לייט %9 200,גרמים,200.00,100 גרם,false,,17.90,0.0895,true,1,803152
7290004126759,false,דאיט יופלה פירות יער טו יוג פרי 150גר.,"תנובה בע""מ ***",,יופלה דיאט פירות יער,מיליליטרים,150.00,"100 מ""ל",false,,4.80,0.0320,true,1,803153
7290004126872,false,משקאות חלב תנובה שוקו בקבוק 250מל,תנובה - חלב,,"שוקו תנובה 250 מ""ל",מיליליטרים,250.00,"100 מ""ל",false,,5.30,0.0212,true,1,803154
7290004127077,false,קוטג תנובה 3% גביע 250 גרם מהדרין,מיוצר עי קונדיטוריית,,קוטג תנובה 3% גביע 2,גרמים,250.00,100 גרם,false,,5.40,0.0216,true,1,803155
7290004127329,false,קוטג תנובה גביע 250 גרם %5 ו.מהדרין,מיוצר עי קונדיטוריית,,קוטג תנובה גביע 250,גרמים,250.00,100 גרם,false,,5.50,0.0220,true,1,803156
7290004127800,false,"גבינה לבנה 500 גרם 5% ""תנובה"" -מוצר בפיקוח",מיוצר עי קונדיטוריית,,גבינה לבנה 5% 500 גר,גרמים,500.00,100 גרם,false,,9.70,0.0194,true,1,803160
7290004127817,false,גבינה לבנה 9% שומן 500 ג' תנובה,מיוצר עי קונדיטוריית,,גבינה לבנה 9% 500 גר,גרמים,500.00,100 גרם,false,,8.90,0.0178,true,1,803161
7290004127862,false,"גבינה לבנה 750 גרם 5% ""תנובה"" - מוצר בפיקוח",תנובה מרכז שיתופי לש,,גבינה לבנה 5% 750 גר,גרמים,750.00,100 גרם,false,,14.50,0.0193,true,1,803162
7290004127916,false,גבינה לבנה 0.5% שומן 500 ג' תנובה,תנובה מרכז שיתופי לש,,גבינה לבנה 1/2% תנוב,גרמים,500.00,100 גרם,false,,8.90,0.0178,true,1,803164
7290004128333,false,לאבנה על בסיס יוגורט %9 שומן 500 ג' פיראוס,תנובה בעמ ***,,פיראוס גבינת לאבנה 9,גרמים,500.00,100 גרם,false,,18.90,0.0378,true,1,803171
7290004128340,false,קרם גבינת שמנת %5 בטעם טבעי 200 ג' תנובה,תנובה בעמ ***,,קרם גבינת שמנת %5 בט,גרמים,200.00,100 גרם,false,,10.90,0.0545,true,1,803172
7290004129101,false,גבינת שמנת 25% בטעם טבעי 225 ג' נפוליאון,תנובה מרכז שיתופי לש,,נפוליאון טבעי גביע 2,גרמים,225.00,100 גרם,false,,12.90,0.0573,true,1,803176
7290004129156,false,גבינת שמנת25% עם שום שמיר 225 ג' נפוליאון,תנובה מרכז שיתופי לש,,נפוליאון שום שמיר גב,גרמים,225.00,100 גרם,false,,12.90,0.0573,true,1,803178
7290004129569,false,נפוליאון שום שמיר25%משקל,תנובה,,גבינה שמנת שום שמיר,קילוגרמים,1.00,"ק""ג",true,,39.00,39.0000,true,1,803180
7290004129576,false,גבינת שמנת+זיתים24% משקל,תנובה,,גבינת שמנת זיתים תנו,קילוגרמים,1.00,"ק""ג",true,,39.00,39.0000,true,1,803181
7290004129903,false,נפוליאון גב.שמנת25% משקל,קריות זול,,גבינת שמנת רכיבים טב,קילוגרמים,1.00,"ק""ג",true,,40.00,40.0000,true,1,803186
7290004130695,false,משקאות חלב תנובה אייס קפה בבקבוק 1ל,תנובה מרכז שיתופי לש,,אייס קפה תנובה 1 ליט,ליטרים,1.00,ליטר,false,,12.50,12.5000,true,1,803188
7290004130794,false,משקה סויה במתיקות מופחתת תנובה (1 ליטר),תנובה מרכז שיתופי לש,,משקה סויה טבעי במתיק,ליטרים,1.00,ליטר,false,,9.90,9.9000,true,1,803189
7290004130916,false,יוגורט יופלה פירות יער בשמנת 3% 150 גרם,תנובה מרכז שיתופי לש,,יופלה פירות יער בשמנ,מיליליטרים,150.00,"100 מ""ל",false,,4.70,0.0313,true,1,803191
7290004131074,false,"חלב 1 ליטר 3% קרטון ""תנובה""- מוצר בפיקוח",תנובה מרכז שיתופי לש,,חלב תנובה טרי1ל קרטו,ליטרים,1.00,ליטר,false,,6.20,6.2000,true,1,803193
7290004131531,false,שוקו 30% פחות תוספת סוכר תנובה (1 ליטר),פארייפאבה אגרואינדוס,,שוקו תנובה בקבוק 1 ל,ליטרים,1.00,ליטר,false,,11.90,11.9000,true,1,803201
7290004131814,false,גבינת צפתית מעודנת (2005% גרם)פיראוס ת,פארייפאבה אגרואינדוס,,פיראוס צפתית 5% מעוד,גרמים,200.00,100 גרם,false,,13.90,0.0695,true,1,803204
7290004131845,false,לאבנה גביע 9% 750 גר`פיראוס תנובה,תנובה מרכז שיתופי לש,,פיראוס לאבנה 9% גביע,גרמים,750.00,100 גרם,false,,20.90,0.0279,true,1,833174
7290004132552,false,משקה סויה בטעם טבעי לייט תנובה 1 ליטר,תנובה מרכז שיתופי לש,,משקה סויה לייט בטעם,ליטרים,1.00,ליטר,false,,9.90,9.9000,true,1,803209
7290004132606,false,"קרלו מעדן חלב בטעם וניל 2% תנובה 8*100 מ""ל",תנובה מרכז שיתופי לש,,קרלו מעדן חלב בטעם ו,מיליליטרים,800.00,"100 מ""ל",false,,13.20,0.0165,true,1,803210
7290004133511,false,יופלה מאגדת לבן 1.5% מעודן 8 יח' * 150 ג',מיוצר עי קונדיטוריית,,יופלה מאגדת שמיניה ל,ליטרים,1.20,ליטר,false,,19.90,16.5833,true,1,803221
7290004135058,false,שמיניית קרלו מיני שוקולד 100 גרם מהדרין,תנובה מרכז שיתופי לש,,מאגדת קרלו מיני שוקו,מיליליטרים,800.00,"100 מ""ל",false,,13.20,0.0165,true,1,803230
7290004135072,false,"מעדן חלב מיני שוקולדה 1.5% מהדרין קרלו 8*100 מ""ל",תנובה מרכז שיתופי לש,,מעדן חלב מיני שוקולד,מיליליטרים,800.00,"100 מ""ל",false,,13.90,0.0174,true,1,803231
7290004135225,false,מעדן חלב דל קלוריות בטעם שוקולד 0.2שומ,תנובה מרכז שיתופי לש,,מעדן חלב דל קלוריות,מיליליטרים,150.00,"100 מ""ל",false,,3.80,0.0253,true,1,803234
7290004135614,false,גבינה בולגרית מעודנת 5% פיראוס 250 גרם,"תנובה בע""מ ***",,פיראוס בולגרית מעודנ,גרמים,250.00,100 גרם,false,,18.90,0.0756,true,1,803237
7290004136857,false,מעדן ג`לי בטעם פטל תנובה (125 גרם),תנובה מרכז שיתופי לש,,ג'לי תנובה פטל,מיליליטרים,125.00,"100 מ""ל",false,,2.20,0.0176,true,1,803254
7290004136864,false,מעדן ג'לי בטעם אננס עם חתיכות תנובה 125 גרם,תנובה בעמ ***,,מעדן ג'לי בטעם אננס,מיליליטרים,125.00,"100 מ""ל",false,,2.60,0.0208,true,1,803255
7290004136871,false,מעדן ג'לי בטעם אפרסק עם חתיכות תנובה 125 גרם,תנובה מרכז שיתופי לש,,מעדן ג'לי בטעם אפרסק,מיליליטרים,125.00,"100 מ""ל",false,,2.50,0.0200,true,1,803256
7290004137021,false,"שמנת עמידה לבישול מופחת שומן 10% השף הלבן 250 מ""ל",תנובה מרכז שיתופי לש,,שמנת עמידה לבישול 10,מיליליטרים,250.00,"100 מ""ל",false,,7.90,0.0316,true,1,803258
7290004137311,false,גבינה צהובה מופחתת שומן 9% עמק (400 גרם),"תנובה בע""מ ***",,עמק לייט פרוס 400 גר,גרמים,400.00,100 גרם,false,,29.90,0.0747,true,1,803260
7290004146986,false,נקה 7 שמפו לשיער צבוע ומובהר 750 מל,החברה הדרומית לשיווק בעמ,,שמפו לשיער צבוע נקה,מיליליטרים,750.00,"100 מ""ל",false,,9.90,0.0132,true,1,828819
7290004146993,false,נקה 7 מרכך שיער צבוע ומובהר 750 מל,החברה הדרומית לשיווק בעמ,,מרכך לשיער צבוע נקה,מיליליטרים,750.00,"100 מ""ל",false,,9.90,0.0132,true,1,828820
7290004150136,false,חציל על האש פיקנטי פרימיום 300 גרם שמיר,"סלטי שמיר 2006 בע""\מ",,חציל על האש 300ג פיק,גרמים,250.00,100 גרם,false,,14.70,0.0588,true,1,6484010
7290004150150,false,חציל בטחינה פיקנטי פרימיום 300 גרם שמיר,"סלטי שמיר 2006 בע""\מ",,חציל בטחינה 300ג פיק,גרמים,250.00,100 גרם,false,,14.70,0.0588,true,1,6484012
7290004150228,false,כרוב אדום פיקנטי פרימיום 300 גרם שמיר,"סלטי שמיר 2006 בע""\מ",,כרוב אדום 300ג פיקנט,גרמים,250.00,100 גרם,false,,14.70,0.0588,true,1,6484019
7290004165000,false,רסק תפוחי עץ בתוספת סוכר יכין 560גר,ב ספירת מלאי,,רסק תפוחי עץ בתוספת,גרמים,560.00,100 גרם,false,,7.90,0.0141,true,1,815069
7290004194178,false,עוף קפוא מס' 1 בשקית מחפוד,עוף ירושלים,,עוף קפוא מחפוד,קילוגרמים,1.00,"ק""ג",true,,24.90,24.9000,true,1,871972
7290004194208,false,כרעיים עוף חלק רב מחפוד קפוא,עוף ירושלים,,כרעיים עוף מחפוד,קילוגרמים,1.00,"ק""ג",true,,31.90,31.9000,true,1,867269
7290004194239,false,מחפוד-חזה עוף קפוא מהדרין,עוף ירושלים,,חזה עוף מחפוד,קילוגרמים,1.00,"ק""ג",true,,31.90,31.9000,true,1,802383
7290004194253,false,כנפיים עוף קפוא ארוז חלק מחפוד.,עוף ירושלים,,כנפיים עוף מחפוד,קילוגרמים,1.00,"ק""ג",true,,13.90,13.9000,true,1,867270
7290004194260,false,מחפוד-שוקיים עוף קפוא מהדרין,עוף ירושלים,,שוקיים עוף מחפוד,קילוגרמים,1.00,"ק""ג",true,,29.90,29.9000,true,1,867271
7290004194277,false,ירכיים עוף קפוא-מחפוד מהדרין,עוף ירושלים,,ירכיים עוף מחפוד,קילוגרמים,1.00,"ק""ג",true,,34.90,34.9000,true,1,867272
7290004194307,false,כבד עוף קפוא ארוז מחפוד,עוף ירושלים,,כבד עוף קפוא מחפוד,קילוגרמים,1.00,"ק""ג",true,,29.90,29.9000,true,1,867274
7290004194314,false,עוף ירושלים לבבות עוף קפוא ארוז חלק,עוף ירושלים מהדרין,,לבבות עוף מחפוד,קילוגרמים,1.00,"ק""ג",true,,34.90,34.9000,true,1,996049
7290004194345,false,שניצל עוף קפוא פרוס מחפוד,עוף ירושלים,,שניצל עוף פרוס מחפוד,קילוגרמים,1.00,"ק""ג",true,,34.90,34.9000,true,1,867275
7290004194543,false,כרעיים עוף טרי מחפוד ארוז,עוף ירושלים מהדרין ב,,כרעיים עוף טרי מחפוד,קילוגרמים,1.00,"ק""ג",true,,29.90,29.9000,true,1,808254
7290004194567,false,ירכיים עוף מחפוד במשקל,עוף ירושלים מהדרין,,ירכיים עוף טרי מחפוד,קילוגרמים,1.00,"ק""ג",true,,29.90,29.9000,true,1,922407
7290004194642,false,גרון עוף טרי ארוז מחפוד,עוף ירושלים מהדרין,,גרון עוף טרי ארוז מח,קילוגרמים,1.00,"ק""ג",true,,9.90,9.9000,true,1,922411
7290004225285,false,גבינה בסגנון דנאבלו 100 גר,האי נאם סי או אל.טי.,,סגנון דנאבלו 100 גר,גרמים,100.00,100 גרם,false,,12.10,0.1210,true,1,833363
7290004228415,false,פיצה משפחתית עבה סיציליאנית שגב 425 גרם,האי נאם סי או אל.טי.,,פיצה עבה סיצליה שגב,גרמים,425.00,100 גרם,false,,16.90,0.0398,true,1,5735635
7290004228804,false,עלי בצק לסיגרים ואגרול שלושת האופים (450,נטו מילנדה סחר בעמ*,,עלי סיגר 500 גרם,גרמים,500.00,100 גרם,false,,11.90,0.0238,true,1,6277028
7290004230081,false,קציצות עוף ברוטב עגבניות שגב 800 גרם,"טיבון ויל אחזקות בע""\מ",,קציצות עוף ברוטב עגב,גרמים,800.00,100 גרם,false,,24.90,0.0311,true,1,834488
7290004255558,false,נרות שבת אורה מספר 2,מנורה,,נרות שבת אורה מספר 2,יח',1.00,יח',false,,2.90,2.9000,true,1,901296
7290004256197,false,גאודה הולנד עז30.6%משקל,וויסר קאשנדל בי.וי נ,,*מבצע* גאודה עיזים ה,קילוגרמים,1.00,"ק""ג",true,,99.00,99.0000,true,1,6209011
7290004256753,false,עלי לסיגר מרוקאי לפסטיליה 450 גרם,נטו מלינדה סחר בעמ,,עלי סיגר מרוקאים,יח',1.00,יח',false,,11.90,11.9000,true,1,5665812
7290004258528,false,גפרורים קטן רמי לוי 10יח,מנורה,,גפרורים קטן רמי לוי,יח',10.00,יח',false,,2.60,0.2600,true,1,1717272
7290004258535,false,גפרורים ארוכים רמי לוי,מנורה,,גפרורים ארוכים רמי ל,יח',1.00,יח',false,,4.90,4.9000,true,1,1717273
7290004258573,false,נר נשמה בפחית רמי לוי,,,נר נשמה בפחית רמי לו,יח',1.00,יח',false,,1.60,1.6000,true,1,1543576
7290004258603,false,נר נשמה שבועי בפלסטיק רמי לוי,,,נר נשמה שבועי בפלסטי,יח',1.00,יח',false,,9.90,9.9000,true,1,1543577
7290004258924,false,נריות חימום 100יח בלוק רמילוי,,,נריות חימום 100יח בל,יח',10.00,יח',false,,17.90,1.7900,true,1,5176940
7290004323882,false,טחון הודו אדום מתובל,"טיבון ויל אחזקות בע""\מ",,הודו אדום טחון 500 ג,גרמים,500.00,100 גרם,false,,14.90,0.0298,true,1,811334
7290004324605,false,גבינה מותכת למריחה בטעם רוקפור 7% מון בלאן 120 ג',נטו מילנדה סחר בעמ*,,גבינה מותכת למריחה ב,גרמים,120.00,100 גרם,false,,8.90,0.0742,true,1,811338
7290004324858,false,קבב כבש טיבון ויל 500 גרם,"טיבון ויל אחזקות בע""",,קבב כבש טיבון ויל 50,גרמים,500.00,100 גרם,false,,17.90,0.0358,true,1,811339
7290004339401,false,המבורגר אורז עדשים 400גרם טבע דלי,טבע דלי,,המבורגר אורז עדשים 4,גרמים,400.00,100 גרם,false,,24.50,0.0613,true,1,830651
7290004339432,false,סייטן קפוא טבעי 500 גרם טבע דלי,טבע דלי בעמ,,סייטן קפוא טבעי 500ג,גרמים,500.00,100 גרם,false,,16.50,0.0330,true,1,3602726
7290004386825,false,שעועית בגודל ענק אפויה ברוטב עגבניות -מוכן לאכילה,ג. וילי-פוד אינטרנשיונל בע`מ,,שעועית ענקית אפויה ב,גרמים,420.00,100 גרם,false,,9.80,0.0233,true,1,813359
7290004460167,false,מחית אבוקדו קפוא 10/,,,מחית אבוקדו קפוא 10/,יח',1.00,יח',false,,24.90,24.9000,true,1,5702957
7290004480349,false,"משולש גבינת גאודה עיזים ""גד""",מחלבת אמלטי הולנד,,גאודה עיזים משולשים,קילוגרמים,1.00,"ק""ג",true,,120.00,120.0000,true,1,6448188
7290004492762,false,"נשנושים תירס אפוי טעם טבעי בייגל בייגל 325 גרם בד""צ",יוניליוור ישראל שיווק בע`מ,,נשנושים תירס 325 גרם,גרמים,325.00,100 גרם,false,,11.90,0.0366,true,1,808859
7290004494919,false,יין כנען קברנה שיראז 750 מל דלתון,הכרם - משקאות חריפים בעמ,,כנען קברנה-שיראז (דל,מיליליטרים,750.00,"100 מ""ל",false,,37.50,0.0500,true,1,957155
7290004554354,false,גלידת פנטזיה שוקו וניל 1 ל' שטראוס,"גלידת שטראוס בע""\מ, רחוב",,פנטסיה שוקו וניל 900,מיליליטרים,900.00,"100 מ""ל",false,,17.50,0.0194,true,1,816843
7290004554903,false,"גלידת פנטזיה שוקו וניל 900 מ""ל שטראוס","גלידת שטראוס בע""\מ, רחוב",,גלידת פנטזיה שוקו ונ,מיליליטרים,900.00,"100 מ""ל",false,,17.50,0.0194,true,1,816849
7290004575007,false,טילון וניל וופך ושברי אגוז ריאו מארז 70X5ג',"גלידות ריאו ביח""ר לג",,גלידת טילון ריאו 5 י,יח',1.00,יח',false,,14.50,14.5000,true,1,818787
7290004575069,false,גלידה מיניס חטיפים וניל ציפוי שוקו' ופצפוצי נ.חיטה ריאו מארז 32יח',ריאו נתניה ביחר לגלידה,,מיניס שוקולידה 32 יח,גרמים,700.00,100 גרם,false,,29.90,0.0427,true,1,818789
7290004575229,false,גלידת סנקור ריאו מארז חמישייה,"ריאו נתניה ביח""\ר לגלידה",,סנקור גלידת קסטה ריא,גרמים,500.00,100 גרם,false,,18.90,0.0378,true,1,1598979
7290004575335,false,ארטיק מגיק מיני וניל ציפוי שוקו' ופצפוצי נ.חיטה ריאו מארז 45X8ג'באריזה,ריאו נתניה ביחר לגלידה,,מיני מג'יק שלגונים ב,יח',1.00,יח',false,,16.90,16.9000,true,1,818797
7290004575373,false,שלגון מצופים וניל בציפוי שוקולד ריאו מארז 80X8 ג',"גלידות ריאו ביח""ר לג",,שלגונים מצופים בטעמי,יח',1.00,יח',false,,14.50,14.5000,true,1,818799
7290004575397,false,גלידה בטעמי מוקה וניל פיסטוק 1.8 ל' ריאו,ריאו נתניה ביחר לגלידה,,גלידה שוקולד תות וני,ליטרים,1.80,ליטר,false,,14.90,8.2778,true,1,818800
7290004575502,false,שמיניות גליגל חלבי 600מל,ריאו,,גליגל שלגונים בטעם ו,גרמים,600.00,100 גרם,false,,16.30,0.0272,true,1,4338225
7290004584351,false,גבינה לבנה סימפוניה עם תוספות 200 ג' חמישית 200,שטראוס גרופ בעמ/מצונן,,סימפוניה גבינה במרקם,גרמים,200.00,100 גרם,false,,10.40,0.0520,true,1,818322
7290004584528,false,יוגורט דנונה ביו לבן 1.7% שומן 200 גרם,שטראוס גרופ בעמ/מצונן,,יוגורט דנונה ביו לבן,מיליליטרים,200.00,"100 מ""ל",false,,3.40,0.0170,true,1,818323
7290004585907,false,דני ועדן וניל 1.5% 125ג' שטראוס,שטראוס גרופ בעמ/מצונן,,1.5% דני בטעם וניל 1,מיליליטרים,125.00,"100 מ""ל",false,,2.50,0.0200,true,1,818326
7290004603175,false,מלח הים האדום גס מלח הארץ (500 גרם),"חברת מלח הארץ אילת בע""\מ",,מלח הים האדום גס 500,גרמים,500.00,100 גרם,false,,7.90,0.0158,true,1,914270
7290004639006,false,קוסקוס תונסאי קפוא מטעמי פאר (800 גרם),מטעמי פאר (א.מ.נ) בעמ,,קוסקוס ביתי קפוא 800,גרמים,800.00,100 גרם,false,,14.90,0.0186,true,1,805244
7290004652401,false,ג'חנון ללא מרגרינה שגב 650 גר' לנדא,נטו מלינדה סחר בע`מ,,ג'חנון ללא מרגרינה 6,גרמים,650.00,100 גרם,false,,18.90,0.0291,true,1,6410175
7290004652890,false,מנצ'גו כבשים שקיל,,,מנצ'גו כבשים שקיל,קילוגרמים,1.00,"ק""ג",true,,110.00,110.0000,true,1,6441580
7290004658847,false,"תירוש כרמל מיץ ענבים אדום, 187 מ""ל",אגודת הכורמים בעמ,,תירוש 187 מל,מיליליטרים,187.00,"100 מ""ל",false,,5.90,0.0316,true,1,5387631
7290004685089,false,לחם הארץ לחם חמניות 500 גר',מאפית י את א ברמן בע,,לחם הארץ לחם חמניות,גרמים,500.00,100 גרם,false,,15.50,0.0310,true,1,5085407
7290004685157,false,לחם שיפון 100% פרוס לחם הארץ (750 גרם),מאפית י את א ברמן בע,,לחם שיפון 100% הארץ,גרמים,750.00,100 גרם,false,,15.50,0.0207,true,1,5085410
7290004685430,false,100% לחם כומסין 500 גר לחם הארץ,מאפית י את א ברמן בע,,לחם הארץ כוסמין 100%,גרמים,500.00,100 גרם,false,,15.50,0.0310,true,1,5085458
7290004685447,false,לחמניות כוסמין 6 יח בשקית מלא 450 גר`E,מאפית ברמן מקבוצת י. את,,לחמניות כוסמין 6יח,יח',1.00,יח',false,,13.80,13.8000,true,1,5990525
7290004685454,false,לחם שיבולת שועל 500 גר`ברמן,מאפית י את א ברמן בע,,לחם שיבולת שועל 100%,יח',1.00,יח',false,,15.90,15.9000,true,1,6280721
7290004725426,false,עמק גבינה צהובה חריץ,תנובה מרכז שיתופי לש,,גבינת עמק בדץ 28% במ,קילוגרמים,1.00,"ק""ג",true,,44.70,44.7000,true,1,1118727
7290004725600,false,גבינה סקנדינבית31% משקל,תנובה חלב,,גבינת חריץ סקנדינבית,קילוגרמים,1.00,"ק""ג",true,,75.00,75.0000,true,1,1598976
7290004731519,false,"מקסימה מרכך ומבשם כביסה למייבש סנסיטיב סנו 750 מ""ל",החברה הדרומית לשיווק בעמ,,מקסימה מרכך ומבשם כב,מיליליטרים,750.00,"100 מ""ל",false,,16.30,0.0217,true,1,809748
7290004731670,false,"מטהר אוויר דואופרש פצ'ולי לבנדר סנו 300 מ""ל",החברה הדרומית לשיווק בעמ,,מטהר אויר בניחוח לבנ,מיליליטרים,300.00,"100 מ""ל",false,,9.90,0.0330,true,1,809753
7290004731687,false,"מטהר אויר בניחוח וניל ולמון גראס סנו 300 מ""ל",סנו מפעלי ברונוס בעמ,,מטהר אויר בניחוח וני,מיליליטרים,300.00,"100 מ""ל",false,,9.90,0.0330,true,1,809754
7290004731984,false,משחת שיניים אורביטול להלבנה 145 גר,טרופיקל דגיל תעשיות קוסמ,,אורביטול משחת שיניים,גרמים,145.00,100 גרם,false,,10.90,0.0752,true,1,6314199
7290004737719,false,אספרגוס שלם מקולף בצנצנת ויליפוד 330 גרם,ג.וילי-פוד אינטרנשיונל בעמ,,אספרגוס שלם מקולף ול,גרמים,205.00,100 גרם,false,,8.90,0.0434,true,1,813361
7290004861025,false,גבינה בולגרית 5% במשקל,"מחלבת המושבה בע""מ",IL,בולגרית 5% מסורתית,קילוגרמים,1.00,"ק""ג",true,,43.00,43.0000,true,1,1121377
7290004861063,false,גבינת קש המושבה במשק,מחלבת המושבה בעמ`,IL,צפתית קאש 9% המושבה,קילוגרמים,1.00,"ק""ג",true,,41.00,41.0000,true,1,1121417
7290004861070,false,גב.צפתית קשה 24% במשקל,מחלבת המושבה בעמ`,IL,גבינה צפתית קשה המוש,קילוגרמים,1.00,"ק""ג",true,,69.00,69.0000,true,1,1121418
7290004861278,false,שמנת 30% טבעי המושבה,"מחלבת המושבה בע""מ",IL,גבינה שמנת 30%,קילוגרמים,1.00,"ק""ג",true,,38.00,38.0000,true,1,1121379
7290004861315,false,לבנה טבעי/ירקות שקיל 5%,מחלבות המושבה בעמ,IL,גבינה לאבנה טבעי /זע,קילוגרמים,1.00,"ק""ג",true,,39.00,39.0000,true,1,810357
7290004861360,false,צפתית קצח מושבה,מחלבת המושבה,IL,צפתית בטעמים 5%,קילוגרמים,1.00,"ק""ג",true,,43.00,43.0000,true,1,1121381
7290004861445,false,כדורי לבנה בזעתר במשקל,מחלבות המושבה בעמ,,כדורי לאבנה בשמן זית,קילוגרמים,1.00,"ק""ג",true,,98.00,98.0000,true,1,2451877
7290004861520,false,גבינת שמנת 5% מושבה,"מחלבת המושבה בע""מ",IL,קרם שמנת בטעמים 5%,קילוגרמים,1.00,"ק""ג",true,,29.00,29.0000,true,1,1121355
7290004914219,false,בקבוק ריח עם מקלות עץ,סאנרייז,,מפיץ ריח לרכב,מיליליטרים,250.00,"100 מ""ל",false,,13.90,0.0556,true,1,824345
7290004914691,false,מפיץ ריח סנרייז,,,מפיץ יוקרתי,יח',1.00,יח',false,,14.90,14.9000,true,1,5343118
7290004914912,false,מפיץ סטייל יוקרתי,,,מפיץ סטייל יוקרתי,יח',1.00,יח',false,,14.90,14.9000,true,1,5783239
7290004923099,false,שישיית מים עין גדי 2 ליטר,עין גדי מיים מינרלים,,מים עין גדי 2 ליטר ש,ליטרים,12.00,ליטר,false,,10.90,0.9083,true,1,808037
7290004934064,false,טחון בקר 100% 1קג,,,טחון בקר 100% 1קג,יח',1.00,יח',false,,35.90,35.9000,true,1,1149263
7290004944049,false,טחינה אסלי שמיר 400 גרם,"סלטי שמיר 2006 בע""מ",,טחינה אסלי 400 גרם,גרמים,400.00,100 גרם,false,,9.80,0.0245,true,1,6461882
7290004944056,false,סדרת האסלי חציל במיונז שמיר 400 גרם,"סלטי שמיר 2006 בע""מ",,חציל במיונז אסלי 40,גרמים,400.00,100 גרם,false,,9.80,0.0245,true,1,6461883
7290004969516,false,אסאדו 9 עם עצם פרוס קפוא מחפוד,,,"אסאדו ע""ע פרוס קפוא",קילוגרמים,1.00,"ק""ג",true,,81.90,81.9000,true,1,3463805
7290004969790,false,פיקנייה בשר קפוא מחפ,,,פיקנייה בשר קפוא מחפ,קילוגרמים,1.00,"ק""ג",true,,123.00,123.0000,true,1,6387175
7290005008184,false,"סבון נוזלי בניחוח חלב שקדים פלמוליב 500 מ""ל",הנסיך- מפעל לייצור ט,,סבון נוזלי בניחוח חל,מיליליטרים,500.00,"100 מ""ל",false,,15.90,0.0318,true,1,836284
7290005008191,false,"סבון נוזלי ארומה בניחוח לבנדר פטצ'ולי וילנג ילנג פלמוליב 500 מ""ל",הנסיך- מפעל לייצור ט,,סבון נוזלי ארומה בני,מיליליטרים,500.00,"100 מ""ל",false,,15.90,0.0318,true,1,804788
7290005008481,false,ספיד סטיק - דאודורנט ג'ל לגבר ספורט 85 גרם,הנסיך- מפעל לייצור ט,,ספיד סטיק ג'ל בסיסי,גרמים,85.00,100 גרם,false,,13.50,0.1588,true,1,804789
7290005033049,false,שקיות אוכל והקפאה 25*35,,,שקיות אוכל והקפאה 25,יח',1.00,יח',false,,10.90,10.9000,true,1,838344
7290005033087,false,שקיות אשפה עם ידית 50*70 משי,משי,,שקיות אשפה עם ידית 5,יח',1.00,יח',false,,20.60,20.6000,true,1,819289
7290005033100,false,שקיות אשפה ביג חזקות ללא תלישה,משי,,שקיות אשפה ביג חזקות,יח',1.00,יח',false,,24.90,24.9000,true,1,819290
7290005033117,false,מפות שולחן עבות 8-6 יח,משי,,מפות שולחן עבות 8-6,יח',1.00,יח',false,,7.90,7.9000,true,1,819291
7290005033162,false,מפות עבות במיוחד 6-8 יח,משי,,מפות עבות במיוחד 6-8,יח',6.00,יח',false,,13.00,2.1667,true,1,819294
7290005033209,false,שקיות אשפה קרם עם ידית 40יח 90*75,,,שקיות אשפה קרם עם יד,יח',40.00,יח',false,,22.90,0.5725,true,1,2794525
7290005033582,false,שקיות אשפה אפור ידית 90*75 משי 25 יח,משי,,שקיות אשפה אפור ידית,יח',25.00,יח',false,,21.90,0.8760,true,1,819297
7290005033599,false,שקיות אשפה קומפקט 90*75 משי 40 יח,משי,,שקיות אשפה קומפקט 90,יח',40.00,יח',false,,19.80,0.4950,true,1,819298
7290005041198,false,מעדני הטלה קבב ביתי,לאטי עזרא גלם ודגים,,קבב ביתי 1קג,גרמים,1000.00,100 גרם,false,,44.90,0.0449,true,1,1823811
7290005079344,false,גבינת מוצרלה נעם במש,מחלבת משק צוריאל,,מוצרלה נעם שקיל,קילוגרמים,1.00,"ק""ג",true,,74.00,74.0000,true,1,3731436
7290005079412,false,גבינה אמנטל נעם 30% משקל,החברה המרכזית טלהפצת משקאות בע,,אמנטל נעם חריץ,קילוגרמים,1.00,"ק""ג",true,,55.00,55.0000,true,1,2885688
7290005084355,false,סנסודין משחת שיניים דואל קר פלואוריד 75,גלקסו סמית קליין,GB,"סנסודיין דואלקר 75 מ""ל",גרמים,75.00,100 גרם,false,,21.90,0.2920,true,1,820464
7290005113222,false,זיתים קוקטייל וגמבה יבנה 350ג',קבוצת יבנה מוצרי מזון אגודה שי,,זית יבנה מיקס 340 גר,גרמים,340.00,100 גרם,false,,9.80,0.0288,true,1,809476
7290005168253,false,"יין קליל דל אלכוהול יקבי ציון 750 מ""ל",יקבי ציון,,קליל יין אדום מתוק 7,מיליליטרים,750.00,"100 מ""ל",false,,13.00,0.0173,true,1,5403830
7290005168284,false,"יין גן עדן יקבי ציון 750 מ""ל",יקבי ציון (1982) בעמ,IL,"גן עדן 750 מ""ל",מיליליטרים,750.00,"100 מ""ל",false,,19.90,0.0265,true,1,1145945
7290005168475,false,מיץ ענבים מובחר אדום 100% טבעי 1 ליטר,יקבי ציון,,תירוש אדום מובחר 100,יח,1.00,יח,false,,16.90,16.9000,true,1,6446857
7290005174513,false,חציל על האש במיונז אחלה 400 גרם+225גר,שטראוס גרופ בעמ/מצונן,,סלט חצילים במיונז אח,גרמים,500.00,100 גרם,false,,14.90,0.0298,true,1,818329
7290005174551,false,סלט חומוס עם צנוברים 125 ג' אחלה,שטראוס גרופ בעמ/מצונן,,חומוס אחלה 125 גרם,גרמים,125.00,100 גרם,false,,4.70,0.0376,true,1,818330
7290005174575,false,טחינה אחלה יום יום משובחת 125ג',שטראוס גרופ בעמ/מצונן,,סלט טחינה אחלה 125 ג,גרמים,125.00,100 גרם,false,,4.70,0.0376,true,1,818332
7290005175428,false,"קמח תירס לל""ג ריבארה 500 ג'",ג. וילי-פוד אינטרנשיונל בע`מ,,קמח תירס וילי פוד 50,גרמים,500.00,100 גרם,false,,5.90,0.0118,true,1,813364
7290005175589,false,"קמח תירס ללא גלוטן וילי פוד 1 ק""ג",ג.וילי פוד אינטרנשיונל בעמ,,קמח תירס ללא גלוטן ו,100 קג,1.00,100 קג,false,,9.90,9.9000,true,1,813365
7290005197758,false,"עוגיות חיוכים שוקולד עלית 150 גרם בד""צ",אפיפית נצרת תעשיות ב,,עוגיות חיוכים שוקו ש,גרמים,150.00,100 גרם,false,,4.90,0.0327,true,1,805439
7290005199578,false,קפה נמס מיובש בהקפאה נטול קפאין 200ג,שטראוס קפה בי.וי.,,קפה נטול קפאין 200 ג,גרמים,200.00,100 גרם,false,,29.90,0.1495,true,1,805446
7290005200786,false,תפוצ'יפס בטעם שמנת בצל עלית 50 גרם,"שטראוס פריטו ליי בע""\מ )",,תפוצ'יפס בטעם שמנת ב,גרמים,50.00,100 גרם,false,,3.50,0.0700,true,1,812811
7290005201455,false,קפה נמס מגורען ארומה קלאסי עלית 200 גרם,שטראוס גרופ בע`מ,PL,קפה נמס מגורען עלית,גרמים,200.00,100 גרם,false,,21.90,0.1095,true,1,805454
7290005287206,false,רביעיית טונה בשמן סטארקיסט 160 גרם,דיפלומט מפיצים (1968) בעמ**,IL,טונה ס.ק בשמן 160גר 'רביע,גרמים,492.00,100 גרם,false,,24.90,0.0506,true,1,5426370
7290005287213,false,"רביעיית טונה בשמן סטארקיסט 160 גרם בד""צ",דיפלומט מפיצים (1968) בעמ**,IL,טונה ס.ק בשמן 160גר 'רביע,גרמים,448.00,100 גרם,false,,24.90,0.0556,true,1,814261
7290005287251,false,רביעיית טונה במים סטארקיסט 160 גרם,דיפלומט מפיצים (1968) בעמ**,IL,טונה ס.ק במים 160גר 'רביע,גרמים,448.00,100 גרם,false,,24.90,0.0556,true,1,814263
7290005287657,false,"סטארקיסט ממרח טונה 160 גרם בד""צ",דיפלומט מפיצים (1968) בעמ**,IL,ס.ק. ממרח טונה 160 גר' -,גרמים,160.00,100 גרם,false,,5.90,0.0369,true,1,814278
7290005287930,false,"טונה סטארקיסט רבעיות מים בד""ץ 112 גר-עדה",סטארקיסט דיפלומט היינץ,IL,טונה סטארקיסט במים 160 רב,גרמים,448.00,100 גרם,false,,24.90,0.0556,true,1,814286
7290005296246,false,"פותח סתימות דריין אאוט 946 מ""ל יעקבי","יעקב יעקבי ובניו בע""מ",,פותח סתימות בצנרת ני,מיליליטרים,946.00,"100 מ""ל",false,,24.90,0.0263,true,1,812594
7290005296857,false,"פוליבוי ספריי מנקה ומבריק הכל יעקבי 300 מ""ל","יעקב יעקבי ובניו בע""מ",,פוליבוי ספריי מנקה ו,מיליליטרים,300.00,"100 מ""ל",false,,14.90,0.0497,true,1,812599
7290005326387,false,עגבניות מיובשות בשמן זית אוליביה 270 גרם,תה ויסוצקי (ישראל)בעמ,IL,עגבניות מיובשות בשמש,גרמים,270.00,100 גרם,false,,15.90,0.0589,true,1,801023
7290005326523,false,ממרח פסטו פטרוזיליה ונענע אוליביה 180 גרם,תה ויסוצקי (ישראל) בעמ,,אוליביה פסטו פטרוזיל,גרמים,185.00,100 גרם,false,,12.90,0.0697,true,1,1033366
7290005384899,false,פטינה ים תיכונית בסג,וילי פוד,,*מבצע* פטינה 20% שומ,קילוגרמים,1.00,"ק""ג",true,,19.00,19.0000,true,1,813281
7290005418709,false,"נטורל קרם לחות לקיבוע תלתלים גלי 400 מ""ל",החברה הדרומית לשיווק בעמ,,קרם לחות לעיצוב תלתל,מיליליטרים,400.00,"100 מ""ל",false,,20.70,0.0517,true,1,828822
7290005418723,false,"נטורל קרם לחות לשיער חלק ברגע קליל 400 מ""ל",נטורל,,קרם לחות סירוק קל נט,מיליליטרים,400.00,"100 מ""ל",false,,20.90,0.0522,true,1,828824
7290005423253,false,"סנו - מקסימה מרסס למייבש כביסה אולטרה פרש 750 מ""ל",החברה הדרומית לשיווק בעמ,,מקסימה מרכך ומבשם למ,מיליליטרים,750.00,"100 מ""ל",false,,16.30,0.0217,true,1,809760
7290005423482,false,"קרם לניקוי כיריים קרמיים סנו 300 מ""ל",מיוצר עי קונדיטוריית,,קרם לניקוי כיריים קר,מיליליטרים,300.00,"100 מ""ל",false,,14.90,0.0497,true,1,809769
7290005423499,false,"תרסיס לניקוי משטחי נירוסטה אירוסל סנו 500 מ""ל",החברה הדרומית לשיווק בעמ,,תרסיס לניקוי משטחי נ,מיליליטרים,500.00,"100 מ""ל",false,,18.90,0.0378,true,1,809770
7290005423505,false,"אורביטול מי פה להלבנת השיניים 500 מ""ל",החברה הדרומית לשיווק בעמ,,מי פה להלבנת שיניים,מיליליטרים,500.00,"100 מ""ל",false,,16.90,0.0338,true,1,809771
7290005423567,false,מטליות ניקוי רב שימושיות בגליל סנו סושי 40 יחידות,החברה הדרומית לשיווק בעמ,,מטליות ניקוי רב שימו,יח',40.00,יח',false,,18.90,0.4725,true,1,809773
7290005423635,false,ריצפז נוזל רצפות דוחה תיקנים סנו 2 ליטר,החברה הדרומית לשיווק בעמ,,ריצפז נוזל רצפות דוח,ליטרים,2.00,ליטר,false,,19.90,9.9500,true,1,809775
7290005423734,false,מרכך כביסה מרוכז אולטרא פרש סנו מקסימה 4 ליטר,החברה הדרומית לשיווק בעמ,,מקסימה מרכך כביסה או,ליטרים,4.00,ליטר,false,,21.50,5.3750,true,1,809776
7290005423871,false,שלישיית משחת שיניים מנטול אורביטול 145 גרם,טרופיקל דגיל תעשיות קוסמ,,משחת שיניים עם פלואו,גרמים,435.00,100 גרם,false,,16.50,0.0379,true,1,809778
7290005423918,false,סנו - מקסימה מרכך כביסה היפואלרגני אלוורה 4 ליטר,החברה הדרומית לשיווק בעמ,,מקסימה מרכך כביסה בי,ליטרים,4.00,ליטר,false,,21.50,5.3750,true,1,809780
7290005424021,false,"סנופרש הום מנטרל ריחות רעים 350 מ""ל",החברה הדרומית לשיווק בעמ,,ריפרש מנטרל ריחות פר,מיליליטרים,1.00,"100 מ""ל",false,,14.90,14.9000,true,1,6465911
7290005424113,false,"רביעיית מטליות לרצפה ""סנו סושי""",החב. הדרומית לשיווק,,סנו סושי מטליות רצפה,יח',1.00,יח',false,,12.90,12.9000,true,1,809784
7290005424311,false,סנו k רב קוטל זוחלים ומעופפים 475 סמ,החברה הדרומית לשיווק בעמ,,קוטל חרקים K רב קוטל,מיליליטרים,500.00,"100 מ""ל",false,,19.90,0.0398,true,1,809787
7290005424755,false,מטליות ריצפז פלוס לחות לניקוי רצפות דוחה תיקנים 10 יח' סנו,החברה הדרומית לשיווק בעמ,,סנו ריצפז פלוס מטליו,יח',1.00,יח',false,,13.90,13.9000,true,1,4734835
7290005424762,false,ריצפז פלוס ווקס נוזל להברקת רצפות דוחה תיקנים סנו 2 ליטר,החברה הדרומית לשיווק בעמ,,ריצפז פלוס ווקס נוזל,ליטרים,2.00,ליטר,false,,25.90,12.9500,true,1,809794
7290005424809,false,כריות קרצוף ענקיות לניקוי כללי סנו סושי 3 יחידות,החב. הדרומית לשיווק,,כריות קרצוף ענקיות ל,יח',1.00,יח',false,,9.50,9.5000,true,1,809797
7290005424915,false,"סנומוד מבשם אויר בניחוח לבנדר פטצ'ולי סנו 150 מ""ל",החברה הדרומית לשיווק בעמ,,סנומוד מבשם אויר בני,מיליליטרים,150.00,"100 מ""ל",false,,9.90,0.0660,true,1,809799
7290005424991,false,סנו פרש אוטומטיק בהתזה קצובה ניחוח בייבי פאודר,החברה הדרומית לשיווק בעמ,,פרש מבשם אויר אוטומט,מיליליטרים,250.00,"100 מ""ל",false,,12.90,0.0516,true,1,6061902
7290005425073,false,"מטהר אויר בניחוח יסמין ועץ סאנדלווד סנו 300 מ""ל",החברה הדרומית לשיווק בעמ,,מטהר אויר בניחוח יסמ,מיליליטרים,300.00,"100 מ""ל",false,,9.90,0.0330,true,1,809804
7290005425110,false,"חיטוי משטחים 99.9% מתז מחטא ומשמיד 750 מ""ל",החברה הדרומית לשיווק בעמ,,סנו מחטא ומשמיד חייד,מיליליטרים,750.00,"100 מ""ל",false,,11.90,0.0159,true,1,5432860
7290005425127,false,"חיטוי משטחים 99.9% מתז לשומנים ואבנית 750 מ""ל",החברה הדרומית לשיווק בעמ,,סנו מחטא ומשמיד חייד,מיליליטרים,750.00,"100 מ""ל",false,,11.90,0.0159,true,1,5442986
7290005425196,false,"מקסימה אבקת כביסה סנסיטיב סנו 2.5 ק""ג",החברה הדרומית לשיווק בעמ,,מקסימה אבקת כביסה סנ,קילוגרמים,2.50,"ק""ג",false,,22.90,9.1600,true,1,809808
7290005425202,false,אבקת כביסה ביו מקסימה לכתמים קשים,החברה הדרומית לשיווק בעמ,,מקסימה אבקת כביסה בי,קילוגרמים,2.50,"ק""ג",false,,22.90,9.1600,true,1,809809
7290005425646,false,קליר נוזל לניקוי חלונות רב תכליתי סנו 1 ליטר,החברה הדרומית לשיווק בעמ,,קליר נוזל לניקוי חלו,ליטרים,1.00,ליטר,false,,9.90,9.9000,true,1,809816
7290005425714,false,"שמפו שטיחים סנו פלוס 600 מ""ל","סנו מפעלי ברונוס בע""\מ",,שמפו שטיחים סנו פלוס,מיליליטרים,600.00,"100 מ""ל",false,,25.90,0.0432,true,1,809820
7290005425912,false,אוקסיג'ן ג'ל להסרת כתמים עם חמצן פעיל סנו 4 ליטר,החברה הדרומית לשיווק בעמ,,אוקסיג'ן ג'ל להסרת כ,ליטרים,4.00,ליטר,false,,29.90,7.4750,true,1,809826
7290005426186,false,סקוטש כריות קרצוף ענקיות סנו סושי 3 יחידות,החב. הדרומית לשיווק,,סקוטש כריות קרצוף ענ,יח',1.00,יח',false,,16.90,16.9000,true,1,809834
7290005426193,false,ספוגית הפלא סנו סושי 6 יחידות,החברה הדרומית לשיווק בעמ,,ספוגית הפלא סנו סושי,יח',1.00,יח',false,,9.90,9.9000,true,1,809835
7290005426568,false,"קרמה - קרם לחות לשיער רגיל 400 מ""ל",החברה הדרומית לשיווק בעמ,,קרם לחות לשיער רגיל,מיליליטרים,400.00,"100 מ""ל",false,,16.90,0.0422,true,1,809844
7290005426575,false,"קרמה לחות לשיער יבש ללא שטיפה 400 מ""ל",החברה הדרומית לשיווק בעמ,,קרם לחות לשיער יבש ק,מיליליטרים,400.00,"100 מ""ל",false,,16.90,0.0422,true,1,809845
7290005426629,false,"סנו דואופרש אורן לוטוס ופרחי מים ודובדבן, 300 מ""ל",החברה הדרומית לשיווק בעמ,,מבשר אויר בניחוח אור,מיליליטרים,300.00,"100 מ""ל",false,,9.90,0.0330,true,1,809848
7290005426803,false,מקסימה מרכך כביסה פצ'ולי לבנדר סגול סנו 4 ליטר,החברה הדרומית לשיווק בעמ,,מקסימה מרכך כביסה פצ,ליטרים,4.00,ליטר,false,,21.50,5.3750,true,1,809850
7290005426865,false,אורביטול - משחת שיניים לילדים בטעם מסטיק 70 גרם,טרופיקל דגיל תעשיות קוסמ,,משחת שיניים לילדים ב,גרמים,50.00,100 גרם,false,,7.90,0.1580,true,1,809852
7290005427626,false,"ג'ל לעיצוב השיער למראה רטוב כיף 1 ק""ג",החברה הדרומית לשיווק בעמ,,ג'ל לעיצוב השיער למר,100 לקג,1.00,100 לקג,false,,19.90,19.9000,true,1,809877
7290005427756,false,אל סבון נוזלי אלוורה כיף 2 ליטר,קוסמופארם,,אל סבון נוזלי אלוורה,ליטרים,2.00,ליטר,false,,18.90,9.4500,true,1,809882
7290005427763,false,אל סבון נוזלי בניחוח גינסינג כיף 2 ליטר,החברה הדרומית לשיווק בעמ,,אל סבון נוזלי בניחוח,ליטרים,2.00,ליטר,false,,18.90,9.4500,true,1,809883
7290005427787,false,"קרמה - קרם לחות לשיער מתולתל 400 מ""ל",החברה הדרומית לשיווק בעמ,,קרם לחות לשיער מתולת,מיליליטרים,400.00,"100 מ""ל",false,,16.90,0.0422,true,1,809885
7290005427848,false,מטליות ניקוי רב שימושיות בגליל סנו סושי 40 יחידות,החברה הדרומית לשיווק בעמ,,מטליות ניקוי רב שימו,100 יח',1.00,100 יח',false,,18.90,18.9000,true,1,809888
7290005427978,false,"תחליב רחצה לפנים פילינג קרמה 180 מ""ל",החברה הדרומית לשיווק בעמ,,תחליב רחצה לפנים קרמ,מיליליטרים,180.00,"100 מ""ל",false,,12.90,0.0717,true,1,809893
7290005428845,false,מפיות סנו סופט 33*33 100 יחידות,החב הדרומית לשיווק,,מפיות סנו סופט 33*33,100 יח',1.00,100 יח',false,,7.90,7.9000,true,1,809905
7290005428852,false,ממחטות טישו צבעוניים סנו סופט 5 יח' *100דף,החברה הדרומית לשיווק בעמ,,סופט ממחטות אף צבעונ,100 יח',650.00,100 יח',false,,12.90,0.0198,true,1,809906
7290005429019,false,פיסגה נוזל לרצפות מבושם סנו 4 ליטר,סנו פיסגה,,פיסגה נוזל לרצפות מב,ליטרים,4.00,ליטר,false,,19.90,4.9750,true,1,809914
7290005430480,false,מטלית הפלא למשטחים מיקרופייבר סנו סושי 1 יחידה,החברה הדרומית לשיווק בעמ,,מטלית הפלא מיקרופייב,יח',1.00,יח',false,,6.90,6.9000,true,1,809918
7290005430602,false,"סנו אוקסיג'ן ספריי להסרת כתמים עם חמצן פעיל 750 מ""ל",החברה הדרומית לשיווק בעמ,,סנו אוקסיג'ן ספריי ל,מיליליטרים,750.00,"100 מ""ל",false,,17.70,0.0236,true,1,809920
7290005430671,false,פוליויקס נוזל לניקוי קרמיקה סנו 2 ליטר,החברה הדרומית לשיווק בעמ,,פוליויקס נוזל לניקוי,ליטרים,2.00,ליטר,false,,19.90,9.9500,true,1,809926
7290005430862,false,מים מזוקקים סנו 4 ליטר,סנו,,מים מזוקקים סנו 4 לי,ליטרים,4.00,ליטר,false,,19.90,4.9750,true,1,809930
7290005430961,false,שמפו לכביסה עדינה ביד בד גארד סנו מקסימה 1 ליטר,החברה הדרומית לשיווק בעמ,,מקסימה שמפו נוזל לכב,ליטרים,1.00,ליטר,false,,15.90,15.9000,true,1,809931
7290005431159,false,תותים בקצפת לייט עדן קינוחים 80 גרם,עדן קינוחים,,מעדן תותים בקצפת ליי,גרמים,80.00,100 גרם,false,,5.90,0.0738,true,1,6405077
7290005431883,false,מלבי חלבי עדן קינוחים 165 גרם,עדן קינוחים Eden,,מלבי חלבי,יח',1.00,יח',false,,5.90,5.9000,true,1,6198835
7290005431906,false,מארז קדאיף 82 גר`עדן קינוחים,עדן קינוחים Eden,,קדאיף,יח',1.00,יח',false,,5.90,5.9000,true,1,6198837
7290005431913,false,עוגת גבינה פירורים עדן קינוחים 92 גרם,עדן קינוחים Eden,,עוגת גבינה פירורים,יח',1.00,יח',false,,5.90,5.9000,true,1,6198838
7290005431920,false,עוגת גבינה פירורים לייט עדן קינוחים 78 גרם,עדן קינוחים Eden,,עוגת גבינה פירורים ל,יח',1.00,יח',false,,5.90,5.9000,true,1,6198839
7290005431937,false,מעדן טירמיסו 82 גר`עדן קינוחים,עדן קינוחים Eden,,טרמיסו,יח',1.00,יח',false,,5.90,5.9000,true,1,6198840
7290005431968,false,מלבי שמנת עדן קינוחים 150 גרם,עדן קינוחים Eden,,מלבי שמנת 150 גר,גרמים,150.00,100 גרם,false,,6.90,0.0460,true,1,6305255
7290005437069,false,"שמן זית למאור בד""ץ טעמן 1 ליטר",טעמן שיווק מזון בעמ,,טעמן שמן זית למאור 1,ליטרים,1.00,ליטר,false,,19.70,19.7000,true,1,806103
7290005437212,false,טעמן שמן זית כ.מעולה ספרדי בדץ 750מל.,טעמן שיווק מזון בעמ,,שמן זית כתית מעולה 7,מיליליטרים,750.00,"100 מ""ל",false,,27.90,0.0372,true,1,806106
7290005437502,false,פטריות שמפיניון חתוכות 400 גר' טעמן,טעמן שווק מזון בעמ,,פטריות חתוכות טעמן 2,גרמים,230.00,100 גרם,false,,4.90,0.0213,true,1,806108
7290005437755,false,פסטה בילאגיו צינורות 500 גרם טעמן,מוצרי יסוד - טעמן,,טעמן פסטה צינורות 50,גרמים,500.00,100 גרם,false,,3.90,0.0078,true,1,806115
7290005437762,false,פסטה בילאג'יו ספירלה 500גר' טעמן,מוצרי יסוד - טעמן,,טעמן פסטה ספירלה 500,גרמים,500.00,100 גרם,false,,3.90,0.0078,true,1,806116
7290005437861,false,קוקטייל פירות טרופיים בסירופ קל טעמן 825 גרם,טעמן שיווק מזון בעמ,,טעמן קוקטייל פירות 8,גרמים,825.00,100 גרם,false,,11.70,0.0142,true,1,806121
7290005437939,false,פסטה ספגטיני מס' 10 500 גר' טעמן,מוצרי יסוד - טעמן,,ספגטיני טעמן 500גר,קילוגרמים,500.00,"100 ק""ג",false,,3.90,0.0078,true,1,806124
7290005477669,false,סבון נוזלי דרמפון מועשר לחות קרליין 1 ליטר,החברה הדרומית לשיווק בעמ,,אל סבון נוזלי מועשר,ליטרים,1.00,ליטר,false,,17.80,17.8000,true,1,828828
7290005489082,false,תרכיז תפוחים פרי קטיף 1.2 ליטר,"פרי קטיף מזון בע""מ",,רכז תפוחים 1.2 לי,ליטרים,1.20,ליטר,false,,31.90,26.5833,true,1,812305
7290005500558,false,ג'ל חזק לעיצוב שיער 1 ליטר פנינה רוזנבלום,פנינה רוזנבלום בעמ,,ג'ל חזק לעיצוב שיער,ליטרים,1.00,ליטר,false,,15.90,15.9000,true,1,816983
7290005500688,false,"פנינה רוזנבלום מסיכה לשיקום ורודה , 1 ק""ג",פנינה רוזנבלום בעמ,,"מסיכה לשיער 1 ק""ג פנ",100 לקג,1.00,100 לקג,false,,26.80,26.8000,true,1,816988
7290005500916,false,"קרם ידיים מטפח 100 מ""ל פנינה רוזנבלום",פנינה רוזנבלום בעמ,,קרם ידיים מטפח 100 מ,מטרים,100.00,100 מ'ל,false,,9.90,0.0990,true,1,816993
7290005500978,false,מסיר לק ריחני פנינה רוזנבלום 220 מ''ל,פנינה רוזנבלום,,מסיר לק ריחני פנינה,מיליליטרים,220.00,"100 מ""ל",false,,9.90,0.0450,true,1,816996
7290005509445,false,עוגיות מיני קוקיס חמאה בצנצנת כרמית 600 גרם,כרמית תעשיות ממתקים בעמ,,עוגיות מיני קוקיס בט,גרמים,600.00,100 גרם,false,,15.90,0.0265,true,1,804799
7290005559709,false,בורקס פיצה מעדנות 700 גרם,מיוצר עי קונדיטוריית,IL,בורקס פיצה 700גר מעדנות,גרמים,700.00,100 גרם,false,,24.90,0.0356,true,1,802568
7290005559907,false,פיצה משפחתית 100% גבינה מעדנות 500 גרם,תנובה מרכז שיתופי לשיווק תוצרת,IL,פיצה משפחתית גבינה מעדנות,גרמים,500.00,100 גרם,false,,16.90,0.0338,true,1,802571
7290005559914,false,פיצה משפחתית עם 100% גבינה בתוספת זיתים מעדנות 550 גרם,תנובה מרכז שיתופי לשיווק תוצרת,IL,פיצה משפחתית זיתים מעדנות,גרמים,550.00,100 גרם,false,,16.90,0.0307,true,1,802572
7290005559990,false,בצק עלים פילאס תורכי 600 גרם קפוא,תנובה מרכז שיתופי לשיווק תוצרת,IL,בצק פילאס תורכי 600גר מעד,גרמים,600.00,100 גרם,false,,19.90,0.0332,true,1,802578
7290005589829,false,לקקן 8 יח תרנגול/לב /מוצץ,לירון קרביץ יבוא שיווק וסחר,,לקקן 8יח תרנגול/לב,יח',1.00,יח',false,,10.90,10.9000,true,1,6283649
7290005591761,false,דבש טהור מפרחי בר בלחיץ 400 ג' יד מרדכי,מכוורת יד מרדכי שטרא,,דבש טהור לחיץ 400 גר,גרמים,400.00,100 גרם,false,,19.90,0.0497,true,1,805457
7290005609039,false,פילה נסיכת הנילוס טר,,,פילה נסיכת הנילוס טר,קילוגרמים,1.00,"ק""ג",true,,69.90,69.9000,true,1,6077340
7290005609138,false,פילה אמנון ענק טרי,,,פילה אמנון טרי,קילוגרמים,1.00,"ק""ג",true,,69.90,69.9000,true,1,6077341
7290005609336,false,פילה סלמון שלם טרי,,,פילה סלמון שלם טרי,קילוגרמים,1.00,"ק""ג",true,,89.90,89.9000,true,1,6077342
7290005609343,false,קרפיון נקי טרי,,,קרפיון נקי טרי,קילוגרמים,1.00,"ק""ג",true,,28.90,28.9000,true,1,6077431
7290005609510,false,בורי נקי טרי,,,בורי נקי טרי,קילוגרמים,1.00,"ק""ג",true,,34.90,34.9000,true,1,6077433
7290005651069,false,"מזון חתולים לה קט מיקס 2.85 ק""ג",דיפלומט מפיצים (1968) בעמ**,IL,לה קט מיקס 2.85 קג,קילוגרמים,2.85,"ק""ג",false,,49.90,17.5088,true,1,814293
7290005651366,false,"מזון לכלבים בונזו מזון כלבים כבד 3 ק""ג",דיפלומט מפיצים (1968) בעמ**,IL,בונזו כבד 3 קג' - אירוז ח,קילוגרמים,3.00,"ק""ג",false,,39.90,13.3000,true,1,814294
7290005651427,false,"בונזו מזון לכלבים מולטיפק 1.2 ק""ג מארז 3 יחידות",דיפלומט מפיצים (1968) בעמ**,FR,בונזו מולטי-פק 3 * 410 גר,קילוגרמים,1.23,"ק""ג",false,,17.90,14.5528,true,1,814295
7290005678387,false,ענב אוטום רויאל -שחור,מושב לכיש,,ענבים אוטום רויאל,קילוגרמים,1.00,"ק""ג",true,,19.90,19.9000,true,1,6398977
7290005678585,false,ענבים אדומים סקרלוטה טלי,"בכורי השדה צפון1994 ג.ד. בע""מ",,ענבים שחורים,קילוגרמים,1.00,"ק""ג",true,,14.90,14.9000,true,1,817429
7290005684579,false,לחם מחמצת כוסמין 700 גרם,המאפיה של הרמן,,לחם מחמצת כוסמין,גרמים,700.00,100 גרם,false,,14.90,0.0213,true,1,6302406
7290005838002,false,מעדן גבינה ויוגורט בטעם וניל 88 ג' דניאלה,שטראוס גרופ בעמ/מצונן,,דניאלה בטעם וניל 150,מיליליטרים,150.00,"100 מ""ל",false,,3.90,0.0260,true,1,818334
7290005838613,false,קרם גבינה 3% בטעם וניל סקי (125 גרם),שטראוס גרופ בעמ/מצונן,,גבינת סקי בטעם וניל,גרמים,125.00,100 גרם,false,,3.70,0.0296,true,1,818336
7290005839078,false,שמיניית יוגורט לבן 3% ביו דנונה 150 גרם,שטראוס גרופ בעמ/מצונן,,יוגורט דנונה ביו לבן,ליטרים,1.20,ליטר,false,,15.80,13.1667,true,1,818338
7290005839108,false,גבינה לבנה סימפוניה עם תוספות 200 ג'+זיתים 5%,שטראוס גרופ בעמ/מצונן,,סימפוניה ג.שמנת זיתי,גרמים,200.00,100 גרם,false,,10.40,0.0520,true,1,818339
7290005839313,false,מילקי Top עם שוקולדה מגולגלת 140 גרם,שטראוס גרופ בעמ/מצונן,,מילקי טופ מגולגלת שט,מיליליטרים,170.00,"100 מ""ל",false,,4.50,0.0265,true,1,818340
7290005896439,false,"בירה מכבי, בקבוק חוזר 500 מ''ל","טמפו משקאות בע""מ",IL,"מכבי חוזר 500 מ""ל בקבוק 2",מיליליטרים,500.00,"100 מ""ל",false,,6.90,0.0138,true,1,906120
7290005896453,false,"בירה מכבי 7.9%, בירה חזקה, בקבוק חוזר 500 מ''ל",פארייפאבה אגרואינדוס,IL,גולדסטאר חוזר 500 בקבוק 2,מיליליטרים,500.00,"100 מ""ל",false,,6.90,0.0138,true,1,2091814
7290005902048,false,"רב-מג, מטאטא גומי מסדרת רב-מגב",דגש,,מטאטא גומי,יח',1.00,יח',false,,59.90,59.9000,true,1,824358
7290005938238,false,ממרח צ'ימצ'ורי פרסקו 220ג' מצונן,נטו מילנדה סחר בעמ*,,רוטב צ'ימיצ'ורי פרסק,גרמים,220.00,100 גרם,false,,17.90,0.0814,true,1,811344
7290005938245,false,ממרח פסטו קלאסי פרסקו 220ג' מצונן,מיוצר עי פרסקו חצבה,,ממרח פסטו קלאסי פרסק,גרמים,220.00,100 גרם,false,,17.90,0.0814,true,1,811345
7290005938603,false,ממרח זיתים שחורים 220 גרם,נטו מלינדה סחר בע`מ,,טפנד זיתים שחורים 22,גרמים,220.00,100 גרם,false,,18.90,0.0859,true,1,811347
7290005938610,false,ממרח זיתים ירוקים 220 גרם,נטו מלינדה סחר בע`מ,,טפנד זיתים ירוקים 22,גרמים,220.00,100 גרם,false,,18.90,0.0859,true,1,811348
7290005938627,false,ממרח עגבניות מיובשות פרסקו 220 גרם,נטו מלינדה סחר בע`מ,,ממרח עגבניות מיובשות,גרמים,220.00,100 גרם,false,,18.90,0.0859,true,1,811349
7290005981500,false,מייבש כלים איכותי,דגש,,מייבש כלים איכותי,יח',1.00,יח',false,,20.00,20.0000,true,1,871099
7290005981845,false,מיכל לחמוצים,ד.ג.ש,,מיכל לחמוצים,יח',1.00,יח',false,,13.00,13.0000,true,1,863008
7290005992018,false,"יוגורט עיזים לשתיה 3% מחלבות גד 500 מ""ל",מחלבות גד שיווק 1992 בעמ,,יוגורט עיזים לשתיה 3,מיליליטרים,500.00,"100 מ""ל",false,,12.20,0.0244,true,1,807906
7290005992575,false,גבינה בולגרית למריחה 5% גד (250 גרם),מחלבות גד שיווק 1992 בעמ,,גבינה בולגרית למריחה,גרמים,250.00,100 גרם,false,,15.90,0.0636,true,1,807910
7290005992735,false,לאבנה טבעית 5% 250 גר' - רבנות,מחלבות גד שיווק 1992 בעמ,,גבינת לאבנה 5% גד 25,גרמים,250.00,100 גרם,false,,11.90,0.0476,true,1,807913
7290005996153,false,נקניקיות צרפתיות פרימיום 280 גר` יחיעם,מעדני יחיעם (1993) בעמ,,נקניקיות צוריסו 280,גרמים,280.00,100 גרם,false,,20.90,0.0746,true,1,6215383
7290005996221,false,פסטרמה של פעם דק דק (120 גר`)יחיעם,מעדני יחיעם (1993) בעמ,,פסטרמה של פעם דק דק,גרמים,120.00,100 גרם,false,,10.90,0.0908,true,1,6300209
7290005996238,false,פסטרמה בדבש דק דק (120 גר`)יחיעם,מעדני יחיעם (1993) בעמ,,פסטרמה דבש דק דק 120,גרמים,120.00,100 גרם,false,,10.90,0.0908,true,1,6300210
7290005996276,false,פסטרמה ברביקין דק דק (120 גר`)יחיעם,מעדני יחיעם (1993) בעמ,,פסטרמה בקביקיו דק דק,גרמים,120.00,100 גרם,false,,10.90,0.0908,true,1,6300211
7290005996740,false,סלמי פפרוני 300 גר יחיעם,מעדני יחיעם (1993) בעמ,,סלמי פפרוני 300 גר,גרמים,300.00,100 גרם,false,,22.90,0.0763,true,1,6372527
7290005996825,false,נקניקיות בקר בסגנון אמריקאי 280 גרם,מעדני יחיעם (1993) בעמ,,נקניקיות 100% בקר בס,יח',1.00,יח',false,,20.90,20.9000,true,1,6378015
7290005996979,false,נקניק סלמי פרח יחיעם 200 גרם,מעדני יחיעם (1993) בעמ,,סלמי פרח 200 גר,גרמים,200.00,100 גרם,false,,25.90,0.1295,true,1,6434576
7290006129345,false,אנטריקוט דק דק חלק 3,,,אנטריקוט דק דק,יח',1.00,יח',false,,33.90,33.9000,true,1,5544362
7290006133519,false,סינטה דק דק חלק 300,,,סינטה דק דק חלק 300,גרמים,300.00,100 גרם,false,,33.90,0.1130,true,1,5859970
7290006153104,false,בשר 5 קפוא חלק,,,בשר 5 קפוא חלק,קילוגרמים,1.00,"ק""ג",true,,69.90,69.9000,true,1,6381265
7290006153111,false,בשר 6 קפוא חלק,,,בשר 6 קפוא חלק,קילוגרמים,1.00,"ק""ג",true,,36.90,36.9000,true,1,6377326
7290006153432,false,כתף מרכזי קפוא,,,כתף מרכזי קפוא,קילוגרמים,1.00,"ק""ג",true,,37.90,37.9000,true,1,6343654
7290006161758,false,פילה מדומה קפוא,,,פילה מדומה קפוא,קילוגרמים,1.00,"ק""ג",true,,37.90,37.9000,true,1,6281355
7290006185501,false,"פנינה רוזנבלום -אל סבון נוזלי ורוד,1 ליטר","פנינה רוזנבלום בע""מ",,אל סבון נוזלי ורוד 1,ליטרים,1.00,ליטר,false,,8.90,8.9000,true,1,817000
7290006185518,false,אל סבון נוזלי כחול 1 ליטר פנינה רוזנבלום,"פנינה רוזנבלום בע""מ",,אל סבון נוזלי כחול 1,ליטרים,1.00,ליטר,false,,8.90,8.9000,true,1,817001
7290006199027,false,מאגדת גלידל וניל מצופה סורבה תות שדה [8],הגלידות של פלדמן,,"גלידל וניל פטל לל""ס",גרמים,600.00,100 גרם,false,,28.90,0.0482,true,1,5064476
7290006199218,false,"שמיניית גלידל אייס מוקה ""פלדמן""",הגלידות של פלדמן,,"גלידל קפוצינו לל""ס 8",גרמים,400.00,100 גרם,false,,28.90,0.0722,true,1,5064477
7290006199942,false,"שמיניית גלידל פרי דובדבן ""פלדמן""",הגלידות של פלדמן,,"גלידל פרי דובדבן לל""",גרמים,640.00,100 גרם,false,,20.90,0.0327,true,1,5064520
7290006229427,false,סן בנדטו - מים מינרלים - מארז שישיית 500 מל,טמפו משקאות בע`מ,IT,"סן בנדטו 500 מ""ל שישייה",ליטרים,3.00,ליטר,false,,11.90,3.9667,true,1,804205
7290006241504,false,"משקה תפוזים קפוא פריגת 340 מ""ל",החברה המרכזית טלהפצת משקאות בע,,פריגת מיץ תפוזים קפו,גרמים,340.00,100 גרם,false,,9.90,0.0291,true,1,799989
7290006241511,false,"משקה לימונענע מרוכז קפוא פריגת 280 מ""ל",היינץ צפון אמריקה מק,,משקה לימונענע מרוכז,מיליליטרים,280.00,"100 מ""ל",false,,9.90,0.0354,true,1,799990
7290006241535,false,"משקה מנגו קפוא פריגת 340 מ""ל",*החברה המרכזית להפצת משקאותבעמ,,פריגת מיץ מנגו קפוא,גרמים,340.00,100 גרם,false,,9.90,0.0291,true,1,799991
7290006243713,false,בורקס גבינה שחף 800 גרם,שחף,,בורקס גבינה שחף 800,גרמים,800.00,100 גרם,false,,11.90,0.0149,true,1,819016
7290006243737,false,ג'חנון שחף 800 גרם,מאפיית אריאל,,שחף ג'חנון 800גר,גרמים,800.00,100 גרם,false,,11.90,0.0149,true,1,819017
7290006251107,false,תה מסאלה צ'אי ויסוצקי 25 יחידות,תה ויסוצקי (ישראל) בעמ,,תה צ'אי מסאלה ויסוצק,גרמים,50.00,100 גרם,false,,17.50,0.3500,true,1,813684
7290006251268,false,תה ירוק בטעם תפוח וקינמון ויסוצקי 25 יחידות,תה ויסוצקי (ישראל)בעמ,,תה ירוק בטעם תפוח וק,גרמים,37.50,100 גרם,false,,22.90,0.6107,true,1,813685
7290006251275,false,תה ירוק סיני קלאסי ויסוצקי 25 יחידות,תה ויסוצקי (ישראל) בעמ,,תה ירוק סיני קלאסי ו,גרמים,37.50,100 גרם,false,,22.90,0.6107,true,1,813686
7290006251343,false,חליטת פסיפלורה מנגו הגן הקסום ויסוצקי 25 יחידות,תה ויסוצקי (ישראל) בעמ,,הגן הקסום תה פסיפלור,יח',25.00,יח',false,,16.90,0.6760,true,1,5215501
7290006251374,false,תה ירוק לימונית וג'ינג'ר ויסוצקי 25 יחידות,תה ויסוצקי (ישראל) בעמ,,תה ירוק לימונית וג'י,יח',1.00,יח',false,,22.90,22.9000,true,1,813690
7290006251589,false,תה ירוק עם עלי נענע 50 שקיקים ויסוצקי,תה ויסוצקי (ישראל) בעמ,,תה ירוק נענע ויסוצקי,גרמים,75.00,100 גרם,false,,39.90,0.5320,true,1,813691
7290006256089,false,"יין אדום קברנה סוביניון גאטו נגרו 750 מ""ל",היכל היין שקד גולן בעמ,,יין אדום קברנה סובינ,מטרים,750.00,100 מ'ל,false,,35.90,0.0479,true,1,811630
7290006256102,false,"יין אדום מרלו גאטו נגרו 750 מ""ל",היכל היין שקד גולן בעמ,,יין אדום מרלו גאטו נ,מטרים,750.00,100 מ'ל,false,,38.90,0.0519,true,1,811631
7290006256775,false,"יין גאטו נגרו מלבק 750 מ""ל",היכל היין שקד גולן בעמ,,גאטו נגרו מלבק 750 מ,מטרים,750.00,100 מ'ל,false,,38.90,0.0519,true,1,6389671
7290006265500,false,פטריות שמפיניון ארוז מרינה,קונס`-מרינה פטריות הגליל בעמ*ש,,שמפניון ארוז מרינה,יח',1.00,יח',false,,9.90,9.9000,true,1,822219
7290006271174,false,ג'חנון לאפיה בתנור מעדנות 700 גרם,תנובה מרכז שיתופי לשיווק תוצרת,IL,גחנון בצק 700גר מעדנות,גרמים,700.00,100 גרם,false,,16.90,0.0241,true,1,802579
7290006271181,false,ג'חנון אפוי למיקרוגל מעדנות 750 גרם,תנובה מרכז שיתופי לשיווק תוצרת,IL,גחנון אפוי 750גר מעדנות,גרמים,750.00,100 גרם,false,,21.90,0.0292,true,1,802580
7290006271648,false,מיני בורקס תפוח אדמה מעדנות (800 גרם),תנובה מרכז שיתופי לשיווק תוצרת,IL,"מיני בורקס תפו""א 800 גרם",גרמים,800.00,100 גרם,false,,19.90,0.0249,true,1,802584
7290006271655,false,מיני בורקס במילוי גבינה מעדנות (800 גרם),תנובה מרכז שיתופי לשיווק תוצרת,IL,מיני בורקס גבינה 800 גרם,גרמים,800.00,100 גרם,false,,19.90,0.0249,true,1,802585
7290006272072,false,חטיפי פיצה גבינה מעדנות 650 גרם,תנובה קפואים,,חטיפי פיצה מעדנות 65,גרמים,650.00,100 גרם,false,,27.90,0.0429,true,1,802590
7290006272430,false,בצק עלים חמאה חלבי מעדנות (600 גרם),מיוצר עי קונדיטוריית,IL,בצק עלים חמאה 600גר,גרמים,600.00,100 גרם,false,,27.90,0.0465,true,1,802591
7290006342645,false,טורטיה גדולה שקדיה 840 גרם 12 יחידות,דין שיווק וקליה 2021 בעמ,,טורטיות 12 יח 840 גר,גרמים,840.00,100 גרם,false,,14.90,0.0177,true,1,870849
7290006374738,false,קונפיטורה תות יד מרדכי בטעם תות,אף.סי תבליני בגליל ב,,קונפיטורת תות 340 גר,גרמים,340.00,100 גרם,false,,10.90,0.0321,true,1,805466
7290006376046,false,סוכר דמררה ארומתי בש,בשקביץ,,"סוכר דמררה שקית 1 ק""",יח',1.00,יח',false,,8.70,8.7000,true,1,804349
7290006376053,false,"סוכר חום כהה בשקית 1 ק""ג",יושלם,,"סוכר חום 1 ק""ג פרימי",קילוגרמים,1.00,"לק""ג",false,,12.50,12.5000,true,1,6346012
7290006376329,false,ציפוי לשניצל בטעם קלאסי 350 גרם,,,ציפוי לשניצל בטעם קל,גרמים,350.00,100 גרם,false,,10.90,0.0311,true,1,804358
7290006376336,false,ציפוי לשניצל בטעם מקסיקני 350 גרם,,,ציפוי לשניצל בטעם מק,גרמים,350.00,100 גרם,false,,10.90,0.0311,true,1,804359
7290006376343,false,ציפוי לשניצל בטעם ים תיכוני 350ג' שקית,,,ציפוי לשניצל בטעם ים,גרמים,350.00,100 גרם,false,,10.90,0.0311,true,1,804360
7290006376428,false,פרימיום סחלב 500 גרם,,,פרימיום סחלב 500 גרם,גרמים,500.00,100 גרם,false,,13.90,0.0278,true,1,804361
7290006429506,false,חצאי אפרסקים 820 גרם טעמן,טעמן שיווק מזון בעמ,,טעמן חצאי אפרסק 470,גרמים,470.00,100 גרם,false,,9.70,0.0206,true,1,806129
7290006492432,false,גבינה מוצרלה בייבי 18% גד (150 גרם),מחלבות גד שיווק 1992 בעמ,,גבינת מוצרלה בייבי 1,גרמים,150.00,100 גרם,false,,12.90,0.0860,true,1,807937
7290006492616,false,גבינה בולגרית מעודנת פרוסות 5% גד 250 גרם,מחלבות גד שיווק 1992 בעמ,,גבינה בולגרית מעודנת,גרמים,250.00,100 גרם,false,,25.20,0.1008,true,1,807939
7290006492630,false,גבינת פרומעז עיזים 22% גד 180 גרם,מחלבות גד שיווק 1992 בעמ,,גבינת פרומעז עיזים 2,גרמים,180.00,100 גרם,false,,17.90,0.0994,true,1,807940
7290006492685,false,גבינת לאבנה עיזים 5% גד (250 גרם),מחלבות גד שיווק 1992 בעמ,,גבינת לאבנה עיזים 5%,גרמים,250.00,100 גרם,false,,15.90,0.0636,true,1,807942
7290006492852,false,גבינת עיזים למריחה 5% 250 גרם רובין,מחלבות גד שיווק 1992 בעמ,,גבינת עיזים 5% גד 25,גרמים,250.00,100 גרם,false,,15.90,0.0636,true,1,807944
7290006492913,false,גבינת לאבנה ציזיקי 5% מחלבות גד 250 גרם,מחלבות גד שיווק 1992 בעמ,,גבינת לאבנה ציזיקי 5,גרמים,250.00,100 גרם,false,,11.90,0.0476,true,1,807945
7290006494597,false,מרמולייט סירופ בטעם תפוחים 1ליטר,זנלכל,IL,מרמולייט סירופ בטעם תפוחי,ליטרים,1.00,100 ליטר,false,,17.90,17.9000,true,1,830250
7290006494917,false,טוסו וופל קלאסי במילוי שוקולד 200 גרם,"איטיליאן פוד, אס.פי.",IL,טוסו ופל קלאסי בטעם שוקול,גרמים,180.00,100 גרם,false,,7.90,0.0439,true,1,830259
7290006494924,false,טוסו וופל קלאסי במילוי קרם לימון 200 גרם,"דנשר (1963) בע,מ",,טוסו ופל קלאסי בטעם,גרמים,180.00,100 גרם,false,,7.90,0.0439,true,1,830260
7290006511157,false,פטריות שמפניון שלמות וילי פוד (400 גרם),ג.וילי-פוד אינטרנשיונל בעמ,,פטריות שמפיניון שלמו,גרמים,230.00,100 גרם,false,,7.70,0.0335,true,1,813374
7290006582355,false,סילאן סירופ 900 גרם שקדיה,דין שיווק וקליה 2021 בעמ,,סילאן שקדיה 900 גרם,גרמים,900.00,100 גרם,false,,9.90,0.0110,true,1,802119
7290006618085,false,"אסטוניש תרסיס ניקוי אמבטיה וכיורים יעקבי 750 מ""ל",יעקב יעקבי ובניו בע`מ,,אסטוניש תרסיס ניקוי,מיליליטרים,750.00,"100 מ""ל",false,,11.90,0.0159,true,1,812609
7290006644480,false,תפוזינה תפוזים 0.5 ליטר,יפאורה שותפות מובגלת לשיווק,,תפוזינה תפוזים 0.5 ל,מיליליטרים,500.00,"100 מ""ל",false,,4.80,0.0096,true,1,923354
7290006644510,false,"מיץ ענבים 500 מ""ל תפוזינה",יפאורה שותפות מוגבלת לשיווק,,תפוזינה ענבים 0.5 לי,מיליליטרים,500.00,"100 מ""ל",false,,4.80,0.0096,true,1,808041
7290006644527,false,תפוזינה תות בננה 0.5 ליטר,יפאורה שותפות מוגבלת לשיווק,,תפוזינה תות בננה 0.5,מיליליטרים,500.00,"100 מ""ל",false,,4.80,0.0096,true,1,3564985
7290006652027,false,במבה חטיף בוטנים אסם 20*15 גרם,קבוצת אוסם סחר שותפות מוגבלת,,במבה חטיף בוטנים אסם,גרמים,300.00,100 גרם,false,,23.90,0.0797,true,1,807163
7290006653819,false,קוסקוס אמיתי דק בשקית 350 גרם,קבוצת אוסם סחר שותפות מוגבלת,,קוסקוס דק אסם 350 גר,גרמים,350.00,100 גרם,false,,7.50,0.0214,true,1,807169
7290006664051,false,"אקטימל לבן 1.51 ק""ג מארז 14 יחידות",שטראוס גרופ בעמ/מצונן,,יוגורט אקטימל 14*100,ליטרים,1.40,ליטר,false,,28.90,20.6429,true,1,818357
7290006664402,false,גבינה לבנה סקי 5% שומן 750 גרם,שטראוס גרופ בעמ/מצונן,,גבינה לבנה סקי 5% שו,גרמים,750.00,100 גרם,false,,12.90,0.0172,true,1,818363
7290006664532,false,יוגורט עם תות 3% שומן 150 ג' דנונה,שטראוס גרופ בעמ/מצונן,,יוגורט דנונה תות 3%,מיליליטרים,150.00,"100 מ""ל",false,,3.50,0.0233,true,1,818365
7290006664655,false,דנונה Actimel יוגורט טבעי 8*100 מ``ל,שטראוס גרופ בעמ/מצונן,,יוגורט אקטימל 8*100,מיליליטרים,800.00,"100 מ""ל",false,,19.90,0.0249,true,1,818368
7290006664693,false,יוגורט עם אפרסק 3% שומן 150 ג' דנונה,שטראוס גרופ בעמ/מצונן,,יוגורט דנונה אפרסק 3,מיליליטרים,150.00,"100 מ""ל",false,,3.50,0.0233,true,1,818369
7290006664990,false,"יוגורט דנונה ביו לבן 1.7% שומן 8*150 מ""ל",שטראוס גרופ בעמ/מצונן,,יוגורט דנונה ביו לבן,ליטרים,1.20,ליטר,false,,15.80,13.1667,true,1,818373
7290006681003,false,גלידה קרמיסימו סרבט תות לימון 650 גרם,"גלידת שטראוס בע""\מ, רחוב",,קרמיסימו תות לימון ס,ליטרים,1.33,ליטר,false,,17.90,13.4586,true,1,816856
7290006681553,false,קרמבו בטעם וניל שטראוס 8 יחידות,"גלידות שטראוס בע""מ",,קרמבו בטעם וניל שטרא,יח',1.00,יח',false,,12.90,12.9000,true,1,816862
7290006681560,false,קרמבו בטעם מוקה שטראוס 8 יחידות,"גלידות שטראוס בע""מ",,קרמבו בטעם מוקה שטרא,יח',1.00,יח',false,,12.90,12.9000,true,1,816863
7290006684004,false,ביצים גדולות 30יח L,ביצי הגליל,,ביצים גדולות 30יח L,יח',30.00,יח',false,,30.00,1.0000,true,1,815115
7290006684196,false,ביצים 30 יח גודל M א,ביצי הגליל,,ביצים 30 יח גודל M א,יח',30.00,יח',false,,27.80,0.9267,true,1,815116
7290006696717,false,תירוש ענבים טבעי מוסקט אפרת (1 ליטר),יקב טפרברג 1870 בעמ (יינות ומש,,מיץ ענבים לבן 1 לי,ליטרים,1.00,ליטר,false,,12.90,12.9000,true,1,812761
7290006703903,false,בשר בקר טחון חלק מעדני הטלה 1 קג,לאטי עזרא בעמ,,טחון בקר 1 קג חלק,קילוגרמים,1.00,"ק""ג",false,,39.80,39.8000,true,1,3207697
7290006712981,false,"משחת שיניים קולגייט ספיידרמן מגיל שש 50 מ""ל",הנסיך- מפעל לייצור ט,,משחת שיניים לילדים ב,גרמים,50.00,100 גרם,false,,11.90,0.2380,true,1,804809
7290006714381,false,בשר עוף טחון מעדני הטלה 500 גר`,מעדני הטלה והעגל,,טחון עוף 500גר,גרמים,500.00,100 גרם,false,,12.90,0.0258,true,1,3207698
7290006714398,false,בשר הודו טחון קפוא מעדני הטלה 500 גר`,לאטי עזרא בעמ,,טחון הודו 500גר,גרמים,500.00,100 גרם,false,,12.90,0.0258,true,1,3207808
7290006739124,false,בצק עלים פילאס 500ג' זוגלובק,זוגלובק שיווק בעמ,,בצק פילאס 500גר זוגל,גרמים,500.00,100 גרם,false,,11.90,0.0238,true,1,929362
7290006739131,false,בצק גולמי פילו זוגלובק 500ג',זוגלובק שיווק בעמ,,בצק פילו 500גר זוגלו,גרמים,500.00,100 גרם,false,,11.90,0.0238,true,1,929363
7290006739292,false,נקניק פסטרמה פרגיות ציפוי תירס,נקניק נהריה כשר זוגל,,פסטרמה תבור 2% זוגלו,גרמים,330.00,100 גרם,false,,25.90,0.0785,true,1,813909
7290006739407,false,שניצל תירס לייט זוגלובק (630 גרם),נקניק נהריה כשר זוגל,,שניצל תירס לייט זוגל,גרמים,600.00,100 גרם,false,,21.90,0.0365,true,1,813912
7290006739414,false,נקניק סלמי קוניאק זוגלובק 300 גרם,נקניק נהריה כשר זוגל,,נקניק סלמי קוניאק זו,גרמים,300.00,100 גרם,false,,24.90,0.0830,true,1,813913
7290006739421,false,נקניק סלמי מעושן איטלקי זוגלובק 300 גרם,נקניק נהריה כשר זוגל,,נקניק סלמי מעושן איט,גרמים,300.00,100 גרם,false,,24.90,0.0830,true,1,813914
7290006739445,false,שניצל תירס קלאסי 750 ג' זוגלובק,נקניק נהריה כשר זוגל,,שניצל תירס קלאסי 750,גרמים,750.00,100 גרם,false,,21.90,0.0292,true,1,813915
7290006739544,false,כתף בקר 3% שומן זוגלובק (300 גרם),נקניק זוגלובק נהריה,,נקניק כתף בקר 3% 300,גרמים,300.00,100 גרם,false,,25.90,0.0863,true,1,813916
7290006741363,false,בורקס תפוחי אדמה זוגלובק 800 גרם,מאפיית אריאל וגידרון,,בורקס תפוחי אדמה זוג,גרמים,800.00,100 גרם,false,,13.90,0.0174,true,1,813935
7290006742278,false,פסטרמה הודו צלויה על לבנים 330 ג' זוגלובק,נקניק נהריה כשר זוגל,,פסטרמה צלויה על לבני,גרמים,330.00,100 גרם,false,,25.90,0.0785,true,1,813946
7290006742292,false,פסטרמה הודו בדבש 330 ג' זוגלובק,נקניק נהריה כשר זוגל,,פסטרמה בדבש 2% זוגלו,גרמים,330.00,100 גרם,false,,25.90,0.0785,true,1,813947
7290006742315,false,פסטרמה חזה הודו ברביקיו 2% זוגלובק 330 גרם,נקניק נהריה כשר זוגל,,פסטרמה חזה הודו ברבי,גרמים,330.00,100 גרם,false,,25.90,0.0785,true,1,813949
7290006753915,false,נקניקיות מיני מרגז חריפות מעדני הטלה 500,מעדני הטלה והעגל,,מיני מרגז חריפות 500,גרמים,500.00,100 גרם,false,,28.90,0.0578,true,1,6425749
7290006764072,false,"בירה גולדסטאר בקבוק 500 מ""ל חוזר","טמפו משקאות בע""\מ",IL,גולדסטאר חוזר 500 בקבוק 2,מיליליטרים,500.00,"100 מ""ל",false,,6.90,0.0138,true,1,876671
7290006764096,false,"בירה איגל 3.8% בקבוק 500 מ""ל חוזר","טמפו משקאות בע""\מ",IL,גולדסטאר חוזר 500 בקבוק 2,מיליליטרים,500.00,"100 מ""ל",false,,5.80,0.0116,true,1,2299130
7290006764157,false,"בירה גולדסטאר Unfiltered, בירה לא מסוננת, בקבוק חוזר 500 מ""ל",פארייפאבה אגרואינדוס,,בירה גולדסטאר לא מסו,מיליליטרים,500.00,"100 מ""ל",false,,8.80,0.0176,true,1,5311468
7290006764485,false,"בירה שחורה נשר מאלט שישייה ח""פ 330*6 מ''ל","טמפו משקאות בע""\ם.",IL,"נשר מאלט ח""פ 330 בקבוק מש",ליטרים,1.98,ליטר,false,,26.90,13.5859,true,1,804209
7290006765000,false,טורטיה מקמח מלא שקדיה 540 גרם,דין שיווק וקליה 2021 בעמ,,טורטיה 12 יח קמח מלא,גרמים,540.00,100 גרם,false,,9.90,0.0183,true,1,4706165
7290006784346,false,"סנט מוריץ תרסיס לניקוי שטיחים 630 מ""ל",קומפלקס כימיקלים בעמ,,תרסיס לניקוי שטיחים,מיליליטרים,630.00,"100 מ""ל",false,,15.90,0.0252,true,1,816796
7290006784650,false,מסיר אבנית מתז 750 מל רמי לוי,,,מסיר אבנית מתז 750 מ,מיליליטרים,750.00,"100 מ""ל",false,,8.30,0.0111,true,1,1713430
7290006784674,false,נוזל כלים רמי לוי ור,,,נוזל כלים רמי לוי ור,מיליליטרים,750.00,"100 מ""ל",false,,5.90,0.0079,true,1,1889154
7290006784698,false,נוזל כלים רמי לוי הי,,,נוזל כלים רמי לוי הי,מיליליטרים,750.00,"100 מ""ל",false,,5.90,0.0079,true,1,1889156
7290006784728,false,נוזל כלים ירוק למון ליים 750 מל רמי לוי,,,נוזל כלים ירוק למון,מיליליטרים,750.00,"100 מ""ל",false,,5.90,0.0079,true,1,2545428
7290006784735,false,נוזל כלים פרחי אביב 750 מל רמילוי,,,נוזל כלים פרחי אביב,מיליליטרים,750.00,"100 מ""ל",false,,5.90,0.0079,true,1,2545429
7290006784766,false,נוזל חלונות 1ליטר רמי לוי,,,נוזל חלונות 1ליטר רמ,ליטרים,1.00,ליטר,false,,4.90,4.9000,true,1,2028966
7290006784797,false,נוזל לניקוי כלים 4 ליטר,,,נוזל לניקוי כלים 4 ל,ליטרים,4.00,ליטר,false,,22.50,5.6250,true,1,2111430
7290006784810,false,נוזל כלים לימון 1.6 רמילוי,,,נוזל כלים לימון 1.6,ליטרים,1.60,ליטר,false,,9.90,6.1875,true,1,3834214
7290006784865,false,סנט מוריץ לניקוי משטחי מטבחים מרוכז ועוצמתי 1ל',קומפלקס כימיקלים בעמ,,סנט מוריץ מרסס מטבחי,100 מל,1000.00,100 מל,false,,9.90,0.0099,true,1,5255508
7290006784988,false,תרסיס אקונומיקה בריח לימון 1לי,,,תרסיס אקונומיקה בריח,מטרים,1000.00,100 מ'ל,false,,9.90,0.0099,true,1,5958713
7290006788559,false,"טיטניום ICE דאודורנט תרסיס ספריי 180 מ""ל",החברה הדרומית לשיווק בעמ,,דאו ספריי טיטניום 18,מיליליטרים,180.00,"100 מ""ל",false,,14.90,0.0828,true,1,828865
7290006789617,false,"קרם לחות לתלתול טבעי לשיער גלי עד מתולתל 10 קרליין 400 מ""ל",מיוצר עי : אמיליה קוסמטי,,קרם לחות לתלתול טבעי,מיליליטרים,400.00,"100 מ""ל",false,,16.90,0.0422,true,1,828881
7290006789631,false,קרליין קרם לחות לשיער רגיל 400 גרם,החברה הדרומית לשיווק בעמ,,קרם לחות 10 לשיער רג,מיליליטרים,400.00,"100 מ""ל",false,,16.90,0.0422,true,1,828883
7290006789648,false,"קרם לחות לשיער יבש 10 קרליין 400 מ""ל","אמיליה קוסמטיקס בע""מ",,קרם לחות לשיער יבש 1,מיליליטרים,400.00,"100 מ""ל",false,,16.90,0.0422,true,1,828884
7290006789655,false,"קרם לחות לסירוק קל לשיער מתולתל ומקורזל 10 קרליין 400 מ""ל",החברה הדרומית לשיווק בעמ,,קרם לחות לסירוק קל ל,מיליליטרים,400.00,"100 מ""ל",false,,16.90,0.0422,true,1,828885
7290006804051,false,בורקס גבינה פילסברי,פילסברי,,בורקס גבינה פילסברי,קילוגרמים,1.00,"ק""ג",true,,42.00,42.0000,true,1,800226
7290006804068,false,"מאפיה - בורקס תפו""א",פילסברי,,בורקס תפוח אדמה,קילוגרמים,1.00,"ק""ג",true,,42.00,42.0000,true,1,800227
7290006804082,false,קרואסון ביס שוקולד פ,פילסברי,,קרואסון ביס שוקולד פ,קילוגרמים,1.00,"ק""ג",true,,42.00,42.0000,true,1,800229
7290006804099,false,גביניות פילסברי חלבי,פילסברי,,גביניות פילסברי חלבי,קילוגרמים,1.00,"ק""ג",true,,42.00,42.0000,true,1,800230
7290006804143,false,רוגלעך פילסברי,פילסברי,,רוגלעך פילסברי,קילוגרמים,1.00,"ק""ג",true,,42.00,42.0000,true,1,800233
7290006804198,false,קרם שניט פילסברי פרו,פילסברי,,קרם שניט פילסברי פרו,קילוגרמים,1.00,"ק""ג",true,,42.00,42.0000,true,1,800235
7290006804457,false,בורקס תורכי פיצה-חלב,פילסברי,,בורקס תורכי פיצה חלב,קילוגרמים,1.00,"ק""ג",true,,42.00,42.0000,true,1,800240
7290006805362,false,חצי באגט מאפית,פילסברי,,חצי באגט מאפית,יח',1.00,יח',false,,3.20,3.2000,true,1,800261
7290006805386,false,באגט כפרי שליש,פילסברי,,שליש כפרי,יח',1.00,יח',false,,2.40,2.4000,true,1,800264
7290006805850,false,פילסברי פנקייק תערובת להכנת חביתיות,הדקלאים אגודת שיתופי,,תערובת להכנת פנקייק,גרמים,500.00,100 גרם,false,,15.90,0.0318,true,1,814763
7290006805881,false,בייגל ירושלמי וינואז,פילסברי,,חלת בגט,יח',1.00,יח',false,,7.90,7.9000,true,1,2670162
7290006806499,false,לחמנייה דגנים וגרעינ,,,לחמניה עם קמח מלא,יח',1.00,יח',false,,3.90,3.9000,true,1,2565700
7290006806963,false,חלה מתוקה קלועה אפויה(אפיה מקומית),ג נרל מילס ישראל בעמ ~~~,,חלה מתוקה קלועה אפוי,יח',1.00,יח',false,,12.40,12.4000,true,1,2565732
7290006822192,false,נקטר דיאט חמוציות אושן ספריי פריגת 1 ליטר,החברה המרכזית להפצת משקאות בעמ,,נקטר דיאט חמוציות או,ליטרים,1.00,ליטר,false,,11.00,11.0000,true,1,800611
7290006855244,false,ברבריא חטיף שקדים צימוקים ודבש 120 גרם,טבעית מוצרים מן הטבע בעמ,,חטיף בר אגוזים שקדים,גרמים,120.00,100 גרם,false,,14.90,0.1242,true,1,6397121
7290006855251,false,ברבריא חטיף קשיו חמוציות וסילאן 120 גרם,טבעית מוצרים מן הטבע בעמ,,חטיף בר קשיו אגוזי מ,גרמים,120.00,100 גרם,false,,14.90,0.1242,true,1,957355
7290006866363,false,מיץ סחוט אשכוליות אדומות פרימור 1 ליטר,שטראוס גרופ בעמ/מצונן,,מיץ סחוט אשכולית אדו,ליטרים,1.00,ליטר,false,,15.80,15.8000,true,1,818374
7290006866967,false,נקטר חמוציות פרימור 1 ליטר,סטאר סנקס,IL,נקטר חמוציות 1ליטר בבקבוק,ליטרים,1.00,ליטר,false,,8.80,8.8000,true,1,799577
7290006920447,false,"גבינת פיצרלה מגורדת בד""צ 500 גר'",צי תעשיות מזון יבנה,,כפיר פיצרלה פתיתים ב,גרמים,500.00,100 גרם,false,,20.90,0.0418,true,1,802259
7290006920638,false,גבינת שמנת זיתים 500 גרם,,,גבינת שמנת זיתים 500,גרמים,500.00,100 גרם,false,,18.70,0.0374,true,1,1025544
7290006920737,false,גבינת שמנת טבעי 500 גרם,גבינות הכפר בעמ,,גבינת שמנת 500 גרם,גרמים,500.00,100 גרם,false,,18.70,0.0374,true,1,1025545
7290006983176,false,קרקר לחמית שיפון אסם (230 גרם),קבוצת אוסם סחר שותפות מוגבלת,,לחמית שיפון אסם 250,גרמים,250.00,100 גרם,false,,7.90,0.0316,true,1,807184
7290006983527,false,עוגת הבית תפוחי עץ עם פירורים 400 ג' אסם,קבוצת אוסם סחר שותפות מוגבלת,,עוגת הבית תפוחי עץ ו,גרמים,400.00,100 גרם,false,,14.90,0.0373,true,1,807188
7290006983763,false,עוגת הבית בטעם שוקולד אסם (400 גרם),קבוצת אוסם סחר שותפות מוגבלת,,עוגת הבית שוקולד אסם,גרמים,400.00,100 גרם,false,,10.90,0.0273,true,1,807189
7290006983770,false,עוגת הבית שיש אסם (400 גרם),קבוצת אוסם סחר שותפות מוגבלת,,עוגת הבית שיש אסם 40,גרמים,400.00,100 גרם,false,,10.90,0.0273,true,1,807190
7290006983787,false,עוגת הבית שוקולד צ'יפס אסם 400 גרם,קבוצת אוסם סחר שותפות מוגבלת,,עוגת הבית שוקולד צ'י,גרמים,400.00,100 גרם,false,,10.90,0.0273,true,1,807191
7290006983794,false,עוגת הבית בטעם תפוז אסם 400 גרם,קבוצת אוסם סחר שותפות מוגבלת,,עוגת הבית בטעם תפוז,גרמים,400.00,100 גרם,false,,10.90,0.0273,true,1,807192
7290006992161,false,מטרנה - דייסת קורנפלור פרוביוטי 200 גרם,קבוצת אוסם סחר שותפות מוגבלת,,מטרנה דייסת קורנפלור,גרמים,200.00,100 גרם,false,,12.90,0.0645,true,1,807196
7290006992185,false,"מטרנה - דייסת אורז פרוביוטי כשל""פ 200 גרם",קבוצת אוסם סחר שותפות מוגבלת,,מטרנה דייסת אורז 200,גרמים,200.00,100 גרם,false,,12.90,0.0645,true,1,807198
7290006992192,false,דייסה מטרנה סולת פרוביוטיקה,קבוצת אוסם סחר שותפות מוגבלת,,מטרנה דייסת סולת 200,גרמים,200.00,100 גרם,false,,12.90,0.0645,true,1,807199
7290006992390,false,"מטרנה - דייסת וניל פרוביוטי כשל""פ 200 גרם",קבוצת אוסם סחר שותפות מוגבלת,,מטרנה דייסת וניל 200,גרמים,200.00,100 גרם,false,,12.90,0.0645,true,1,807202
7290008000239,false,"שטיפה אינטימית מועשר בלחות פמינה 220 מ""ל",גורי ע.ע.ע בעמ,,שטיפה אינטימית מועשר,מיליליטרים,220.00,"100 מ""ל",false,,23.90,0.1086,true,1,820477
7290008000246,false,"פמינה - שטיפה אינטימית מועשר באלוורה 220 מ""ל",גורי ע.ע.ע. בע`מ,,שטיפה אינטימית אלוור,מיליליטרים,220.00,"100 מ""ל",false,,23.90,0.1086,true,1,820478
7290008000796,false,"סופרמן משחת שיניים לילדים בטעם פירות כצט 50 מ""ל",גורי ע.ע.ע. בע`מ,IL,משחת שיניים סופרמן,מטרים,50.00,100 מ'ל,false,,10.90,0.2180,true,1,820489
7290008000826,false,"משחת שיניים לילדים בטעם פירות לגילאים 2-6 כצט 50 מ""ל",גורי ע.ע.ע. בע`מ,IL,"משחת שיניים ברבי 50 מ""ל",יח',1.00,יח',false,,10.90,10.9000,true,1,820490
7290008101660,false,תבלין לפיצה רמילוי,,,תבלין לפיצה רמילוי,יח',1.00,יח',false,,5.90,5.9000,true,1,5251154
7290008101691,false,צ'ילי גרוס 80ג רמילוי,,,צ'ילי גרוס 80ג רמילו,גרמים,80.00,100 גרם,false,,8.60,0.1075,true,1,5251156
7290008101721,false,תבלין על האש 100ג רמילוי,,,תבלין על האש 100ג רמ,גרמים,100.00,100 גרם,false,,8.60,0.0860,true,1,5251158
7290008101738,false,תערובת חווג' למרק 100ג רמילוי,,,תערובת חווג' למרק 10,גרמים,100.00,100 גרם,false,,8.60,0.0860,true,1,5251159
7290008101776,false,קארי 100ג רמילוי,,,קארי 100ג רמילוי,גרמים,100.00,100 גרם,false,,8.60,0.0860,true,1,5251780
7290008101783,false,זעתר ושומשום שקית 80ג רמילוי,,,זעתר ושומשום שקית 80,גרמים,80.00,100 גרם,false,,4.90,0.0613,true,1,5251163
7290008101790,false,אורגנו שקית רמילוי,,,אורגנו שקית רמילוי,יח',1.00,יח',false,,4.90,4.9000,true,1,5541463
7290008101806,false,שום גבישי בשקית רמילוי,,,שום גבישי בשקית רמיל,יח',1.00,יח',false,,4.90,4.9000,true,1,5251164
7290008101813,false,פפריקה חריפה שקית 80גר רמילוי,,,פפריקה חריפה שקית 80,גרמים,80.00,100 גרם,false,,4.90,0.0613,true,1,5251165
7290008102087,false,סירופ מייפל 700מל רמי לוי,,,סירופ מייפל 700מל רמ,מטרים,700.00,100 מ'ל,false,,9.90,0.0141,true,1,6360075
7290008102094,false,סירופ שוקולד 700מל רמי לוי,,,סירופ שוקולד 700מל ר,מטרים,700.00,100 מ'ל,false,,9.90,0.0141,true,1,6360076
7290008102896,false,אבקת אפייה עשירייה רמילוי,,,אבקת אפייה עשירייה ר,יח',1.00,יח',false,,1.60,1.6000,true,1,6269246
7290008102902,false,סוכר וניל עשירייה רמילוי,,,סוכר וניל עשירייה רמ,יח',1.00,יח',false,,1.90,1.9000,true,1,6269247
7290008102919,false,אבקת סוכר 100 גר רמילוי,,,אבקת סוכר 100 גר רמי,יח',1.00,יח',false,,1.80,1.8000,true,1,6269248
7290008102933,false,שומשום 200גר רמילוי,,,שומשום 200גר רמילוי,גרמים,200.00,100 גרם,false,,5.50,0.0275,true,1,6269249
7290008102957,false,שומשום 500גר רמילוי,,,שומשום 500גר רמילוי,גרמים,500.00,100 גרם,false,,12.90,0.0258,true,1,6269251
7290008104050,false,"פמינה - שטיפה אינטימית קלאסית 220 מ""ל",גורי ע.ע.ע. בע`מ,,שטיפת אינטימית לקטופ,מיליליטרים,220.00,"100 מ""ל",false,,21.90,0.0995,true,1,820500
7290008154222,false,עוף טוב שניצלונים 700 גרם,קבוצת אוסם סחר-שות.מוגבלת,,שניצלונים בציפוי מעו,גרמים,700.00,100 גרם,false,,13.90,0.0199,true,1,807207
7290008175777,false,גבינת איבריקו31% במשקל,יושלם,,גבינת איבריקו שקיל,קילוגרמים,1.00,"ק""ג",true,,79.00,79.0000,true,1,977920
7290008175814,false,וילי פוד פטריות שמפיניון חתוך בדץ 400ג,ג.וילי פוד אינטרנשיונל בעמ,,פטריות חתוכות וילי פ,גרמים,230.00,100 גרם,false,,4.80,0.0209,true,1,828299
7290008190633,false,לקקן כרמית בטעם תות,כרמית תעשיות ממתקים בעמ,,לקקן תות 110 יחידות,גרמים,990.00,100 גרם,false,,26.90,0.0272,true,1,804821
7290008190909,false,עוגיות מיני קוקיס שוקולד צ'יפס בצנצנת כרמית 600 גרם,כרמית תעשיות ממתקים בעמ,,עוגיות מיני קוקיס שו,גרמים,600.00,100 גרם,false,,15.90,0.0265,true,1,804827
7290008202022,false,צלעות טרי,,,צלעות טרי,קילוגרמים,1.00,"ק""ג",true,,59.90,59.9000,true,1,6225472
7290008202039,false,חזה בקר טרי,,,חזה בקר טרי,קילוגרמים,1.00,"ק""ג",true,,54.90,54.9000,true,1,6225473
7290008202046,false,כתף טרי,,,כתף טרי,קילוגרמים,1.00,"ק""ג",true,,64.90,64.9000,true,1,6225474
7290008202053,false,צלי כתף טרי,,,צלי כתף טרי,קילוגרמים,1.00,"ק""ג",true,,98.90,98.9000,true,1,6225475
7290008202060,false,פילה מדומה טרי,,,פילה מדומה טרי,קילוגרמים,1.00,"ק""ג",true,,79.90,79.9000,true,1,6225476
7290008202077,false,שריר טרי,,,שריר טרי,קילוגרמים,1.00,"ק""ג",true,,64.90,64.9000,true,1,6225477
7290008202084,false,אסאדו ללא עצם טרי,,,אסאדו ללא עצם טרי,קילוגרמים,1.00,"ק""ג",true,,59.90,59.9000,true,1,6225478
7290008202121,false,סינטה טרי,,,סינטה טרי,קילוגרמים,1.00,"ק""ג",true,,119.90,119.9000,true,1,6225532
7290008202138,false,פילה עגל טרי,,,פילה עגל טרי,קילוגרמים,1.00,"ק""ג",true,,189.90,189.9000,true,1,6225533
7290008202213,false,פילה אמנון קפוא עם ע,,,פילה אמנון קפוא עם ע,קילוגרמים,1.00,"ק""ג",true,,22.90,22.9000,true,1,6290394
7290008202367,false,נתחי פילה סלמון קפוא,,,נתחי פילה סלמון קפוא,קילוגרמים,1.00,"ק""ג",true,,69.90,69.9000,true,1,6348970
7290008202602,false,רצועות להקפצה פרימיו,,,רצועות להקפצה פרימיו,קילוגרמים,1.00,"ק""ג",true,,79.90,79.9000,true,1,6326504
7290008202695,false,עצמות בקר,,,עצמות בקר,קילוגרמים,1.00,"ק""ג",true,,19.90,19.9000,true,1,6271712
7290008202732,false,דנוור סטייק אנטריקוט,,,דנוור סטייק אנטריקוט,קילוגרמים,1.00,"ק""ג",true,,99.90,99.9000,true,1,6326512
7290008202848,false,גולש פרמיום,,,גולש פרמיום,קילוגרמים,1.00,"ק""ג",true,,79.90,79.9000,true,1,6297972
7290008202923,false,פילה סלמון קפוא עם ע,,,פילה סלמון קפוא עם ע,קילוגרמים,1.00,"ק""ג",true,,64.90,64.9000,true,1,6348784
7290008202930,false,מנות פילה סלמון טרי,,,מנות פילה סלמון טרי,קילוגרמים,1.00,"ק""ג",true,,99.90,99.9000,true,1,6316945
7290008259521,false,בוטני חטיף בוטנים 80ג רמילוי,,,בוטני חטיף בוטנים 80,יח',1.00,יח',false,,2.90,2.9000,true,1,6193913
7290008259538,false,בוטני חטיף בוטנים 25*10 רמי לוי,,,בוטני חטיף בוטנים 25,גרמים,250.00,100 גרם,false,,8.90,0.0356,true,1,6193914
7290008263047,false,ספגטי לבן אורגני הרדוף 500 גרם,פסטיפיסוי פליצ'טי,,ספגטי לבן אורגני הרד,גרמים,500.00,100 גרם,false,,10.70,0.0214,true,1,801057
7290008263641,false,קוואקר עדין אורגני 500 גרם - הרדוף,אול אורגני,,'קוואקר עדין אורגני,גרמים,500.00,100 גרם,false,,10.90,0.0218,true,1,801069
7290008333115,false,אבקת ג'לטין טהור נטו 28 גרם,נטו מילנדה סחר בעמ*,,אבקת גלטין טהור נטו,יח',1.00,יח',false,,9.50,9.5000,true,1,811352
7290008344258,false,המבורגר מיזרחי 400 גר`טיבונוויל,"טיבון ויל אחזקות בע""\מ",,המבורגר מזרחי טיבון,גרמים,400.00,100 גרם,false,,20.90,0.0522,true,1,811387
7290008344272,false,המבורגר 100% טיבון ויל 400 גרם,טיבון ויל אחזקות בעמ,,המבורגר 100% טיבון ו,גרמים,400.00,100 גרם,false,,17.90,0.0447,true,1,811389
7290008347211,false,אצבעות דג מצופות דלידג (700 גרם),אף.סי תבליני בגליל ב,,אצבעות דג מצופות דלי,גרמים,700.00,100 גרם,false,,19.90,0.0284,true,1,811407
7290008350150,false,בצק פילו מצונן מרודד השף שגב,נטו מלינדה סחר בעמ,,בצק פילו מצונן מרודד,יחידה,0.00,יחידה,false,,14.90,0.0000,true,1,6491677
7290008409049,false,שניצלונים בציפוי שומשום מיני מיני דק מאמא עוף 500 גרם,תנובה מרכז שיתופי לשיווק תוצרת,,מיני שניצלונים בציפו,גרמים,500.00,100 גרם,false,,24.90,0.0498,true,1,831034
7290008409100,false,אצבעות שניצל בציפוי שומשום מאמא עוף 700 גרם,תנובה גליל שותפות מוגבלת,,אצבעות שניצל בציפוי,גרמים,700.00,100 גרם,false,,29.90,0.0427,true,1,802612
7290008409124,false,מאמא עוף קפוא שניצל ג'ונגל פריך 700 גרם,תנובה מרכז שיתופי לשיווק תוצרת,,שניצל גונג'ל מאמא עו,גרמים,700.00,100 גרם,false,,29.90,0.0427,true,1,802614
7290008409216,false,מאמא עוף קפוא שניצל דק פריך 700 גרם,תנובה מרכז שיתופי לשיווק תוצרת,,שניצל דק דק פריך מאמ,גרמים,700.00,100 גרם,false,,39.90,0.0570,true,1,802616
7290008409223,false,שניצל דק דק מתובל מאמא עוף (700 גרם),תנובה מרכז שיתופי לשיווק תוצרת,,שניצל דק דק מתובל מא,גרמים,700.00,100 גרם,false,,39.90,0.0570,true,1,802617
7290008409315,false,שניצלונים בציפוי פריך מיני מיני דק מאמא עוף 500 גרם,תנובה מרכז שיתופי לשיווק תוצרת,,מיני שניצלונים בציפו,גרמים,500.00,100 גרם,false,,24.90,0.0498,true,1,831035
7290008409407,false,שניצל דק דק צ`יפס מאמא עוף (700 גרם),תנובה גליל שותפות מוגבלת,,מאמא עוף שניצל דק צי,גרמים,700.00,100 גרם,false,,39.90,0.0570,true,1,802624
7290008409551,false,שניצל עוף אמיתי בציפוי מעודן 700 ג' מאמא עוף,תנובה מרכז שיתופי לשיווק תוצרת,,שניצל עוף בציפוי מעו,גרמים,700.00,100 גרם,false,,29.90,0.0427,true,1,802631
7290008409582,false,שניצל עוף אמיתי בציפוי ביתי מאמא עוף 700 גרם,תנובה מרכז שיתופי לשיווק תוצרת,,שניצל עוף אמיתי בציפ,גרמים,700.00,100 גרם,false,,29.90,0.0427,true,1,802634
7290008415071,false,צבר חומוס עם טחינה עגול 150 גרם,קבוצת אוסם סחר שותפות מוגבלת,,סלט חומוס עם טחינה צ,גרמים,150.00,100 גרם,false,,4.90,0.0327,true,1,807217
7290008427500,false,משחת כלים בריח לימון 3.5 קג,,,משחת כלים בריח לימון,יח',1.00,יח',false,,22.90,22.9000,true,1,6325156
7290008443265,false,תחליב לחות לרחצה אל סבון נוזלי נקה 7 2 ליטר,החברה הדרומית לשיווק בעמ,,תחליב לחות לרחצה אל,ליטרים,2.00,ליטר,false,,24.90,12.4500,true,1,828909
7290008443616,false,"מרכך לשיער יבש אדום 750 מ""ל נקה 7",החברה הדרומית לשיווק בעמ,,מרכך לשיער יבש נקה 7,מיליליטרים,750.00,"100 מ""ל",false,,9.90,0.0132,true,1,828912
7290008443630,false,"שמפו לשיער מתולתל סגול נקה 7 750 מ""ל",החברה הדרומית לשיווק בעמ,,שמפו לשיער מתולתל נק,מיליליטרים,750.00,"100 מ""ל",false,,9.90,0.0132,true,1,828914
7290008461221,false,סרדינים רוברט בשמן חמניות 115 גרם,א. סיימן סחר בעמ,,סרדינים בשמן חמניות,גרמים,84.00,100 גרם,false,,7.50,0.0893,true,1,811409
7290008461238,false,סרדינים בשמן חמניות ופלפל חריף רוברט 84 גרם,א. סיימן סחר בעמ,,סרדינים בשמן חמניות,גרמים,115.00,100 גרם,false,,7.50,0.0652,true,1,811410
7290008462204,false,חרדל דיז'ון מקורי נטו מאי 380 גרם,א. סיימן סחר בעמ,,חרדל דיז'ון מקורי נט,גרמים,380.00,100 גרם,false,,14.90,0.0392,true,1,811412
7290008462259,false,חרדל דיז'ון גרגירים מיילי 380 גרם,א. סיימן סחר בעמ,,דיז'ון גרגירים 380 ג,גרמים,380.00,100 גרם,false,,17.50,0.0461,true,1,811413
7290008464024,false,"בירה גולדסטאר Unfiltered, בירה לא מסוננת, פחית 500 מ""ל","טמפו משקאות בע""מ",IL,גולדסטאר לא מסונן פחית 50,מיליליטרים,500.00,"100 מ""ל",false,,7.90,0.0158,true,1,924848
7290008464109,false,"בירה גולדסטאר Unfiltered, בירה לא מסוננת, בקבוק 330 מ""ל","טמפו משקאות בע""מ",,"גולדסטאר 330 מ""ל",מיליליטרים,330.00,"100 מ""ל",false,,7.90,0.0239,true,1,932124
7290008464130,false,"בירה גולדסטאר Unfiltered, בירה לא מסוננת, מארז שישייה, בקבוק 330 מ""ל",טמפו משקאות בעמ,IL,"גולדסטאר לא מסונן ח""פ 330",ליטרים,1.98,ליטר,false,,31.90,16.1111,true,1,848017
7290008464222,false,"בירה מכבי 7.9%, בירה חזקה, פחית 500 מ""ל","טמפו משקאות בע""\מ",,מכבי 7.9 פחית 500מל,מיליליטרים,500.00,"100 מ""ל",false,,7.50,0.0150,true,1,1044277
7290008464338,false,בירה מכבי בקבוק בודד 330 מל,טמפו משקאות בעמ,,"מכבי בודד 330 מ""ל",מיליליטרים,330.00,"100 מ""ל",false,,7.10,0.0215,true,1,831149
7290008464345,false,"בירה גולדסטאר, בקבוק 330 מ''ל",פארייפאבה אגרואינדוס,,"גולדסטאר בק 330 מ""ל",מיליליטרים,330.00,"100 מ""ל",false,,5.90,0.0179,true,1,804069
7290008464468,false,בירה בפחית גולדסטאר (500 מל),פארייפאבה אגרואינדוס,IL,גולדסטאר 500 פחית 24 יח',מיליליטרים,500.00,"100 מ""ל",false,,7.90,0.0158,true,1,804220
7290008464475,false,בירה מכבי פחית 500 מ``ל,"טמפו משקאות בע""\מ",IL,מכבי 500 פחית 24 יח',מיליליטרים,500.00,"100 מ""ל",false,,6.90,0.0138,true,1,804221
7290008464604,false,"בירה הייניקן פחית 500 מ""ל",טמפו משקאות בע''מ,IL,היינקן הולנד 500 פחית 24,מיליליטרים,500.00,"100 מ""ל",false,,11.80,0.0236,true,1,804222
7290008464697,false,"בירה מכבי 7.9%, בירה חזקה, מארז שישייה, בקבוק 330 מ""ל",טמפו משקאות בעמ,IL,"מכבי חזקה 7.9% ח""פ 330 בק",ליטרים,1.98,ליטר,false,,29.90,15.1010,true,1,980243
7290008464703,false,"שישיית בירה מכבי בקבוק 330 מ""ל",טמפו משקאות בע''מ,IL,"מכבי ח""פ 330 בקבוק שישייה",מיליליטרים,330.00,"100 מ""ל",false,,29.90,0.0906,true,1,804223
7290008464741,false,"בירה גולדסטאר, מארז שישייה, בקבוק 330 מ''ל","טמפו משקאות בע""\מ",IL,"גולדסטאר ח""פ 330 בקבוק שי",מיליליטרים,330.00,"100 מ""ל",false,,32.90,0.0997,true,1,804226
7290008464796,false,"בירה היינקן, מארז שישייה, בקבוק 330 מ''ל",טמפו משקאות בע''מ,IL,היינקן cities 330 בקבוק ח,ליטרים,1.98,ליטר,false,,29.90,15.1010,true,1,804228
7290008470759,false,מסטיק אורביט סטיקס ספירמינט שמיניה,מרס ריגלי ישראל בעמ,,מסטיק סטיקס בטעם מנט,גרמים,40.00,100 גרם,false,,13.90,0.3475,true,1,880875
7290008472661,false,פילה מדומה בקר קפוא,,,פילה מדומה בקר קפוא,קילוגרמים,1.00,"ק""ג",true,,44.90,44.9000,true,1,6439908
7290008472920,false,גבינה צהובה 28%,,,גבינה צהובה 28%,קילוגרמים,1.00,"ק""ג",true,,31.00,31.0000,true,1,6472374
7290008493413,false,פירורי לחם מאיר בייגל פירורי גריסיני 200 גרם,"דנשר (1963) בע,מ",IL,פירורים גריסיני 200גרם,גרמים,200.00,100 גרם,false,,5.90,0.0295,true,1,814318
7290008493703,false,בייגלה שמיניות מלח אריזה שקופה מאיר בייגל 300 גרם,מאיר את ביגל,IL,שמיניות מלח באריזה שקופה,גרמים,300.00,100 גרם,false,,4.90,0.0163,true,1,1032318
7290008493710,false,פירורי לחם מאיר בייגל פרורי גריסני זהב 200 גרם,"דנשר (1963) בע,מ",IL,פרורי גריסני זהב 200 גרם,גרמים,200.00,100 גרם,false,,5.90,0.0295,true,1,1013909
7290008496629,false,שניצל אמנון בציפוי פרורי לחם רמילוי,,,שניצל אמנון בציפוי פ,גרמים,400.00,100 גרם,false,,22.90,0.0572,true,1,6436334
7290008496698,false,נתחי דג אלסקה ובציפוי פרורי לחם רמי לוי,,,נתחי דג אלסקה ובציפו,גרמים,400.00,100 גרם,false,,19.90,0.0497,true,1,6436336
7290008496896,false,אצבעות אמנון עם דגנים במרינדה לימון רמילוי,,,אצבעות אמנון עם דגני,גרמים,400.00,100 גרם,false,,22.90,0.0572,true,1,6436338
7290008496902,false,נגיסי שיבוט פסיפי בציפוי פנקו רמילוי,,,נגיסי שיבוט פסיפי בצ,גרמים,400.00,100 גרם,false,,24.90,0.0622,true,1,6464155
7290008500128,false,עוגת שמרים טעם שוקול,ג`נרל מילס ישראל בעמ,,עוגת שמרים שוקולד 60,גרמים,500.00,100 גרם,false,,24.90,0.0498,true,1,6358226
7290008500142,false,עוגת שמרים פרימיום ת,ג`נרל מילס ישראל בעמ,,"עוגת שמרים תפו""ע 600",גרמים,500.00,100 גרם,false,,21.90,0.0438,true,1,6358228
7290008500159,false,עוגת שמרים פרימיום ג,ג`נרל מילס ישראל בעמ,,עוגת שמרים גבינה 600,גרמים,500.00,100 גרם,false,,21.90,0.0438,true,1,6358229
7290008504027,false,לחמניות המבורגר 4 יח,,,לחמניות המבורגר 4 יח,יח',1.00,יח',false,,11.90,11.9000,true,1,6329203
7290008504041,false,רבע בגט 10 יח,,,רבע בגט 10 יח,יח',1.00,יח',false,,16.90,16.9000,true,1,6329205
7290008504447,false,דונאטס חלבי,,,דונאטס חלבי,יח',1.00,יח',false,,7.90,7.9000,true,1,6335585
7290008504898,false,פילה אמנון קפוא עם ע,,,פילה אמנון קפוא עם ע,קילוגרמים,1.00,"ק""ג",true,,22.90,22.9000,true,1,6373274
7290008504959,false,פילה אמנון קפוא ללא,,,פילה אמנון קפוא ללא,קילוגרמים,1.00,"ק""ג",true,,24.90,24.9000,true,1,6437532
7290008504966,false,פילה אמנון קפוא ללא,,,פילה אמנון קפוא ללא,קילוגרמים,1.00,"ק""ג",true,,24.90,24.9000,true,1,6437533
7290008533348,false,נורת לד גמבו 23W,,,נורת לד גמבו 23W,יח',1.00,יח',false,,34.90,34.9000,true,1,6379803
7290008644112,false,אחלה יום יום סלט מטבוחה יום יום 125 גרם,שטראוס גרופ בעמ/מצונן,,סלט מטבוחה אחלה 125,גרמים,125.00,100 גרם,false,,4.70,0.0376,true,1,818376
7290008644235,false,מבחר עלי בייבי 120 גרם-טעם הטבע,שטראוס בריאות ירקות טריי,,עלי בייבי שטראוס 120,גרמים,120.00,100 גרם,false,,9.90,0.0825,true,1,818377
7290008644945,false,סלט המושבה שטראוס 450 גר`-טעם הטבע,שטראוס בריאות ירקות טריי,,לקט לסלט המושבה שטרא,גרמים,450.00,100 גרם,false,,10.90,0.0242,true,1,818383
7290008645935,false,אחלה חומוס לניגוב 750 גרם,שטראוס גרופ בעמ/מצונן,,חומוס אחלה 750 גרם,גרמים,750.00,100 גרם,false,,9.90,0.0132,true,1,818389
7290008690713,false,נקטר חמוציות אושן ספריי פריגת (1 ליטר),החברה המרכזית להפצת משקאות בעמ,,נקטר חמוציות אושן ספ,ליטרים,1.00,ליטר,false,,11.50,11.5000,true,1,800628
7290008693134,false,מעדן גבינה ויוגורט בטעם תות 5% שומן 88 ג' דניאלה,שטראוס גרופ בעמ/מצונן,,דניאלה בטעם תות 150,מיליליטרים,150.00,"100 מ""ל",false,,3.90,0.0260,true,1,818390
7290008713900,false,לחם שיפון עגול פרוס אחדות (750 גרם),מאפיית אנג'\ל אורנים מאפ,,לחם שיפון עגול פרוס,גרמים,750.00,100 גרם,false,,12.50,0.0167,true,1,804477
7290008745239,false,תפוצ'יפס קראנצ' בטעם טבעי עלית 50 גרם,"שטראוס פריטו ליי בע""\מ )",,תפוצ'יפס קראנצ' בטעם,גרמים,50.00,100 גרם,false,,3.50,0.0700,true,1,812814
7290008747547,false,תפוצ'יפס קראנץ' בטעם טבעי עלית 200 גרם,"שטראוס פריטו ליי בע""\מ )",,תפוצ'יפס קראנץ' בטעם,גרמים,200.00,100 גרם,false,,9.90,0.0495,true,1,812816
7290008750264,false,"מסטיק מאסט ציקלס דובדבן 28 גרם לל""ס מגדים",שטראוס גרופ בע`מ,,מסטיק MUST בטעם דובד,גרמים,28.00,100 גרם,false,,4.00,0.1429,true,1,805481
7290008752244,false,תפוצ'יפס קראנץ' בטעם גריל עלית 50 גרם,"שטראוס פריטו ליי בע""\מ )",,תפוצ'יפס קראנץ' בטעם,גרמים,50.00,100 גרם,false,,3.50,0.0700,true,1,812818
7290008753111,false,תפוצ'יפס קראנץ' בטעם מקסיקני עלית 50 גרם,"שטראוס פריטו ליי בע""\מ )",,תפוצ'יפס קראנץ' בטעם,גרמים,50.00,100 גרם,false,,3.50,0.0700,true,1,812820
7290008754415,false,גומי מאסט בטעם ספירמינט עדין פליפטופ 28 ג' עלית,שטראוס גרופ בע`מ,,מסטיק MUST ללא סוכר,גרמים,28.00,100 גרם,false,,4.00,0.1429,true,1,805492
7290008754422,false,גומי מאסט בטעם פפרמינט קלאסי פליפטופ 28 ג' עלית,שטראוס גרופ בע`מ,,מסטיק MUST בטעם מנטה,גרמים,28.00,100 גרם,false,,4.00,0.1429,true,1,805493
7290008757980,false,קרטונית ספרינג נקטר רימונים 1 ליטר,יפאורה שותפות מוגבלת לשיווק,,נקטר רימונים ספרינג,ליטרים,1.00,ליטר,false,,6.50,6.5000,true,1,808056
7290008775816,false,ערגליות עוגיות במילוי שוקולד אסם 300 גרם,קבוצת אוסם סחר שותפות מוגבלת,,ערגליות עוגיות במילו,גרמים,300.00,100 גרם,false,,7.90,0.0263,true,1,807229
7290008775823,false,ערגליות עוגיות תות שדה אסם 300 גרם,קבוצת אוסם סחר שותפות מוגבלת,,ערגליות במילוי תות א,גרמים,300.00,100 גרם,false,,7.90,0.0263,true,1,807230
7290008801010,false,"יין קברנה סוביניון מרלו פרייוט קולקשן 750 מ""ל",אגודת הכורמים -כרמל מזרחי,,ין קברנה /מרלו פרייב,מיליליטרים,750.00,"100 מ""ל",false,,39.90,0.0532,true,1,816498
7290008801089,false,"יין P.C קברנה סוביניון אדום יבש כרמל 375 מ""ל",אגודת הכורמים,,קברנה סובניון P.C,גרמים,375.00,100 גרם,false,,16.90,0.0451,true,1,5387632
7290008801119,false,סלקטד סוביניון בלאן יקבי כרמל (750 מל),אגודת הכורמים הקואופרטיב,,יין סוביניון בלאן סל,מיליליטרים,750.00,"100 מ""ל",false,,28.80,0.0384,true,1,816499
7290008801157,false,"יין מרלו סלקטד כרמל כרמל 750 מ""ל",אגודת הכורמים -כרמל מזרחי,,יין מרלו סלקטד יקבי,מיליליטרים,750.00,"100 מ""ל",false,,28.80,0.0384,true,1,816500
7290008801461,false,"יין הנצחון כרמל 750 מ""ל",אגודת הכורמים -כרמל מזרחי,,יין הנצחון יקבי כרמל,מיליליטרים,750.00,"100 מ""ל",false,,18.90,0.0252,true,1,816504
7290008801478,false,יין טופז זהב אדום מתוק ייצוא 750 מל,אגודת הכורמים בעמ,,יין טופז זהב יקבי כר,מיליליטרים,750.00,"100 מ""ל",false,,17.90,0.0239,true,1,816505
7290008801522,false,יין קינג דויד קונקורד אדום מתוק 750 מל,אגודת הכורמים הקואופרטיב,,יין קונקורד קינג דיו,מיליליטרים,750.00,"100 מ""ל",false,,18.80,0.0251,true,1,816506
7290008801539,false,כרמל 120 אדום מתוק 750 מל קינג דיוויד,אגודת הכורמים הקואופרטיב,,יין כרמל 120 קינג די,מיליליטרים,750.00,"100 מ""ל",false,,18.80,0.0251,true,1,816507
7290008801546,false,יין מוסקט מתוק קינג דיוויד יקבי כרמל,אגודת הכורמים הקואופרטיב,,יין מוסקט מתוק קינג,מיליליטרים,750.00,"100 מ""ל",false,,18.80,0.0251,true,1,816508
7290008801843,false,סלקטד קברנה סובניון יקבי כרמל (750 מל),אגודת הכורמים בעמ,,יין קברנה סוביניון ס,מיליליטרים,750.00,"100 מ""ל",false,,28.80,0.0384,true,1,816509
7290008801850,false,סלקטד אמרלד ריזלינג לבן חצי יבש 750 מל,אגודת הכורמים הקואופרטיב,,יין אמרלד ריזלינג סל,מיליליטרים,750.00,"100 מ""ל",false,,28.80,0.0384,true,1,816510
7290008802291,false,יין מרלו פרייבט קולקשן יקבי כרמל,אגודת הכורמים הקואופרטיב,,יין מרלו פרייבט קולק,מיליליטרים,750.00,"100 מ""ל",false,,39.90,0.0532,true,1,816511
7290008802512,false,"יין וינו אדום ""כרמל מזרחי""",אגודת הכורמים בעמ,,יין וינו אדום יקבי כ,מיליליטרים,750.00,"100 מ""ל",false,,17.80,0.0237,true,1,816512
7290008802529,false,"יין לבן חצי יבש וינו 750 מ""ל",אגודת הכורמים בעמ,,יין וינו לבן יקבי כר,מיליליטרים,750.00,"100 מ""ל",false,,17.80,0.0237,true,1,816513
7290008802895,false,יין קברנה סוביניון פרייבט קולקשן יקבי כרמל,אגודת הכורמים הקאופורטיב,,יין קברנה סוביניון פ,מיליליטרים,750.00,"100 מ""ל",false,,39.90,0.0532,true,1,816514
7290008803090,false,"יין מרלו קולקשיין הסדרה האזורית כרמל 750 מ""ל",אגודת הכורמים הקואופרטיב,,יין מרלו גליל עליון,מיליליטרים,750.00,"100 מ""ל",false,,54.80,0.0731,true,1,816517
7290008804332,false,שיראז אדום יבש פריווט קולקשיין 750מל,אגודת הכורמים הקואופרטיב,,יין שיראז פרייבט קול,מיליליטרים,750.00,"100 מ""ל",false,,39.90,0.0532,true,1,816520
7290008805049,false,סלקטד זינפנדל סמוק יקבי כרמל (750 מל),"כד בני דרום בע""מ",,יין רוזה סלקטד יקבי,מיליליטרים,750.00,"100 מ""ל",false,,28.80,0.0384,true,1,816532
7290008805520,false,"יין קברנה/סוביניון סלקטד כרמל 750 מ""ל",אגודת הכורמים בעמ,,יין קברנה /מרלו סלקט,מיליליטרים,750.00,"100 מ""ל",false,,28.80,0.0384,true,1,816534
7290008806985,false,נישנושים גלידה שוקו וניל בציפוי שוקולד 60 יח' קרמיסימו,"גלידת שטראוס בע""\מ, רחוב",,נשנושים שטראוס קרמיס,גרמים,630.00,100 גרם,false,,39.80,0.0632,true,1,816875
7290008815468,false,"שקית ואקום דגש 55*85 ס""מ",דגש,,שקית ואקום דגש 55*85,יח',1.00,יח',false,,14.90,14.9000,true,1,824373
7290008836401,false,יין אדום מתוק ישן נושן אפרת 1 ליטר,יקב טפרברג 1870 בעמ (יינות ומש,,יין אדום מתוק ישן נו,ליטרים,1.00,ליטר,false,,16.90,16.9000,true,1,812773
7290008836425,false,יין מתוק קל 1 ליטר,יקב טפרברג 1870 בעמ,,יין קל אפרת 1 ליטר,ליטרים,1.00,ליטר,false,,16.90,16.9000,true,1,812775
7290008836494,false,מיץ ענבים תירוש אדום אפרת 1 ליטר,יקב טפרברג 1870 בעמ (יינות ומש,,מיץ ענבים רכיבים טבע,ליטרים,1.00,ליטר,false,,12.90,12.9000,true,1,812777
7290008837866,false,שירת הלל 100% מיץ ענבים טבעי 1ל,יקבי ארזה,,מיץ הלל 1לי 100%,יח',1.00,יח',false,,16.90,16.9000,true,1,821868
7290008846219,false,"שמן זית כתית מעולה חלוצה 750 מ""ל",האי נאם סי או אל.טי.,,שמן זית כתית מעולה ח,מיליליטרים,750.00,"100 מ""ל",false,,39.90,0.0532,true,1,810508
7290008849470,false,ממרח פלפל צ'ומה אוליביה 185 גרם,תה ויסוצקי (ישראל)בעמ,IL,פלפל צומה 185 גר',גרמים,185.00,100 גרם,false,,12.90,0.0697,true,1,801089
7290008849753,false,רוטב טריאקי אוליביה 300 גרם,תה ויסוצקי (ישראל)בעמ,IL,רוטב טריאקי,מיליליטרים,290.00,"100 מ""ל",false,,12.80,0.0441,true,1,801099
7290008866002,false,קממברט אגוזים בייבי משקל,גבינות משק יעקבס,,קממבר בייבי אגוזים,קילוגרמים,1.00,"ק""ג",true,,120.00,120.0000,true,1,6377947
7290008866019,false,ברי עיזים בייבי28% משקל,גבינות יעקבס,,ברי עיזים בייבי,קילוגרמים,1.00,"ק""ג",true,,139.00,139.0000,true,1,6410585
7290008866033,false,מארז גאודה עיזים30% משקל,גבינות יעקבס,,גאודה עיזים מארז,קילוגרמים,1.00,"ק""ג",true,,139.00,139.0000,true,1,6410586
7290008899345,false,לחמניית שמינייה פילס,פילסברי,,לחמניה שמינייה קלועה,יח',1.00,יח',false,,3.90,3.9000,true,1,2565702
7290008899505,false,בגט לבן פילסברי 250,ג`נרל מילס ישראל בעמ,,באגט,גרמים,250.00,100 גרם,false,,4.80,0.0192,true,1,800356
7290008899512,false,באגט כפרי פילסברי,פילסברי,,בגט פילסברי,יח',1.00,יח',false,,4.80,4.8000,true,1,800312
7290008899642,false,בורקס תורכי פטריות פ,פילסברי,,בורקס תורכי פטריות פ,קילוגרמים,1.00,"ק""ג",true,,42.00,42.0000,true,1,800320
7290008909853,false,"קוקה קולה זירו בקבוק 500 מ""ל.",החברה המרכזית להפצת משקאות בעמ,,ZERO בקבוק 0.5 ליטר,מיליליטרים,500.00,"100 מ""ל",false,,5.60,0.0112,true,1,800646
7290008961110,false,טושיונקה בקר מיוחד 400 גר,פרוטרי,,תבשיל בשר בקר 400ג,גרמים,470.00,100 גרם,false,,21.90,0.0466,true,1,6294378
7290008961127,false,טושונקה תבשיל בשר בקר 400ג,גוד פוד ג'.א'.ג'י. ב,,טושונקה תבשיל בשר בק,גרמים,470.00,100 גרם,false,,21.90,0.0466,true,1,6294379
7290008975551,false,תחליף חלב מטרנה מהדרין שלב 3 חלבי 700 גרם,קבוצת אוסם סחר שותפות מוגבלת,,תחליף חלב מהדרין שלב,גרמים,700.00,100 גרם,false,,47.90,0.0684,true,1,807242
7290008975780,false,"מזון לכלבים בונזו מזון כלבים גזע קטן 3 ק""ג",דיפלומט מפיצים (1968) בעמ**,IL,"בונזו גזע קטן 3+1 ק""ג",קילוגרמים,3.00,"ק""ג",false,,39.90,13.3000,true,1,814326
7290010002016,false,כוסברה טחונה תבליני מימון 100 גרם,א.ל. ייצור ושיווק תבלינים בע`מ,IL,כוסברה טחונה 100 גרם,גרמים,100.00,100 גרם,false,,9.50,0.0950,true,1,799405
7290010002023,false,כורכום הודי טחון תבליני מימון 100 גרם,א.ל. ייצור ושיווק תבלינים בע`מ,IL,כורכום הודי טחון 100 גרם,גרמים,100.00,100 גרם,false,,11.50,0.1150,true,1,799406
7290010002030,false,תבלין כמון טחון תבליני מימון 100 גרם,א.ל. ייצור ושיווק תבלינים בע`מ,IL,כמון 100 גרם,גרמים,100.00,100 גרם,false,,11.50,0.1150,true,1,799407
7290010002047,false,תבלין מלח לימון תבליני מימון 200 גרם,א.ל ייצור ושיווק תבלינים בעמ,IL,מלח לימון 200 גרם,גרמים,200.00,100 גרם,false,,9.50,0.0475,true,1,799408
7290010002061,false,פלפל לבן טחון תבליני מימון (100 גרם),א.ל. ייצור ושיווק תבלינים בע`מ,IL,פלפל לבן טחון 100 גרם,גרמים,100.00,100 גרם,false,,16.90,0.1690,true,1,799410
7290010002078,false,פלפל שחור טחון תבליני מימון (100 גרם),א.ל. ייצור ושיווק תבלינים בע`מ,IL,פלפל שחור טחון 100 גרם,גרמים,100.00,100 גרם,false,,14.50,0.1450,true,1,799411
7290010002092,false,תבלין פלפל שחור גרוס דק תבליני מימון 90,א.ל. ייצור ושיווק תבלינים בע`מ,IL,פלפל שחור גרוס דק 90 גרם,גרמים,90.00,100 גרם,false,,14.50,0.1611,true,1,799413
7290010002108,false,תבלין פלפל שחור גרוס גס תבליני מימון 90,א.ל. ייצור ושיווק תבלינים בע`מ,IL,פלפל שחור גרוס גס 90 גרם,גרמים,90.00,100 גרם,false,,14.50,0.1611,true,1,799414
7290010002122,false,פפריקה הונגרית מתוקה תבליני מימון 100 גרם,א.ל. ייצור ושיווק תבלינים בע`מ,IL,פפריקה הונגרית מתוקה 100,גרמים,100.00,100 גרם,false,,11.50,0.1150,true,1,799416
7290010002139,false,פפריקה הונגרית חריפה תבליני מימון 100 גרם,א.ל. ייצור ושיווק תבלינים בע`מ,IL,פפריקה הונגרית חריפה 100,גרמים,100.00,100 גרם,false,,11.50,0.1150,true,1,799417
7290010002146,false,פפריקה מרוקאית מתוקה תבליני מימון 100 גרם,א.ל. ייצור ושיווק תבלינים בע`מ,IL,פפריקה מרוקאית מתוקה 100,גרמים,100.00,100 גרם,false,,11.50,0.1150,true,1,799418
7290010002153,false,פפריקה מרוקאית חריפה תבליני מימון 100 גרם,א.ל. ייצור ושיווק תבלינים בע`מ,IL,פפריקה מרוקאית חריפה 100,גרמים,100.00,100 גרם,false,,11.50,0.1150,true,1,799419
7290010002177,false,פרימיום פפריקה מעושנת90 גר`מימון*,א.ל.ייצור ושיווק תבלינים בעמ,,פרימיום פפריקה טעם מ,יח',1.00,יח',false,,16.90,16.9000,true,1,6367863
7290010002191,false,תבלין מקלות קינמון תבליני מימון 50 גרם,א.ל. ייצור ושיווק תבלינים בע`מ,IL,מקלות קינמון 50 גרם,גרמים,50.00,100 גרם,false,,11.50,0.2300,true,1,799422
7290010002283,false,תבלין על האש תבליני מימון 100 גרם,א.ל. ייצור ושיווק תבלינים בע`מ,IL,תיבול על האש 100 גרם,גרמים,100.00,100 גרם,false,,11.50,0.1150,true,1,799426
7290010002290,false,תיבול לשווארמה תבליני מימון 100 גרם,א.ל. ייצור ושיווק תבלינים בע`מ,IL,תיבול לשווארמה 100 גרם,גרמים,100.00,100 גרם,false,,11.50,0.1150,true,1,799427
7290010002306,false,תיבול לקציצות תבליני מימון 100 גרם,א.ל. ייצור ושיווק תבלינים בע`מ,IL,תיבול לקציצות 100 גרם,גרמים,100.00,100 גרם,false,,11.50,0.1150,true,1,799428
7290010002313,false,תבלין ראס אל חנות תבליני מימון 100 גרם,א.ל. ייצור ושיווק תבלינים בע`מ,IL,ראס אל חנות 100 גרם,גרמים,100.00,100 גרם,false,,11.50,0.1150,true,1,799429
7290010002320,false,תבלין לגריל עוף תבליני מימון (100 גרם),א.ל. ייצור ושיווק תבלינים בע`מ,IL,תיבול לגריל עוף 100 גרם,גרמים,100.00,100 גרם,false,,11.50,0.1150,true,1,799430
7290010002337,false,תיבול לסטייק תבליני מימון 100 גרם,א.ל. ייצור ושיווק תבלינים בע`מ,IL,תיבול לסטייק 100 גרם,גרמים,110.00,100 גרם,false,,11.50,0.1045,true,1,799431
7290010002344,false,תבלין לדג תבליני מימון 100 גרם.,א.ל ייצור ושיווק תבלינים בעמ,IL,תיבול לדג 100 גרם,גרמים,100.00,100 גרם,false,,11.50,0.1150,true,1,799432
7290010002351,false,זעתר ושומשום בלדי תבליני מימון (100 גרם),א.ל. ייצור ושיווק תבלינים בע`מ,IL,זעתר ושומשום 100 גרם,גרמים,100.00,100 גרם,false,,11.50,0.1150,true,1,799433
7290010002368,false,תערובת חווויג' תבליני מימון 100 גרם,א.ל. ייצור ושיווק תבלינים בע`מ,IL,תערובת חוויג' למרק 100 גר,גרמים,100.00,100 גרם,false,,11.50,0.1150,true,1,799434
7290010002375,false,תבלין מדראס קארי תבליני מימון (100 גרם),א.ל. ייצור ושיווק תבלינים בע`מ,IL,קארי 100 גרם,גרמים,100.00,100 גרם,false,,11.50,0.1150,true,1,799435
7290010002382,false,תבלין אורגנו תבליני מימון 40 גרם,א.ל. ייצור ושיווק תבלינים בע`מ,IL,אורגנו 40 גרם,גרמים,40.00,100 גרם,false,,9.50,0.2375,true,1,799436
7290010002399,false,תבלין בזיליקום תבליני מימון 40 גרם,א.ל. ייצור ושיווק תבלינים בע`מ,IL,בזיליקום 40 גרם,גרמים,40.00,100 גרם,false,,9.50,0.2375,true,1,799437
7290010002405,false,תבלין טימין הררי תבליני מימון 40 גרם,א.ל. ייצור ושיווק תבלינים בע`מ,IL,טימין הררי 40 גרם,גרמים,40.00,100 גרם,false,,9.50,0.2375,true,1,799438
7290010002412,false,פפריקה מרוקאית מתוקה 100ג רמילוי,,,פפריקה מרוקאית מתוקה,גרמים,120.00,100 גרם,false,,7.90,0.0658,true,1,6282928
7290010002429,false,עלי דפנה תבליני מימון 20 גרם צנצנת,א.ל. ייצור ושיווק תבלינים בע`מ,IL,עלי דפנה 20 גרם צנצנת,גרמים,20.00,100 גרם,false,,9.50,0.4750,true,1,799439
7290010002436,false,תבלין פטרוזיליה תבליני מימון 25 גרם,א.ל.ייצור ושיווק תבלינים בעמ,IL,פטרוזיליה 25 גרם,גרמים,25.00,100 גרם,false,,9.50,0.3800,true,1,799440
7290010002443,false,תבלין רוזמרין תבליני מימון 40 גרם,א.ל. ייצור ושיווק תבלינים בע`מ,IL,רוזמרין 40 גרם,גרמים,40.00,100 גרם,false,,9.50,0.2375,true,1,799441
7290010002467,false,פפריקה מתוקה 100גר רמילוי,,,פפריקה מתוקה 100גר ר,גרמים,100.00,100 גרם,false,,7.90,0.0790,true,1,6282929
7290010002566,false,קינמון טחון 100ג רמי,,,קינמון טחון 100ג רמי,גרמים,100.00,100 גרם,false,,7.90,0.0790,true,1,6282932
7290010002603,false,צ'ילי גרוס 70ג רמילו,,,צ'ילי גרוס 70ג רמילו,גרמים,70.00,100 גרם,false,,7.90,0.1129,true,1,6283610
7290010002658,false,פלפל יבש מתוק תבליני מימון 150 גרם,א.ל.ייצור ושיווק תבלינים בעמ,IL,פלפל יבש מתוק 150 גרם,גרמים,150.00,100 גרם,false,,12.90,0.0860,true,1,799447
7290010002696,false,אקסטרה צ'יפס אורז חום מלא שמנת בצל 60 גרם,א.ל ייצור ושיווק תבלינים בעמ,,אקסטרה ציפס אורז חום,גרמים,60.00,100 גרם,false,,6.90,0.1150,true,1,6404383
7290010002726,false,תבלין לפרגיות תבליני מימון 100 גרם.,א.ל. ייצור ושיווק תבלינים בע`מ,IL,תיבול לפרגיות 100 גרם,גרמים,100.00,100 גרם,false,,11.50,0.1150,true,1,799449
7290010003051,false,פפריקה הונגרית מתוקה תבליני מימון 400 גרם,א.ל. ייצור ושיווק תבלינים בע`מ,IL,פפריקה הונגרית מתוקה 400,גרמים,400.00,100 גרם,false,,23.90,0.0597,true,1,799462
7290010003440,false,שבבי בצל מטוגן תבליני מימון 200 גרם,א.ל.יצור ושיווקתבלינים בעמ,,שבבי בצל מטוגן 200 ג,גרמים,200.00,100 גרם,false,,9.90,0.0495,true,1,4004133
7290010003693,false,פפריקה מתוקה בשקית תבליני מימון 80 גרם,א.ל. ייצור ושיווק תבלינים בע`מ,IL,פריקה מתוקה שקית 80 גרם -,גרמים,80.00,100 גרם,false,,5.90,0.0738,true,1,831494
7290010003709,false,פלפל שחור טחון בשקית תבליני מימון 50 גרם,א.ל. ייצור ושיווק תבלינים בע`מ,IL,פלפל שחור טחון שקית 50 גר,גרמים,50.00,100 גרם,false,,7.70,0.1540,true,1,831556
7290010003754,false,כמון טחון בשקית תבליני תבליני מימון 50 גרם,א.ל. ייצור ושיווק תבלינים בע`מ,IL,כמון טחון שקית 50 גרם - ח,גרמים,50.00,100 גרם,false,,5.90,0.1180,true,1,831495
7290010003761,false,כורכום טחון בשקית תבליני מימון 80 גרם,א.ל. ייצור ושיווק תבלינים בע`מ,IL,כורכום טחון שקית 80 גרם -,גרמים,80.00,100 גרם,false,,5.90,0.0738,true,1,831496
7290010003778,false,תיבול לגריל עוף בשקית תבליני מימון 80 גרם,א.ל. ייצור ושיווק תבלינים בע`מ,IL,תיבול לגריל עוף שקית 80 ג,גרמים,80.00,100 גרם,false,,5.90,0.0738,true,1,831527
7290010003792,false,מלח לימון בשקית תבליני מימון 100 גרם,א.ל. ייצור ושיווק תבלינים בע`מ,IL,מלח לימון שקית 100 גרם -,גרמים,100.00,100 גרם,false,,5.90,0.0590,true,1,831528
7290010003815,false,פלפל שטה יבש תבליני מימון 150 גרם שקית,א.ל.ייצור ושיווק תבלינים בעמ,IL,פלפל שטה 150 גרם שקית,גרמים,150.00,100 גרם,false,,14.90,0.0993,true,1,799476
7290010003822,false,פפריקה חריפה בשקית תבליני מימון (80 גרם),א.ל. ייצור ושיווק תבלינים בע`מ,IL,פפריקה חריפה שקית 80 גרם,גרמים,80.00,100 גרם,false,,5.90,0.0738,true,1,831530
7290010003846,false,אורגנו בשקית תבליני מימון 20 גרם,א.ל. ייצור ושיווק תבלינים בע`מ,IL,אורגנו שקית 20 גרם - חדש,גרמים,20.00,100 גרם,false,,5.90,0.2950,true,1,799477
7290010003990,false,פטרוזיליה בשקית תבליני מימון 20 גרם,א.ל. ייצור ושיווק תבלינים בע`מ,IL,פטרוזיליה שקית 20 גרם - ח,גרמים,20.00,100 גרם,false,,5.90,0.2950,true,1,831532
7290010004348,false,פפריקה מתוקה תבליני מימון 250 גרם,א.ל.יצור ושיווקתבלינים בעמ,,פפריקה מתוקה 250 גרם,גרמים,250.00,100 גרם,false,,19.90,0.0796,true,1,799505
7290010004737,false,עלים לקרמשניט 300גר רמילוי,,,עלים לקרמשניט 300גר,גרמים,300.00,100 גרם,false,,13.90,0.0463,true,1,4297711
7290010023622,false,תה קלאסי עם נגיעות נענע ויסוצקי 100 יחידות,תה ויסוצקי (ישראל) בעמ,,תה קלאסי עם נגיעות נ,יח',100.00,יח',false,,17.70,0.1770,true,1,813714
7290010023943,false,חליטה מצמח הרויבוש Red tea בטעם קינמון ווניל,תה ויסוצקי (ישראל)בעמ,,תה אדום קינמון וניל,יח',50.00,יח',false,,24.50,0.4900,true,1,813719
7290010049004,false,מרמולייט תרכיז ענבים דיאט 1 ליטר,מרמולייט,IL,מרמולייט סירופ בטעם ענבים,ליטרים,1.00,ליטר,false,,17.90,17.9000,true,1,830281
7290010049028,false,מרמולייט תרכיז פטל דיאט 1 ליטר,מרמולייט,IL,מרמולייט סירופ בטעם פטל 1,ליטרים,1.00,ליטר,false,,17.90,17.9000,true,1,830283
7290010051076,false,לבבות חסה ארוז א.אדמה,א.אדמה (2007) בעמ,,לבבות קיסר א.אדמה,יח',1.00,יח',false,,8.90,8.9000,true,1,985435
7290010051144,false,תרד עלים א.אדמה,ביכורי השדה צפון 1994 ג.ד. בעמ,,תרד עלים א.אדמה,יח',1.00,יח',false,,7.90,7.9000,true,1,819813
7290010051199,false,שורש פטרוזיליה ארוז א.אדמה,א.אדמה (2007) בעמ,,שורש פטרוזיליה א.אדמ,יח',1.00,יח',false,,5.50,5.5000,true,1,819817
7290010051205,false,סלרי עלים ארוז א.אדמה,א.אדמה (2007) בעמ,,סלרי אמריקאי א.אדמה,יח',1.00,יח',false,,5.90,5.9000,true,1,819818
7290010051212,false,סלרי ראש א.אדמה,א.אדמה (2007) בעמ,,ראש סלרי א.אדמה,יח',1.00,יח',false,,5.90,5.9000,true,1,819819
7290010051267,false,לוף בשקית א.אדמה,א.אדמה (2007) בעמ,,לוף בשקית א.אדמה,יח',1.00,יח',false,,7.90,7.9000,true,1,1118291
7290010051298,false,סלק עלים ארוז מנגולד א.אד,א.אדמה (2007) בעמ,,מנגולד עלי סלק א.אדמ,יח',1.00,יח',false,,5.90,5.9000,true,1,819823
7290010051335,false,בצל ירוק ארוז א.אדמה,א.אדמה (2007) בעמ,,בצל ירוק א.אדמה,יח',1.00,יח',false,,5.90,5.9000,true,1,819824
7290010060597,false,"סרקל שמפו דר' פישר 1.250 מ""ל","פישר תעשיות פרמבצטיות בע""מ",IL,סרקל שמפו 1250 גרם,יח',1.00,יח',false,,32.90,32.9000,true,1,6380670
7290010060603,false,סרקל מרכך 1.25 25% חינם,"פישר תעשיות פרמבצטיות בע""מ",IL,סרקל מעצב 1250 גרם,יחידה,1.25,יחידה,false,,32.90,26.3200,true,1,6508755
7290010065059,false,מחית פירות מעורבים ג'וניור פרינוק 190 גרם,פרוטה פודווין איי.אס,CZ,מחית פירות מעורבים 190 גר,גרמים,190.00,100 גרם,false,,5.90,0.0311,true,1,801109
7290010065271,false,פרינוק - מחית תפוחי עץ 130 גרם,גורי מוצרי צריכה 1991 בעמ,CZ,"מחית תפו""ע 130 גר'",גרמים,130.00,100 גרם,false,,4.80,0.0369,true,1,801120
7290010065295,false,פרינוק - מחית תפוחי עץ ובננה 130 גרם,גורי מוצרי צריכה (1991) בעמ,CZ,"מחית תפו""ע בננה 130 גר'",גרמים,130.00,100 גרם,false,,4.80,0.0369,true,1,801122
7290010065332,false,מחית תפוח עץ בננה ג'וניור פרינוק 190 גרם,גורי מוצרי צריכה (1991) בעמ,CZ,"מחית ג'וניור תפו""ע בננה 1",גרמים,190.00,100 גרם,false,,5.90,0.0311,true,1,1031582
7290010065349,false,72900פרינוק מחית סלט פירות שלב 3 190 גרם,גורי מוצרי צריכה (1991) בעמ,CZ,מחית ג'וניור סלט פירות 19,גרמים,190.00,100 גרם,false,,5.90,0.0311,true,1,1031583
7290010065721,false,פרינוק - מחית לפתן פירות 130 גרם,פרינוק,CZ,מחית לפתן פירות 130 גר',גרמים,130.00,100 גרם,false,,4.80,0.0369,true,1,801143
7290010065745,false,מחית לפתן פירות ג'וניור פרינוק 190 גרם,גורי מוצרי צריכה (1991) בעמ,CZ,מחית ג'וניור לפתן פירות 1,גרמים,190.00,100 גרם,false,,5.90,0.0311,true,1,1031584
7290010116980,false,שוקולית אבקה להכנת משקה שוקו שקית 850,הנסיך- מפעל לייצור ט,,שוקולית 850 גרם,גרמים,850.00,100 גרם,false,,14.90,0.0175,true,1,805508
7290010117864,false,דוריטוס חטיף תירס בטעם חריף אש עלית 70 גרם,"שטראוס פריטו ליי בע""\מ )",,דוריטוס חטיף תירס בט,גרמים,70.00,100 גרם,false,,3.20,0.0457,true,1,812828
7290010118328,false,חטיף צ`יפס בטעם טבעי תפוצ`יפס (40x6 גרם),"שטראוס פריטו ליי בע""מ",,תפוצ'יפס בטעם טבעי ע,גרמים,240.00,100 גרם,false,,11.90,0.0496,true,1,812832
7290010129003,false,עוגיות אוזניים דולצ`ה ויטה 600 גר,שיבולים יצור ושיווק מוצרי מאפה,,עוגיות אוזניים 600גר,גרמים,600.00,100 גרם,false,,19.90,0.0332,true,1,858482
7290010129010,false,עוגיות כתר ריבה דולצ`ה ויטה (600 גרם),שיבולים יצור ושיווק מוצרי מאפה,,עוגיות ריבה 600גר,גרמים,600.00,100 גרם,false,,19.90,0.0332,true,1,858483
7290010129027,false,עוגיות מרוקאיות דולצ`ה ויטה (600 גרם),שיבולים יצור ושיווק מוצרי מאפה,,עוגיות מרוקאיות 600,גרמים,600.00,100 גרם,false,,19.90,0.0332,true,1,858484
7290010129287,false,עוגיות ש.שועל-גרנולה 600 ג,שיבולים ייצור ושיווק מאפה בעמ,,עוגיות גרנולה 600 גר,גרמים,600.00,100 גרם,false,,19.90,0.0332,true,1,858489
7290010129553,false,עוגיות רולדה תמרים דולצ`ה ויטה (600 גרם),שיבולים יצור ושיווק מוצרי מאפה,,עוגיות רולדה תמרים 6,יח',1.00,יח',false,,19.90,19.9000,true,1,5798030
7290010129942,false,עוגיות שמרים 500 גרם דולצה ויטה,שיבולים יצור ושיווק מוצרי מאפה,,עוגת קראנץ שוקולד 50,גרמים,500.00,100 גרם,false,,9.90,0.0198,true,1,1826684
7290010129959,false,עוגיות שמרים 400 גרם דולצה ויטה,שיבולים יצור ושיווק מוצרי מאפה,,עוגיות רוגלך שוקולד,גרמים,400.00,100 גרם,false,,8.90,0.0223,true,1,1826685
7290010154005,false,סחוג תימני תבליני ביטון יוחאי (250 גרם),תבליני יוחאי ביטון,,סחוג תימני 250 ביטון,גרמים,250.00,100 גרם,false,,12.90,0.0516,true,1,811414
7290010154012,false,לימון בלאדי תבליני ביטון יוחאי (250 גרם),נטו מלינדה סחר בע`מ,,לימון בלאדי כבוש תבל,גרמים,250.00,100 גרם,false,,12.90,0.0516,true,1,811415
7290010154029,false,אריסה מתוקה תבליני ביטון יוחאי (250 גרם),תבליני ביטון יוחאי,,250 אריסה מתוקה ביטו,גרמים,250.00,100 גרם,false,,12.90,0.0516,true,1,811416
7290010154265,false,פלפל צ`ומה תבליני ביטון יוחאי (250 גרם),תבליני יוחאי ביטון,,פלפל צ'ומה תבליני בי,גרמים,250.00,100 גרם,false,,12.90,0.0516,true,1,811419
7290010154418,false,סחוג אדום תבליני ביטון 130 גרם,תבליני יוחאי ביטון,,סחוג אדום תבליני ביט,גרמים,130.00,100 גרם,false,,7.90,0.0608,true,1,811422
7290010154425,false,סחוג ירוק תבליני ביטון 130 גרם,תבליני ביטון יוחאי,,סחוג ירוק תבליני ביט,גרמים,130.00,100 גרם,false,,7.90,0.0608,true,1,811423
7290010154548,false,ממרח שום טבעי יוחאי ביטון 235 גרם,נטו מילנדה סחר בעמ*,,ממרח שום 235 ג,גרמים,235.00,100 גרם,false,,12.90,0.0549,true,1,1444306
7290010154678,false,אריסה מרוקאית תבליני ביטון 250 גרם,תבליני יוחאי ביטון,,אריסה מרוקאית תבליני,גרמים,250.00,100 גרם,false,,12.90,0.0516,true,1,4378484
7290010154685,false,סלט שום כתוש 250 ג' ביטון יוחאי,תבליני ביטון יוחאי,,סלט שום כתוש 250 ג,גרמים,250.00,100 גרם,false,,12.90,0.0516,true,1,4378502
7290010173174,false,יין אדום יבש אלון יקב הרי גליל 750 מל,היכל היין שקד גולן בעמ,,הרי גליל אלון 750מל,מיליליטרים,750.00,"100 מ""ל",false,,49.90,0.0665,true,1,6243871
7290010173181,false,גליל אלה יין אדום יקב הרי גליל (750 מל),היכל היין שקד גולן בעמ,,יין הר גליל אלה 750,מיליליטרים,750.00,"100 מ""ל",false,,49.90,0.0665,true,1,6243872
7290010175857,false,פרוסות לבבות דקל במי מלח טעים 400 גרם,טעמן שיווק מזון בעמ,,פרוסות לבבות דקל,גרמים,220.00,100 גרם,false,,10.50,0.0477,true,1,806146
7290010176793,false,מארז סוכריות סודה 17 יחידות 385 גרם,גואנגדונג צאואן פוד,,מארז סוכריות סודה 17,גרמים,385.00,100 גרם,false,,15.90,0.0413,true,1,806155
7290010195268,false,פופקורן פופסטאר חמישייה מופחת שומן טבעי,דנשר (1963) בעמ,US,פופסטאר מופחת שומן טבעי 5,גרמים,425.00,100 גרם,false,,11.90,0.0280,true,1,830302
7290010234769,false,"דאודורנט איזבלה ורוד 200 מ""ל פנינה רוזנבלום",פנינה רוזנבלום בעמ,,דאודורנט איזבלה ורוד,מיליליטרים,200.00,"100 מ""ל",false,,15.90,0.0795,true,1,817009
7290010237548,false,"פפסי מקס דל קלוריות 500 מ""ל בקבוק",טמפו משקאות בע`מ,IL,פפסי מקס 500 בקבוק 24 יח',מיליליטרים,500.00,"100 מ""ל",false,,3.80,0.0076,true,1,804234
7290010237562,false,משקה מוגז בטעם תפוזים מירנדה (500 מל),טמפו משקאות בע`מ,IL,מירינדה 500 בקבוק 24 יח',מיליליטרים,500.00,"100 מ""ל",false,,3.80,0.0076,true,1,804235
7290010237784,false,בירה שנדי בתוספת משקה לימון ליים - שישייה,"טמפו משקאות בע""\מ",IL,שנדי לימון ליים 330 בקבוק,ליטרים,1.98,ליטר,false,,27.90,14.0909,true,1,804244
7290010237890,false,"בירה הייניקן בקבוק 500 מ""ל חוזר",טמפו משקאות בע''מ,IL,היינקן חוזר 500 בקבוק 20,מיליליטרים,500.00,"100 מ""ל",false,,8.90,0.0178,true,1,906121
7290010259830,false,מנת השף נודלס בסגנון סיני פיקנטי וילי פוד 70 גרם,ג. וילי-פוד אינטרנשיונל בע`מ,,מנת השף נודלס בסגנון,גרמים,70.00,100 גרם,false,,4.80,0.0686,true,1,813398
7290010259991,false,צנימים מיוחדים בטעם טבעי 250 ג',ג. וילי-פוד אינטרנשיונל בע`מ,,צנימים 250 גרם,גרמים,250.00,100 גרם,false,,6.90,0.0276,true,1,813406
7290010329854,false,מיני קוקיס עוגיות בטעם חמאה ללא סוכר כרמית 600 גרם,כרמית תעשיות ממתקים בעמ,,מיני קוקיס עוגיות בט,גרמים,600.00,100 גרם,false,,18.90,0.0315,true,1,804843
7290010382811,false,"לחות קלילה לשיער מתולתל נטורל פורמולה, 400 מ""ל",החברה הדרומית לשיווק בעמ,,נטורל פורמולה לחות ק,מיליליטרים,300.00,"100 מ""ל",false,,19.90,0.0663,true,1,828936
7290010382842,false,"קרם נטורל פורמולה קרם לחות קלילה לשיער רגיל, 400 מ""ל קלילה רגיל",החברה הדרומית לשיווק בעמ,,נטורל פורמולה לחות ק,מיליליטרים,300.00,"100 מ""ל",false,,19.90,0.0663,true,1,828939
7290010429554,false,"שמן זית כתית מעולה יד מרדכי 2 קלאסי, 750 מ""ל",מכוורת יד מרדכי שטראוס ב,,שמן זית יד מרדכי מס,מיליליטרים,750.00,"100 מ""ל",false,,32.90,0.0439,true,1,805517
7290010471669,false,יוגורט תות עם קורנפלקס מצופה שוקולד ללא גלוטן 3.9%,שטראוס גרופ בעמ/מצונן,,יוגורט דנונה תות ביו,מיליליטרים,175.00,"100 מ""ל",false,,4.30,0.0246,true,1,818393
7290010472307,false,"שמיניית משקה גמדים תות בננה דיסני 108 מ""ל",שטראוס גרופ בעמ/מצונן,,משקה גמדים תות בננה,מיליליטרים,800.00,"100 מ""ל",false,,19.90,0.0249,true,1,818397
7290010472390,false,מארז 8 יחידות מעדן דני בטעם שוקולד 1.5%,שטראוס גרופ בעמ/מצונן,,דני בטעם שוקולד שמינ,מיליליטרים,1000.00,"100 מ""ל",false,,14.90,0.0149,true,1,818399
7290010507702,false,"סוכר דמררה חום שקית קדמה 1 ק""ג",מעגל הזמן,,"סוכר חום דמררה 1 ק""ג",גרמים,1000.00,100 גרם,false,,9.90,0.0099,true,1,941468
7290010513703,false,4079400330129צ`ופסטיקס צפצפה 20 יח,מזרח ומערב יבוא ושיווק,,צ'ופסטיקס צפצפה - 20,100 יח',20.00,100 יח',false,,6.40,0.3200,true,1,818023
7290010513727,false,פנקו פרורי לחם 200 גרם (קינגדאו),מזרח ומערב יבוא ושיווק,,פנקו פרורי לחם 200 ג,גרמים,200.00,100 גרם,false,,7.90,0.0395,true,1,818024
7290010546053,false,מנדל גרנולה בריאות קלויה ללא סוכר 400 גר,גורי מוצרי צריכה (1991) בעמ,,גרנולה צנצנת ללא תוס,גרמים,400.00,100 גרם,false,,19.90,0.0497,true,1,1942943
7290010546169,false,"גרנולה בטעם ""דינמי"" בתוספת שקדים וצימוק",גורי מוצרי צריכה 1991 בעמ,,גרנולה שקדים וצימוקי,גרמים,400.00,100 גרם,false,,19.90,0.0497,true,1,1942945
7290010548514,false,קוביות עשבי תיבול לבישול איטלקי דורות 70 גרם,קבוצת אוסם סחר שותפות מוגבלת,,קוביות עשבי תיבול לב,גרמים,70.00,100 גרם,false,,9.90,0.1414,true,1,807248
7290010569052,false,"גלידה חלבי 5 טעמים פיסטוק, שוקו, וניל, קרמל,מוקה 2ל'","גלידת שטראוס בע""\מ, רחוב",,גלידה 5 טעמים שטראוס,ליטרים,2.00,ליטר,false,,19.80,9.9000,true,1,816877
7290010627004,false,טחינה גולמית מסורתית ירושלים 500 ג',תה ויסוצקי (ישראל) בעמ,,טחינה ירושלים 500 גר,גרמים,500.00,100 גרם,false,,14.90,0.0298,true,1,951626
7290010627844,false,טחינה גולמית שומשום מלא ירושלים 500גרם,תה ויסוצקי (ישראל) בעמ,,טחינה ירושלים מלא 50,גרמים,500.00,100 גרם,false,,14.90,0.0298,true,1,1512702
7290010650002,false,פטריות יער טריות -יחידה,ביכורי שדה דרום 2002,,פטריות יער חוות תקוע,יח',1.00,יח',false,,9.90,9.9000,true,1,811673
7290010650019,false,אנדיב בלגי אמיתי חוות תקוע,חוות פטריות תקוע בעמ*קונסיגנצי,,אנדיב בלגי אמיתי חוו,גרמים,150.00,100 גרם,false,,11.90,0.0793,true,1,811674
7290010650033,false,בצלצלי שלוט מגשית 350 גר,ביכורי השדה צפון 1994 ג.ד. בעמ,,בצלצלי שלוט,יח',1.00,יח',false,,9.90,9.9000,true,1,811676
7290010650040,false,פטריות שיטאקי חוות תקוע,ביכורי שדה דרום 2002,,פטריות שיטאקי חוות ת,יח',1.00,יח',false,,8.90,8.9000,true,1,811677
7290010650194,false,זנגוויל (ג'ינג'ר)ארוז מגשית,"פסח בא בע""מ",,זנגוויל ארוז 250ג,גרמים,250.00,100 גרם,false,,7.90,0.0316,true,1,811685
7290010650279,false,לקט פטריות מיובשות לפסטה,ביכורי השדה צפון 1994 ג.ד. בעמ,,לקט פטריות לפסטה 25,גרמים,25.00,100 גרם,false,,12.90,0.5160,true,1,811690
7290010650286,false,בייבי ברוקולי חוות תקוע,חוות פטריות תקוע בעמ*קונסיגנצי,,בייבי ברוקולי חוות ת,יח',1.00,יח',false,,9.90,9.9000,true,1,1154816
7290010650293,false,בצלצלי שאלוט מקולף ת,תקוע,,בצלצלי שאלוט,גרמים,250.00,100 גרם,false,,10.90,0.0436,true,1,811691
7290010650354,false,שורש כורכום טרי חוות תקוע 120 גרם,ביכורי השדה צפון 1994 ג.ד. בעמ,,שורש כורכום טרי חוות,יח',1.00,יח',false,,9.90,9.9000,true,1,811692
7290010650415,false,עגבניות מיובשות 200 גרם תקוע,ביכורי השדה צפון 1994 ג.ד. בעמ,,עגבניות מיובשות 200,גרמים,200.00,100 גרם,false,,10.90,0.0545,true,1,811694
7290010650576,false,פטריות שנוקי טרי ארו,חוות פטריות תקוע,,שיטאקי שינוקי טריות,יח',1.00,יח',false,,9.90,9.9000,true,1,811695
7290010650590,false,ריזוטו פטריות חוות תקוע,חוות פטריות תקוע,,ריזוטו פטריות מיובשו,גרמים,275.00,100 גרם,false,,13.90,0.0505,true,1,938045
7290010650767,false,אנדיב אדום 220 גרם,פמילי,,אנדיב אדום,יח',1.00,יח',false,,13.90,13.9000,true,1,1149846
7290010650798,false,לקט בורגול ופטריות חוות תקוע,קרלו,,לקט בורגול ופטריות,יח',1.00,יח',false,,11.90,11.9000,true,1,5129527
7290010650828,false,פטריות שימג'י חוות תקוע 150 גרם,ביכורי השדה צפון 1994 ג.ד. בעמ,,פטריות שימג'י חוות ת,גרמים,150.00,100 גרם,false,,6.90,0.0460,true,1,5069700
7290010650927,false,עגבניות לחות בתיבול בזיליקום ועלי דפנה 200 גרם,,,עגבניות לחות בתיבול,גרמים,200.00,100 גרם,false,,9.90,0.0495,true,1,6266635
7290010650996,false,"פטריות שי מג'י חומות, 150 גרם חוות תקוע",ביכורי השדה צפון 1994 ג.ד. בעמ,,פטריות שימג'י חוות ת,גרמים,150.00,100 גרם,false,,9.90,0.0660,true,1,6381651
7290010672851,false,מאפין חמישיות שוקו שוקו,פילסברי,,מאפין חמישיות שוקו ש,יח',5.00,יח',false,,11.90,2.3800,true,1,800357
7290010672868,false,מאפין חמישיות וניל שוקו-צ'יפס,ג נרל מילס ישראל בעמ,,מאפין חמישיות שוקו ו,גרמים,80.00,5 גרם,false,,11.90,0.1488,true,1,800358
7290010711543,false,כף אשפה + גומי SHINY,מ.א.ייצור ויבוא מטליות בעמ,,כף אשפה עם גומי,יח',1.00,יח',false,,5.00,5.0000,true,1,818844
7290010718023,false,"קרם גוף איזבלה ורוד 300 מ""ל פנינה רוזנבלום",פנינה רוזנבלום בעמ,,קרם גוף איזבלה ורוד,מיליליטרים,300.00,"100 מ""ל",false,,17.90,0.0597,true,1,817014
7290010718627,false,אל סבון נוזלי ירוק 1 ליטר פנינה רוזנבלום,"פנינה רוזנבלום בע""מ",,אל סבון נוזלי ירוק 1,ליטרים,1.00,ליטר,false,,8.90,8.9000,true,1,817017
7290010718634,false,"פנינה רוזנבלום -אל סבון נוזלי לבן,1 ליטר","פנינה רוזנבלום בע""מ",,סבון נוזלי לבן 1 ליט,ליטרים,1.00,ליטר,false,,8.90,8.9000,true,1,817018
7290010748518,false,"סרקל פורטה שמפו לילדים 750 מ""ל",פישר תעשיות פרמבצטיות בעמ,IL,סרקל פורטה שמפו 750 גרם,מיליליטרים,750.00,"100 מ""ל",false,,24.90,0.0332,true,1,828097
7290010748525,false,"סרקל פורטה מרכך לילדים 750 מ""ל","פישר תעשיות פרמבצטיות בע""מ",IL,סרקל פורטה מרכך 750 גרם,מיליליטרים,750.00,"100 מ""ל",false,,24.90,0.0332,true,1,828098
7290010748860,false,"ד""ר פישר - אפקטיב קר קרם ידיים אינטנסיב 150 מ""ל","פישר תעשיות פרמבצטיות בע""מ",IL,אפקטיב קר קרם ידיים אינטנ,מיליליטרים,150.00,"100 מ""ל",false,,11.90,0.0793,true,1,828100
7290010748877,false,"אפקטיב קר קרם גוף סנסטיב לעור רגיש ח 700 מ""ל",פישר תעשיות פרמצבטיות בעמ,IL,אפקטיב קר קרם גוף סנסיטיב,מיליליטרים,700.00,"100 מ""ל",false,,23.90,0.0341,true,1,828101
7290010748891,false,אפקטיב קר קרם גוף מולטי ויטמין לעור רגיל יבש ח 7,פישר תעשיות פרמצבטיות בעמ,IL,אפקטיב קר קרם גוף מולטי ו,מיליליטרים,700.00,"100 מ""ל",false,,23.90,0.0341,true,1,828103
7290010757909,false,בורקס גבינה ללא גלוטן אריאל 500 גרם,מאפיית ישראל חיפה,,אריאל ללא גלוטן- בור,גרמים,500.00,100 גרם,false,,19.90,0.0398,true,1,6423039
7290010757930,false,מלאווח ללא גלוטן פרווה - מוקפא,מאפית אריאל שיווק והפצה,,אריאל ללא גלוטן- מלא,גרמים,500.00,100 גרם,false,,19.90,0.0398,true,1,6423042
7290010757947,false,אריאל ללא גלוטן- בורקס פטריות 500 גר,מאפיית ישראל חיפה,,אריאל ללא גלוטן- בור,גרמים,500.00,100 גרם,false,,19.90,0.0398,true,1,6423043
7290010760688,false,בצק פילאס שחף מגולגל,מאפית אריאל,,בצק פילאס 600 גר,גרמים,600.00,100 גרם,false,,14.90,0.0248,true,1,886651
7290010766185,false,רוטב לפסטה עגבניות ובזיליקום אוליביה 420 גרם,תה ויסוצקי בע`מ,IL,רוטב לפסטה עג.בזיליקום,גרמים,420.00,100 גרם,false,,12.80,0.0305,true,1,801169
7290010766697,false,אוליביה רוטב שקשוקה אוליביה (415 גרם),תה ויסוצקי (ישראל) בעמ,IL,רוטב שקשוקה,גרמים,415.00,100 גרם,false,,12.80,0.0308,true,1,801172
7290010766734,false,רוטב פיצה אוליביה אסם 430 ג',תה ויסוצקי (ישראל) בעמ,IL,רוטב פיצה 415 גר',מיליליטרים,430.00,"100 מ""ל",false,,12.80,0.0298,true,1,801173
7290010766949,false,ממרח תחתיות ארטישוק 180ג' אוליביה,תה ויסוצקי (ישראל)בעמ,IL,ממרח ארטישוק,גרמים,180.00,100 גרם,false,,12.90,0.0717,true,1,801177
7290010775040,false,"רוטב חמוץ מתוק 750 מ""ל",פוד לי,,רוטב חמוץ מתוק 700 מ,מיליליטרים,700.00,"100 מ""ל",false,,13.80,0.0197,true,1,942989
7290010775057,false,"רוטב סויה פודלי 700 מ""ל",פוד לי,,רוטב סויה 700 גר,גרמים,700.00,100 גרם,false,,13.80,0.0197,true,1,816466
7290010775064,false,רוטב צ'ילי מתוק פוד לי 700 גרם,פוד לי,,רוטב צ'ילי מתוק פוד,גרמים,700.00,100 גרם,false,,10.90,0.0156,true,1,816467
7290010775071,false,"רוטב צ'ילי חריף 700 מ""ל",פודלי,,רוטב צ'ילי חריף אייז,מיליליטרים,700.00,"100 מ""ל",false,,10.90,0.0156,true,1,816468
7290010775088,false,רוטב פיצה 700 גרם,פוד לי,,רוטב פיצה 700 גרם,גרמים,700.00,100 גרם,false,,13.80,0.0197,true,1,816469
7290010775095,false,רוטב ספגטי 700 ג,פוד לי,,רוטב ספגטי 700 ג,גרמים,700.00,100 גרם,false,,13.80,0.0197,true,1,816470
7290010775101,false,רוטב בולונז 700 גרם,פוד לי,,רוטב בולונז 700 גרם,גרמים,700.00,100 גרם,false,,13.80,0.0197,true,1,816471
7290010775125,false,רוטב טריאקי 720גרם,פודלי,,רוטב טיראקי 750 ג,גרמים,750.00,100 גרם,false,,15.90,0.0212,true,1,816473
7290010775132,false,"רוטב צ'ילי ברביקיו 700 מ""ל",פוד לי,,"רוטב ברבקיו 700 מ""ל",מיליליטרים,700.00,"100 מ""ל",false,,13.80,0.0197,true,1,944307
7290010775293,false,רוטב שקשוקה 700 גרם,,,רוטב שקשוקה 700 גרם,גרמים,700.00,100 גרם,false,,13.80,0.0197,true,1,2709884
7290010814244,false,שלשות שוקולד מריר 85 גרם*3 בלמינט *18 בקרטון,כרמית תעשיות ממתקים בעמ,,שוקולד מריר שלשייה 2,גרמים,255.00,100 גרם,false,,9.80,0.0384,true,1,804847
7290010814251,false,שלשות שוקולד חלב 85 גר*3 בלמינט*18 בקרט בדצ,כרמית תעשיות ממתקים בעמ,,שוקולד חלב שלישיה אג,גרמים,255.00,100 גרם,false,,9.80,0.0384,true,1,804848
7290010814268,false,שלשות שוקולד לבן 85 גר*3 בלמינט * 18 בקרטון,"כרמית תעשיות ממתקים בע""\",,שוקולד לבן שלישייה א,גרמים,255.00,100 גרם,false,,9.80,0.0384,true,1,804849
7290010814695,false,שוקולד מריר פרווה ללא תוספת סוכר כרמית 85 גרם,"כרמית תעשיות ממתקים בע""\",,שוקולד מריר פרווה לל,גרמים,85.00,100 גרם,false,,4.90,0.0576,true,1,804855
7290010814701,false,שוקולד חלב ללא תוספת סוכר וסטהיים,"כרמית תעשיות ממתקים בע""\",,"שוקולד חלב אגו ללת""ס",גרמים,85.00,100 גרם,false,,4.90,0.0576,true,1,804856
7290010838219,false,ממתיק על בסיס צמח הסטיביה - שקיות,"קיפל טבליות וממתיקים בע""מ",IL,מר' סטיביה 100שקיות,גרמים,100.00,100 גרם,false,,26.90,0.2690,true,1,830311
7290010838424,false,ג'ל לניקוי מתקדם בניחוח רענן - מארז זוג,"איטיליאן פוד, אס.פי.",NL,טואלט דאק * 750זוג *ירוק,מיליליטרים,750.00,"100 מ""ל",false,,16.90,0.0225,true,1,830313
7290010838431,false,ג'ל לניקוי מתקדם בניחוח ים - מארז זוג,מיוצר עי קונדיטוריית,NL,טואלט דאק * 750זוג *כחול,מיליליטרים,750.00,"100 מ""ל",false,,16.90,0.0225,true,1,830314
7290010883042,false,"סנובון נוזלי אפקט קצף פעיל רענן תות 750 מ""ל",החברה הדרומית לשיווק בעמ,,סנובון נוזלי ניחוח ר,מיליליטרים,750.00,"100 מ""ל",false,,8.90,0.0119,true,1,809937
7290010883356,false,כפפות אלוורה רב שימושיות גדולות L סנו סושי,החברה הדרומית לשיווק בעמ,,כפפות אלוורה רב שימו,יח',1.00,יח',false,,8.90,8.9000,true,1,809939
7290010883370,false,כפפות אלוורה רב שימושיות בינוניות M סנו סושי,החברה הדרומית לשיווק בעמ,,כפפות אלוורה רב שימו,יח',1.00,יח',false,,8.90,8.9000,true,1,809941
7290010903344,false,אצבעות שניצל רמי לוי 1 קג,,,אצבעות שניצל רמי לוי,יח',1.00,יח',false,,34.90,34.9000,true,1,6338760
7290010903498,false,לבבות תירס 600 גר רמילוי,,,לבבות תירס 600 גר רמ,גרמים,600.00,100 גרם,false,,10.90,0.0182,true,1,4125777
7290010931330,false,סלט מטבוחה אחלה 500 גרם,שטראוס גרופ בעמ/מצונן,,סלט מטבוחה אחלה 500,גרמים,500.00,100 גרם,false,,13.80,0.0276,true,1,818403
7290010945146,false,קוטג' 3% מועשר בסידן טרה 250 ג' מהדרין,*החברה המרכזית להפצת משקאותבעמ,,גבינת קוטג' 3% טרה 2,גרמים,250.00,100 גרם,false,,5.30,0.0212,true,1,800006
7290010945450,false,גבינה לבנה 3% 250 גר מועשר בסידן וויטמין,*החברה המרכזית להפצת משקאותבעמ,,גבינה לבנה 3% טרה 25,גרמים,250.00,100 גרם,false,,4.70,0.0188,true,1,800010
7290010945481,false,גבינה לבנה טרה 5% מרכיבים טבעיים,החברה המרכזית טלהפצת משקאות בע,,גבינה לבנה 5% טרה 50,גרמים,500.00,100 גרם,false,,9.50,0.0190,true,1,800011
7290010984879,false,שום כתוש בצנצנת 200ג רמילוי,,,שום כתוש בצנצנת 200ג,גרמים,200.00,100 גרם,false,,11.90,0.0595,true,1,4126005
7290010984886,false,בזיליקום מגשית 70ג רמילוי,,,בזיליקום מגשית 70ג ר,גרמים,70.00,100 גרם,false,,7.90,0.1129,true,1,4126006
7290010984893,false,פטרוזיליה מגשית 70ג רמילוי,,,פטרוזיליה מגשית 70ג,גרמים,70.00,100 גרם,false,,7.90,0.1129,true,1,4126007
7290010984909,false,כוסברה מגשית 70ג רמילוי,,,כוסברה מגשית 70ג רמי,גרמים,70.00,100 גרם,false,,7.90,0.1129,true,1,4126008
7290010984923,false,שום כתוש מגשית 80ג רמילוי,,,שום כתוש מגשית 80ג ר,גרמים,80.00,100 גרם,false,,7.90,0.0988,true,1,4126010
7290011017880,false,פחית דיאט קולה סליק קוקה-קולה (330 מל),החברה המרכזית להפצת משקאות בעמ,,"דיאט קולה 330 מ""ל",מיליליטרים,330.00,"100 מ""ל",false,,3.90,0.0118,true,1,800694
7290011018924,false,"מארז פחיות דיאט קוקה קולה שישייה 330 מ""ל",החברה המרכזית להפצת משקאות בעמ,,מארז דיאט קולה 330 מ,ליטרים,1.98,ליטר,false,,21.90,11.0606,true,1,940161
7290011026066,false,"ד""ר פישר - סרקל שמפו + מרכך לילדים 1 ליטר","פישר תעשיות פרמצבטיות בע""מ",IL,סרקל שמפו + מעצב ליטר,ליטרים,1.00,ליטר,false,,28.90,28.9000,true,1,828105
7290011026523,false,שמפו לתינוק לפני השינה Senstive עם לבנדר וקמומיל,"פישר תעשיות פרמצביטות בע""מ",IL,קמיל בלו סנסיטיב אל דמע ל,מיליליטרים,500.00,"100 מ""ל",false,,17.90,0.0358,true,1,828108
7290011026530,false,ק.ב סנסטיב אל סבון לבנדר קמומיל לפני השינה 500 מ,"פישר תעשיות פרמצביטות בע""מ",IL,קמיל בלו סנסיטיב אל סבון,מיליליטרים,500.00,"100 מ""ל",false,,17.90,0.0358,true,1,828109
7290011051525,false,ספרינג תה קר 0.5 ליטר אפרסק,יפאורה שותפות מוגבלת לשיווק,,ספרינג תה קר אפרסק 5,מיליליטרים,500.00,"100 מ""ל",false,,4.80,0.0096,true,1,3564986
7290011064020,false,בולגרית בעיר מעדן גבינה למריחה 200 גרם,גבינות עמיר ניצן בעמ,,ניצן בולגרית למריחה,גרמים,200.00,100 גרם,false,,13.10,0.0655,true,1,812216
7290011064075,false,מעדן לבנה מסבחה -אבו גוש 200 גרם,גבינות עמיר ניצן בעמ,,ניצן אבו גוש מעדן לא,גרמים,200.00,100 גרם,false,,13.10,0.0655,true,1,812217
7290011064099,false,ירקות או פרות ממולאים במעדן גבינה ניצן 125 גרם,גבינות אמיר ניצן בעמ,,טאפס שכונתי 125 גר,יח',1.00,יח',false,,16.90,16.9000,true,1,812219
7290011065072,false,"תמצית בטעם וניל 50 מ""ל",,,תמצית בטעם וניל 50 מ,100 מל,50.00,100 מל,false,,3.70,0.0740,true,1,2656571
7290011065089,false,"תמצית בטעם רום 50 מ""ל",,,"תמצית בטעם רום 50 מ""",100 מל,50.00,100 מל,false,,3.70,0.0740,true,1,2656572
7290011065140,false,"צבע מאכל ירוק 50 מ""ל",,,"צבע מאכל ירוק 50 מ""ל",100 מל,50.00,100 מל,false,,3.40,0.0680,true,1,2656575
7290011065164,false,צבע מאכל צהוב 50 גר,,,צבע מאכל צהוב 50 גר,100 מל,50.00,100 מל,false,,3.40,0.0680,true,1,2656577
7290011065171,false,צבע מאכל אדום 50 גר,,,צבע מאכל אדום 50 גר,גרמים,50.00,100 גרם,false,,3.40,0.0680,true,1,2656553
7290011065201,false,תערובת לפנקייק 400גר רמילוי,,,תערובת לפנקייק 400גר,גרמים,400.00,100 גרם,false,,12.90,0.0323,true,1,4297713
7290011065225,false,סוכריות צבעוניות לקי,,,סוכריות צבעוניות לקי,גרמים,200.00,100 גרם,false,,7.90,0.0395,true,1,2656554
7290011065324,false,פפריקה מתוקה 80ג שקית רמילוי,,,פפריקה מתוקה 80ג שקי,גרמים,80.00,100 גרם,false,,4.90,0.0613,true,1,3520855
7290011065331,false,כמון טחון 50 שקית רמילוי,,,כמון טחון 50 שקית רמ,גרמים,50.00,100 גרם,false,,4.90,0.0980,true,1,3520856
7290011065348,false,כורכום טחון 80 שקית רמילוי,,,כורכום טחון 80 שקית,גרמים,80.00,100 גרם,false,,4.90,0.0613,true,1,3520857
7290011065362,false,מלח לימון 100גר שקית רמילוי,,,מלח לימון 100גר שקית,גרמים,100.00,100 גרם,false,,4.90,0.0490,true,1,3520858
7290011065386,false,פלפל שחור טחון 50גר שקית רמילוי,,,פלפל שחור טחון 50גר,גרמים,50.00,100 גרם,false,,6.90,0.1380,true,1,3520859
7290011065416,false,פלפל שחור מטחנה מימונס 60 גרם,"א.ל ייצור ושיווק תבלינים בע""מ",,תבלין פלפל שחור מטחנ,גרמים,60.00,100 גרם,false,,16.90,0.2817,true,1,2652269
7290011065430,false,צ'ילי מטחנה מימונס 50 גרם,א.ל.ייצור ושיווק תבלינים בעמ,,תבלין צ'ילי מטחנה 30,גרמים,30.00,100 גרם,false,,17.70,0.5900,true,1,2652271
7290011065447,false,תבלין לפיצה מטחנה מימונס 50 גרם,"א.ל ייצור ושיווק תבלינים בע""מ",,תבלין לפיצה מטחנה 30,גרמים,30.00,100 גרם,false,,14.90,0.4967,true,1,2652272
7290011065539,false,שמרים יבשים בוואקום 500ג רמילוי,,,שמרים יבשים בוואקום,גרמים,500.00,100 גרם,false,,11.90,0.0238,true,1,2992796
7290011065546,false,שמרים יבשים בוואקום 125ג רמילוי,,,שמרים יבשים בוואקום,גרמים,125.00,100 גרם,false,,3.90,0.0312,true,1,2992797
7290011065799,false,סירופ מייפל אמיתי 236מל רמילוי,,,סירופ מייפל אמיתי 23,מיליליטרים,236.00,"100 מ""ל",false,,27.90,0.1182,true,1,3399116
7290011081492,false,גלידה בטעם שלושה שוקולדים 1.33ל' קרמיסימו,"גלידת שטראוס בע""\מ, רחוב",,קרמיסימו שלושה שוקול,ליטרים,1.33,ליטר,false,,17.90,13.4586,true,1,816890
7290011081690,false,קרמיסימו פרווה שוקו ציפ+וניל ציפ 1.33ל,"גלידת שטראוס בע""\מ, רחוב",,קרמיסימו פרווה שוקו,ליטרים,1.33,ליטר,false,,17.90,13.4586,true,1,816893
7290011097004,false,מרכך ומבשם כביסה כחול קטיפתי קלין 4 ליטר,קלין,,מרכך ומבשם כביסה כחו,ליטרים,4.00,ליטר,false,,16.90,4.2250,true,1,816631
7290011097011,false,מרכך ומבשם כביסה ורוד מלטף קלין 4 ליטר,קליר כימיקלים,,מרכך ומבשם כביסה ורו,ליטרים,4.00,ליטר,false,,16.90,4.2250,true,1,816632
7290011097431,false,"תרסיס לניקוי כללי קלין 750 מ""ל",קליר כימיקלים,,תרסיס לניקוי כללי קל,מטרים,750.00,100 מ'ל,false,,11.90,0.0159,true,1,816643
7290011097790,false,מרכך כביסה היפואלרגני לתינוקות קלין 4 ליטר,קלין,,מרכך כביסה היפואלרגנ,ליטרים,4.00,ליטר,false,,16.90,4.2250,true,1,816652
7290011113926,false,דאודורנט ספריי טיטניום בלאק Titanium Black,החברה הדרומית לשיווק בעמ,,דאו ספריי טיטניום 18,מיליליטרים,180.00,"100 מ""ל",false,,14.90,0.0828,true,1,819085
7290011115258,false,אל סבון מוצק מבושם בניחוח עדין קלאסיק - מארז רביעיה,החברה הדרומית לשיווק בעמ,,סבון מוצק מועשר ירוק,גרמים,400.00,100 גרם,false,,10.90,0.0273,true,1,828960
7290011115265,false,מארז סבון מוצק ארומה אל סבון מועשר בשמנים ארומטיים,החברה הדרומית לשיווק בעמ,,סבון מוצק מועשר בניח,גרמים,400.00,100 גרם,false,,10.90,0.0273,true,1,828961
7290011115272,false,אל סבון מוצק מועשר בקרם לחות צמחים - מארז רביעיה,החברה הדרומית לשיווק בעמ,,סבון מוצק מועשר בקרם,גרמים,400.00,100 גרם,false,,10.90,0.0273,true,1,828962
7290011115296,false,אל סבון מוצק מועשר בקרם לחות לבנדר - מארז רביעיה,נקה 7,,סבון מוצק מועשר בקרם,גרמים,400.00,100 גרם,false,,10.90,0.0273,true,1,828964
7290011115401,false,אל סבון ארומטי מוצק צהוב קמומיל - רביעייה,החברה הדרומית לשיווק בעמ,,סבון מוצק ארומה לבן,גרמים,400.00,100 גרם,false,,10.90,0.0273,true,1,813574
7290011126209,false,הגן הקסום תה טעם תפוח וקינמון סיידר ויסוצקי 25 יח',תה ויסוצקי (ישראל)בעמ,,הגן הקסום תה טעם תפו,יח',25.00,יח',false,,16.90,0.6760,true,1,813730
7290011126216,false,תה רויבוש קלאסי ויסוצקי 25 יחידות,תה ויסוצקי (ישראל)בעמ,,תה רויבוש קלאסי ויסו,יח',25.00,יח',false,,24.50,0.9800,true,1,813731
7290011126452,false,הגן הקסום תה בטעם קמומיל ונענע ויסוצקי 25 יחידות,תה ויסוצקי (ישראל) בעמ,,הגן הקסום תה בטעם קמ,יח',25.00,יח',false,,16.90,0.6760,true,1,813738
7290011126469,false,חליטת צמחים וקמומיל הגן הקסום ויסוצקי 25 יחידות,תה ויסוצקי (ישראל) בעמ,,הגן הקסום תה בטעם קמ,יח',25.00,יח',false,,16.90,0.6760,true,1,813739
7290011126940,false,תה ירוק ויסוצקי בתוספת מרווה 25 שקיקים,תה ויסוצקי (ישראל) בעמ,,תה ירוק מרווה ויסוצק,יח',25.00,יח',false,,22.90,0.9160,true,1,813748
7290011126957,false,תה ירוק ארל גריי ויסוצקי 25 יחידות,תה ויסוצקי (ישראל) בעמ,,תה ירוק ארל גריי ויס,יח',25.00,יח',false,,22.90,0.9160,true,1,813749
7290011131975,false,גרנולה בתוספת פירות מיובשים ומסוכרים,ויטליאה ניקולה דו,,גרנולה בתוספת פירות,גרמים,1000.00,100 גרם,false,,24.90,0.0249,true,1,810519
7290011133368,false,בירה שנדי בתוספת משקה תפוח - שישייה,"טמפו משקאות בע""מ",IL,שנדי תפוח 330 בקבוק שישיי,ליטרים,1.98,ליטר,false,,27.90,14.0909,true,1,804270
7290011133375,false,בירה שנדי בתוספת משקה אפרסק - שישייה,"טמפו משקאות בע""מ",IL,שנדי אפרסק 330 בקבוק שישי,ליטרים,1.98,ליטר,false,,27.90,14.0909,true,1,804271
7290011133450,false,פקדון בקבוק חוזר 500,,,בקבוק חוזר 500מל פקד,יח',1.00,יח',false,,1.20,1.2000,true,1,804273
7290011133511,false,ארגז פלסטיק גולדסטאר,,,ארגז פלסטיק לבקבוק ח,יח',1.00,יח',false,,30.60,30.6000,true,1,804276
7290011133634,false,"פפסי מקס פחית צרה מארז שישייה 330 מ""ל","טמפו משקאות בע""\מ",,פפסי מקס פחית דל קלו,ליטרים,1.98,ליטר,false,,16.90,8.5354,true,1,5958767
7290011148621,false,דאבל ברוקולי,,,דאבל ברוקולי,יח',1.00,יח',false,,16.90,16.9000,true,1,3916213
7290011148805,false,שעועית טריה עד 500 ג,ירקט ירקות צעירים ארוזים בעמ,,שעועית טרייה ירקט,גרמים,635.00,100 גרם,false,,14.90,0.0235,true,1,2232926
7290011154028,false,תרכיז סיידר תפוחים טהור טעמי הגליל 1.2 ליטר,טעמי הגליל,,תרכיז סיידר תפוחים ט,ליטרים,1.20,ליטר,false,,39.90,33.2500,true,1,812210
7290011154035,false,"תרכיז תפוחים סחוט 500 מ""ל טעמי הגליל",ליימן שליסל בעמ,,רכז תפוחים סחוט 500,מיליליטרים,500.00,"100 מ""ל",false,,19.90,0.0398,true,1,6283647
7290011154080,false,"תרכיז תפוחים צלול 500 מ""ל טעמי הגליל",ליימן שליסל בעמ,,רכז תפוחים צלול 500,מיליליטרים,500.00,"100 מ""ל",false,,19.90,0.0398,true,1,6283648
7290011154141,false,סילאן לחיץ 360 גרם רמי לוי,,,סילאן לחיץ 360 גרם ר,גרמים,360.00,100 גרם,false,,8.90,0.0247,true,1,3823845
7290011154158,false,סילאן לחיץ טבעי 350 ג רמי לוי,,,סילאן לחיץ טבעי 350,גרמים,350.00,100 גרם,false,,11.90,0.0340,true,1,3823846
7290011154165,false,סילאן 900 גרם רמי לוי,,,סילאן 900 גרם רמי לו,גרמים,900.00,100 גרם,false,,9.90,0.0110,true,1,3823847
7290011154172,false,סילאן טבעי 900 ג רמי לוי,,,סילאן טבעי 900 ג רמי,גרמים,900.00,100 גרם,false,,19.90,0.0221,true,1,3823889
7290011154189,false,ממרח תמרים 450 ג רמי לוי,,,ממרח תמרים 450 ג רמי,גרמים,450.00,100 גרם,false,,4.80,0.0107,true,1,3823890
7290011154196,false,תמרים ללא חרצנים 500 גרם רמי לוי,,,תמרים ללא חרצנים 500,גרמים,500.00,100 גרם,false,,10.90,0.0218,true,1,3823891
7290011154882,false,"תרכיז תפוזים טבעי טעמי הגליל 500 מ""ל",ליימן שליסל בעמ,,תרכיז תפוזים טבעי 50,מטרים,500.00,100 מ'ל,false,,26.90,0.0538,true,1,6418198
7290011154899,false,"תרכיז תפוזים וענבים טבעי טעמי הגליל 500 מ""ל",ליימן שליסל בעמ,,תרכיז תפוחים וענבים,מטרים,500.00,100 מ'ל,false,,26.90,0.0538,true,1,6418199
7290011174231,false,עוגת מוס גבינה אוכמניות 850 גרם,קפולסקי שיווק וקמעונ,,עוגת מוס גבינה אוכמנ,גרמים,850.00,100 גרם,false,,59.90,0.0705,true,1,850452
7290011194215,false,מעדן גבינה ויוגורט בטעם בננה 5% שומן 88 ג' דניאלה,שטראוס גרופ בעמ/מצונן,,דניאלה בטעם בננה 150,מיליליטרים,150.00,"100 מ""ל",false,,3.90,0.0260,true,1,818405
7290011194246,false,קוטג 5% 250 גרם עם סידן שטראוס,שטראוס גרופ בעמ/מצונן,,קוטג' 5% שומן 250 גר,גרמים,250.00,100 גרם,false,,5.80,0.0232,true,1,818406
7290011223021,false,רפידות הנקה באריזה אישית פרש וואנס (30),קריפורט סחר בינלאומי,IL,פ.ו כריות הנקה אישיות - 3,יח',30.00,יח',false,,14.90,0.4967,true,1,830323
7290011223038,false,בונומי עלים לקרמשניט שכבות אפויות מבצק עלים 300 גרם,דנשר (1963) בעמ,IT,עלים לקרמשניט - בונומי 30,גרמים,300.00,100 גרם,false,,14.80,0.0493,true,1,830324
7290011223045,false,בישקוטים ליידיפינגרז בונומי (200 גרם),דנשר (1963) בעמ,IT,בישקוטים בונומי 200גרם,גרמים,200.00,100 גרם,false,,5.90,0.0295,true,1,830325
7290011223229,false,"טואלט דאק ג'ל לאסלה טיפות טל רעננות 55 מ""ל","איטיליאן פוד, אס.פי.",IT,ט.ד ג'ל אסלה טיפות טל רענ,מטרים,55.00,100 מ'ל,false,,9.90,0.1800,true,1,830334
7290011223243,false,"טואלט דאק ג'ל לאסלה בניחוח לבנדר 55 מ""ל","איטיליאן פוד, אס.פי.",IT,ט.ד ג'ל אסלה ניחוח לבנדר,מטרים,55.00,100 מ'ל,false,,9.90,0.1800,true,1,830336
7290011240318,false,"יין שאטו דה למר קברנה סוביניון יקבי ציון 750 מ""ל",יקבי ציון,IL,שאטו דה למר קברנה סו,מיליליטרים,750.00,"100 מ""ל",false,,17.90,0.0239,true,1,1145950
7290011240608,false,"יין שאטו דה למר אמרלד ריזלינג יקבי ציון 750 מ""ל",יקבי ציון,IL,יין שאטו דה למר 750,מיליליטרים,750.00,"100 מ""ל",false,,17.90,0.0239,true,1,1145951
7290011240837,false,"יין שאטו דה למר מרלו יקבי ציון 750 מ""ל",יקבי ציון,IL,יין שאטו דה למר מרלו,מיליליטרים,750.00,"100 מ""ל",false,,17.90,0.0239,true,1,1145952
7290011240868,false,"יין מוסקטו אדום מבעבע יקבי ציון 750 מ""ל",יקבי ציון,IL,מוסקטו אדום מבעבע,מיליליטרים,750.00,"100 מ""ל",false,,24.90,0.0332,true,1,1145953
7290011276485,false,חסה עגולה רמי לוי,ביכורי השדה צפון 1994 ג.ד. בעמ,,חסה עגולה רמי לוי,יח',1.00,יח',false,,5.90,5.9000,true,1,2116034
7290011312381,false,פטריות סטייק פורטבלה ארוז,קונס`-מרינה פטריות הגליל בעמ*ש,,סטייק פורטובלה 300 ג,גרמים,300.00,100 גרם,false,,12.90,0.0430,true,1,822224
7290011332983,false,מגבונים לניקוי אף מגבונאף קמיל בלו- מארז שלישייה,"פישר תעשיות פרמבצטיות בע""מ",IL,קמיל בלו מגבונאף שלישייה,יח',30.00,יח',false,,24.90,0.8300,true,1,828127
7290011378028,false,חלבה קלאסית וניל ללא תוספת סוכר בארכה 350 גרם,קבוצת אסם סחר שות. מוגבלת,,חלבה קלאסית וניל ללא,גרמים,350.00,100 גרם,false,,13.90,0.0397,true,1,813751
7290011379018,false,מארז משפחתי שמפיניון 500 ג' מרינה,ביכורי השדה צפון 1994 ג.ד. בעמ,,צמד פטריות מרינה,יח',1.00,יח',false,,15.90,15.9000,true,1,817515
7290011438142,false,"משקה יטבתה אייס קפה בבקבוק אישי 350 מ""ל",שטראוס גרופ בעמ/מצונן,,אייס קפה יטבתה 350 מ,מיליליטרים,350.00,"100 מ""ל",false,,6.20,0.0177,true,1,818414
7290011447014,false,דייסת סלט פירות מטרנה 200 גרם,קבוצת אוסם סחר שותפות מוגבלת,,מטרנה דייסת סלט פירו,גרמים,200.00,100 גרם,false,,12.90,0.0645,true,1,807273
7290011447267,false,מטרנה פרימיום חלבי שלב 1 700 גרם חיסכון,קבוצת אוסם סחר-שות.מוגבלת,,תחליף חלב חלבי שלב 1,גרמים,700.00,100 גרם,false,,47.90,0.0684,true,1,807282
7290011447281,false,מטרנה פרימיום חלבי שלב 2 700 גרם חיסכון,קבוצת אוסם סחר שותפות מוגבלת,,תחליף חלב חלבי שלב 2,גרמים,700.00,100 גרם,false,,47.90,0.0684,true,1,807284
7290011447304,false,מטרנה פרימיום חלבי שלב 3 700 גרם חיסכון,קבוצת אוסם סחר שותפות מוגבלת,,תחליף חלב חלבי שלב 3,גרמים,700.00,100 גרם,false,,47.90,0.0684,true,1,807286
7290011447359,false,תחליף חלב מטרנה מהדרין שלב 1 חלבי 700 גרם,קבוצת אוסם סחר שותפות מוגבלת,,תחליף חלב מהדרין שלב,גרמים,700.00,100 גרם,false,,47.90,0.0684,true,1,807289
7290011447373,false,תחליף חלב מטרנה מהדרין שלב 2 חלבי 700 גרם,קבוצת אוסם סחר שותפות מוגבלת,,תחליף חלב מהדרין שלב,גרמים,700.00,100 גרם,false,,47.90,0.0684,true,1,807291
7290011447748,false,"מזון לחתולים יבש עם דגי אוקיינוס וטונה סופר קט 3 ק""ג",דיפלומט מפיצים (1968) בעמ**,,מזון לחתולים יבש עם,קילוגרמים,3.00,"ק""ג",false,,47.50,15.8333,true,1,814347
7290011473051,false,קוואקר עבה 500 גרם אורגני,גורי מוצרי צריכה (1991) בעמ,,קוואקר אורגני 500 גר,גרמים,500.00,100 גרם,false,,10.90,0.0218,true,1,1942949
7290011473082,false,אורז בסמטי מלא אורגני 500 גר,תבואות,,אורז בסמטי מלא 500 ג,גרמים,500.00,100 גרם,false,,12.90,0.0258,true,1,1942951
7290011473129,false,גרעיני חמניות קלוף אורגני 300 גרם,גורי מוצרי צריכה בעמ,,גרעיני חמניה קלופים,גרמים,300.00,100 גרם,false,,10.80,0.0360,true,1,1942953
7290011473204,false,עדשים ירוקים אורגני 500 גרם,גורי מוצרי צריכה (1991) בעמ,,עדשים ירוקים אורגני,גרמים,500.00,100 גרם,false,,14.90,0.0298,true,1,1942959
7290011473211,false,"עדשים אדומים אורגני 500 גרם ""תבואות""",גורי מוצרי צריכה (1991) בעמ,,עדשים אדומים אורגני,גרמים,500.00,100 גרם,false,,12.40,0.0248,true,1,1942960
7290011473242,false,פשתן זרעים אורגני 500 גרם,גורי מוצרי צריכה (1991) בעמ,,פשתן זרעים אורגני 50,גרמים,500.00,100 גרם,false,,9.90,0.0198,true,1,1942962
7290011473280,false,חומוס אורגני תבואות,גורי מוצרי צריכה (1991) בעמ,,חומוס אורגני 500 גר,גרמים,500.00,100 גרם,false,,9.90,0.0198,true,1,1942964
7290011473464,false,סובין שיבולת שועל אורגנית,תבואות,,סובין אורגני 400 גרם,גרמים,400.00,100 גרם,false,,10.90,0.0273,true,1,1942975
7290011473617,false,טיב הטבע ציה טבעי 300 גרם תבואות,גורי מוצרי צריכה (1991) בעמ,,צ'ייה 300 גר,גרמים,300.00,100 גרם,false,,18.90,0.0630,true,1,1942859
7290011473723,false,הימליה דק שקית 1 קילו תבואות,גורי מוצרי צריכה (1991) בעמ,,מלח הימליה דק שקית 1,גרמים,1000.00,100 גרם,false,,16.90,0.0169,true,1,1942860
7290011473952,false,קוואקר מהיר להכנה טבעי 400 גרם אורגני,גורי מוצרי צריכה (1991) בעמ,,קוואקר מהיר הכנה טבע,גרמים,400.00,100 גרם,false,,5.90,0.0148,true,1,6316333
7290011474003,false,שמן קוקוס אורגני כתית 300 גר תבואות,גורי מוצרי צריכה (1991) בעמ,,שמן קוקוס אורגני 300,מיליליטרים,300.00,"100 מ""ל",false,,17.50,0.0583,true,1,1942909
7290011474447,false,קוואקר עבה טבעי תבואות 400 גרם אורגני,גורי מוצרי צריכה (1991) בעמ,,קוואקר עבה טבעי 400,גרמים,400.00,100 גרם,false,,5.90,0.0148,true,1,6316334
7290011480516,false,שמיר טרי מהדרין ארוז,ביכורי השדה צפון 1994 ג.ד. בעמ,,שמיר מהדרין,יח',1.00,יח',false,,4.90,4.9000,true,1,811792
7290011480523,false,נענע יבולי הכפר(חאסלט),ביכורי השדה צפון 1994 ג.ד. בעמ,,נענע כשר,יח',1.00,יח',false,,4.90,4.9000,true,1,811793
7290011486693,false,מרשמלו ורוד לבן וסטהיים 30ג'48X בקרטון,כרמית תעשיות ממתקים בעמ,,כרמית מרשמלו 30 גרם,גרמים,30.00,100 גרם,false,,1.80,0.0600,true,1,833214
7290011499051,false,פטה כבשים מסורתית 20% בגביע 250 גרם - רובין,מחלבות גד שיווק 1992 בעמ,,גבינת פטה כבשים 20%,גרמים,250.00,100 גרם,false,,23.90,0.0956,true,1,807947
7290011499112,false,בולגרית מסורתית 16% 250 גרם - רבנות,מחלבות גד שיווק 1992 בעמ,,גד בולגרית 16% 250 ג,גרמים,250.00,100 גרם,false,,21.90,0.0876,true,1,807949
7290011499129,false,גבינה בולגרית מעודנת קוביות קטנות 5% גד 200 גרם,מחלבות גד שיווק 1992 בעמ,,גבינה בולגרית מעודנת,גרמים,200.00,100 גרם,false,,19.90,0.0995,true,1,807950
7290011499303,false,פטה עיזים מעודנת 5% בגביע 250 גרם - רבנות,מחלבות גד שיווק 1992 בעמ,,פטה עיזים מעודנת 5%,גרמים,250.00,100 גרם,false,,29.90,0.1196,true,1,807956
7290011499327,false,גבינה בולגרית מעודנת 5% 250 גרם - רבנות,מחלבות גד שיווק 1992 בעמ,,גבינה בולגרית מעודנת,גרמים,250.00,100 גרם,false,,21.90,0.0876,true,1,807958
7290011499365,false,גבינת חלומי 24% מחלב בקר גד (200 גרם),מחלבות גד שיווק 1992 בעמ,,גד חלומי 200 גר,גרמים,200.00,100 גרם,false,,18.90,0.0945,true,1,807962
7290011499419,false,גבינה במרקם שמנת בטעם טבעי 5% ניו יורק,מחלבות גד שיווק 1992 בעמ,,גבינת שמנת ניו יורק,גרמים,200.00,100 גרם,false,,11.40,0.0570,true,1,807965
7290011499525,false,גבינת לאבנה דרוזית 9% גד 500 גרם,מחלבות גד שיווק 1992 בעמ,,גבינת לאבנה דרוזית 9,גרמים,500.00,100 גרם,false,,18.90,0.0378,true,1,807970
7290011499624,false,שמנת 30% ניו יורק טבעי 200 גרם רבנות,מחלבות גד שיווק 1992 בעמ,,גבינת שמנת בטעם טבעי,גרמים,200.00,100 גרם,false,,12.90,0.0645,true,1,807973
7290011499846,false,גבינת ריקוטה פרסקה 9% גד (300 גרם),מחלבות גד שיווק 1992 בעמ,,גבינת ריקוטה פרסקה 9,גרמים,300.00,100 גרם,false,,16.90,0.0563,true,1,807992
7290011499853,false,שמנת 30% ניו יורק זיתים 200 גרם רובין,מחלבות גד שיווק 1992 בעמ,,גבינת שמנת עם זיתים,גרמים,200.00,100 גרם,false,,12.90,0.0645,true,1,807993
7290011518561,false,"אקטימל תות 1.51 ק""ג מארז 14 יחידות",שטראוס גרופ בעמ/מצונן,,יוגורט אקטימל תות 14,ליטרים,1.40,ליטר,false,,28.90,20.6429,true,1,818423
7290011525323,false,אל סבון טיפולי לתינוק קמיל בלו סנסטיב שיבולת שועל,פישר תעשיות פרמבצטיות בעמ,IL,קמיל בלו סנסיטיב אל סבון,מיליליטרים,500.00,"100 מ""ל",false,,21.90,0.0438,true,1,828130
7290011525712,false,"קמיל בלו אל סבון סנסיטיב לפני השינה ד""ר פישר 1 ליטר","פישר תעשיות פרמצביטות בע""מ",IL,קמיל בלו סנסיטיב אל סבון,ליטרים,1.00,ליטר,false,,32.80,32.8000,true,1,828134
7290011525729,false,שמפו לתינוק קמיל בלו סנסטיב לפני השינה עם לבנדר וקמומיל,"פישר תעשיות פרמבצטיות בע""מ",IL,קמיל בלו סנסיטיב שמפו לפנ,ליטרים,1.00,ליטר,false,,32.80,32.8000,true,1,828135
7290011570088,false,ריבת חלב גלעם לייט גלוטן 400 גר קומידה,תומר יבוא ושיווק מוצרי מזון (1,,ריבת חלב לייט 400ג,גרמים,400.00,100 גרם,false,,18.90,0.0472,true,1,977849
7290011570132,false,"קמח ללא גלוטן גלעם 1 ק""ג-",אשבל מזון פונקציונלי,,קמח ללא גלוטן גלעם 1,גרמים,1000.00,100 גרם,false,,15.90,0.0159,true,1,803966
7290011570644,false,קמח רב תכליתי ללא גלוטן אשבל 450 גרם,תומר יבוא ושיווק מוצרי מזון (1,,קמח כרגיל ללחם 500 ג,גרמים,450.00,100 גרם,false,,15.70,0.0349,true,1,1031006
7290011570781,false,"קמח כרגיל ללא גלוטן בטעם וניל אשבל 1 ק""ג",תומר יבוא ושיווק מוצרי מזון (1,,קמח כרגיל ללא גלוטן,גרמים,450.00,100 גרם,false,,15.70,0.0349,true,1,1823924
7290011570798,false,"קמח כרגיל ללא גלוטן בטעם שוקולד אשבל 1 ק""ג",תומר ייבוא ושיווק מוצרי מזון [,,קמח כרגיל ללא גלוטן,גרמים,450.00,100 גרם,false,,15.70,0.0349,true,1,1823925
7290011575007,false,"הפי מרסס שומר ברק למקלחון 750 מ""ל","יעקב יעקבי ובניו בע""מ",,הפי-מרסס לאמבט 750 מ,מיליליטרים,750.00,"100 מ""ל",false,,17.90,0.0239,true,1,812629
7290011575809,false,"הגרטי תרסיס לניקוי כלי כסף יעקבי 200 מ""ל",יעקב יעקבי ובניו בעמ,,הגרטי תרסיס לניקוי כ,מיליליטרים,200.00,"100 מ""ל",false,,29.90,0.1495,true,1,812638
7290011587307,false,תחתיות ארטישוק 400 גר',Egyptian spanish co,,ארטישוק תחתיות 400 ג,גרמים,400.00,100 גרם,false,,9.80,0.0245,true,1,803973
7290011587581,false,פילה אנשובי תומר צנצנת 100 גרם,אינוורסינס פריסקו,,אנשובי צנצנת 100 גר,יח',1.00,יח',false,,10.80,10.8000,true,1,949594
7290011587598,false,פילה אנשובי בשמן תומר (45 גרם),תומר ייבוא ושיווק מוצרי מזון [,,אנשובי בפח 26 גר -תו,יח',1.00,יח',false,,5.50,5.5000,true,1,949595
7290011593087,false,"שמן זית כתית מעולה 750 מ""ל סבא חביב",בני פאוזי שמשום (2009) בעמ,,סבא חביב שמן זית כתי,מטרים,750.00,100 מ'ל,false,,29.70,0.0396,true,1,6437390
7290011593117,false,זית סורי ירוק מבוקע 800 ג' סבא חביב,בני פאוזי שמשום (2009) בעמ,,סבא חביב זית סורי מב,גרמים,800.00,100 גרם,false,,19.90,0.0249,true,1,6456971
7290011598211,false,"סנו - אנטי קאלק מרסס ניקוי כללי 4 ב-1 700 מ""ל",החברה הדרומית לשיווק בעמ,,אנטי קאלק תרסיס לניק,מיליליטרים,700.00,"100 מ""ל",false,,17.70,0.0253,true,1,809964
7290011598259,false,"פרש מטהר אוויר אוטומטי בניחוח מאסק סנו 250 מ""ל",החברה הדרומית לשיווק בעמ,,פרש מטהר אוויר אוטומ,מיליליטרים,250.00,"100 מ""ל",false,,12.90,0.0516,true,1,809965
7290011598365,false,רביעיית מטליות מיקרופייבר מקצועיות סנו סושי,החב הדרומית לשיווק,,סנו סושי מטליות מקרו,יח',4.00,יח',false,,13.90,3.4750,true,1,809968
7290011598372,false,"מטלית מקצועית לריצפה פרופישיונל ""סנו סושי""",החברה הדרומית לשיווק בעמ,,מטלית מיקרופייבר לרצ,יח',1.00,יח',false,,10.90,10.9000,true,1,809969
7290011598402,false,מקסימה מרכך כביסה ארומתרפי מאסק סנו 4 ליטר,החברה הדרומית לשיווק בעמ,,מקסימה מרכך כביסה אר,ליטרים,4.00,ליטר,false,,21.50,5.3750,true,1,809970
7290011607197,false,"קולון 101 אבקת כביסה 5 ק""ג",רקיט בנקיזר (ניר איסט) בעמ,IL,COLON 101 3x5KG new promo,קילוגרמים,5.00,"ק""ג",false,,38.90,7.7800,true,1,821533
7290011615260,false,"טורטייה 20 ס""מ קוטר וילי פוד 540 גר",ג.וילי פוד אינטרנשיונל בעמ,,טורטיות 540 גרם,גרמים,540.00,100 גרם,false,,8.70,0.0161,true,1,813423
7290011618025,false,בייבי ביס הוט קידס נגיסי אורז לתינוק,גואנז'ו יונג וואנט פ,CN,נגיסי אורז לתינוקות בטעם,גרמים,50.00,100 גרם,false,,13.50,0.2700,true,1,830356
7290011618131,false,"בייבי ביס חטיף אורז כשל""פ בטעם גזר",גואנז'ו יונג וואנט פ,CN,נגיסי אורז לתינוקות בטעם,גרמים,50.00,100 גרם,false,,13.50,0.2700,true,1,830361
7290011622305,false,כתמטמינים חטיף לתינוקות אצבעות בוטנים ותירס - רביעיה,הארט Heart,IL,מארז 4 כתמטמינים 4*20 גר',גרמים,20.00,100 גרם,false,,11.90,0.5950,true,1,872243
7290011622428,false,כתמטמינים-חטיף בריאות לתינוקות וילדים 45 ג',גורי מוצרי צריכה (1991) בעמ,IL,כתמטמינים 45 גר,גרמים,100.00,100 גרם,false,,5.80,0.0580,true,1,801210
7290011622442,false,טבעונים - חטיף טבעות דגנים מלאים בטעם טבעי 45 גרם,הארט Heart,IL,טבעונים טבעות דגנים מלאים,גרמים,45.00,100 גרם,false,,5.80,0.1289,true,1,801211
7290011622664,false,כתמטמינים - חטיף אצבעות טחינה אורז ותירס 45 גרם,גורי מוצרי צריכה בעמ,,כתמטמינים טחינה,גרמים,45.00,100 גרם,false,,5.90,0.1311,true,1,2871065
7290011622770,false,אצבעונים - פלוס בטעם וניל 130 גרם,מצות אביב בעמ,,אצבעונים פלוס,גרמים,130.00,100 גרם,false,,19.90,0.1531,true,1,6302005
7290011622817,false,ביסקוויטמינים חטיף דגנים במילוי קרם בטעם,גורי מוצרי צריכה (1991) בעמ,,ביסונים בטעם שוקלד 8,גרמים,80.00,100 גרם,false,,17.90,0.2237,true,1,6498996
7290011622824,false,חטיף דגנים במילוי קרם שקדים בטעם בננה 70 גרם,גורי מוצרי צריכה (1991) בעמ,,ביסונים במילוי קרם ש,יחידה,0.00,יחידה,false,,17.90,0.0000,true,1,6498216
7290011668143,false,מסיכה משקמת ומטפחת לשיער צבוע ופגום,"פנינה רוזנבלום בע""מ",,"מסיכה משקמת 1 ק""ג פנ",100 מל,1000.00,100 מל,false,,26.80,0.0268,true,1,817028
7290011668402,false,"שמפו לשיער לגבר פנינה רוזנבלום 750 מ""ל",פנינה רוזנבלום בעמ,,שמפו לשיער לגבר פנינ,מיליליטרים,750.00,"100 מ""ל",false,,8.90,0.0119,true,1,813803
7290011668457,false,"שמפו שמן זית לשיער גלי 750 מ""ל פנינה רוזנבלום","פנינה רוזנבלום בע""מ",,שמפו לשיער גלי שמן ז,מיליליטרים,750.00,"100 מ""ל",false,,8.90,0.0119,true,1,817042
7290011668471,false,"שמפו רימונים לשיער דק 750 מ""ל פנינה רוזנבלום",פנינה רוזנבלום בעמ,,שמפו לשיער רימונים 7,מיליליטרים,750.00,"100 מ""ל",false,,8.90,0.0119,true,1,817044
7290011668594,false,בריא מהטבע תוספת בריאה לסלט 550 גרם פנינה רוזנבלום,בריא מהטבע פנינה רוזנבלום,,בריא מהטבע תוספת ברי,גרמים,550.00,100 גרם,false,,36.90,0.0671,true,1,817049
7290011743833,false,משחת שיניים פרונאמל סנסודיין (75 מל),גלקסו סמית קליין,GB,"סנסודיין פרונמל 75 מ""ל",גרמים,75.00,100 גרם,false,,23.90,0.3187,true,1,820568
7290011744885,false,"אקווה פרש משחת שיניים ילדים לשיני חלב 50 מ""ל",גלקסו סמית קליין,SK,א.פרש משחת ילדים לשיני חל,100 מל,50.00,100 מל,false,,13.60,0.2720,true,1,820570
7290011744892,false,"אקווה פרש - משחת שיניים ילדים ג'וניור 6+ 50 מ""ל",גלקסו סמית קליין,SK,א.פרש משחת ילדים ג'וניור,100 מל,50.00,100 מל,false,,13.60,0.2720,true,1,820571
7290011745707,false,משחת שיניים פרונמל Pro namel לילדים לגילאי 6-12,גלקסו סמית קליין,SK,סנסודיין פרונמל ילדים 50,100 מל,50.00,100 מל,false,,16.90,0.3380,true,1,820575
7290011765415,false,בוב ספוג מרכך שיער לילדים כיף (750 מל).,החברה הדרומית לשיווק בעמ,,בוב ספוג מרכך לשיער,מיליליטרים,750.00,"100 מ""ל",false,,10.90,0.0145,true,1,810004
7290011765422,false,אל סבון מועשר בלחות ותמצית קמומיל - בוב ספוג,החברה הדרומית לשיווק בעמ,,בוב ספוג אל סבון קמו,מיליליטרים,750.00,"100 מ""ל",false,,10.90,0.0145,true,1,810005
7290011765446,false,משחת שיניים לילדים בוב ספוג בטעם מיץ ענבים עם פלואוריד למניעת עששת,טרופיקל דגיל תעשיות קוסמ,,משחת שיניים לילדים ב,גרמים,50.00,100 גרם,false,,7.50,0.1500,true,1,810006
7290011765613,false,סנו מסיר עובש בניחות לימון מתז 1 ל',החברה הדרומית לשיווק בעמ,,סנו מסיר עובש בניחוח,יח',1.00,יח',false,,14.90,14.9000,true,1,5433481
7290011778354,false,ביצים חופשיות 20 יחידות,ביצים מן הטבע,,ביצים חופשיות מן הטב,יח',20.00,יח',false,,29.90,1.4950,true,1,6344412
7290011800840,false,רפי כהן סלט טחינה בלאדי צבר 400 גרם,קבוצת אוסם סחר שותפות מוגבלת,,רפי כהן סלט טחינה בל,גרמים,400.00,100 גרם,false,,14.90,0.0373,true,1,807302
7290011830267,false,אטריות אורגניות ללא גלוטן מאורז מלא 250,השדה מוצרים אורגניים,,נודלס אורגניות אורז,גרמים,250.00,100 גרם,false,,15.90,0.0636,true,1,6305652
7290011830274,false,אטריות אורגניות ללא גלוטן מאורז שחור 250,השדה מוצרים אורגניים,,נודלס אורגניות אורז,גרמים,250.00,100 גרם,false,,17.70,0.0708,true,1,6305653
7290011830564,false,פתיבר כוסמין אורגני השדה מוצרים אורגנים 200 גרם,השדה מוצרים אורגניים,,פתי בר אורגני כוסמין,גרמים,200.00,100 גרם,false,,12.40,0.0620,true,1,6305621
7290011830991,false,צ'יקי מאנקי חטיף בוטנים אורגני 60 גרם ללא גלוטן,השדה מוצרים טבעיים ו,,צ'יקי מאנקי חטיף בוט,גרמים,60.00,100 גרם,false,,6.80,0.1133,true,1,6305686
7290011876388,false,קציצות עוף ובקר מאמא עוף (600 גרם),תנובה מרכז שיתופי לשיווק תוצרת,,קציצות עוף ובקר מאמא,גרמים,600.00,100 גרם,false,,27.50,0.0458,true,1,802659
7290011877088,false,"רדיד אלומיניום רוחב 30 ס""מ, 18 מיקרון - מארז זוג",החברה הדרומית לשיווק בעמ,,רדיד אלומיניום קצר 3,יח',1.00,יח',false,,14.90,14.9000,true,1,810012
7290011877095,false,"רדיד אלומיניום רוחב 45 ס""מ סנו סושי 2*7.5 מטר",החב הדרומית לשיווק,,רדיד אלומיניום רוחב,אורך,7.50,אורך,false,,19.90,2.6533,true,1,810013
7290011877156,false,"מבשם אוויר, בגדים וארונות פרש בניחוח מאסק",החברה הדרומית לשיווק בעמ,,סנופרש ענק מאסק,מיליליטרים,375.00,"100 מ""ל",false,,9.80,0.0261,true,1,810015
7290011877446,false,קרם נגד גירויים לתינוק עם הנוסחה המשולשת SBC,החברה הדרומית לשיווק בעמ,,בייבי קרם נגד גירויי,גרמים,100.00,100 גרם,false,,9.90,0.0990,true,1,810019
7290011877859,false,סנו אינסטלטור חדש פותח סתימות 200ג',החברה הדרומית לשיווק בעמ,,אינסטלטור פותח סתימו,מיליליטרים,200.00,"100 מ""ל",false,,9.90,0.0495,true,1,810029
7290011877866,false,"מקסימה אבקת כביסה בניחוח מאסק סנו 6 ק""ג",החברה הדרומית לשיווק בעמ,,מקסימה אבקת כביסה בנ,קילוגרמים,6.00,"ק""ג",false,,44.90,7.4833,true,1,810030
7290011920210,false,"תרסיס אקונומיקה קלין 750 מ""ל",קלין,,תרסיס אקונומיקה קלין,מטרים,750.00,100 מ'ל,false,,9.90,0.0132,true,1,816665
7290011920371,false,קלין נוזל לרצפות דוחה חרקים 2 ליטר,קליר כימיקלים,,קלין נוזל לרצפות דוח,ליטרים,2.00,ליטר,false,,13.90,6.9500,true,1,816670
7290011920715,false,"תרסיס מסיר כל אבן קלין 750 מ""ל",קלין,,תרסיס מסיר כל אבן קל,מטרים,750.00,100 מ'ל,false,,9.90,0.0132,true,1,816673
7290011920777,false,"תרסיס לבישום כביסה קלין 750 מ""ל",קלין,,תרסיס לבישום כביסה ק,מטרים,750.00,100 מ'ל,false,,16.90,0.0225,true,1,816675
7290011920920,false,קלין מנקה הכל מגבונים לניקוי כללי קלין 50,קלין,,קלין מנקה הכל מגבוני,יחי,50.00,יחי,false,,4.90,0.0980,true,1,816682
7290011923273,false,טופו אורגני ליב (300 גרם),ל.י.ב. (לחיות יותר בטבע) בעמ,,טופו אורגני 300גרם ל,גרמים,300.00,100 גרם,false,,11.90,0.0397,true,1,830705
7290011923303,false,טופו טבעי ליב (300 גרם),ל.י.ב. (לחיות יותר בטבע) בעמ,,טופו טבעי 300גרם ליב,גרמים,300.00,100 גרם,false,,9.90,0.0330,true,1,830706
7290011931162,false,סוכרלייט ממתיק נוזלי על בסיס סוכרלוז,אף.סי תבליני בגליל ב,,סוכרלייט ממתיק נוזלי,מיליליטרים,220.00,"100 מ""ל",false,,22.90,0.1041,true,1,805531
7290011947309,false,זיתים מצוננים סורי מבוקע ולימון כבוש זיתא 230 ג',תה ויסוצקי (ישראל) בעמ,,זיתים סורים מבוקעים,גרמים,230.00,100 גרם,false,,13.50,0.0587,true,1,901866
7290011947316,false,זיתא זיתי קלמטה בשמן זית כתית מעולה 215ג,תה ויסוצקי (ישראל) בעמ,,זיתים קלמטה 215 גר מ,גרמים,215.00,100 גרם,false,,13.50,0.0628,true,1,1031398
7290011947521,false,"שמן זית כתית מעולה 750 מ""ל טעם מודגש זיתא",תה ויסוצקי (ישראל) בעמ,,שמן זית מודגש זיתא 7,מיליליטרים,750.00,"100 מ""ל",false,,32.90,0.0439,true,1,2321052
7290011947743,false,זיתים זיתא מיקס זית ירוק וזית קלמטה 215 גרם,תה ויסוצקי (ישראל) בעמ,,מיקס זיתים 215ג,גרמים,215.00,100 גרם,false,,13.50,0.0628,true,1,6168250
7290011947781,false,מיקס זית ירוק וזית קלמטה ללא גלעין עם שמן זית כתית מעולה,תה ויסוצקי (ישראל) בעמ,,מיקס זיתים ירוקים קל,גרמים,190.00,100 גרם,false,,13.90,0.0732,true,1,6344431
7290011947903,false,מיקס זיתים יווני זיתא 215 גרם,תה ויסוצקי (ישראל) בעמ,,מיקס זיתים יווני 215,יח',1.00,יח',false,,13.50,13.5000,true,1,6367146
7290011971694,false,ספגטי טריקולור מסמולינת דורום אורגני 500,פסטיפיסוי פליצ'טי,,ספגטי טריקולור אורגנ,גרמים,500.00,100 גרם,false,,13.70,0.0274,true,1,6305814
7290011977634,false,סרדינים בשמן קנולה עם פלפל חריף טעים 125 גרם,טעמן שווק מזון בעמ,,סרדינים בשמן צמחי עם,גרמים,125.00,100 גרם,false,,3.90,0.0312,true,1,806264
7290011977641,false,סרדינים בשמן קנולה עם לימון טעים 125 גרם,טעמן שיווק מזון בעמ,,סרדינים בשמן ולימון,גרמים,125.00,100 גרם,false,,3.90,0.0312,true,1,806265
7290011977665,false,סרדינים ברוטב עגבניות טעים 125 גרם,טעמן שווק מזון בעמ,,סרדינים ברוטב עגבניו,גרמים,125.00,100 גרם,false,,3.90,0.0312,true,1,806267
7290012001994,false,חרדל דיז'ון גרעינים 350 ג' ריין דיזון,דיפלומט מפיצים (1968) בעמ**,FR,חרדל דיגון גרעינים 350 גר,גרמים,350.00,100 גרם,false,,9.90,0.0283,true,1,814361
7290012019043,false,שום צעיר כבוש בחומץ בצנצנת 330 גרם,FOODS CANDDED QINGDAO,,שום צעיר כבוש 330 גר,גרמים,330.00,100 גרם,false,,9.90,0.0300,true,1,835682
7290012022203,false,פריכיות חיטה מלאה 60 גרם,דילייט 2005 בע`מ,,קליליות מרובה דגנים,יח',1.00,יח',false,,13.50,13.5000,true,1,828367
7290012022227,false,פריכיות חיטה טבעי 60 גרם,דילייט 2005 בע`מ,,קליליות רגיל 60 ג,יח',1.00,יח',false,,11.50,11.5000,true,1,828369
7290012022272,false,פריכיות קליליות קידס,דילייט 2005 בעמ,,קליליות ילדים 30 ג,יח',1.00,יח',false,,9.90,9.9000,true,1,1052498
7290012052231,false,גרנולה חמוציות אוכמניות וקשיו 800 גרם,רפאלס,,גרנולה חמוציות אוכמנ,גרמים,800.00,100 גרם,false,,27.90,0.0349,true,1,879222
7290012052309,false,גרנולה בננה צימוקים ושקדים מרכיבים טבעיים 1 ק''ג,כרמית תעשיות ממתקים בעמ,,גרנולה בננה צימוקים,גרמים,1000.00,100 גרם,false,,21.90,0.0219,true,1,879223
7290012052347,false,"גרנולה תענוג-צימוקים ושקדים ללא תוספת סוכר 1 ק""ג",רפאלס,,תענוג ללא תוספת סוכר,גרמים,1000.00,100 גרם,false,,21.90,0.0219,true,1,879226
7290012071003,false,"ד""ר פישר - קמיל בלו משחה לתינוק 200 גרם","פישר תעשיות פרמצביטות בע""מ",IL,קמיל בלו משחה לתינוק 200,גרמים,200.00,100 גרם,false,,17.90,0.0895,true,1,997573
7290012116032,false,כיף פיות מרכך לסירוק קל 750 מל,החברה הדרומית לשיווק בעמ,,מרכך לשיער פיות כיף,מיליליטרים,750.00,"100 מ""ל",false,,10.90,0.0145,true,1,810043
7290012116070,false,"אל סבון נוזלי פיות בתמציות אלוורה כיף 750 מ""ל",החברה הדרומית לשיווק בעמ,,אל סבון נוזלי פיות ב,מיליליטרים,750.00,"100 מ""ל",false,,10.90,0.0145,true,1,810045
7290012116537,false,"מקסימה אבקת כביסה בניחוח מאסק סנו 2.5 ק""ג",החברה הדרומית לשיווק בעמ,,מקסימה אבקת כביסה בנ,קילוגרמים,2.50,"ק""ג",false,,22.90,9.1600,true,1,810061
7290012116551,false,אנטי קאלק נוזל לניקוי כללי סנו 2 ליטר,החברה הדרומית לשיווק בעמ,,אנטי קאלק נוזל לניקו,ליטרים,2.00,ליטר,false,,17.90,8.9500,true,1,810062
7290012116612,false,אורביטול מברשת שיניים סופט 4 יח`,החברה הדרומית לשיווק בעמ,,מברשת שיניים אורביטו,יח',4.00,יח',false,,9.90,2.4750,true,1,810068
7290012116629,false,תחליב רול און דוחה יתושים לתינוקות ולילדים סנו די,החברה הדרומית לשיווק בעמ,,תחליב סנו די לתינוקו,מטרים,50.00,100 מ'ל,false,,19.90,0.3980,true,1,810069
7290012117091,false,"אבקת כביסה סנסיטיב סנו מקסימה 6 ק""ג",החברה הדרומית לשיווק בעמ,,מקסימה אבקת כביסה סנ,קילוגרמים,6.00,"ק""ג",false,,44.90,7.4833,true,1,810096
7290012117275,false,"קליר שקית מילוי לניקוי חלונות סנו 750 מ""ל",החברה הדרומית לשיווק בעמ,,קליר שקית מילוי לניק,מיליליטרים,750.00,"100 מ""ל",false,,5.70,0.0076,true,1,810098
7290012117350,false,"נוזל רצפות לילך 2 ליטר ""ריצפז פרש""",החברה הדרומית לשיווק בעמ,,ריצפז פרש 2 לי,ליטרים,2.00,ליטר,false,,16.90,8.4500,true,1,810099
7290012117411,false,"שמפו וג'ל רחצה רויבוס 700 מ""ל ""קרמה""",החברה הדרומית לשיווק בעמ,,ג'ל רחצה לגבר במבוק,מיליליטרים,700.00,"100 מ""ל",false,,14.90,0.0213,true,1,810105
7290012117428,false,"ג'ל רחצה ושמפו מעיינות מנטה קרמה מן 700 מ""ל",החברה הדרומית לשיווק בעמ,,ג'ל רחצה ושמפו מעיינ,מיליליטרים,700.00,"100 מ""ל",false,,14.90,0.0213,true,1,810106
7290012117435,false,"קרמה - שמפו וג'ל רחצה 2 ב-1 אלוורה 700 מ""ל",החברה הדרומית לשיווק בעמ,,ג'ל רחצה קרמה מן 700,מיליליטרים,700.00,"100 מ""ל",false,,14.90,0.0213,true,1,810107
7290012117466,false,"תחליב רחצה לפנים תה ירוק קרמה 180 מ""ל",קוסמופארם,,תחליב רחצה לפנים תה,מיליליטרים,180.00,"100 מ""ל",false,,13.90,0.0772,true,1,810108
7290012117534,false,מרכך כביסה מרוכז תכלת קול סנו מקסימה 1 ליטר,החברה הדרומית לשיווק בעמ,,מקסימה מרכך כביסה מר,ליטרים,1.00,ליטר,false,,17.50,17.5000,true,1,810113
7290012117541,false,מקסימה מרכך כביסה מרוכז צהוב סנו 1 ליטר,החברה הדרומית לשיווק בעמ,,מקסימה מרכך כביסה מר,ליטרים,1.00,ליטר,false,,17.50,17.5000,true,1,810114
7290012117558,false,מקסימה מרכך כביסה מרוכז ורוד בניחוח מאסק סנו 1 ליטר,החברה הדרומית לשיווק בעמ,,מקסימה מרכך כביסה מר,ליטרים,1.00,ליטר,false,,17.50,17.5000,true,1,810115
7290012117732,false,מקסימה מרכך כביסה ארומתרפי קול סנו 4 ליטר,החברה הדרומית לשיווק בעמ,,מקסימה מרכך כביסה אר,ליטרים,4.00,ליטר,false,,21.50,5.3750,true,1,810131
7290012117916,false,אינסטלטור נוזל לפתיחת סתימות סנו 1 ליטר,החברה הדרומית לשיווק בעמ,,אינסטלטור נוזל לפתיח,ליטרים,1.00,ליטר,false,,26.70,26.7000,true,1,810139
7290012191015,false,מצת למטבח,,,מצת למטבח,יח',1.00,יח',false,,8.90,8.9000,true,1,6514298
7290012226021,false,נקניק סלמי מעושן פראג זוגלובק (400 גרם),נקניק נהריה כשר זוגל,,נקניק סלמי מעושן פרא,גרמים,400.00,100 גרם,false,,14.90,0.0373,true,1,813956
7290012226120,false,קבנוס זוגלובק (45x3 גרם),נקניק נהריה כשר זוגל,,קבנוס זוגלובק 135 גר,גרמים,135.00,100 גרם,false,,9.90,0.0733,true,1,813959
7290012226342,false,נקניקיה טבעונית למחבת או לתנור עשירה בחלבון,זוגלובק שיווק בעמ,,נקניקיות מן הצומח עש,גרמים,460.00,100 גרם,false,,24.90,0.0541,true,1,4042189
7290012226922,false,קבנוס בטעם שום זוגלובק (45x3 גרם),נקניק נהריה כשר זוגל,,קבנוס בטעם שום זוגלו,גרמים,135.00,100 גרם,false,,9.90,0.0733,true,1,813966
7290012226939,false,קבנוס עם צ'ילי חריף זוגלובק 135 גרם,נקניק נהריה כשר זוגל,,קבנוס עם צ'ילי חריף,גרמים,135.00,100 גרם,false,,9.90,0.0733,true,1,813967
7290012226991,false,"נקניקיות עוף באריזת ג''מבו 1.5 ק""ג זוגלובק",נקניק נהריה כשר זוגל,,נקניקיות באריזה ג'מב,קילוגרמים,1.50,"ק""ג",false,,26.70,17.8000,true,1,813972
7290012227172,false,חרמן הודו בדבש וברביקיו זוג במארז 600 ג' זוגלובק,נקניק נהריה כשר זוגל,,מארז פסטרמה 600 ג,גרמים,600.00,100 גרם,false,,25.90,0.0432,true,1,813979
7290012227240,false,סלמי איטלקי מעושן רמי לוי 300 גרם,,,סלמי איטלקי מעושן רמ,גרמים,300.00,100 גרם,false,,21.90,0.0730,true,1,1705789
7290012227325,false,סלמי דק דק מעושן איטלקי 120 ג' זוגלובק,זוגלובק שיווק בעמ,,סלמי מעושן דק דק 120,גרמים,120.00,100 גרם,false,,12.90,0.1075,true,1,3939830
7290012227592,false,פסט' חרמון כפרי וסלמי תה זוגי זוגלובק 300X2ג' מחפוד,זוגלובק שיווק בעמ,,זוג חרמון כפרית ותה,גרמים,700.00,100 גרם,false,,25.90,0.0370,true,1,980450
7290012227608,false,מארז חרמון 300 גר' +חרמון ברבקיו 300ג' זוגלובק,זוגלובק שיווק בעמ,,זוג חרמון כפרית וברב,גרמים,600.00,100 גרם,false,,25.90,0.0432,true,1,980451
7290012227615,false,נקניקיות עוף זוגלובק 800 ג' מחפוד,זוגלובק שיווק בעמ,,נקניקיות עוף 800 גר,גרמים,800.00,100 גרם,false,,23.90,0.0299,true,1,980452
7290012227622,false,פסטרמה חרמון כפרית דבש 400גר מחפוד זוגלובק,זוגלובק שיווק בעמ,,חרמון כפרית דבש 400ג,גרמים,400.00,100 גרם,false,,18.90,0.0472,true,1,980453
7290012227738,false,זוגלובק סלמי תה מעושן מחפוד 370 גרם,זוגלובק שיווק בעמ,IL,סלמי תה מעושן מחפוד,גרמים,370.00,100 גרם,false,,19.90,0.0538,true,1,1122113
7290012227769,false,פסטרמה ברביקיו זוגלובק מחפוד 400 גרם,זוגלובק שיווק בעמ,,פסטרמה ברביקיו 400ג,גרמים,400.00,100 גרם,false,,18.90,0.0472,true,1,1014333
7290012227776,false,פסטרמה הודו מחפוד 400ג זוגלובק,זוגלובק שיווק בעמ,,פסטרמה הודו 400ג מחפ,גרמים,400.00,100 גרם,false,,18.90,0.0472,true,1,1014334
7290012227783,false,נקניק תה מעושן מחפוד זוגלובק 400ג',זוגלובק שיווק בעמ,,תה מעושן 400ג מחפוד,גרמים,400.00,100 גרם,false,,17.90,0.0447,true,1,1014335
7290012227912,false,קבנוס מעודן זוגלובק 135 גרם,נקניק זוגלובק נהריה,,קבנוס מעודן 135 ג,גרמים,135.00,100 גרם,false,,9.90,0.0733,true,1,1442273
7290012227974,false,פסטרמה הודו בדבש טהור דק דק דק,זוגלובק שיווק בעמ,,פסטרמה בדבש 120 גר,גרמים,120.00,100 גרם,false,,12.90,0.1075,true,1,3939831
7290012227981,false,פסטרמה דק דק ברביקיו 120 ג' זוגלובק,זוגלובק שיווק בעמ,,פסטרמה ברביקיו 120 ג,גרמים,120.00,100 גרם,false,,12.90,0.1075,true,1,3939832
7290012227998,false,פסטרמה דק דק חזה בקר 120 ג' זוגלובק,זוגלובק שיווק בעמ,,חזה בקר 120 גר,גרמים,120.00,100 גרם,false,,12.90,0.1075,true,1,3939833
7290012228001,false,"נקניקיות עוף רמי לוי 1 ק""ג",,,נקניקיות עוף רמי לוי,גרמים,1000.00,100 גרם,false,,19.90,0.0199,true,1,1705790
7290012228018,false,נקניקיות עוף 400רמי לוי גרם,,,נקניקיות עוף 400רמי,גרמים,400.00,100 גרם,false,,8.90,0.0223,true,1,1705791
7290012228025,false,מארז פסטרמה הודו +סלמי תה רמי לוי 800 גרם,,,מארז פסטרמה הודו +סל,גרמים,800.00,100 גרם,false,,19.90,0.0249,true,1,1705792
7290012228261,false,נקנקיות קנקרס הודו ועוף ריינהולד'ס זוגלובק 300 ג',זוגלובק שיווק בעמ,,נקניקיות בוקוורסט הו,גרמים,310.00,100 גרם,false,,19.90,0.0642,true,1,2656578
7290012228278,false,נקניקיות בוקוורסט הודו ובקר סדרת ריינהולדס 310 גרם,זוגלובק שיווק בעמ,,נקניקיות בוקוורסט הו,גרמים,310.00,100 גרם,false,,19.90,0.0642,true,1,2656579
7290012228285,false,פסטרמה הודו ברביקיו 300ג רמילוי,,,פסטרמה הודו ברביקיו,גרמים,300.00,100 גרם,false,,21.90,0.0730,true,1,2599869
7290012228292,false,פסטרמה על צלייה 300ג רמילוי,,,פסטרמה על צלייה 300ג,גרמים,300.00,100 גרם,false,,21.90,0.0730,true,1,2599870
7290012228315,false,פסטרמה הודו ודבש 300ג רמילוי,,,פסטרמה הודו ודבש 300,גרמים,300.00,100 גרם,false,,21.90,0.0730,true,1,2599872
7290012228407,false,"נקניקיות ג'מבו מחפוד זוגלובק 1.5 ק""ג",זוגלובק שיווק בעמ,,נקניקיות ג'מבו מחפוד,קילוגרמים,1.50,"ק""ג",false,,32.90,21.9333,true,1,6140241
7290012228421,false,פסטרמה בדבש 120ג דק דק רמילוי,,,פסטרמה בדבש 120ג דק,גרמים,120.00,100 גרם,false,,9.90,0.0825,true,1,3556131
7290012228438,false,חזה בקר 120ג דק דק רמילוי,,,חזה בקר 120ג דק דק ר,גרמים,120.00,100 גרם,false,,9.90,0.0825,true,1,3556132
7290012228445,false,קבנוס רמי לוי 135 גר,,,קבנוס 135ג רמילוי,גרמים,135.00,100 גרם,false,,7.90,0.0585,true,1,3786107
7290012228728,false,קבנוס סטיקס בסגנון מקסיקני חריף סדרת ריינהולד'ס,זוגלובק שיווק בעמ,,קבנוס סטיקס מקסיקני,גרמים,50.00,100 גרם,false,,8.90,0.1780,true,1,5951274
7290012228766,false,קבנוס מחפוד זוגלובק 120 גרם,זוגלובק שיווק בעמ,,קבנוס מחפוד זוגלובק,גרמים,120.00,100 גרם,false,,9.90,0.0825,true,1,6311003
7290012228780,false,נקנקיות גמבו 1.5 קג,,,נקנקיות גמבו 1.5 קג,יח',1.00,יח',false,,29.90,29.9000,true,1,6316842
7290012245190,false,ציפס זיג זג למיקרולג רמי לוי,,,ציפס זיג זג למיקרולג,גרמים,140.00,100 גרם,false,,4.50,0.0321,true,1,6435187
7290012245244,false,"ציפס קלאסייק 2.5 ק""ג גולדן",קפוא זן,,גולד ציפס משפחתי 2.5,גרמים,2500.00,100 גרם,false,,28.50,0.0114,true,1,6485037
7290012245275,false,"גולד ציפס בטטה קריספי 1 ק""ג",קפוא זן תעשיות מזון בעמ,,גולד ציפס בטטה קריספ,יח',1.00,יח',false,,24.90,24.9000,true,1,6344430
7290012245312,false,"גולד ציפס אמריקאי 1.5 ק""ג קפוא זן",קפוא-זן תעשיות מזון בעמ - תפוג,,גולד ציפס אמריקאי 1.,גרמים,1500.00,100 גרם,false,,17.90,0.0119,true,1,6485038
7290012245329,false,"גולד צ'יפס קלאסי 1.5 ק""ג קפוא זן",קפוא זן תעשיות מזון בעמ,,גולד ציפס קלאסי 1.5,גרמים,1500.00,100 גרם,false,,17.90,0.0119,true,1,6485041
7290012245336,false,"גולד צ'יפס סטייק 1.5 ק""ג גולד שארית",קפוא-זן תעשיות מזון בעמ - תפוג,,גולד סטייק ציפס 1.5,גרמים,1500.00,100 גרם,false,,17.90,0.0119,true,1,6485039
7290012260827,false,שערות קדאיף מזאווי 4,א.ג בחירה חכמה בעמ,IL,שערות קדאיף 475 גרם,גרמים,400.00,100 גרם,false,,13.90,0.0348,true,1,2087229
7290012275401,false,מולר בירה לבנה בקבוק גרמנית 500מל,בני פאוזי שמשום (2009) בעמ,,בירה מולר 500 מל,מיליליטרים,500.00,"100 מ""ל",false,,3.90,0.0078,true,1,886652
7290012295836,false,חסה לליק,ביכורי השדה צפון 1994 ג.ד. בעמ,,חסה,יח',1.00,יח',false,,9.90,9.9000,true,1,6385518
7290012313141,false,מלפפונים פרוסות במלח קבוצת יבנה 330 גרם,קבוצת יבנה מוצרי מזון אגודה שי,,מלפפון פרוסות במלח 3,גרמים,320.00,100 גרם,false,,6.50,0.0203,true,1,809500
7290012313424,false,זיתים קלמטה שלם 215 ג' יבנה,קבוצת יבנה מוצרי מזון בעמ,,זית קלמטה שלם 300 גר,גרמים,300.00,100 גרם,false,,12.90,0.0430,true,1,6456966
7290012313431,false,זיתים מרוקאיים יבשים 215 ג' יבנה,קבוצת יבנה מוצרי מזון בעמ,,זית מרוקאי 300 גר י,גרמים,300.00,100 גרם,false,,12.90,0.0430,true,1,6456967
7290012313448,false,זית מעדנייה מתובל 300 גר יבנה,קבוצת יבנה מוצרי מזון בעמ,,זית מעדנייה מתובל 30,גרמים,300.00,100 גרם,false,,12.90,0.0430,true,1,6456968
7290012352034,false,"נטורל - קרם לחות עם שמן אגוז מקדמיה לשיער מתולתל 400 מ""ל",החברה הדרומית לשיווק בעמ,,קרם לחות עם שמן אגוז,מיליליטרים,400.00,"100 מ""ל",false,,20.90,0.0522,true,1,828996
7290012367717,false,קרם ידיים וציפורניים Intensive relief לעור יבש ומגורה,פישר תעשיות פרמבצטיות בעמ,IL,אפקטיב קר קרם ידיים שיבול,מיליליטרים,150.00,"100 מ""ל",false,,11.90,0.0793,true,1,828166
7290012404955,false,נקטר חמוציות ספרינג קולקשן (1.25 ליטר),יפאורה - שותפות מוגבלת לשיווק,,נקטר חמוציות ספרינג,ליטרים,1.25,ליטר,false,,12.00,9.6000,true,1,808088
7290012404993,false,נקטר דיאט חמוציות ספרינג קולקשן 1.25 ליטר,יפאורה - שותפות מוגבלת לשיווק,,נקטר דיאט חמוציות ספ,ליטרים,1.25,ליטר,false,,11.50,9.2000,true,1,808091
7290012413643,false,תה ירוק קמומיל 25 שקיקים ויסוצקי,תה ויסוצקי (ישראל) בעמ,,תה ירוק קמומיל,יח',1.00,יח',false,,22.90,22.9000,true,1,813774
7290012483608,false,"אורז בסגנון בסמטי מובחר 5ק""ג DAWAT",ג.וילי-פוד אינטרנשיונל בעמ,,וילי פוד אורז בסמטי,קילוגרמים,5.00,"ק""ג",false,,49.90,9.9800,true,1,813467
7290012522581,false,טבעול שניצל תירס ללא גלוטן טבעול 664 גרם,קבוצת אוסם סחר-שות.מוגבלת,,שניצל תירס ללא גלוטן,גרמים,664.00,100 גרם,false,,19.90,0.0300,true,1,807327
7290012557576,false,מסטיק ציקלט צנצנת 250 גר',לירון קרביץ יבוא שיווק וסחר,,צנצנת ציקלט 250 גר,גרמים,250.00,100 גרם,false,,12.90,0.0516,true,1,3305676
7290012557972,false,עוגיות נמסות במילוי קרם אגוזים 150 גר',,,עוגיות נמסות במילוי,גרמים,150.00,100 גרם,false,,5.70,0.0380,true,1,1358430
7290012561313,false,בצל קצוץ ומטוגן דורות 400 גרם,עיצובים 2020 (3.8),,דורות בצל מטוגן 400,גרמים,400.00,100 גרם,false,,16.90,0.0422,true,1,6215347
7290012561405,false,בצל קצוץ ומטוגן דורות (180 גרם),קבוצת אוסם סחר שותפות מוגבלת,,דורות בצל מטוגן 180,גרמים,180.00,100 גרם,false,,9.90,0.0550,true,1,807333
7290012576362,false,יין ספיישל רזרב קברנה סוביניון 750 מל,יקבי ברקן שיווק והפצה בע,,ספיישל רזרב קברנה סו,מיליליטרים,750.00,"100 מ""ל",false,,54.90,0.0732,true,1,6385427
7290012576423,false,יין ספיישל רזרב גוורצטרמינר 2014 750,טמפו משקאות בעמ,,ספיישל רזרב גוורצטרמ,מיליליטרים,750.00,"100 מ""ל",false,,54.90,0.0732,true,1,6385429
7290012576607,false,"יין קברנה סוביניון פרמייר מלבק אדום ברקן 750 מ""ל","ברקן שיווק והפצה בע""",IL,פרמייר קברנה סוביניון אדו,מיליליטרים,750.00,"100 מ""ל",false,,25.80,0.0344,true,1,912891
7290012576614,false,יין Premieur לבן חצי יבש אמרלד ריזלינג קולומברד,יקבי ברקן שיווק והפצה בע,IL,פרמייר אמרלד ריזלינג לבן,מיליליטרים,750.00,"100 מ""ל",false,,17.90,0.0239,true,1,912892
7290012645020,false,"יוגורט עיזים טבעי בבקבוק חלב הארץ 500 מ""ל",שטראוס גרופ בעמ/מצונן,,יוגורט עיזים טבעי 50,מטרים,500.00,100 מ'ל,false,,11.50,0.0230,true,1,2103145
7290012645112,false,יוגורט עיזים 2.8% בדלי חלב הארץ 750 גרם,שטראוס גרופ בעמ/מצונן,,יוגורט עיזים 750ג דל,מיליליטרים,750.00,"100 מ""ל",false,,17.90,0.0239,true,1,2778160
7290012645129,false,יוגורט כבשים 5% בדלי חלב הארץ 750 גרם,שטראוס גרופ בעמ/מצונן,,יוגורט כבשים 750ג דל,גרמים,750.00,100 גרם,false,,17.90,0.0239,true,1,2778161
7290012645174,false,גבינת עיזים 5% חלב הארץ 200 גרם,שטראוס גרופ בעמ/מצונן,,גבינת עיזים 5% 200 ג,גרמים,200.00,100 גרם,false,,12.90,0.0645,true,1,6443014
7290012697081,false,סוכרזית מהטבע סטיוויה 100שקיות 100גרם,שטראוס גרופ בע`מ,,סוכרזית מהטבע סטיווי,גרמים,100.00,100 גרם,false,,24.90,0.2490,true,1,805539
7290012697241,false,"סוכרזית מהטבע סטיוויה נוזלי 220מ""ל",אף.סי תבליני בגליל ב,,סוכרזית מהטבע סטיווי,מיליליטרים,220.00,"100 מ""ל",false,,27.90,0.1268,true,1,805542
7290012803215,false,טוסו וופל בלגי ללתס בטעם שוקולד 200 גר`,בטר אנד דיפרנט,IL,טוסו ופל בלגי בטעם שוקולד,גרמים,200.00,100 גרם,false,,9.20,0.0460,true,1,830409
7290012803222,false,טוסו ופל בסגנון בלגי בטעם לימון ללא תוספת סוכר 200 גרם,בטר אנד דיפרנט,IL,טוסו ופל בלגי בטעם לימון,גרמים,200.00,100 גרם,false,,9.20,0.0460,true,1,830410
7290012803765,false,טוסו שוקולד מריר ללא תוספת סוכר 100 גרם,אלטינמארקה גידה סאן,TR,טוסו שוקולד מריר 100גרם,גרמים,100.00,100 גרם,false,,8.90,0.0890,true,1,830432
7290012803772,false,טוסו שוקולד חלב ללא תוספת סוכר 100 גרם,אלטינמארקה גידה סאן,TR,טוסו שוקולד חלב 100גרם,גרמים,100.00,100 גרם,false,,8.90,0.0890,true,1,830433
7290012803789,false,טוסו שוקולד מריר עם אגוזים ללא תוספת סוכר 100 גרם,האי נאם סי או אל.טי.,TR,טוסו שוקולד מריר עם אגוזי,גרמים,100.00,100 גרם,false,,8.90,0.0890,true,1,830434
7290012803796,false,טוסו שוקולד חלב עם אגוזים ללא תוספת סוכר 100 גר',אלטינמארקה גידה סאן,TR,טוסו שוקולד חלב עם אגוזים,גרמים,100.00,100 גרם,false,,8.90,0.0890,true,1,830435
7290012823374,false,אנטי קאלק מטליות לחות לניקוי כללי סנו 50 יחידות,מיוצר עי קונדיטוריית,,אנטי קאלק מטליות לחו,יח',50.00,יח',false,,9.90,0.1980,true,1,810162
7290012823381,false,מקסימה מרכך כביסה מרוכז סנסטיב בייבי סנו 1 ליטר,החברה הדרומית לשיווק בעמ,,מקסימה מרכך כביסה מר,ליטרים,1.00,ליטר,false,,17.50,17.5000,true,1,810163
7290012823398,false,מטליות חד פעמיות לניקוי הרצפה בניחוח מרכך כביסה 10יח' סנו,החברה הדרומית לשיווק בעמ,,ריצפז מטליות לחות לר,יח',10.00,יח',false,,10.90,1.0900,true,1,3159575
7290012864001,false,נבטי חמנייה ארוז א.אדמה,ביכורי השדה צפון 1994 ג.ד. בעמ,,נבטי חמניה,יח',1.00,יח',false,,7.90,7.9000,true,1,817525
7290012864025,false,נבטי אלפא אלפא ארוז א.אדמה,"בכורי השדה צפון1994 ג.ד. בע""מ",,אלפלפא,יח',1.00,יח',false,,5.90,5.9000,true,1,817526
7290012864032,false,מיקס עדשים ונבטוטים,ביכורי השדה צפון 1994 ג.ד. בעמ,,נבטוטים,גרמים,250.00,100 גרם,false,,8.90,0.0356,true,1,817527
7290012864049,false,מיקס נבטי ברוקולי וצ,ביכורי השדה צפון 1994 ג.ד. בעמ,,נבטי צנונית,יח',1.00,יח',false,,7.90,7.9000,true,1,817528
7290012864056,false,נבטים ברוקולי,ביכורי השדה צפון 1994 ג.ד. בעמ,,נבטי ברוקולי,יח',1.00,יח',false,,8.90,8.9000,true,1,817529
7290012864131,false,ביבי מיקס ירוק עד 300 גר`,ביכורי השדה צפון 1994 ג.ד. בעמ,,עדשים שחורות מונבטות,יח',1.00,יח',false,,8.90,8.9000,true,1,920781
7290012864155,false,מיקס נבטים נבטי העמק,ביכורי השדה צפון 1994 ג.ד. בעמ,,מיקס נבטים נבטי העמק,יח',1.00,יח',false,,12.90,12.9000,true,1,965031
7290012868092,false,קמח חיטה מלאה מהודר 1קג,י.ש. חמד תעשיות,,מהודר קמח מלא 100% 1,קג,1.00,קג,false,,6.50,6.5000,true,1,878848
7290012868108,false,"מהודר קמח מלא 70% 1 ק""ג.",מהודר,,מהודר קמח מלא 70% 1,קילוגרמים,1.00,"ק""ג",false,,6.50,6.5000,true,1,878849
7290012868115,false,"מהודר קמח כוסמין מלא 1 ק""ג",י.ש. חמד תעשיות,,מהודר קמח כוסמין מלא,קג,1.00,קג,false,,17.90,17.9000,true,1,878850
7290012868122,false,"מהודר קמח לבן מנופה 1 ק""ג",שחק קפואים בעמ,,מהודר קמח לבן מנופה,קילו,1.00,קילו,false,,5.90,5.9000,true,1,878851
7290012868689,false,"קמח כוסמין לבן 1 ק""ג",י.ש. חמד תעשיות,,קמח כוסמין לבן,יח',1.00,יח',false,,19.90,19.9000,true,1,6335729
7290012868719,false,"קמח כוסמין 70% 1 ק""ג",י.ש. חמד תעשיות,,קמח כוסמין 70%,יח',1.00,יח',false,,18.90,18.9000,true,1,6463532
7290012901355,false,דודלס ארוחת אטריות עם גבינה 206 גרם,האי נאם סי או אל.טי.,,מקרוני עם גבינה 206,גרמים,206.00,100 גרם,false,,10.90,0.0529,true,1,987531
7290012901959,false,ארוחת אטריות עם גבינה מסולסלים 156 גרם,מור-ים מרקטינג בעמ,,מקרוני אנד ג'ייזס מס,גרמים,156.00,100 גרם,false,,10.90,0.0699,true,1,6502583
7290012921025,false,"בקבוק בירה מלכה בהירה 330 מ""ל",הכרם - משקאות חריפים בעמ,IL,בירה מלכה בהירה,מיליליטרים,330.00,"100 מ""ל",false,,12.90,0.0391,true,1,926846
7290012921032,false,"בקבוק בירה מלכה אדמונית 330 מ""ל",הכרם - משקאות חריפים בעמ,IL,בירה מלכה אדמונית,מיליליטרים,330.00,"100 מ""ל",false,,12.90,0.0391,true,1,926847
7290012921056,false,"בקבוק בירה מלכה חיטה 330 מ""ל",הכרם - משקאות חריפים בעמ,IL,בירה מלכה חיטה,מיליליטרים,330.00,"100 מ""ל",false,,12.90,0.0391,true,1,926848
7290012929779,false,פסטה מקמח מלא ספירלה 500גרם טעמן,מוצרי יסוד - טעמן,,טעמן פסטה פוזילי חיט,גרמים,500.00,100 גרם,false,,3.90,0.0078,true,1,806356
7290012929786,false,פסטה מקמח מלא צינורות 500 גרם טעמן,מוצרי יסוד - טעמן,,טעמן פסטה צינורות חי,גרמים,500.00,100 גרם,false,,3.90,0.0078,true,1,806357
7290012929793,false,פסטה ספדטי מקמח מלא טעמן 500 גר',מוצרי יסוד - טעמן,,טעמן ספגטי מחיטה מלא,גרמים,500.00,100 גרם,false,,3.90,0.0078,true,1,806358
7290012936838,false,תבלין הל טחון תבליני מימון 35 גרם,א.ל. ייצור ושיווק תבלינים בע`מ,IL,הל טחון35 גרם,גרמים,35.00,100 גרם,false,,14.90,0.4257,true,1,799521
7290012936845,false,תבלין לקוסקוס תבליני מימון 40 גרם,א.ל.יצור ושיווקתבלינים בעמ,IL,תבלין לקוסקוס 50 גרם,גרמים,40.00,100 גרם,false,,11.50,0.2875,true,1,5733789
7290012936890,false,תבלינים קצח בצנצנות זכוכית 50 גרם,א.ל. ייצור ושיווק תבלינים בע`מ,IL,קצח 50 גרם,גרמים,50.00,100 גרם,false,,11.50,0.2300,true,1,799527
7290012936906,false,תבלינים ציפורן שלם בצנצנות 25 גרם,א.ל. ייצור ושיווק תבלינים בע`מ,IL,ציפורן שלם 25 גרם,גרמים,25.00,100 גרם,false,,14.90,0.5960,true,1,799528
7290012936913,false,תבלין סומק תבליני מימון 45 גרם,א.ל.ייצור ושיווק תבלינים בעמ,IL,סומק 40 גרם,גרמים,45.00,100 גרם,false,,11.50,0.2556,true,1,799529
7290012936937,false,תבלינים בהרט בצנצנת 40 גרם,א.ל. ייצור ושיווק תבלינים בע`מ,IL,בהרט 40 גרם,גרמים,50.00,100 גרם,false,,11.50,0.2300,true,1,799531
7290012936944,false,אגוז מוסקט טחון תבליני מימון (40 גרם),א.ל. ייצור ושיווק תבלינים בע`מ,IL,אגוז מוסקט טחון 40 גרם -,גרמים,40.00,100 גרם,false,,14.50,0.3625,true,1,799532
7290012938405,false,"רדיד אלומיניום עבה במיוחד לבישול,אפייה והקפאה.",גורי ע.ע.ע. בע`מ,US,רדיד אלומיניום רחב רוחב 4,אורך,7.60,אורך,false,,16.90,2.2237,true,1,820611
7290012938580,false,"משחת שיניים סנסודיין להלבנה עדינה 75 מ""ל",גלקסוסמית'\קליין קונסיומ,GB,סנסודיין הלבנה עדינה 75 מ,מטרים,75.00,100 מ'ל,false,,21.90,0.2920,true,1,820614
7290012938597,false,משחת שיניים רפיד רליף סנסודיין (75 מל),"סמיתקליין ביצ'ם בע""מ",SK,סנסודיין רפיד רליף 75 מ'',מטרים,75.00,100 מ'ל,false,,23.90,0.3187,true,1,820615
7290012938740,false,משחת שיניים סנסודיין פרש מינט מנטה 75 מל,גלקסו סמית קליין,GB,"סנסודיין פרש מינט 75 מ""ל",מטרים,75.00,100 מ'ל,false,,21.90,0.2920,true,1,820619
7290012938924,false,אקוהפרש מי פה ללא אלכוהול 500 מל,מולינו ניקולי s.p.a,GB,"א.פרש מי פה 500 מ""ל",מיליליטרים,500.00,"100 מ""ל",false,,19.70,0.0394,true,1,820626
7290012982262,false,בשר שריר חלק מס'8,,,בשר שריר חלק מס'8,קילוגרמים,1.00,"ק""ג",true,,36.90,36.9000,true,1,6440664
7290012982279,false,בשר 8 קפוא חלק,,,בשר 8 קפוא חלק,קילוגרמים,1.00,"ק""ג",true,,37.90,37.9000,true,1,6477800
7290012983153,false,סילאן טבעי בקבוק לחיץ תמר כנרת 400 גר,תה ויסוצקי (ישראל)בעמ,,סילאן כנרת 400 גר לח,גרמים,400.00,100 גרם,false,,16.80,0.0420,true,1,887750
7290012983276,false,סילאן תמרים כנרת 900 ג',תה ויסוצקי (ישראל) בעמ,,סילאן כנרת 900 גרם,גרמים,900.00,100 גרם,false,,12.80,0.0142,true,1,1048755
7290013010001,false,עגבניות מרוסקות פרי מבורך 260 גרם,"זנלכל בע""\מ",,פרי מבורךעגבניות מר,גרמים,240.00,100 גרם,false,,5.50,0.0229,true,1,815071
7290013010018,false,רוטב עגבניות לפסטה פרי מבורך 240 גרם,"זנלכל בע""\מ",,פרי מבורך רוטב פסטה,גרמים,240.00,100 גרם,false,,5.50,0.0229,true,1,815072
7290013010025,false,"רוטב עגבניות לפיצה בד""ץ פרי מבורך 240 גרם","זנלכל בע""\מ",,פרי מבורך רוטב פיצה,גרמים,240.00,100 גרם,false,,5.50,0.0229,true,1,815073
7290013010032,false,רוטב עגבניות לשקשוקה פרי מבורך 240 גרם,"זנלכל בע""\מ",,פרי מבורך רוטב שקשו,גרמים,240.00,100 גרם,false,,5.50,0.0229,true,1,815074
7290013010094,false,"רוטב פסטה בולונז ""פרי מבורך"" 240 גרם","זנלכל בע""\מ",,פרי מבורך רוטב בולונ,גרמים,260.00,100 גרם,false,,5.50,0.0212,true,1,815077
7290013010322,false,עגבניות שלמות פרי מבורך 800 ג' A2.5,זנלכל בעמ,,עגבניות שלמות פרי מב,גרמים,800.00,100 גרם,false,,9.90,0.0124,true,1,1598822
7290013010339,false,עגבניות מרוסקות בצל 800 גר' פרי מבורך,זנלכל,,עגבניות מרוסקות בצל,גרמים,800.00,100 גרם,false,,9.90,0.0124,true,1,1598823
7290013010353,false,עגבניות מרוסקות בזיליקום 800 גר' פרי מבורך.,זנלכל בעמ,,פרי מבורך מרוסקות בז,גרמים,800.00,100 גרם,false,,9.90,0.0124,true,1,1598825
7290013027399,false,לחם קמח מלא קל בתוספת שיפון 750 ג' אנג'ל,מאפיית שלמה א. אנג'\ל בע,,לחם קל פרוס 100% קמח,גרמים,750.00,100 גרם,false,,12.90,0.0172,true,1,804487
7290013038432,false,מים אקווה נובה בקבוק יחיד,אקווה נובה Aqua Nova,,מים אקווה נובה 2 ליט,ליטרים,2.00,ליטר,false,,3.20,1.6000,true,1,804300
7290013083661,false,"מטרנה אקסטרה קר שלב 1 חסכון 700 גרם תמ""ל",קבוצת אוסם סחר-שות.מוגבלת,,תחליף חלב אקסטרה קר,גרמים,700.00,100 גרם,false,,58.90,0.0841,true,1,807342
7290013083678,false,"מטרנה אקסטרה קר שלב 2 חסכון 700 גרם תמ""ל",קבוצת אוסם סחר-שות.מוגבלת,,תחליף חלב אקסטרה קר,גרמים,700.00,100 גרם,false,,58.90,0.0841,true,1,807343
7290013083685,false,תחליף חלב מטרנה אקסטרה קר שלב 3 חסכון 700 גרם,קבוצת אוסם סחר-שות.מוגבלת,,תחליף חלב אקסטרה קר,גרמים,700.00,100 גרם,false,,58.90,0.0841,true,1,807344
7290013117212,false,בורקס פילו במילוי גבינה 600 גר`מעדנות,תנובה מרכז שיתופי לשיווק תוצרת,IL,בורקס פילו במילוי גבינה מ,גרמים,600.00,100 גרם,false,,18.90,0.0315,true,1,802686
7290013117229,false,"בורקס פילו במילוי תפו""א מעדנות 600 גר",תנובה מרכז שיתופי לשיווק תוצרת,IL,"בורקס פילו במילוי תפו""א מ",גרמים,600.00,100 גרם,false,,18.90,0.0315,true,1,802687
7290013117236,false,בורקס פילו פיצה מעדנות 600 גרם,תנובה מרכז שיתופי לשיווק תוצרת,IL,בורקס פילו פיצה 600 גר,גרמים,600.00,100 גרם,false,,18.90,0.0315,true,1,802688
7290013117243,false,בורקס פילו בולגרית מעדנות 600 גרם,תנובה מרכז שיתופי לשיווק תוצרת,IL,בורקס פילו בולגרית 600 גר,גרמים,600.00,100 גרם,false,,18.90,0.0315,true,1,802689
7290013117410,false,בצק פריך מרודד למאפים מתוקים 900 ג' מעדנות,תנובה מרכז שיתופי לשיווק תוצרת,IL,בצק פריך מתוק 900 גר מעדנ,גרמים,900.00,100 גרם,false,,19.90,0.0221,true,1,802692
7290013117427,false,בצק פריך מרודד למאפים מלוחים מעדנות 2*450 גרם,תנובה מרכז שיתופי לשיווק תוצרת,IL,בצק פריך מלוח 900 גר מעדנ,גרמים,900.00,100 גרם,false,,19.90,0.0221,true,1,802693
7290013117526,false,בצק שמרים מרודד למאפים מתוקים מעדנות 900 גרם,תנובה מרכז שיתופי לשיווק תוצרת,IL,בצק שמרים למאפים מתוקים 9,גרמים,900.00,100 גרם,false,,19.90,0.0221,true,1,802698
7290013121028,false,לחם לבן 500 גרם ללא גלוטן גרין לייט,אביב קונדיטוריה מעול,IL,לחם לבן 500 גרם ללא,גרמים,500.00,100 גרם,false,,17.70,0.0354,true,1,812725
7290013121103,false,רביעיית לחמניות סנדויץ ללא גלוטן 460 גרם,אביב קונדיטוריה מעול,IL,שליש באגט 4 יחידות ל,יח',1.00,יח',false,,17.70,17.7000,true,1,812729
7290013121127,false,לחמניות מיני ללא גלוטן גרין לייט 6 יחידות,אביב קונדיטוריה מעול,IL,לחמניות מיני 420 גרם,גרמים,420.00,100 גרם,false,,17.70,0.0421,true,1,812731
7290013121158,false,לחמניות סנדוויץ ללא גלוטן גרין לייט 4 * 115 גרם,אביב קונדיטוריה מעול,IL,רביעיית לחמניות סנדב,גרמים,460.00,100 גרם,false,,17.70,0.0385,true,1,915352
7290013121165,false,לחמניות נקניקיה ללא גלוטן גרין לייט 6 * 77 גרם,אביב קונדיטוריה מעול,IL,לחמניות נקניקיה 6 יח,100 יח,460.00,100 יח,false,,17.70,0.0385,true,1,1067506
7290013121189,false,רביעיית שליש לחמניות כפריות,,,רביעיית שליש לחמניות,יחידה,0.00,יחידה,false,,22.90,0.0000,true,1,6489514
7290013121776,false,לחם כפרי ללא תוספת סוכר וללא גלוטן,אביב קונדיטוריה מעול,IL,"לחם כפרי ללת""ס ולל""ג",גרמים,700.00,100 גרם,false,,18.90,0.0270,true,1,867669
7290013121868,false,זוג בגטים רוסטיק גרעינים 480 גר,,,זוג בגטים רוסטיק גרע,גרמים,480.00,100 גרם,false,,19.90,0.0415,true,1,6415875
7290013144157,false,תערובת להכנת סחלב 130גרם,א.ל. ייצור ושיווק תבלינים בע`מ,IL,סחלב 130 גרם,גרמים,130.00,100 גרם,false,,9.90,0.0762,true,1,891453
7290013144171,false,"תערובת עוגת שוקולד 560 גרם ""מיימונס""",א.ל.ייצור ושיווק תבלינים בעמ,IL,תערובת עוגת שוקולד,גרמים,560.00,100 גרם,false,,16.90,0.0302,true,1,823463
7290013144188,false,מימונס תערובת להכנת בראוניז 600 גרם,א.ל.יצור ושיווקתבלינים בעמ,IL,תערובת בראוניס,גרמים,600.00,100 גרם,false,,16.90,0.0282,true,1,823464
7290013144195,false,מיימונס תערובת כדורי שוקולד 500 גרם.,א.ל.ייצור ושיווק תבלינים בעמ,IL,תערובת כדורי שוקולד,גרמים,500.00,100 גרם,false,,16.90,0.0338,true,1,823465
7290013144218,false,מיימונס תערובת עוגת וניל 560 גרם.,א.ל.ייצור ושיווק תבלינים בעמ,IL,תערובת עוגת וניל,גרמים,560.00,100 גרם,false,,16.90,0.0302,true,1,823467
7290013144232,false,מיימונס פודינג בטעם וניל 80 גרם,א.ל. ייצור ושיווק תבלינים בע`מ,IL,פודינג וניל 85 גרם,גרמים,80.00,100 גרם,false,,4.90,0.0613,true,1,823469
7290013144249,false,פודינג בטעם שוקולד 95 גר`מימונס,א.ל. ייצור ושיווק תבלינים בע`מ,IL,פודינג שוקולד 95 גרם,גרמים,95.00,100 גרם,false,,4.90,0.0516,true,1,823470
7290013144263,false,תערובת מאלבי להכנה מהירה מיימונס 112 גרם,א.ל.ייצור ושיווק תבלינים בעמ,IL,מלבי,גרמים,100.00,100 גרם,false,,9.90,0.0990,true,1,823472
7290013144270,false,תערובת להכנת קרם פטיסייר מיימונס 100 גרם,א.ל. ייצור ושיווק תבלינים בע`מ,IL,קרם פטיסייר 100 גרם,גרמים,100.00,100 גרם,false,,9.90,0.0990,true,1,823473
7290013144287,false,מיימונס ג'לי תות 85 גרם,א.ל.יצור ושיווקתבלינים בעמ,IL,ג'לי בטעם תות 85 גרם,גרמים,85.00,100 גרם,false,,5.80,0.0682,true,1,823474
7290013144317,false,מימונס ג'וני גלילית וופל למילוי 18 יחידות,א.ל. ייצור ושיווק תבלינים בע`מ,IL,ג'וני - גלילית וופל למילו,יח',18.00,יח',false,,21.90,1.2167,true,1,823477
7290013144393,false,תמצית אפיה בטעם וניל מימונס (50 מל),א.ל. ייצור ושיווק תבלינים בע`מ,IL,תמצית וניל 50 גרם,גרמים,50.00,100 גרם,false,,4.50,0.0900,true,1,823484
7290013144416,false,"תמצית בטעם שקדים מימונס 50 מ""ל",א.ל. ייצור ושיווק תבלינים בע`מ,IL,תמצית שקדים 50 גרם,גרמים,50.00,100 גרם,false,,4.50,0.0900,true,1,823486
7290013144515,false,מיימונס צבע מאכל צהוב 50 גרם,א.ל. ייצור ושיווק תבלינים בע`מ,IL,צבע מאכל צהוב 50 גרם,גרמים,50.00,100 גרם,false,,4.30,0.0860,true,1,823496
7290013144539,false,צבע מאכל אדום מימונס 50 גרם,א.ל. ייצור ושיווק תבלינים בע`מ,IL,צבע מאכל אדום 50 גרם,גרמים,50.00,100 גרם,false,,4.30,0.0860,true,1,823498
7290013144560,false,מיימונס צבע מאכל כחול 50 גרם,א.ל. ייצור ושיווק תבלינים בע`מ,IL,צבע מאכל כחול 50 גרם,גרמים,50.00,100 גרם,false,,3.90,0.0780,true,1,823501
7290013144614,false,"מיימונס סירופ מייפל אמיתי 100% מקנדה 236 מ""ל",א.ל.ייצור ושיווק תבלינים בעמ,CA,סירופ מייפל אמיתי 100% מק,מיליליטרים,236.00,"100 מ""ל",false,,29.90,0.1267,true,1,823505
7290013144751,false,סירופ בטעם מייפל מימונס 500 גרם,א.ל. ייצור ושיווק תבלינים בע`מ,IL,סירופ בטעם מייפל 500 גרם,גרמים,500.00,100 גרם,false,,13.90,0.0278,true,1,955437
7290013144768,false,סירופ בטעם שוקולד מימונס 500 גרם,א.ל. ייצור ושיווק תבלינים בע`מ,IL,סירופ בטעם שוקולד 500 גרם,גרמים,500.00,100 גרם,false,,13.90,0.0278,true,1,955438
7290013144805,false,אבקת אייס קפה דיאט 320 גרם מימונס,א.ל. ייצור ושיווק תבלינים בע`מ,,אייס קפה לייט 300 ג,גרמים,300.00,100 גרם,false,,19.90,0.0663,true,1,6466972
7290013144812,false,אבקת אייס קפה וניל 320 גרם מימונס,א.ל. ייצור ושיווק תבלינים בע`מ,,אייס בטעם וניל 300 ג,גרמים,300.00,100 גרם,false,,17.90,0.0597,true,1,6466935
7290013144911,false,מימונס מיקס שוקולד צ'יפס מריר וחלב 250 גרם,א.ל. ייצור ושיווק תבלינים בע`מ,,מיקס שוקולד ציפס מרי,יח',1.00,יח',false,,14.90,14.9000,true,1,6448557
7290013144980,false,תרסיס שמן קנולה מימונס 170 גרם,א.ל. ייצור ושיווק תבלינים בע`מ,,מימונס תרסיס שמן קנו,גרמים,170.00,100 גרם,false,,15.90,0.0935,true,1,1083430
7290013145017,false,אגוז מלך קלוף מיימונס 100 גרם,א.ל. ייצור ושיווק תבלינים בע`מ,IL,אגוז מלך קלוף,גרמים,100.00,100 גרם,false,,12.10,0.1210,true,1,823518
7290013145024,false,מיימונס אגוז מלך טחון 100 גרם,א.ל. ייצור ושיווק תבלינים בע`מ,IL,אגוז מלך טחון,גרמים,100.00,100 גרם,false,,12.90,0.1290,true,1,823519
7290013145048,false,צנוברים מימונס (100 גרם),א.ל.ייצור ושיווק תבלינים בעמ,IL,צנוברים,גרמים,100.00,100 גרם,false,,26.90,0.2690,true,1,823521
7290013145055,false,פרג שלם מיימונס 100 גרם,א.ל. ייצור ושיווק תבלינים בע`מ,IL,פרג שלם,גרמים,100.00,100 גרם,false,,6.90,0.0690,true,1,823522
7290013145062,false,"סירופ מייפל אמיתי 100% מימונס 187 מ""ל",א.ל.ייצור ושיווק תבלינים בעמ,,סירופ מייפל אמיתי 10,מיליליטרים,187.00,"100 מ""ל",false,,19.90,0.1064,true,1,2582734
7290013145093,false,"שקד מולבן גרוס 100 גרם ""מיימונס",א.ל. ייצור ושיווק תבלינים בע`מ,IL,שקד מולבן גרוס,גרמים,100.00,100 גרם,false,,12.90,0.1290,true,1,823525
7290013145116,false,מיימונס שקד מולבן מקלות 100 גרם.,א.ל. ייצור ושיווק תבלינים בע`מ,IL,שקד מולבן מקלות,גרמים,100.00,100 גרם,false,,12.90,0.1290,true,1,823527
7290013145178,false,קוקוס לבן טחון מימונס (100 גרם),א.ל. ייצור ושיווק תבלינים בע`מ,IL,קוקוס טחון לבן,גרמים,100.00,100 גרם,false,,4.50,0.0450,true,1,823533
7290013145192,false,שומשום מיימונס 100 גרם,א.ל. ייצור ושיווק תבלינים בע`מ,IL,שומשום,גרמים,100.00,100 גרם,false,,4.60,0.0460,true,1,823535
7290013145215,false,שומשום מימונס (400 גרם),א.ל.ייצור ושיווק תבלינים בעמ,IL,שומשום 400 גרם,גרמים,400.00,100 גרם,false,,13.90,0.0348,true,1,823537
7290013145277,false,עלים לקרמשניט מימונס 300 גרם,א.ל.ייצור ושיווק תבלינים בעמ,,עלים לקרמשניט 300 גר,גרמים,300.00,100 גרם,false,,15.90,0.0530,true,1,2917565
7290013145390,false,מימונס שוקולד צ'יפס מהדרין 250 גר,א.ל. ייצור ושיווק תבלינים בע`מ,IL,שוקולד צ'יפס,גרמים,250.00,100 גרם,false,,8.90,0.0356,true,1,823551
7290013145406,false,שוקולד צ'יפס לבן מיימונס 250 גרם,א.ל. ייצור ושיווק תבלינים בע`מ,IL,שוקולד צ'יפס לבן,גרמים,250.00,100 גרם,false,,9.90,0.0396,true,1,823552
7290013145437,false,שוקולד מריר מעולה ציפס מימונס 250 ג',א.ל. ייצור ושיווק תבלינים בע`מ,IL,שוקולד צ'יפס 48%,גרמים,250.00,100 גרם,false,,12.90,0.0516,true,1,823555
7290013145444,false,שוקולד מריר מעולה ציפס 66% מימונס 250 ג',א.ל. ייצור ושיווק תבלינים בע`מ,IL,שוקולד צ'יפס 66%,גרמים,250.00,100 גרם,false,,14.90,0.0596,true,1,934418
7290013145451,false,קקאו 150 גר`שקית מימונס,א.ל. ייצור ושיווק תבלינים בע`מ,IL,"קקאו דל שומן 10-12% , 15",גרמים,150.00,100 גרם,false,,8.90,0.0593,true,1,1025514
7290013145536,false,סוכריות לקישוט בטעם שוקולד מיימונס 85 גרם,א.ל. ייצור ושיווק תבלינים בע`מ,IL,סוכריות בטעם שוקולד לקישו,גרמים,85.00,100 גרם,false,,5.50,0.0647,true,1,823559
7290013145567,false,מיימונס מיני מיני עדשים 90 גרם.,א.ל.ייצור ושיווק תבלינים בעמ,IL,מיני מיני עדשים 90 גרם,גרמים,90.00,100 גרם,false,,10.50,0.1167,true,1,823562
7290013145574,false,ערכת קישוט לעוגות מימונס (100 גרם),א.ל. ייצור ושיווק תבלינים בע`מ,IL,ערכה לקישוט (מזרה עיגולים,גרמים,100.00,100 גרם,false,,10.80,0.1080,true,1,823563
7290013145628,false,מימונס סוכריות צבעוניות לקישוט 200 גרם,א.ל. ייצור ושיווק תבלינים בע`מ,IL,סוכריות צבעוניות לקישוט 2,גרמים,200.00,100 גרם,false,,8.90,0.0445,true,1,926849
7290013145642,false,"תמצית וניל טהור 30 מ""ל",,,תמצית וניל טהור 30 מ,מטרים,30.00,100 מ'ל,false,,28.90,0.9633,true,1,6422751
7290013145710,false,דובדבנים מסוכרים מימונס (100 גרם),א.ל. ייצור ושיווק תבלינים בע`מ,IL,דובדבנים מסוכרים,גרמים,100.00,100 גרם,false,,9.60,0.0960,true,1,823567
7290013145826,false,פודניג בטעם וניל לבן במיוחד מימונס 80 ג',א.ל. ייצור ושיווק תבלינים בע`מ,IL,פודינג בטעם וניל לבן במיו,גרמים,80.00,100 גרם,false,,4.90,0.0613,true,1,1025549
7290013145833,false,פודינג שוקולד אמיתי מימונס 80 גרם,א.ל.יצור ושיווקתבלינים בעמ,IL,פודינג שוקולד בלגי 95 גרם,גרמים,95.00,100 גרם,false,,4.90,0.0516,true,1,1025550
7290013145840,false,סוכר וניל מימונס 10יח בצלופן,א.ל. ייצור ושיווק תבלינים בע`מ,IL,סוכר וניל 10 יח' בצלופן,גרמים,116.00,100 גרם,false,,2.20,0.0190,true,1,823575
7290013145857,false,אבקת אפיה מימונס 10יח בצלופן,א.ל. ייצור ושיווק תבלינים בע`מ,IL,אבקת אפיה 10 יח' בצלופן,גרמים,10.00,100 גרם,false,,2.20,0.2200,true,1,823576
7290013145871,false,שמרים יבשים סטיק מימונס 5*11 ג',א.ל. ייצור ושיווק תבלינים בע`מ,IL,שמרים יבשים סטיק 11 גרם 5,גרמים,55.00,100 גרם,false,,9.90,0.1800,true,1,823578
7290013145918,false,אבקת סוכר מיימונס 100 גרם,א.ל. ייצור ושיווק תבלינים בע`מ,IL,אבקת סוכר,גרמים,100.00,100 גרם,false,,1.90,0.0190,true,1,823582
7290013145956,false,שמרים יבשים בוואקום מיימונס 500 גרם,א.ל. ייצור ושיווק תבלינים בע`מ,CN,שמרים יבשים בואקום 500 גר,גרמים,500.00,100 גרם,false,,12.90,0.0258,true,1,833688
7290013145963,false,שמרים יבשים בוואקום מיימונס 125 גרם,א.ל. ייצור ושיווק תבלינים בע`מ,CN,שמרים יבשים בואקום 125 גר,גרמים,125.00,100 גרם,false,,5.50,0.0440,true,1,833689
7290013146014,false,מלית אוכמניות 70% פרי מיימונס 400 גרם,א.ל.יצור ושיווקתבלינים בעמ,IL,מלית אוכמניות 70% פרי,גרמים,400.00,100 גרם,false,,15.90,0.0398,true,1,823587
7290013146021,false,מלית תפוח עץ עם קינמון לדברי מאפה 400 ג',א.ל.יצור ושיווקתבלינים בעמ,IL,מלית תפוח עץ 70% פרי,גרמים,400.00,100 גרם,false,,15.90,0.0398,true,1,5635954
7290013146045,false,םמימונס מלית תות שדה 400 גר,א.ל ייצור ושיווק תבלינים בעמ,,מלית תות שדה 400 גר,גרמים,400.00,100 גרם,false,,15.90,0.0398,true,1,6193937
7290013146083,false,מיימונס מלית חלבה 400 גרם,א.ל ייצור ושיווק תבלינים בעמ,IL,מלית חלבה,גרמים,400.00,100 גרם,false,,15.90,0.0398,true,1,823592
7290013146199,false,מלית קרם נוגט 350 גרם מימונס,א.ל ייצור ושיווק תבלינים בעמ,IL,קרם נוגט,גרמים,350.00,100 גרם,false,,12.90,0.0369,true,1,943178
7290013146304,false,קורנפלור 500 גרם מימונס.,א.ל.ייצור ושיווק תבלינים בעמ,,קורנפלור 500 גר.,גרמים,500.00,100 גרם,false,,6.50,0.0130,true,1,2917566
7290013146403,false,סירופ בטעם קרמל מלוח מימונס 500 גרם,א.ל ייצור ושיווק תבלינים בעמ,,סירופ קרמל מלוח,יח',1.00,יח',false,,16.90,16.9000,true,1,5824402
7290013146489,false,קונוסים מבצק עלים מימונס 120 ג',א.ל ייצור ושיווק תבלינים בעמ,,קונוסים מבצק עלים 12,יח',1.00,יח',false,,14.90,14.9000,true,1,6367865
7290013146656,false,כוכבים תכלת ירוק לבן לקישוט 60 גר`מימונ,א.ל ייצור ושיווק תבלינים בעמ,,כוכבים בצבעים לקישוט,יח',1.00,יח',false,,10.90,10.9000,true,1,6279588
7290013146663,false,אטריות צבעוניות לקישוט מימונס 55 גרם,א.ל ייצור ושיווק תבלינים בעמ,,אטריות צבעוניות לקיש,יח',1.00,יח',false,,11.90,11.9000,true,1,6279589
7290013146670,false,סוכריות לב סגול ורוד לבן לקישוט 60 גרם,א.ל ייצור ושיווק תבלינים בעמ,,סוכריות לב בצבעים לק,יח',1.00,יח',false,,11.90,11.9000,true,1,6279590
7290013146755,false,קצפת צמחי 24% 500 גרם מימונס,קפוא-זן תעשיות מזון בעמ - תפוג,,מימונס קצפת מעולה 24,מיליליטרים,500.00,"100 מ""ל",false,,13.90,0.0278,true,1,6369112
7290013146762,false,מימונס קצפת מעולה 24% מעודנת 200מל,קפוא-זן תעשיות מזון בעמ - תפוג,,מימונס קצפת מעולה 24,מיליליטרים,200.00,"100 מ""ל",false,,6.90,0.0345,true,1,6369113
7290013146816,false,אבקת סוכר שקית 500 מימונס,א.ל ייצור ושיווק תבלינים בעמ,,אבקת סוכר שקית 500 ג,גרמים,500.00,100 גרם,false,,6.90,0.0138,true,1,5541450
7290013146854,false,קוקוס לבן טחון מימונס 400 ג',א.ל. ייצור ושיווק תבלינים בע`מ,,קוקוס לבן 400 גרם,גרמים,400.00,100 גרם,false,,14.90,0.0373,true,1,833690
7290013153418,false,מיץ סחוט טרי 1ל לימונענע פרי גת,החברה המרכזית טלהפצת משקאות בע,IL,סחוט לימונענע 1 ליטר,ליטרים,1.00,ליטר,false,,15.90,15.9000,true,1,1100119
7290013153586,false,"משקה פירות יער קפוא פריגת 340 מ""ל",היינץ צפון אמריקה מק,,מיץ פריגת קפוא 280 מ,מיליליטרים,280.00,"100 מ""ל",false,,9.90,0.0354,true,1,2885478
7290013153593,false,תפוזים מתקתק 100% פריגת 1 ליטר,*החברה המרכזית להפצת משקאותבעמ,,מיץ תפוזים 100% 1לי,ליטרים,1.00,ליטר,false,,10.90,10.9000,true,1,2885479
7290013215017,false,פטריות זוגות חוות השמפניון,ביכורי השדה צפון 1994 ג.ד. בעמ,,פטריות זוגות חוות הש,גרמים,500.00,100 גרם,false,,15.90,0.0318,true,1,831220
7290013267665,false,סולרו מיני קלאסי - פירות טרופיים (חלבי),"מיוצר ע""\י גלידת שטראוס",,מאגדת שלגוני מיני סו,גרמים,354.00,100 גרם,false,,19.50,0.0551,true,1,816963
7290013268020,false,מקסימה מרכך כביסה מרוכז בניחוח אולטרא פרש סנו 1 ליטר,החברה הדרומית לשיווק בעמ,,מקסימה מרכך כביסה מר,ליטרים,1.00,ליטר,false,,17.50,17.5000,true,1,810199
7290013268037,false,מקסימה מרכך כביסה מרוכז בניחוח לבנדר פצ'ולי סנו 1 ליטר,החברה הדרומית לשיווק בעמ,,מקסימה מרכך כביסה מר,ליטרים,1.00,ליטר,false,,17.50,17.5000,true,1,810200
7290013268242,false,תרכיז ריחני לניקוי רצפות בריח מלון מפנק ריצפז פרש,החברה הדרומית לשיווק בעמ,,ריצפז פרש הום 2 לי,ליטרים,2.00,ליטר,false,,19.80,9.9000,true,1,6159252
7290013268372,false,פוליוויקס פרקט סנו בתוספת שמן ארגן (2 לי,החברה הדרומית לשיווק בעמ,,פוליויקס נוזל לניקוי,ליטרים,2.00,ליטר,false,,19.90,9.9500,true,1,6299058
7290013268884,false,"נוזל רצפות מאסק 2 ליטר ""ריצפז פרש""",החברה הדרומית לשיווק בעמ,,ריצפז פרש 2 ליטר בני,ליטרים,2.00,ליטר,false,,16.90,8.4500,true,1,810247
7290013268907,false,ג'ל כביסה ביו בטמפרטורות נמוכות,החברה הדרומית לשיווק בעמ,,מקסימה ג'ל כביסה ביו,ליטרים,3.00,ליטר,false,,28.90,9.6333,true,1,810249
7290013268983,false,מרכך כביסה סופר מרוכז בבישום עוצמתי סנו מקסימה 1 ל',החברה הדרומית לשיווק בעמ,,מקסימה מרכך כביסה מר,מטרים,1000.00,100 מ'ל,false,,17.50,0.0175,true,1,6384023
7290013268990,false,מרכך כביסה מרוכז לבן ביו סנו מקסימה 1 ליטר,החברה הדרומית לשיווק בעמ,,מרכך כביסה מרוכז לבן,ליטרים,1.00,ליטר,false,,17.50,17.5000,true,1,810253
7290013269003,false,מרכך כביסה סופר מרוכז בייבי לתינוקות ולעור רגיש,החברה הדרומית לשיווק בעמ,,מקסימה מרכך כביסה מר,ליטרים,1.00,ליטר,false,,17.50,17.5000,true,1,810254
7290013269157,false,"מרכך מבשם למייבש כביסה לבנדר סנו מקסימה 750 מ""ל",החב הדרומית לשיווק,,סנו מקסימה לבנדר מרכ,מיליליטרים,750.00,"100 מ""ל",false,,16.30,0.0217,true,1,810262
7290013269263,false,ג'ל כביסה מרוכז מקסימה בבישום קריסטל נואר,החברה הדרומית לשיווק בעמ,,מקסימה ג'ל כביסה קרי,ליטרים,3.00,ליטר,false,,28.90,9.6333,true,1,810267
7290013269287,false,סנו - מקסימה ג'ל כביסה מרוכז מאסק 3 ליטר,החברה הדרומית לשיווק בעמ,,מקסימה ג'ל כביסה מאס,ליטרים,3.00,ליטר,false,,28.90,9.6333,true,1,810269
7290013269621,false,ריצפז פרש לניקוי רצפות בניחוח מלון בוטיק,החברה הדרומית לשיווק בעמ,,ריצפז פרש הום 2 לי,ליטרים,2.00,ליטר,false,,19.80,9.9000,true,1,5084917
7290013269645,false,ריצפז פרש מטליות לחות לריצפה בניחוח מאסק 10 יחידות,החברה הדרומית לשיווק בעמ,,ריצפז פרש מטליות לחו,יח',10.00,יח',false,,10.90,1.0900,true,1,879178
7290013269652,false,פוליויקס נוזל לניקוי רצפות גרניט פורצלן סנו 2 ליטר,החברה הדרומית לשיווק בעמ,,פוליויקס נוזל לניקוי,ליטרים,2.00,ליטר,false,,14.90,7.4500,true,1,810279
7290013269690,false,סנובון ג'ל לניקוי האסלה בניחוח לימון,החברה הדרומית לשיווק בעמ,,סנובון ג'ל לימון,מטרים,55.00,100 מ'ל,false,,5.90,0.1073,true,1,810281
7290013269751,false,מטליות לחותריצפז פרש לניקוי ריצפה בניחות מלון בוטיק 10 יח' סנו,החברה הדרומית לשיווק בעמ,,ריצפז פרש מטליות לחו,יח',10.00,יח',false,,10.90,1.0900,true,1,5085248
7290013269850,false,נייר אפיה אקולוגי סנו סושי 50 יחידות,החברה הדרומית לשיווק בעמ,,נייר אפיה אקולוגי סנ,יח',50.00,יח',false,,13.90,0.2780,true,1,810285
7290013269867,false,סנו סושי זוג מפות אירוח צבעים שונים,החברה הדרומית לשיווק בעמ,,סנו סושי זוג מפות אי,יח',2.00,יח',false,,9.90,4.9500,true,1,869305
7290013284082,false,פריניר זית מושחר ללא גלעין 275 גרם,אבאל יזמות בעמ,,פריניר זית מושחר ללא,גרמים,275.00,100 גרם,false,,6.90,0.0251,true,1,811434
7290013284105,false,פריניר זיתים טבעות ירוק a2,אבאל יזמות בעמ,,זיתים ירוקים טבעות 5,גרמים,560.00,100 גרם,false,,7.90,0.0141,true,1,5056915
7290013284112,false,פריניר זיתים חרוזית ירוק a2,פריניר ( הדס 1987) ב,,זיתים חרוזית ירוק 56,גרמים,560.00,100 גרם,false,,6.90,0.0123,true,1,811436
7290013284136,false,פריניר מלפפון במלח 7-9 560ג.,אבאל יזמות בעמ,,מלפפון במלח 7-9 560,גרמים,560.00,100 גרם,false,,5.30,0.0095,true,1,811438
7290013284143,false,פריניר מלפפונים במלח 10-12 560ג.,אבאל יזמות בעמ,,מלפפון במלח 10-12 32,גרמים,320.00,100 גרם,false,,6.40,0.0200,true,1,811439
7290013284150,false,פריניר מלפפונים במלח 13-17 560ג,אבאל יזמות בעמ,,מלפפון במלח 13-17 32,גרמים,320.00,100 גרם,false,,6.40,0.0200,true,1,811440
7290013284174,false,פריניר מלפפונים בחומץ 7-9 560גר.,אבאל יזמות בעמ,,מלפפון בחומץ 7-9 560,גרמים,560.00,100 גרם,false,,5.30,0.0095,true,1,811442
7290013284181,false,פריניר מלפפונים בחומץ10-12 560ג.,אבאל יזמות בעמ,,מלפפון בחומץ 10-12 2,גרמים,290.00,100 גרם,false,,6.40,0.0221,true,1,811443
7290013284198,false,פריניר מלפפון בחומץ 13-17,פריניר ( הדס 1987) ב,,מלפפון בחומץ 13-17 2,גרמים,290.00,100 גרם,false,,6.40,0.0221,true,1,811444
7290013284303,false,פריניר זית ירוק גדול 560גר,,,פריניר זית ירוק גדול,גרמים,560.00,100 גרם,false,,6.70,0.0120,true,1,3635084
7290013284310,false,רוטב פסטה לילדים פריניר 240 גרם,ח.כהן סוכנות מזון ומשקאות בע,,רוטב פסטה לילדים 240,גרמים,240.00,100 גרם,false,,4.90,0.0204,true,1,852430
7290013284662,false,רוטב פיצה פיתה לילדים 240 ג' פריניר,ח.כהן סוכנות מזון ומשקאות בע,,רוטב פיצה פיתה 240 ג,גרמים,240.00,100 גרם,false,,4.90,0.0204,true,1,981657
7290013284808,false,פרי ניר זיתים ירוקים מבוקעים 340 גרם,פרי ניר,,פרי ניר זיתים ירוקים,גרמים,340.00,100 גרם,false,,7.90,0.0232,true,1,3635088
7290013302236,false,פסטה בילאג'יו פרפלה 500 גרם טעמן,מוצרי יסוד - טעמן,,טעמן פסטה פרפלה גמבו,גרמים,500.00,100 גרם,false,,3.90,0.0078,true,1,806406
7290013302243,false,פסטה בילאג'יו מסולסלת 500גרם טעמן,מוצרי יסוד - טעמן,,טעמן פסטה מסולסלת 50,גרמים,500.00,100 גרם,false,,3.90,0.0078,true,1,806407
7290013302267,false,מארז מחית תפוח ללא סוכר 190 גרם*6 יח' פריטוב,טעמן,,מחית תפוחי עץ שלב 3,קילוגרמים,1.14,"ק""ג",false,,22.90,20.0877,true,1,806409
7290013358004,false,גריזלי גריל 70 ג רמי לוי,,,גריזלי גריל 70 ג רמי,יח',1.00,יח',false,,2.50,2.5000,true,1,6273007
7290013358011,false,גריזלי ברבקיו 70 ג רמי לוי,,,גריזלי ברבקיו 70 ג ר,יח',1.00,יח',false,,2.50,2.5000,true,1,6273008
7290013358028,false,גריזלי בצל 70 גרם רמי לוי,,,גריזלי בצל 70 גרם רמ,יח',1.00,יח',false,,2.50,2.5000,true,1,6273009
7290013358059,false,גריזלי פלאפל 70 גרם רמי לוי,,,גריזלי פלאפל 70 גרם,יח',1.00,יח',false,,2.50,2.5000,true,1,6273010
7290013358066,false,גריזלי פיצה 70 גרם רמי לוי,,,גריזלי פיצה 70 גרם ר,יח',1.00,יח',false,,2.50,2.5000,true,1,6273011
7290013358356,false,פירורי לחם מוזהבים מאסטר שף (320גרם),ש. שסטוביץ בע`מ,,מאסטר שף פירורי לחם,גרמים,320.00,100 גרם,false,,6.90,0.0216,true,1,804898
7290013358363,false,מאסטר שף פרורי לחם פנקו עבים בסגנון יפני 300 גר,קריניציה ויטמינה אס,,מאסטר שף פרורי לחם פ,גרמים,300.00,100 גרם,false,,9.80,0.0327,true,1,804899
7290013358431,false,קרוטונים לסלט מאסטר שף בטעם עגבניות ובזיליקום 200 גרם,עינת תעשיות מזון אגו,,מאסטר שף קרוטונים לס,גרמים,200.00,100 גרם,false,,11.80,0.0590,true,1,880883
7290013358448,false,"קרוטונים לסלט אקסטרה ארוכים בתיבול שום, בצל ופטרוזיליה",עינת תעשיות מזון אגו,,מאסטר שף קרוטונים לס,גרמים,200.00,100 גרם,false,,11.80,0.0590,true,1,880884
7290013358486,false,מאסטר שף פירורים מוזהבים ללא צורך בביצה 300 ג,"מיוצר ע""י מנה י.א בע",,מאסטר שף פרורי לחם מ,גרמים,300.00,100 גרם,false,,4.90,0.0163,true,1,948269
7290013358493,false,מאסטר שף אסייאתי קרם קוקוס פחית 400 מל,תאי קוקונט פבליק קומפני,,מאסטר שף קרם קוקוס ב,מיליליטרים,400.00,"100 מ""ל",false,,8.90,0.0223,true,1,1026122
7290013358523,false,מאסטר שף שבבי בצל מטוגן 150 גרם,קריניציה ויטמינה אס,,מאסטר שף שבבי בצל מט,גרמים,150.00,100 גרם,false,,13.80,0.0920,true,1,940477
7290013358547,false,מאסטר שף אסייאתי רוטב צ'ילי חריף 700 מל כשלפ,קי.אר.אס. ספייסי פוד,,מאסטר שף רוטב צ'ילי,מיליליטרים,700.00,"100 מ""ל",false,,11.80,0.0169,true,1,1026124
7290013358806,false,מנה מאגדת פריכיות אורז עם מלח 264 גרם,ש. שסטוביץ בע`מ,,מנה מאגדת פריכיות עם,גרמים,264.00,100 גרם,false,,10.90,0.0413,true,1,890356
7290013430083,false,"בירה אלכסנדר בלונד בקבוק 330 מ""ל",מנדלז סי.אר. פרודקשן,,אלכסנדר בלונד בירה 3,מיליליטרים,330.00,"100 מ""ל",false,,12.90,0.0391,true,1,6362182
7290013453631,false,דני וגלית עוגיות חמאת בוטנים שוקולדצ'יפס מפצפוצי אורז מלא 230 גרם,האי נאם סי או אל.טי.,,עוגיות חמאת בוטנים ש,גרמים,230.00,100 גרם,false,,25.50,0.1109,true,1,6299298
7290013472892,false,בולגריה קוביות במי מלח - מרכיבי חלב ושומן צמחי,ג.וילי-פוד אינטרנשיונל **גבינו,,הבולגריה בולגרית 22%,גרמים,200.00,100 גרם,false,,9.90,0.0495,true,1,813498
7290013472908,false,הבולגריה בקוביות ויליפוד 400 גרם,ג.וילי-פוד אינטרנשיונל **גבינו,,בולגרית בקוביות 400,גרמים,400.00,100 גרם,false,,19.90,0.0497,true,1,813499
7290013492005,false,תפוח אדמה אדום למיקרו 600 ג',ביכורי השדה צפון 1994 ג.ד. בעמ,,"תפו""א מזן מובחר ארוז",גרמים,700.00,100 גרם,false,,6.90,0.0099,true,1,942524
7290013520463,false,לחם בריאות ושובע כוס,מאפיית הראשונים מ.ל. בעמ,,לחם כוסמין 100% 600,גרמים,600.00,100 גרם,false,,15.70,0.0262,true,1,1343121
7290013520500,false,לחמניה ביס כוסמין מלא 8יח,מאפיית אגמי,,לחמניה ביס כוסמין מל,גרמים,400.00,100 גרם,false,,15.70,0.0392,true,1,3190251
7290013521101,false,פסטה כוסמין אורגנית תרד 350 גרם,השדה מוצרים אורגניים,,פסטה כוסמין אורגנית,גרמים,350.00,100 גרם,false,,19.90,0.0569,true,1,6305687
7290013521415,false,אבקת מרק אורגני 20 בטעם עוף 200 גר,השדה מוצרים אורגניים,,אבקת מרק בטעם עוף או,יח',1.00,יח',false,,23.70,23.7000,true,1,944021
7290013531117,false,רוטב פסטה לילדים יכין (240 גר`),"זנלכל בע""\מ",,רוטב פסטה לילדים 240,גרמים,240.00,100 גרם,false,,5.50,0.0229,true,1,815097
7290013531346,false,סירופ דיאט בטעם לימונענע יכין 1 ליטר,זנלכול יכין,,סירופ דיאט בטעם לימו,ליטרים,1.00,ליטר,false,,16.70,16.7000,true,1,815101
7290013531377,false,תורמוס A2 יכין בית יוסף,היינץ צפון אמריקה מק,,תורמוס יכין 560 גרם,גרמים,265.00,100 גרם,false,,8.50,0.0321,true,1,815104
7290013531582,false,מארז זיתים ירוקים מגולענים יכין 200 גרם,זנלכל בעמ,,זיתים ירוקים מגולעני,גרמים,255.00,100 גרם,false,,11.90,0.0467,true,1,2408062
7290013531612,false,רוטב לפסטה נפוליטנה יכין 240 גרם,זנלכול יכין,,רוטב לפסטה נפוליטנה,גרמים,240.00,100 גרם,false,,5.50,0.0229,true,1,1027745
7290013531629,false,רוטב לפסטה פומודורו 240 גרם יכין,היינץ צפון אמריקה מק,,רוטב לפסטה פומדורו 2,גרמים,240.00,100 גרם,false,,5.50,0.0229,true,1,1027746
7290013531759,false,שעועית לבנה מבושלת במים יכין (550 גרם),זנלכול יכין,,שעועית לבנה במים יכי,גרמים,330.00,100 גרם,false,,8.90,0.0270,true,1,1018426
7290013584328,false,פקדון בקבוק בירה ריק,,,בקבוק בירה חוזר ריק,יח',1.00,יח',false,,1.20,1.2000,true,1,929480
7290013585233,false,"ספרייט זירו פחית סליק 330 מ""ל",החברה המרכזית להפצת משקאות בעמ,,ספרייט זירו פחית 330,מיליליטרים,330.00,"100 מ""ל",false,,3.50,0.0106,true,1,1034963
7290013585387,false,בקבוק זירו קוקה-קולה (1 ליטר),החברה המרכזית להפצת משקאות בעמ,,קולה זירו 1ליטר בודד,ליטרים,1.00,ליטר,false,,6.50,6.5000,true,1,1027452
7290013585394,false,בקבוק קוקה-קולה (1 ליטר),החברה המרכזית להפצת משקאות בעמ,,קוקה קולה 1ליטר בודד,ליטרים,1.00,ליטר,false,,6.90,6.9000,true,1,1027453
7290013585967,false,מארז ספרייט זירו Fridge Pack פחית 6*33,החברה המרכזית להפצת משקאות בעמ,,מארז ספרייט זירו 6 י,ליטרים,1.98,ליטר,false,,21.90,11.0606,true,1,1263410
7290013608260,false,מיץ רימונים 100%מיץ סחוט טרי מצונן 1ליט,שטראוס גרופ בעמ/מצונן,,מיץ רימונים סחוט פרי,ליטרים,1.00,ליטר,false,,20.90,20.9000,true,1,948894
7290013608482,false,נקטר מנגו פרימור 1 ליטר,דיפלומט,,פרימור נקטר מנגו 1לי,ליטרים,1.00,ליטר,false,,7.80,7.8000,true,1,2290664
7290013608550,false,נקטר תפוזים פרימור 1 ליטר,סטאר סנקס,,פרימור נקטר תפוזים 1,ליטרים,1.00,ליטר,false,,7.80,7.8000,true,1,2290666
7290013608635,false,משקה לימונים עם נענע פרימור 1 ליטר,סטאר סנקס,,פרימור משקה לימונים,ליטרים,1.00,ליטר,false,,7.80,7.8000,true,1,2511815
7290013608673,false,נקטר תפוחי עץ פרימור 1 ליטר,סטאר סנקס,,פרימור נקטר תפוחי עץ,ליטרים,1.00,ליטר,false,,7.80,7.8000,true,1,2290668
7290013608680,false,מיץ עגבניות פרימור 1 ליטר,סטאר סנקס,,פרימור מיץ עגבניות 1,ליטרים,1.00,ליטר,false,,5.90,5.9000,true,1,2290669
7290013625403,false,חצאי אפרסק צ'ויס בסירופ 470גרם,טעמן שווק מזון בעמ,,חצאי אפרסק צ'ויס בסי,גרמים,470.00,100 גרם,false,,12.90,0.0274,true,1,806492
7290013625410,false,פלחי אפרסק צ'ויס בסירופ 820גרם,טעמן שווק מזון בעמ,,פלחי אפרסק צ'ויס בסי,גרמים,820.00,100 גרם,false,,12.90,0.0157,true,1,806493
7290013625458,false,פטריות שמפיניון שלמות טעמן 400 גרם,טעמן שיווק מזון בעמ,,פטריות שלמות 400 גרם,גרמים,400.00,100 גרם,false,,7.90,0.0198,true,1,6440322
7290013645371,false,עוגיות שוקולד ציפס ללא גלוטן 200,גורי מוצרי צריכה (1991) בעמ,IL,עוגיות שוקולד ציפס 2,גרמים,200.00,100 גרם,false,,16.90,0.0845,true,1,1165497
7290013652157,false,"ד""ר פישר - נטורל קר מגבונים להסרת איפור לעור רגיל יבש 30 יח' * 3","פישר תעשיות פרמצביטות בע""מ",IL,נטורל קר שלישיית מגבונים,יח',90.00,יח',false,,19.90,0.2211,true,1,828253
7290013652164,false,"ד""ר פישר - נטורל קר מגבונים להסרת איפור לעור רגיש 30 יח' * 3",פישר תעשיות פרמצבטיות בעמ,IL,נטורל קר שלישיית מגבונים,יח',90.00,יח',false,,19.90,0.2211,true,1,828254
7290013652171,false,"ד""ר פישר - נטורל קר מגבונים להסרת איפור לעור שמן מעורב 30 יח' * 3","פישר תעשיות פרמצביטות בע""מ",IL,נטורל קר שלישיית מגבונים,יח',90.00,יח',false,,19.90,0.2211,true,1,828255
7290013652768,false,"מסכת החייאה לשיער יבש, צבוע ופגום Natural care","פישר תעשיות פרמבצטיות בע""מ",IL,נטורל קר מסכה לשיער יבש/צ,גרמים,450.00,100 גרם,false,,35.00,0.0778,true,1,828261
7290013652843,false,נטורל קר שמפו לשיער רגיל- ורדים וחלב רימונים,"פישר תעשיות פרמבצטיות בע""מ",IL,נטורל קר שמפו לשיער רגיל,מיליליטרים,700.00,"100 מ""ל",false,,18.90,0.0270,true,1,828269
7290013652874,false,נטורל קר מרכך לשיער רגיל- ורדים וחלב רימונים,"פישר תעשיות פרמבצטיות בע""מ",IL,נטורל קר מרכך לשיער רגיל,מיליליטרים,700.00,"100 מ""ל",false,,18.90,0.0270,true,1,828272
7290013652935,false,נטורל קר שמפו לשיער רגיל- יסמין ופרחי מגנוליה,פישר תעשיות פרמבצטיות בעמ,IL,נטורל קר שמפו לשיער רגיל,מיליליטרים,700.00,"100 מ""ל",false,,18.90,0.0270,true,1,828278
7290013675545,false,"שניצל כלי תחבורה ""מאמא עוף"" 700 גרם",תנובה גליל שותפות מוגבלת,,שניצל כלי תחבורה 700,גרמים,700.00,100 גרם,false,,29.90,0.0427,true,1,4302402
7290013702036,false,שוופס וואטר אפרסק 500 מל,יפאורה שותפות מוגבלת לשיווק,,שוופס וואטר אפרסק 50,מיליליטרים,500.00,"100 מ""ל",false,,4.80,0.0096,true,1,3564987
7290013702050,false,"שוופס וואטר ענבים 500מ""ל",יפאורה שותפות מוגבלת לשיווק,,שוופס וואטר ענבים 50,מיליליטרים,500.00,"100 מ""ל",false,,4.80,0.0096,true,1,3564988
7290013702388,false,"שוופס וואטר תפוח 500מ""ל",יפאורה שותפות מובגלת לשיווק,,שוופס ווטר תפוח 500מ,מיליליטרים,500.00,"100 מ""ל",false,,4.80,0.0096,true,1,3564989
7290013713025,false,"בירה ג'מס פילס בקבוק 330 מ""ל",אגודת הכורמים,,ג'ימס בירה פילס 330,מטרים,330.00,100 מ'ל,false,,12.90,0.0391,true,1,6441180
7290013713032,false,"בירה ג'מס חיטה בקבוק 330 מ""ל",אגודת הכורמים -כרמל מזרחי,,ג'ימס בירה חיטה 330,מטרים,330.00,100 מ'ל,false,,12.90,0.0391,true,1,6441181
7290013771131,false,שומרון לאבנה עיזים 5,מיוצר עי קונדיטוריית,,לאבנה עיזים 5% 250 ג,גרמים,250.00,100 גרם,false,,14.90,0.0596,true,1,2303198
7290013771216,false,פטאקי 16% גבינות השומרון,מיוצר עי קונדיטוריית,,פטאקי 16% גבינות השו,גרמים,250.00,100 גרם,false,,13.90,0.0556,true,1,868520
7290013771384,false,יוגורט יווני השומרון,מיוצר עי קונדיטוריית,,יוגורט יווני 400 גר,גרמים,400.00,100 גרם,false,,10.90,0.0273,true,1,2303199
7290013771414,false,לאבנה 5% שמן זית וזע,,,לאבנה 5% שמן זית וזע,גרמים,250.00,100 גרם,false,,9.90,0.0396,true,1,4253248
7290013771438,false,צפתית מעודנת 5% 200גר רמילוי,,,צפתית מעודנת 5% 200ג,גרמים,200.00,100 גרם,false,,10.90,0.0545,true,1,4253250
7290013771445,false,ריקוטה 5% 250גר רמילוי,,,ריקוטה 5% 250גר רמיל,גרמים,250.00,100 גרם,false,,10.90,0.0436,true,1,4253251
7290013771452,false,לאבנה 5% שמן זית וזע,,,לאבנה 5% שמן זית וזע,גרמים,500.00,100 גרם,false,,15.90,0.0318,true,1,4253252
7290013771469,false,בולגרית קלאסית 5% 250גר רמילוי,,,בולגרית קלאסית 5% 25,גרמים,250.00,100 גרם,false,,14.90,0.0596,true,1,4253253
7290013771476,false,פטאקי 16% סגנון יווני 250גר רמילוי,,,פטאקי 16% סגנון יוונ,גרמים,250.00,100 גרם,false,,13.90,0.0556,true,1,4253254
7290013771483,false,בולגרית מעודנת 5% 250גר רמילוי,,,בולגרית מעודנת 5% 25,גרמים,250.00,100 גרם,false,,15.90,0.0636,true,1,4253255
7290013771490,false,גבינת שמנת טבעי 25% 200גר רמילוי,,,גבינת שמנת טבעי 25%,גרמים,200.00,100 גרם,false,,9.90,0.0495,true,1,4253256
7290013771506,false,גבינת שמנת שום שמיר 25% 200גר רמילוי,,,גבינת שמנת שום שמיר,גרמים,200.00,100 גרם,false,,9.90,0.0495,true,1,4253257
7290013787132,false,רוטב שמנת בטטה 220מל רמילוי,,,רוטב שמנת בטטה 220מל,מיליליטרים,220.00,"100 מ""ל",false,,13.90,0.0632,true,1,5646270
7290013787378,false,רביולי ארטישוק ריקוטה 400ג רמילוי,,,רביולי ארטישוק ריקוט,גרמים,400.00,100 גרם,false,,21.90,0.0547,true,1,5646272
7290013787385,false,רביולי סלק ריקוטה 400ג רמילוי,,,רביולי סלק ריקוטה 40,גרמים,400.00,100 גרם,false,,21.90,0.0547,true,1,5646273
7290013787392,false,רביולי גבינות קלאסי 330 גרם ריקו בית יוסף,דודו איטליאן פרודקטס בע\,,רביולי גבינות קלאסי,גרמים,330.00,100 גרם,false,,21.80,0.0661,true,1,6344466
7290013787422,false,רביולי פלין פטריות - כמהין 330 גרם ריקו בית יוסף,דודו איטליאן פרודקטס בע\,,רביולי פטריות כמהין,גרמים,330.00,100 גרם,false,,22.80,0.0691,true,1,6344467
7290013787736,false,רביולי במילוי גבינה 400 רמילוי,,,רביולי במילוי גבינה,גרמים,400.00,100 גרם,false,,21.90,0.0547,true,1,4409076
7290013787743,false,רביולי במילוי בטטה 400 רמילוי,,,רביולי במילוי בטטה 4,גרמים,400.00,100 גרם,false,,21.90,0.0547,true,1,4409077
7290013787750,false,רביולי בטטה ומסקרפונה 400 רמילוי,,,רביולי בטטה ומסקרפונ,גרמים,400.00,100 גרם,false,,21.90,0.0547,true,1,4409078
7290013787767,false,רביולי ריקוטה ותרד 400 רמילוי,,,רביולי ריקוטה ותרד 4,גרמים,400.00,100 גרם,false,,21.90,0.0547,true,1,4409079
7290013787804,false,רוטב רוזה 220ג רמילו,,,רוטב רוזה 220ג רמילו,גרמים,220.00,100 גרם,false,,13.90,0.0632,true,1,4464661
7290013787811,false,רוטב פטריות 220ג רמילוי,,,רוטב פטריות 220ג רמי,גרמים,220.00,100 גרם,false,,13.90,0.0632,true,1,4464662
7290013787828,false,רוטב אלפרדו 220ג רמילוי,,,רוטב אלפרדו 220ג רמי,גרמים,220.00,100 גרם,false,,13.90,0.0632,true,1,4464663
7290013809063,false,קלין שלישיית סבון אס,,,קלין שלישיית סבון אס,יחידה,0.00,יחידה,false,,7.90,0.0000,true,1,816687
7290013809070,false,קלין שקיות אשפה ירוק,קלין,,קלין שקיות אשפה ירוק,יחידה,0.00,יחידה,false,,5.90,0.0000,true,1,816688
7290013809087,false,קלין שקיות אשפה ירוק 77/90,קלין,,קלין שקיות אשפה ירוק,יחידה,0.00,יחידה,false,,7.90,0.0000,true,1,816689
7290013809414,false,קרם לניקוי כללי קלין,קלין,,קרם לניקוי כללי קלין,גרמים,775.00,100 גרם,false,,4.90,0.0063,true,1,816694
7290013809902,false,מטליות לחות לחיטוי ו,קלין,,מטליות לחות לחיטוי ו,יחידה,0.00,יחידה,false,,4.90,0.0000,true,1,858668
7290013847119,false,טונה סטארקיסט בשמן קנולה רביעיות בישול י,דיפלומט מפיצים (1968) בעמ**,IL,"טונה SK בשמן קנולה 160 ב""",גרמים,640.00,100 גרם,false,,24.90,0.0389,true,1,867674
7290013847386,false,סטארקיסט נתחי טונה בהירה במים ושמן קנולה בטעם טבעי 140 גרם,"סטארקיסט פודור בע""מ",,טונה סטרקיסט לייט 98,גרמים,98.00,100 גרם,false,,6.90,0.0704,true,1,4009059
7290013847409,false,סטארקיסט לייט נתחי טונה בהירה במים ושמן קנולה עם לימון ופלפל חריף 140 גרם,סטארקיסט דיפלומט היינץ,,טונה סטרקיסט לייט 4%,גרמים,98.00,100 גרם,false,,6.90,0.0704,true,1,4009061
7290013847645,false,סטארקיסט טונה בשמן זית 80 גר' שלישיות,סטארקיסט Starkist,,טונה סטארקיסט שלישיי,גרמים,80.00,100 גרם,false,,16.90,0.2112,true,1,4786677
7290013847980,false,"טונה סטארקיסט שפע 425גר בד""ץ**מבצע**",סטארקיסט דיפלומט היינץ,,טונה סטארקיסט שפע 42,גרמים,425.00,100 גרם,false,,15.90,0.0374,true,1,5755644
7290013848017,false,תרסיס ניקוי והברקת נירוסטה,החברה הדרומית לשיווק בעמ,,סנו ניקוי והברקת ניר,מיליליטרים,500.00,"100 מ""ל",false,,19.90,0.0398,true,1,4675594
7290013848345,false,מארז מטליות לחיטוי וניקוי יסודי אנטיבקטריאלי 99.9%,החברה הדרומית לשיווק בעמ,,סנו מטליות לחיטוי ול,יח',1.00,יח',false,,19.90,19.9000,true,1,5432861
7290013848383,false,קרמה מן גל רחצה אקטיב בלוק 700 מל לגבר,החברה הדרומית לשיווק בעמ,,ג'ל רחצה קרמה מן אקט,מיליליטרים,700.00,"100 מ""ל",false,,14.90,0.0213,true,1,853860
7290013848611,false,רדיד אלומיניום סנו סושי (61 מטר),החברה הדרומית לשיווק בעמ,,רדידי אלומניום סנו ס,יח',1.00,יח',false,,39.90,39.9000,true,1,810314
7290013848758,false,מקסימה גל כביסה מרוכז בייבי 3ליטר סנסטיב,החברה הדרומית לשיווק בעמ,,סנו מקסימה ג'ל מרוכז,ליטרים,3.00,ליטר,false,,32.80,10.9333,true,1,900651
7290013883407,false,"דזיטול מרסס לחיטוי כללי יעקבי 750 מ""ל",יעקב יעקבי ובניו בע`מ,,דזיטול מחטא ומשמיד ח,מיליליטרים,750.00,"100 מ""ל",false,,11.90,0.0159,true,1,812665
7290013903310,false,טופו אורגני 500 יח 2 יח נפרדות ליב,ל.י.ב. (לחיות יותר בטבע) בעמ,,ליב טופו אורגני 500,גרמים,500.00,100 גרם,false,,17.90,0.0358,true,1,6474340
7290013903327,false,טופו טבעי 500 יח 2 יח נפרדות ליב,ל.י.ב. (לחיות יותר בטבע) בעמ,,טופו 500גרם ליב טבעי,גרמים,500.00,100 גרם,false,,14.90,0.0298,true,1,6193936
7290013906205,false,פסטרמה עם שום וצילי טירת צבי 400 ג',תנובה מרכז שיתופי לשיווק תוצרת,,פסטרמה שום וצ'לי 400,גרמים,400.00,100 גרם,false,,25.90,0.0647,true,1,847581
7290013906236,false,סלמי גלבוע טירת צבי 400 גרם,תנובה מרכז שיתופי לשיווק תוצרת,,סלמי גלבוע 400 גר,גרמים,400.00,100 גרם,false,,19.90,0.0497,true,1,899405
7290013906458,false,קבנוס בטעם פיקנטי טירת צבי 120 גרם,תנובה מרכז שיתופי לשיווק תוצרת,,קבנוס 120 ג,גרמים,120.00,100 גרם,false,,9.90,0.0825,true,1,877793
7290013906489,false,חטיפי מיני קבנוס טירת צבי 120 גרם,תנובה מרכז שיתופי לשיווק תוצרת,,חטיפי קבנוס 120 ג,גרמים,120.00,100 גרם,false,,8.90,0.0742,true,1,877796
7290013906496,false,פסטרמה עגל בסגנון רומני טירת צבי 120 גר,הנסיך- מפעל לייצור ט,,פסטרמה עגל רומנית 12,גרמים,120.00,100 גרם,false,,13.90,0.1158,true,1,985971
7290013906687,false,פסט' צמד כפרית ברביקיו ודבש 300X2ג' טירת צבי,תנובה מרכז שיתופי לשיווק תוצרת,,צמד כפרי ברביקיו ודב,גרמים,600.00,100 גרם,false,,24.90,0.0415,true,1,1054325
7290013906694,false,נקניקיות שקית קילו וחצי טירת צבי,תנובה מרכז שיתופי לשיווק תוצרת,,"נקניקיות עוף 1.5 ק""ג",גרמים,1500.00,100 גרם,false,,29.90,0.0199,true,1,6430602
7290013906700,false,"נקניקיות הודו טירת צבי כשרות הרב מחפוד 1.5 ק""ג",תנובה מרכז שיתופי לשיווק תוצרת,,נקניקיות הודו מחפוד,גרמים,1500.00,100 גרם,false,,29.90,0.0199,true,1,6430603
7290013906939,false,קורנביף טירת צבי מחפוד 120 גרם,טיב טירת צבי 2000,,קורנביף 120 גר,גרמים,120.00,100 גרם,false,,13.90,0.1158,true,1,3344772
7290013906991,false,סלמי מהדרין 400 גרם מחפוד טירת צבי,טיב טירת צבי 2000,IL,סלמי מהדרין 400ג מחפ,גרמים,400.00,100 גרם,false,,15.90,0.0398,true,1,1075751
7290013994042,false,זרעי פשתן אורגניים הרדוף 300 גרם,אול אורגני,,זירעי פשתן אורגניים,גרמים,300.00,100 גרם,false,,6.90,0.0230,true,1,949201
7290013994585,false,גרעיני דלעת קלופים אורגניים 300 גרם הרדוף,אול אורגני,,גרעיני דלעת קלופים א,גרמים,300.00,100 גרם,false,,16.90,0.0563,true,1,6305746
7290013994653,false,קינואה רויאל אורגני 500 גרם - הרדוף,אול אורגני,,קינואה רויאל אורגני,גרמים,500.00,100 גרם,false,,17.90,0.0358,true,1,6305747
7290014002128,false,תה ירוק לימונית ומנטה 25 שקיקים ויסוצקי,תה ויסוצקי (ישראל)בעמ,,תה ירוק לימונית מנטה,25 יח',1.00,25 יח',false,,22.90,22.9000,true,1,813786
7290014002135,false,תה ירוק מיקס 5 טעמים ויסוצקי 25 יחידות,תה ויסוצקי (ישראל) בעמ,,תה ירוק מיקס,25 יח',1.00,25 יח',false,,22.90,22.9000,true,1,813787
7290014002197,false,חליטת קמומיל ולימונית הגן הקסום ויסוצקי 25 יחידות,תה ויסוצקי (ישראל) בעמ,,חליטת קמומיל ולימוני,יח',25.00,יח',false,,16.90,0.6760,true,1,813789
7290014002203,false,חליטת לימונית ולואיזה הגן הקסום ויסוצקי 25 יחידות,תה ויסוצקי (ישראל) בעמ,,חליטת לימונית ולואיז,יח',25.00,יח',false,,16.90,0.6760,true,1,813790
7290014002579,false,תה ירוק וניל ויסוצקי 25 יחידות,תה ויסוצקי (ישראל)בעמ,,תה ירוק וניל 25 יחיד,יח',25.00,יח',false,,22.90,0.9160,true,1,852851
7290014002944,false,גן קסום חליטת פירות וצמחים חמדת שקד 25 שקיקים,תה ויסוצקי (ישראל) בעמ,,הגן הקסום חמדת השקד,יח',25.00,יח',false,,16.90,0.6760,true,1,968235
7290014002982,false,תה ירוק לימונית ולואיזה ויסוצקי 25 יחידות תוספת סטיביה,תה ויסוצקי (ישראל) בעמ,,תה ירוק לימונית סטיב,יח',1.00,יח',false,,22.90,22.9000,true,1,927552
7290014027213,false,ערק ג`באלנא מצדה %40כשר לפסח,בני פאוזי שמשום (2009) בעמ,,ערק ג'באלנא 700 מל,מיליליטרים,700.00,"100 מ""ל",false,,48.90,0.0699,true,1,1550036
7290014046047,false,פסטרמת מעודנת ברביקיו 2יח*300גר,מעדני יחיעם ( 1993 ) בע`מ,,צמד פסטרמות 600 גרם,גרמים,600.00,100 גרם,false,,25.90,0.0432,true,1,942365
7290014046474,false,"נקניקיות עוף 1.5 ק""ג יחיעם",מעדני יחיעם ( 1993 ) בע`מ,,"נקניקיות עוף 1.5 ק""ג",קילוגרמים,1.50,"ק""ג",false,,25.90,17.2667,true,1,2125404
7290014046757,false,סלמי תה יחיעם (300 גרם),מעדני יחיעם (1993) בעמ,,סלמי תה 300 גר,גרמים,300.00,100 גרם,false,,19.90,0.0663,true,1,1471206
7290014059078,false,"אקווה פרש מי פה אקסטרים 500 מ""ל",גלקסו סמית קליין,GB,א.פרש מי פה אקסטרים 500 מ,מיליליטרים,500.00,"100 מ""ל",false,,14.90,0.0298,true,1,820655
7290014059085,false,"משחת שיניים סנסודיין 75 מ""ל פרימיום לשיקום והגנה","סמית קליין ביצ'ם בע""",GB,סנסודיין משחה לשיקום והגנ,100 מל,75.00,100 מל,false,,23.90,0.3187,true,1,820656
7290014059436,false,"משחת שיניים סנסודיין 75 מ""ל פרימיום לשיקום והגנה מלבינה 75 מ""ל","סמית קליין ביצ'ם בע""",GB,סנסודיין משחה לשיקום והגנ,100 מל,75.00,100 מל,false,,23.90,0.3187,true,1,877620
7290014066113,false,לנדוור קפה המקורי מארז זוג 2*100 גרם,,,לנדוור קפה המקורי מא,יח',1.00,יח',false,,9.90,9.9000,true,1,6317467
7290014079540,false,"שיני שום קלופות 1 ק""ג",קונס`-מרינה פטריות הגליל בעמ*ש,,"שום קלוף 1 ק""ג מרינ",גרמים,1000.00,100 גרם,false,,29.90,0.0299,true,1,6287770
7290014079847,false,פטריות בייבי בלה צמד מרינה,קונס`-מרינה פטריות הגליל בעמ*ש,,פטריות בייבי בלה צמד,יח',1.00,יח',false,,15.90,15.9000,true,1,1149845
7290014083479,false,גבינה פרוסה גאודה 27% שומן EURO CHEESE ויליפוד 150 גרם,ג.וילי פוד אינטרנשיונל בעמ,,גבינת גאודה פרוסה 29,גרמים,150.00,100 גרם,false,,8.90,0.0593,true,1,833429
7290014094260,false,שיני שום קלוף קמעונאי,קונס`-מרינה פטריות הגליל בעמ*ש,,שום קלוף מרינה,גרמים,170.00,100 גרם,false,,9.90,0.0582,true,1,1053271
7290014094307,false,סילאן רכיבים טבעיים 380 גר-השקדיה,"דין שיווק וקליה בע""מ",,סילאן רכיבים טבעיים,גרמים,380.00,100 גרם,false,,13.90,0.0366,true,1,802179
7290014126343,false,בישוקטים בונומי וניל קקאו קקאו 200 גרם,דנשר,IT,בישקוטים בונומי וניל-קקאו,גרמים,200.00,100 גרם,false,,5.70,0.0285,true,1,926534
7290014126428,false,מרמולייט סטיביה ממתיק 150 טבליות,מיוצר עי קונדיטוריית,CN,מר' סטיביה 150טבליות,יח',150.00,יח',false,,24.90,0.1660,true,1,989295
7290014204003,false,"שמפו לשיער צבוע 750 מ""ל פנינה רוזנבלום","פנינה רוזנבלום בע""מ",,שמפו לשיער צבוע 750,מיליליטרים,750.00,"100 מ""ל",false,,8.90,0.0119,true,1,817075
7290014204010,false,"מרכך לשיער צבוע 750 מ""ל פנינה רוזנבלום",פנינה רוזנבלום בעמ,,מרכך לשיער צבוע 750,מיליליטרים,750.00,"100 מ""ל",false,,8.90,0.0119,true,1,817076
7290014204027,false,"שמפו לשיער חפיפה יומיומית 750 מ""ל פנינה רוזנבלום","פנינה רוזנבלום בע""מ",,שמפו לשיער חפיפה יומ,מיליליטרים,750.00,"100 מ""ל",false,,8.90,0.0119,true,1,817077
7290014204034,false,"מרכך יומי 750 מ""ל פנינה רוזנבלום","פנינה רוזנבלום בע""מ",,"מרכך יומי 750 מ""ל פנ",מיליליטרים,750.00,"100 מ""ל",false,,8.90,0.0119,true,1,817078
7290014204560,false,"פנינהרוזנבלום- סבון נוזלי לידיים שלישיה,3*500 מ""ל","פנינה רוזנבלום בע""מ",,סבון נוזלי שלישיה 50,מיליליטרים,500.00,"100 מ""ל",false,,9.90,0.0198,true,1,883981
7290014204638,false,"מרכך קרטין לאחר החלקה 750 מ""ל פנינה רוזנבלום",פנינה רוזנבלום בעמ,,מרכך קרטין לאחר החלק,מיליליטרים,750.00,"100 מ""ל",false,,24.90,0.0332,true,1,1044799
7290014204676,false,"מסכה לאחר החלקה קרטין 500 מ""ל פנינה רוזנבלום",פנינה רוזנבלום בעמ,,מסכה לאחר החלקה קרטי,מיליליטרים,500.00,"100 מ""ל",false,,26.90,0.0538,true,1,1044803
7290014204683,false,אלסבון 1 ליטר משאבה סגול פנינה רוזנבלום,פנינה רוזנבלום בעמ,,סבון משאבה סגול 1 לי,ליטרים,1.00,ליטר,false,,8.90,8.9000,true,1,975194
7290014204706,false,אלסבון 1 ליטר משאבה קורלפנינה רוזנבלום,פנינה רוזנבלום בעמ,,סבון משאבה קורל 1 לי,ליטרים,1.00,ליטר,false,,8.90,8.9000,true,1,975196
7290014218321,false,בורקס אישי יפו גבינה מעדנות 600 גרם,תנובה מרכז שיתופי לשיווק תוצרת,IL,בורקס יפו גבינה 4יח*,גרמים,600.00,100 גרם,false,,17.90,0.0298,true,1,1133546
7290014218338,false,"בורקס אישי יפו תפו""א מעדנות 600 גרם",מיוצר עי קונדיטוריית,IL,"בורקס יפו תפו""א 4*15",גרמים,600.00,100 גרם,false,,15.90,0.0265,true,1,1133547
7290014218505,false,"שלישית פיצות בחבק 3 יח`מעדנות 1.08 ק""",תנובה ענף ב.ע.ד,IL,שלישיית פיצות מעדנות,קילוגרמים,1.08,"ק""ג",false,,29.90,27.6852,true,1,1413399
7290014218932,false,חטיפי פיצה בתוספ זיתים בשקית מעדנות 710 גרם,מיוצר עי קונדיטוריית,,חטיפי פיצה בתוספת זי,גרמים,710.00,100 גרם,false,,27.90,0.0393,true,1,5555971
7290014256620,false,"יין מבעבע קריניאנו באזז יקבי כרמל 750 מ""ל",אגודת הכורמים -כרמל מזרחי,,יין קריניאנו באזז יק,מיליליטרים,750.00,"100 מ""ל",false,,26.90,0.0359,true,1,996046
7290014256637,false,"יין מבעבע מוסקטו באזז יקבי כרמל 750 מ""ל",אגודת הכורמים -כרמל מזרחי,,יין מוסקטו באזז יקבי,מיליליטרים,750.00,"100 מ""ל",false,,26.90,0.0359,true,1,996047
7290014258716,false,תרכובת מזון צמחי על בסיס חלבון סויה מגיל לידה,קבוצת אוסם סחר שותפות מוגבלת,,מטרנה צמחית מגיל ליד,גרמים,700.00,100 גרם,false,,47.90,0.0684,true,1,1000093
7290014258723,false,תרכובת מזון צמחי לתינוקות מגיל 0 עד גיל שנה,קבוצת אוסם סחר שותפות מוגבלת,,מטרנה צמחית מגיל 0 ע,גרמים,700.00,100 גרם,false,,64.90,0.0927,true,1,1000094
7290014258730,false,תרכובת מזון צמחי לתינוקות מגיל 12 חודשים ואילך,קבוצת אוסם סחר שותפות מוגבלת,,מטרנה צמחית מגיל שנה,גרמים,700.00,100 גרם,false,,59.90,0.0856,true,1,1000095
7290014321205,false,קרקר גרעיני פשתן 125 גרם less & more,"ל.ב. סחר ושיווק בע""מ",,קרקר גרעיני פשתן 125,גרמים,125.00,100 גרם,false,,22.90,0.1832,true,1,6490081
7290014397163,false,"מטהר אוויר פרש הום פריחת השקד, ורד אנגלי וכותנה",החברה הדרומית לשיווק בעמ,,סנו פרש מיכל מילוי,גרמים,165.00,100 גרם,false,,12.90,0.0782,true,1,3620079
7290014397200,false,שלשיית מברשות שיניים אורביטול פרמיום,החב הדרומית לשיווק,,שלשיית מברשות שיניים,יח',3.00,יח',false,,9.90,3.3000,true,1,2199373
7290014397279,false,שקיות מזון גדולות XL סנו סושי 300 יחידות,החברה הדרומית לשיווק בעמ,,סושי שקיות אוכל 300X,יח',300.00,יח',false,,9.90,0.0330,true,1,878750
7290014397286,false,מרכך כביסה מרוכז חלב ודבש סנו מקסימה 1 ליטר,החברה הדרומית לשיווק בעמ,,מקסימה מרכך כביסה מר,ליטרים,1.00,ליטר,false,,17.50,17.5000,true,1,854957
7290014397453,false,סנו אוקסיגן גל מסיר כתמים כביסה לבנה 3 ל,החברה הדרומית לשיווק בעמ,,סנו אוקסיגן 3 ליטר,ליטרים,3.00,ליטר,false,,28.90,9.6333,true,1,854959
7290014397521,false,"מבשם אויר סנו פרש הום בניחוח לבנדר 350 מ""ל",סנו פרש Fresh,,מבשם אויר סנו פרש הו,מיליליטרים,350.00,"100 מ""ל",false,,9.90,0.0283,true,1,833339
7290014397675,false,מקסימה מרכך כביסה חלב ודבש סנו 4 ליטר,החברה הדרומית לשיווק בעמ,,מקסימה מרכך כביסה חל,ליטרים,4.00,ליטר,false,,21.50,5.3750,true,1,867931
7290014397705,false,פוליויקס פרקט טבעי וסינטטי סנו (2 ליטר),החברה הדרומית לשיווק בעמ,,פוליויקס נוזל לניקוי,ליטרים,2.00,ליטר,false,,19.90,9.9500,true,1,885603
7290014397767,false,סנו ריצפז פרש הום 2 ליטר בניחוח כותנה-מרכז,החברה הדרומית לשיווק בעמ,,ריצפז פרש הום 2לי,ליטרים,2.00,ליטר,false,,19.80,9.9000,true,1,868952
7290014397774,false,ריצפז פרש הום טבע רענן 2ל לרצפה,החברה הדרומית לשיווק בעמ,,רייצפז פרש הום 2 לי,ליטרים,2.00,ליטר,false,,19.80,9.9000,true,1,868953
7290014397781,false,סנו ריצפז פרש הום 2 ליטר בניחוח סבון,החברה הדרומית לשיווק בעמ,,ריצפז פרש הום 2לי,ליטרים,2.00,ליטר,false,,19.80,9.9000,true,1,868954
7290014397835,false,סנו - מט דוחה יתושים נוזלי מכשיר + מילוי 45 לילות,החברה הדרומית לשיווק בעמ,,מכשיר סנומט סמרט 45,יח',1.00,יח',false,,36.60,36.6000,true,1,929045
7290014397873,false,מרכך כביסה בבישום עוצמתי ג'נטל בריז,החברה הדרומית לשיווק בעמ,,מקסימה מרכך כביסה סנ,ליטרים,4.00,ליטר,false,,21.50,5.3750,true,1,6061903
7290014426061,false,משחת שיניים הלו קיטי בטעם ענבים לגיל 2-6,גורי ע.ע.ע. בע`מ,IL,משחת שיניים הלו קיטי,מיליליטרים,50.00,"מ""ל",false,,10.90,0.2180,true,1,820669
7290014455245,false,גבינה גרנה פדנו משולש גד 200 גר',מחלבות גד שיווק 1992 בעמ,,גרנה פדנו משולש 200,גרמים,200.00,100 גרם,false,,22.80,0.1140,true,1,1099699
7290014455252,false,גבינת גרנה פדנו מגורדת 29% גד (100 גרם),מחלבות גד שיווק 1992 בעמ,,גרנה פדנו מגורד 100,גרמים,100.00,100 גרם,false,,10.90,0.1090,true,1,1099700
7290014455320,false,גבינה כדורי מוצרלה פרסקה גד 100ג',מחלבות גד שיווק 1992 בעמ,,כדורי מוצרלה טרי בשק,גרמים,100.00,100 גרם,false,,8.50,0.0850,true,1,1028077
7290014455467,false,ירח מתוק מעדן חלב 2% ושיבולת שועל גד 150ג',מחלבות גד שיווק 1992 בעמ,,מעדן שיבולת שועל 150,מיליליטרים,150.00,"100 מ""ל",false,,5.40,0.0360,true,1,1125071
7290014459373,false,"צ'יפס קראנצ'י לתנור קפוא תפוגן 1.5ק""ג",קבוצת אוסם סחר שותפות מוגבלת,IL,תפוגן ציפס קראנצי 1.,קילוגרמים,1.50,"ק""ג",false,,24.90,16.6000,true,1,1145635
7290014459472,false,"תפוגן צ יפס קלאסי 2ק""ג (תפוגן)",קבוצת אוסם סחר שותפות מוגבלת,,תפוגן ציפס קלאסי 2 ק,קילוגרמים,2.00,"ק""ג",false,,24.90,12.4500,true,1,2087318
7290014466463,false,הר חרמון מוסקט יקב רמת הגולן (750 מל),היכל היין שקד גולן בעמ,,הר חרמון מוסקטו 750,מיליליטרים,750.00,"100 מ""ל",false,,29.90,0.0399,true,1,877902
7290014471429,false,"מוזלי עם פירות 1 ק""ג - 429 סגול שקדיה",דין שיווק וקליה 2021 בעמ,,"מוזלי פירות 1 ק""ג שק",קג,1.00,קג,false,,21.90,21.9000,true,1,870851
7290014471436,false,"מוזלי צימוקים תפוח קינמון וגרעיני חמניה 1 ק""ג כחול שקדיה",דין שיווק וקליה 2021 בעמ,,מוזלי צימוקים תפוח ק,קג,1.00,קג,false,,21.90,21.9000,true,1,870852
7290014471443,false,"גרנולה צימוקים אגוזים ושקדים1 ק""ג חדש - 443 כתום שקדיה (כתום)",דין שיווק וקליה 2021 בעמ,,גרנולה עם צימוקים אג,קילו,1.00,קילו,false,,21.90,21.9000,true,1,870853
7290014472990,false,ממרח 100% שקדים שקדיה (300 גרם),דין שיווק וקליה 2021 בעמ,,שקדיה ממרח שקדים 300,גרמים,300.00,100 גרם,false,,27.90,0.0930,true,1,4544699
7290014501829,false,"יין גליל קברנה סוביניון 750מ""ל",היכל היין שקד גולן בעמ,,גליל קברנה סוביניון,מטרים,750.00,100 מ'ל,false,,64.90,0.0865,true,1,6431524
7290014525177,false,חטיף סלים פרוט Slim fruit בטעם יוגורט ופירות יער,סלים דליס Slim Delis,,מרבה סלים פרוט יוגור,גרמים,182.00,100 גרם,false,,10.80,0.0593,true,1,901537
7290014525290,false,חטיפי סלים דליס קריספי תות מרבה 125 גרם,סלים דליס Slim Delis,NL,מרבה סלים דליס קריספ,גרמים,125.00,100 גרם,false,,10.80,0.0864,true,1,1250429
7290014525306,false,חטיפי סלים דליס קריספי אוכמניות מרבה 125 גרם,סלים דליס Slim Delis,NL,מרבה סלים דליס קריספ,גרמים,125.00,100 גרם,false,,10.80,0.0864,true,1,1250430
7290014525313,false,חטיפי סלים דליס קריספי שוקולד מרבה 125 גרם,סלים דליס Slim Delis,NL,מרבה סלים דליס קריספ,גרמים,125.00,100 גרם,false,,10.80,0.0864,true,1,1250431
7290014581531,false,מארז פחמים 100% עץ טבעי,פחמי הלהבה,,פחם 2 קילו סופר גריל,יחידה,0.00,יחידה,false,,10.90,0.0000,true,1,6499999
7290014673007,false,תערובת עשבי תיבול בסגנון ים תיכוני מימון 40 גרם,א.ל ייצור ושיווק תבלינים בעמ,,תערובת עשבי תיבול בס,גרמים,40.00,100 גרם,false,,11.50,0.2875,true,1,6393042
7290014673021,false,פלפל שחור שלם תבליני מימון (100 גרם),א.ל.ייצור ושיווק תבלינים בעמ,IL,פלפל שחור שלם 100 גרם,גרמים,100.00,100 גרם,false,,14.50,0.1450,true,1,1018280
7290014673045,false,תערובת תיבול לצ'יפס מימון 100 גרם,א.ל. ייצור ושיווק תבלינים בע`מ,,תערובת תיבול לצ'יפס,גרמים,100.00,100 גרם,false,,11.50,0.1150,true,1,6393044
7290014673106,false,פפריקה אדומה גרוסה בשמן מימון 400 גרם,א.ל ייצור ושיווק תבלינים בעמ,,פפריקה אדומה גרוסה ב,גרמים,400.00,100 גרם,false,,22.70,0.0567,true,1,6393046
7290014673137,false,תערובת תיבול לפיצה מימון 100 גרם,א.ל.יצור ושיווקתבלינים בעמ,,תערובת תיבול לפיצה 1,גרמים,100.00,100 גרם,false,,11.50,0.1150,true,1,6393047
7290014673359,false,מלח לימון תבליני מימון (400 גרם),א.ל. ייצור ושיווק תבלינים בע`מ,IL,מלח לימון 400 גרם,גרמים,400.00,100 גרם,false,,21.90,0.0547,true,1,831561
7290014673366,false,כורכום טחון תבליני מימון (250 גרם),א.ל. ייצור ושיווק תבלינים בע`מ,IL,כורכום טחון 250 גרם,גרמים,250.00,100 גרם,false,,21.90,0.0876,true,1,831562
7290014673373,false,פפריקה הונגרית חריפה תבליני מימון 250 גרם,א.ל.ייצור ושיווק תבלינים בעמ,IL,פפריקה הונגרית חריפה 250,גרמים,250.00,100 גרם,false,,21.90,0.0876,true,1,831563
7290014673397,false,תיבול לגריל עוף תבליני מימון 250 גרם,א.ל. ייצור ושיווק תבלינים בע`מ,IL,תיבול לגריל עוף 250 גרם,גרמים,250.00,100 גרם,false,,21.90,0.0876,true,1,831565
7290014673403,false,פלפל שחור טחון תבליני מימון (250 גרם),א.ל. ייצור ושיווק תבלינים בע`מ,IL,פלפל שחור טחון 250 גרם,גרמים,250.00,100 גרם,false,,27.90,0.1116,true,1,831566
7290014673410,false,פלפל שחור גרוס דק תבליני מימון 250 גרם,א.ל. ייצור ושיווק תבלינים בע`מ,IL,פלפל שחור גרוס דק 250 גרם,גרמים,250.00,100 גרם,false,,27.90,0.1116,true,1,831567
7290014673434,false,פלפל שחור גרוס דק שקית תבליני מימון 80גרם,א.ל.ייצור ושיווק תבלינים בעמ,,תבלין בשקית פלפל שחו,גרמים,80.00,100 גרם,false,,8.90,0.1113,true,1,4368403
7290014673557,false,זעפרן אמיתי תבליני מימון קופסא,א.ל.ייצור ושיווק תבלינים בעמ,IL,זעפרן 0.5 גרם,יח',1.00,יח',false,,19.90,19.9000,true,1,848802
7290014673618,false,תבלינים זנגביל בצנצנת 30 גרם,א.ל.ייצור ושיווק תבלינים בעמ,IL,זנגביל 30 גרם חדש,יח',1.00,יח',false,,11.50,11.5000,true,1,935853
7290014674004,false,קריספ פירורי לחם שומשום ומלח ים 300 גרם מיימונס,א.ל ייצור ושיווק תבלינים בעמ,,קריספ פירורי לחם עם,גרמים,300.00,100 גרם,false,,7.50,0.0250,true,1,6451718
7290014692299,false,גבינת ברי EURO CHEESE ויליפוד 125 גרם,ג.וילי-פוד אינטרנשיונל **גבינו,,גבינת ברי 125גר יורו,גרמים,125.00,100 גרם,false,,14.90,0.1192,true,1,906872
7290014692305,false,גבינת קממבר EURO CHEESE ויליפוד 125 גרם,ג.וילי-פוד אינטרנשיונל **גבינו,,גבינת קממבר 125גר יו,גרמים,125.00,100 גרם,false,,14.90,0.1192,true,1,906873
7290014692817,false,גבינת מוצרלה מגורדתEURO CHEESE ויליפוד 200 גרם,ג.וילי-פוד אינטרנשיונל **גבינו,,גבינת מוצרלה מגורדת,גרמים,200.00,100 גרם,false,,10.90,0.0545,true,1,906875
7290014704121,false,קקאו בשקית רמי לוי 150 גרם,רמי לוי,BE,קקאו בשקית רמי לוי 1,גרמים,150.00,100 גרם,false,,4.90,0.0327,true,1,1057495
7290014704145,false,קפה נמס רמי לוי 200 גרם,רמי לוי,BE,קפה נמס רמי לוי 200,גרמים,200.00,100 גרם,false,,14.90,0.0745,true,1,1057497
7290014704244,false,שוקלטה אבקה להכנת שוקו רמי לוי 850 גרם,,,שוקלטה אבקה להכנת שו,גרמים,850.00,100 גרם,false,,13.90,0.0164,true,1,1681935
7290014704459,false,קפסולות קפה טעם אגוז,,,קפסולות קפה טעם אגוז,יח',1.00,יח',false,,7.80,7.8000,true,1,6335896
7290014704565,false,קפה טורקי קלוי טחון 125גר רמילוי,,,קפה טורקי קלוי טחון,גרמים,125.00,100 גרם,false,,7.90,0.0632,true,1,6440897
7290014712539,false,"יוגורט בקבוק בטעם תות שדה 500 מ""ל הכפר",מחלבת בת הרים,,יוגורט תות שדה 500 מ,מיליליטרים,500.00,"100 מ""ל",false,,15.90,0.0318,true,1,6309181
7290014712546,false,"יוגורט בקבוק בטעם פירות יער 500 מ""ל הכפר",מחלבת בת הרים,,יוגורט פירות יער 500,מיליליטרים,500.00,"100 מ""ל",false,,15.90,0.0318,true,1,6309182
7290014748651,false,דג טוב פילה אמנון מצופה נתח שלם 360 גרם,קבוצת אוסם סחר שותפות מוגבלת,,דג טוב פילה אמנון מצ,גרמים,360.00,100 גרם,false,,31.90,0.0886,true,1,4921738
7290014749078,false,מקלוני קבנוס עוף טוב 200 גרם,קבוצת אוסם סחר-שות.מוגבלת,,קבנוס 200 גר,גרמים,200.00,100 גרם,false,,15.90,0.0795,true,1,5907512
7290014749245,false,ספיישל רצועות שניצל שומשום עוף טוב 600 גרם,קבוצת אוסם סחר שותפות מוגבלת,,עוף טוב רצועות שניצל,גרמים,600.00,100 גרם,false,,29.80,0.0497,true,1,6151289
7290014749764,false,עוף טוב שניצל עוף ביתי עדין כזה 700 גרם,קבוצת אוסם סחר שותפות מוגבלת,,שניצל עוףטוב ביתי עד,גרמים,700.00,100 גרם,false,,29.90,0.0427,true,1,6295258
7290014749887,false,שניצל דק ענק קריספי קלאסי עוף טוב 720 גרם,קבוצת אוסם סחר שותפות מוגבלת,,עוף טוב שניצל עוף דק,גרמים,720.00,100 גרם,false,,29.90,0.0415,true,1,6380339
7290014758100,false,מאגדת יוגורט ביו 3% שומן 8 יח' *150ג' תנובה,מיוצר עי קונדיטוריית,,מאגדת יוגורט ביו 3%,קילוגרמים,1.20,"ק""ג",false,,15.90,13.2500,true,1,838025
7290014758117,false,מאגדת יוגורט ביו 1.5% שומן 8 יח' *150 ג' תנובה,מיוצר עי קונדיטוריית,,מאגדת יוגורט ביו 1.5,קילוגרמים,1.20,"ק""ג",false,,15.90,13.2500,true,1,838026
7290014758162,false,חלב עיזים מלא 3.6% שומן תנובה (1 ליטר),תנובה מרכז שיתופי לש,,חלב עיזים מלא 3.7% ת,ליטרים,1.00,ליטר,false,,13.90,13.9000,true,1,867597
7290014758681,false,גבינת קוטג`1% בגביע תנובה (250 גרם),מיוצר עי קונדיטוריית,,קוטג תנובה 1% גביע 2,גרמים,250.00,100 גרם,false,,5.40,0.0216,true,1,838029
7290014759084,false,גבינת שמנת נפוליאון 16% מופחת שומן תנובה 225 גרם,תנובה מרכז שיתופי לש,,נפוליאון 16% גביע 22,גרמים,225.00,100 גרם,false,,12.90,0.0573,true,1,891370
7290014759237,false,כד יוגורט תנובה 6.5% שומן 3 ליטר,תנובה - חלב,,יוגורט תנובה 6.5% כד,יח',1.00,יח',false,,26.90,26.9000,true,1,5334443
7290014759534,false,גבינה בולגרית למריחה טבעי 5% 200 ג' פיראוס,"תנובה, מחלבת תל יוסף",,בולגרית למריחה תנובה,גרמים,200.00,100 גרם,false,,12.90,0.0645,true,1,902656
7290014760134,false,"מעדן סויה בטעם וניל תנובה 125 מ""ל",תנובה Alternative,,מעדן סויה בטעם וניל,גרמים,125.00,100 גרם,false,,3.90,0.0312,true,1,945381
7290014760448,false,גבינה צהובה גלבוע 400 גרם 22% שומן תנובה,מחלבת בית יצחק,,גלבוע 22% 400 גרם,גרמים,400.00,100 גרם,false,,22.90,0.0572,true,1,941616
7290014760912,false,גבינה צהובה 28% מהדרין גוש חלב (400 גרם),תנובה מרכז שיתופי לש,,גוש חלב כשרות מהדרין,גרמים,400.00,100 גרם,false,,24.90,0.0622,true,1,941617
7290014761018,false,גיל בטעם וניל תנובה 125 גרם,תנובה מרכז שיתופי לש,,גיל בטעם וניל,גרמים,125.00,100 גרם,false,,1.30,0.0104,true,1,949449
7290014761056,false,מעדן שוקולד חלב יולו תנובה 123 גרם,מיוצר עי קונדיטוריית,,YOLO מעדן שוקולד חלב,גרמים,122.00,100 גרם,false,,4.30,0.0352,true,1,997353
7290014761063,false,מעדן שוקולד מריר יולו תנובה 123 גרם,מיוצר עי קונדיטוריית,,YOLO מעדן שוקולד מרי,גרמים,122.00,100 גרם,false,,4.30,0.0352,true,1,997354
7290014761070,false,מעדן שוקולד לבן יולו תנובה 123 גרם,מיוצר עי קונדיטוריית,,YOLO מעדן שוקולד לבן,גרמים,122.00,100 גרם,false,,4.30,0.0352,true,1,997355
7290014761193,false,יוגורט עם פירות יער 1.5% שומן 125 ג' פרילי,תנובה מרכז שיתופי לש,,פרילי פירות יער 125ג,גרמים,125.00,100 גרם,false,,3.30,0.0264,true,1,1007998
7290014761414,false,יולו מעדן שכבות שוקולד חלב ולבן 123 גר,מיוצר עי קונדיטוריית,,YOLO מעדן שכבות שוקו,גרמים,122.00,100 גרם,false,,4.30,0.0352,true,1,997358
7290014761438,false,פיראוס בולגרית קלאסית 24% סמי מעדניה 400,תנובה מרכז שיתופי לש,,סמי בולגרית 24% קלאס,גרמים,400.00,100 גרם,false,,25.80,0.0645,true,1,991064
7290014761612,false,מעדן שכבות שוקולד מריר ולבן יולו 122 גרם,מיוצר עי קונדיטוריית,,YOLO מעדן שכבות שוקו,גרמים,122.00,100 גרם,false,,4.30,0.0352,true,1,1023253
7290014762756,false,גבינת שמנת נפוליאון 16% עם בצל תנובה 225 גרם,תנובה - חלב,IL,נפוליאון 16% בצל.,גרמים,225.00,100 גרם,false,,12.90,0.0573,true,1,1133550
7290014762800,false,מעדן סויה שוקולד גביע 125 גרם אלטרנטיב,תנובה מרכז שיתופי לש,,מעדן סויה שוקולד גבי,גרמים,125.00,100 גרם,false,,3.70,0.0296,true,1,3159532
7290014762831,false,גבינת שמנת נפוליאון 16% עם פלפל חלפיניו תנובה 225 גרם,תנובה מרכז שיתופי לש,IL,גבינת נפוליאון עם פל,גרמים,225.00,100 גרם,false,,12.90,0.0573,true,1,1332061
7290014762909,false,פתיתי מוצרלה השף הלבן 10% תוספת מתנה,"תנובה, מחלבת תל יוסף",IL,פתיתי מוצרלה 200 גר,גרמים,200.00,100 גרם,false,,15.90,0.0795,true,1,1271520
7290014762947,false,לאבנה גלילית 11% שומן 750 ג' פיראוס,תנובה,,לאבנה גלילית פיראוס,גרמים,750.00,100 גרם,false,,23.70,0.0316,true,1,1192039
7290014763098,false,קרם גבינת שמנת 5% עם פלפל שום ובצל 200 ג' תנובה,תנובה - חלב,IL,קרם גבינת שמנת 5% טו,גרמים,200.00,100 גרם,false,,10.90,0.0545,true,1,1271523
7290014763395,false,גבינה צהובה עמק פרוס 28% 600 גרם מהדרין,תנובה מרכז שיתופי לש,,עמק סמי מהדרין 600 ג,גרמים,600.00,100 גרם,false,,29.90,0.0498,true,1,2091762
7290014789913,false,עוגיות אוראו קרם בטעם וניל מארז 176 גרם,דיפלומט מפיצים (1968) בעמ**,ES,שלישיית עוגיות אוראו קרם,גרמים,528.00,100 גרם,false,,21.90,0.0415,true,1,897827
7290014821569,false,כבל סנכרון אלומניום אייפון 6 2 מטר,ארטוס,,כבל סנכרון אייפון 6,יח',1.00,יח',false,,29.90,29.9000,true,1,6261202
7290014855434,false,מגבונים בייביסיטר פרפורמנס מבושם רביעיה,בייביסיטר Babysitter,,בייביסיטר פרפורמנס מ,יח',4.00,יח',false,,14.90,3.7250,true,1,2488102
7290014855458,false,מגבוני בייביסיטר פרפורמנס ללא בישום מארז 72X4יח',בייביסיטר Babysitter,,בייביסיטר פרפורמנס מ,יח',72.00,יח',false,,14.90,0.2069,true,1,2488083
7290014855854,false,מגבונים בייבי בייסיק חמישייה,בייבי בייסיק,,מגבונים בייבי בייסיק,יח',1.00,יח',false,,10.90,10.9000,true,1,2857304
7290014860070,false,"מקלוני אורז ללא גלוטן 5 מ""מ 454גר' (אור)",מזרח ומערב יבוא ושיווק,,מקלוני אורז ללא גלוט,גרמים,454.00,100 גרם,false,,9.90,0.0218,true,1,875263
7290014860094,false,"מקלוני אורז ללא גלוטן 3מ""מ 454גר' (אור)",מזרח ומערב יבוא ושיווק,,מקלוני אורז ללא גלוט,גרמים,454.00,100 גרם,false,,9.90,0.0218,true,1,875265
7290014860155,false,"מחצלת במבו שטוחה 24*24 ס""מ",מזרח ומערב יבוא ושיווק,,מחצלת במבו שטוחה 24X,יח',1.00,יח',false,,7.70,7.7000,true,1,875266
7290014860247,false,שבבי אורז מרובעים ללא גלוטן 227 גרם (Oriental),מזרח ומערב יבוא ושיווק,,שבבי אורז מרובעים לל,גרמים,227.00,100 גרם,false,,8.80,0.0388,true,1,907485
7290014890145,false,גבינת שמנת טבעי 225 גרם יעקובס,גבינות משק יעקבס,,שמנת 225 גרם,גרמים,225.00,100 גרם,false,,9.90,0.0440,true,1,3336518
7290014890152,false,גבינת שמנת זיתים 225 גרם יעקובס,גבינות משק יעקבס,,שמנת זיתים 225 גרם,גרמים,225.00,100 גרם,false,,9.90,0.0440,true,1,3493082
7290014890169,false,גבינת שמנת שום שמיר 225 גרם יעקובס,גבינות משק יעקבס,,שמנת שום שמיר 225 גר,גרמים,225.00,100 גרם,false,,9.90,0.0440,true,1,3595441
7290014890176,false,ריקוטה סגנון איטלק5% 250,מחלבת משק יעקובס,,ריקוטה 250 גר,יח',1.00,יח',false,,9.90,9.9000,true,1,5603696
7290014890237,false,גבינת קממברט יעקבס 125 גרם,גבינות משק יעקבס,,גבינת קממבר בייבי 12,גרמים,125.00,100 גרם,false,,14.70,0.1176,true,1,2413749
7290014890572,false,"יוגורט עיזים משק יעקבס 850 מ""ל",גבינות משק יעקבס,,יוגורט עיזים 850 גר,גרמים,850.00,100 גרם,false,,20.50,0.0241,true,1,6437494
7290014890589,false,"יוגורט יווני משק יעקבס 850 מ""ל",גבינות משק יעקבס,,יוגורט יוני 850 גר,גרמים,850.00,100 גרם,false,,19.50,0.0229,true,1,6437495
7290014890602,false,קממבר בקר אגוזים משק יעקבס 125 גרם,גבינות יעקבס,,קממבר בקר אגוזים ביי,גרמים,125.00,100 גרם,false,,16.90,0.1352,true,1,6437497
7290014901247,false,"שמפו קרטין לאחר החלקה ועיצוב בחום סטייל 750 מ""ל",א.ל. ארמן ייצור תמרו,IL,750 שמפו קרטין,מיליליטרים,750.00,"100 מ""ל",false,,24.90,0.0332,true,1,910166
7290014901254,false,"מרכך קרטין לאחר החלקה ועיצוב בחום סטייל 750 מ""ל",א.ל ארמן ייצור תמרוק,IL,750 מרכך קרטין,מיליליטרים,750.00,"100 מ""ל",false,,24.90,0.0332,true,1,910167
7290014901261,false,"מסכה קרטין לאחר החלקה ועיצוב בחום סטייל 500 מ""ל",א.ל ארמן ייצור תמרוק,IL,500 מסכה קרטין,מיליליטרים,500.00,"100 מ""ל",false,,27.90,0.0558,true,1,910168
7290014901308,false,משחת שיניים לשיניים רגישות Complete protection,"סמית קליין ביצ'ם בע""",GB,"סנסודיין הגנה מלאה 75 מ""ל",מטרים,75.00,100 מ'ל,false,,23.90,0.3187,true,1,929512
7290014901315,false,סנסודיין משחה הגנה מלאה אקסטרה פרש 75 מל,"סמית קליין ביצ'ם בע""",GB,סנסודיין הגנה מלאה פרש 75,100 מל,75.00,100 מל,false,,23.90,0.3187,true,1,926147
7290014901896,false,"מי פה סנסודיין מנטה מרענן 500 מ""ל",גלקסוסמיתקליין,GB,סנסודיין מי פה 300 מל',מיליליטרים,500.00,"100 מ""ל",false,,25.90,0.0518,true,1,1070916
7290014905344,false,"הפי תרסיס קצף לניקוי שטיחים יעקביי 623 מ""ל",יעקב יעקבי ובניו בעמ,,הפי תרסיס קצף לניקוי,מיליליטרים,623.00,"100 מ""ל",false,,19.90,0.0319,true,1,890705
7290014905696,false,"נוזל כלים הפי מרוכז 24% לימון 750 מ""ל","יעקב יעקבי ובניו בע""מ",,"הפי לכלים 24% 750 מ""",מיליליטרים,750.00,"100 מ""ל",false,,7.90,0.0105,true,1,986259
7290014918009,false,דלי שטיפה+פיה,פלנרו,,דלי איכותי,יח',1.00,יח',false,,11.90,11.9000,true,1,879249
7290014940901,false,לחם פשוט מלא לילדים פרוס אנג`ל (750 גרם),מאפיית שלמה א. אנג'\ל בע,,לחם פשוט מלא 750 אנג,גרמים,750.00,100 גרם,false,,13.90,0.0185,true,1,1018321
7290014996007,false,ביצים גדולות לארג 12,ביצי הגליל,,ביצים גדולות לארג 12,יח',12.00,יח',false,,12.00,1.0000,true,1,872511
7290014996045,false,ביצים 12 יח M ביצי ה,ביצי הגליל,,ביצים 12 יח M ביצי ה,יח',12.00,יח',false,,11.10,0.9250,true,1,874348
7290015009041,false,"חומץ תפוחים 500 מ""ל ""daniel""",מנדלז סי.אר. פרודקשן,,חומץ תפוחים 500מל,מיליליטרים,500.00,"100 מ""ל",false,,13.60,0.0272,true,1,6215378
7290015014168,false,בייבי מיקס רמי לוי,ביכורי השדה צפון 1994 ג.ד. בעמ,,בייבי מיקס רמי לוי,גרמים,150.00,100 גרם,false,,8.90,0.0593,true,1,3579180
7290015014182,false,לבבות קיסר בנספק רמי לוי,ביכורי השדה צפון 1994 ג.ד. בעמ,,לבבות קיסר בנספק רמי,יח',1.00,יח',false,,8.90,8.9000,true,1,3579246
7290015014274,false,צנונית ארוזה שמיטה,ביכורי השדה צפון 1994 ג.ד. בעמ,,צנוניות רמי לוי 500ג,גרמים,500.00,100 גרם,false,,4.90,0.0098,true,1,1120219
7290015014427,false,אורגנו רמי לוי,ביכורי השדה צפון 1994 ג.ד. בעמ,,אורגנו רמי לוי,יח',1.00,יח',false,,3.90,3.9000,true,1,3579182
7290015014458,false,מרווה רמי לוי,ביכורי השדה צפון 1994 ג.ד. בעמ,,מרווה רמי לוי,יח',1.00,יח',false,,3.90,3.9000,true,1,3579183
7290015014465,false,רוזמרין (בוסתן),ביכורי השדה צפון 1994 ג.ד. בעמ,,רוזמרין רמילוי,יח',1.00,יח',false,,3.90,3.9000,true,1,3579184
7290015014472,false,קורנית(בוסתן),ביכורי השדה צפון 1994 ג.ד. בעמ,,טימין רמי לוי,יח',1.00,יח',false,,3.90,3.9000,true,1,4623222
7290015014922,false,שרי צהוב ארוז שמיטה,ביכורי השדה צפון 1994 ג.ד. בעמ,,עגבניות שרי צהוב,יח',1.00,יח',false,,9.90,9.9000,true,1,5261833
7290015037204,false,כרוב לבן קצוץ 400 גרם אוצר הארץ,"בכורי השדה צפון1994 ג.ד. בע""מ",,כרוב לבן 400 גרם חסל,גרמים,400.00,100 גרם,false,,11.80,0.0295,true,1,968293
7290015037211,false,כרוב אדום קצוץ 400 גרם אוצר הארץ,"בכורי השדה צפון1994 ג.ד. בע""מ",,כרוב אדום 400 גרם חס,גרמים,400.00,100 גרם,false,,11.80,0.0295,true,1,968294
7290015037228,false,סלט קולסלו 400 גר אוצר הארץ,יעל ירק עלים לשיווק בעמ,,סלט קולסלו 400 גרם ח,גרמים,400.00,100 גרם,false,,11.80,0.0295,true,1,968334
7290015037235,false,חסה אייסברג קצוצה 300 גרם חסלט,יעל ירק עלים לשיווק בעמ,,חסה אייסברג קצוצה 30,גרמים,300.00,100 גרם,false,,12.80,0.0427,true,1,968335
7290015037242,false,לקט ים תיכוני 350 גרם אוצר הארץ,יעל ירק עלים לשיווק בעמ,,לקט ים תיכוני 350 גר,גרמים,350.00,100 גרם,false,,12.80,0.0366,true,1,968336
7290015037273,false,פטרוזיליה אוצר הארץ - מהדרין,יעל ירק עלים לשיווק בעמ,,פטרוזיליה (שקית ) חס,יח',1.00,יח',false,,6.30,6.3000,true,1,968295
7290015037280,false,כוסברה אוצר הארץ - מהדרין,יעל ירק עלים לשיווק בעמ,,כוסברה (שקית) חסלט,יח',1.00,יח',false,,6.30,6.3000,true,1,968296
7290015037297,false,שמיר אוצר הארץ - מהדרין,יעל ירק עלים לשיווק בעמ,,שמיר (שקית ) חסלט,יח',1.00,יח',false,,6.30,6.3000,true,1,968297
7290015037396,false,נענע אוצר הארץ - מהדרין,"בכורי השדה צפון1994 ג.ד. בע""מ",,נענע (שקית )חסלט,יח',1.00,יח',false,,6.30,6.3000,true,1,968298
7290015037402,false,‏בצל ירוק שקית - אוצר הארץ,"בכורי השדה צפון1994 ג.ד. בע""מ",,בצל ירוק (שקית ) חסל,יח',1.00,יח',false,,7.30,7.3000,true,1,968299
7290015037419,false,סלרי אמריקאי אוצר הארץ,"בכורי השדה צפון1994 ג.ד. בע""מ",,סלרי (שקית ) חסלט,יח',1.00,יח',false,,7.30,7.3000,true,1,968300
7290015037426,false,‏עלי סלק שקית - אוצר הארץ,"בכורי השדה צפון1994 ג.ד. בע""מ",,עלי סלק (שקית) חסלט,יח',1.00,יח',false,,7.30,7.3000,true,1,968301
7290015037433,false,חסה ערבית אוצר הארץ יחיד,"בכורי השדה צפון1994 ג.ד. בע""מ",,חסה ערבית (שקית ) חס,יח',1.00,יח',false,,7.30,7.3000,true,1,968302
7290015037440,false,"כרוב לבן שלם 1 ק""ג -א. הארץ",יעל ירק עלים לשיווק בעמ,,כרוב לבן שלם חסלט,קילוגרמים,1.00,"ק""ג",true,,14.50,14.5000,true,1,968303
7290015037457,false,"כרוב אדום שלם 1 ק""ג -א. הארץ",יעל ירק עלים לשיווק בעמ,,כרוב אדום שלם חסלט,קילוגרמים,1.00,"ק""ג",true,,15.50,15.5000,true,1,968304
7290015037501,false,"שמיר כשר יבול חו""ל יחידה",יעל ירק עלים,,שמיר שקית בדץ חסלט,יח',1.00,יח',false,,6.80,6.8000,true,1,969413
7290015037549,false,"חסה ערבית כשרה יבול חו""ל","בכורי השדה צפון1994 ג.ד. בע""מ",,חסה ערבית בדץ (שקית,יח',1.00,יח',false,,7.80,7.8000,true,1,969417
7290015037563,false,סלק עלים חסאלט|(עדה חרדית),"בכורי השדה צפון1994 ג.ד. בע""מ",,עלי סלק שקית בדץ חסל,יח',1.00,יח',false,,7.80,7.8000,true,1,969419
7290015037655,false,כרובית 600 גרם מהדרין אוצר הארץ י.ע.ל.,ביכורי השדה הצפון בעמ` 1964,,כרובית מהדרין חסלט 6,גרמים,600.00,100 גרם,false,,29.90,0.0498,true,1,6432535
7290015037662,false,ברוקולי 600 גרם מהדרין אוצר הארץ י.ע.ל.,ביכורי השדה הצפון בעמ` 1964,,ברוקולי מהדרין חסלט,גרמים,600.00,100 גרם,false,,29.90,0.0498,true,1,6432721
7290015037693,false,לבבות חסה חלסלאט אוצר הארץ,"בכורי השדה צפון1994 ג.ד. בע""מ",,לבבות חסה במגשית חסל,יח',1.00,יח',false,,12.90,12.9000,true,1,6405058
7290015037716,false,לקט עלים צעירים במגשית חסלט,"בכורי השדה צפון1994 ג.ד. בע""מ",,לקט עלים צעירים במגש,יח',1.00,יח',false,,12.90,12.9000,true,1,6405059
7290015039055,false,"רוטב צ'ילי חריף תאילנדי וילי פוד 700 מ""ל",ג.וילי פוד אינטרנשיונל בעמ,,רוטב צ'ילי חריף תאיל,מיליליטרים,700.00,"100 מ""ל",false,,9.50,0.0136,true,1,913616
7290015039246,false,נתחי טונה בשמן צמחי רביעיה * 160 ג' וילי פוד,ג.וילי פוד אינטרנשיונל בעמ,,טונה בשמן רביעייה 16,גרמים,640.00,100 גרם,false,,19.70,0.0308,true,1,967903
7290015039338,false,נתחי טונה במי מלח רביעיה * 160 ג' וילי פוד,ג.וילי-פוד אינטרנשיונל בעמ,,טונה רביעייה במים 16,גרמים,640.00,100 גרם,false,,19.70,0.0308,true,1,967904
7290015054058,false,פאוורטק חלבון שוקולד700ג,סיטי תוספי מזון,,פאוארטק חלבון 700ג ש,יח',1.00,יח',false,,129.00,129.0000,true,1,6310995
7290015129121,false,אטריות גל קונג`אק נודלס ללא גלוטן סקיני,הוויזאי וואנגייה פוד,FR,סקיני פסטה נודלס 270,גרמים,270.00,100 גרם,false,,9.90,0.0367,true,1,1074360
7290015129251,false,איטריות גל קונג`אק בצורת פסטה פטוצ`יני ס,אף.סי תבליני בגליל ב,FR,סקיני פסטה פטוצ'יני,גרמים,270.00,100 גרם,false,,9.90,0.0367,true,1,1074365
7290015129312,false,תבשיל מרק עם אטריות קונגאק סקיני סופ בטע,אף.סי תבליני בגליל ב,,תבשיל מרק בטעם עוף,גרמים,235.00,100 גרם,false,,15.50,0.0660,true,1,6271148
7290015129756,false,סקיני פסטה שיבולת שועל פטוצ'יני 270 גרם,הוויזאי וואנגייה,,סקיני פסטה שיבולת שו,גרמים,270.00,100 גרם,false,,9.90,0.0367,true,1,4778210
7290015139250,false,"שוקולד מריר פצפוצי אורז כרמית 85 גרם לל""ס",כרמית תעשיות ממתקים בעמ,,כרמית אגו שוקולד ופי,גרמים,85.00,100 גרם,false,,4.90,0.0576,true,1,1050789
7290015139267,false,שוקולד מריר עם שקדים ללא תוספת סוכר וסטהיים,"כרמית תעשיות ממתקים בע""\",,כרמית אגו שוקולד ושק,גרמים,85.00,100 גרם,false,,4.90,0.0576,true,1,1050790
7290015139526,false,חופשי ופל בציפוי ומילוי שוקו ללא גלוטן כרמית 125 גרם,כרמית תעשיות ממתקים בעמ,IL,חופשי וופל בציפוי שו,גרמים,125.00,100 גרם,false,,6.90,0.0552,true,1,1119130
7290015139533,false,חופשי ופל לימון ללא ציפוי ללא גלוטן כרמית 200 גרם,כרמית תעשיות ממתקים בעמ,IL,חופשי וופל לימון 200,גרמים,200.00,100 גרם,false,,9.90,0.0495,true,1,1119131
7290015139557,false,חופשי ופל שוקו ללא גלוטן כרמית 200 גרם,כרמית תעשיות ממתקים בעמ,IL,אגו וופל שוקולד 200,גרמים,125.00,100 גרם,false,,6.90,0.0552,true,1,1119133
7290015150088,false,מחית עגבניות קלה גרנד איטליה 700 גרם,תה ויסוצקי (ישראל) בעמ,,מחית עגבניות 700גר,גרמים,700.00,100 גרם,false,,12.30,0.0176,true,1,1031402
7290015150118,false,שלישיית עגבניות חתוכות דק גרנד איטליה 400 גרם,תה ויסוצקי (ישראל) בעמ,,עגבניות חתוכות דק 21,גרמים,648.00,100 גרם,false,,16.90,0.0261,true,1,1031403
7290015150590,false,תה ירוק ג'ינג'ר חריף ויסוצקי 25 יחידות,תה ויסוצקי (ישראל) בעמ,,תה ירוק גינגר 25 יחי,יח',25.00,יח',false,,22.90,0.9160,true,1,1063441
7290015150729,false,תה ירוק סקיני גריני ויסוצקי 25 יחידות,תה ויסוצקי (ישראל) בעמ,,תה ירוק סקיני גריני,יח',1.00,יח',false,,22.90,22.9000,true,1,1137020
7290015150903,false,תה ירוק גן קסום קינמון ודבש 25 שק*1.5 גר,תה ויסוצקי (ישראל) בעמ,,תה ירוק קינמון ודבש,יח',25.00,יח',false,,22.90,0.9160,true,1,1471632
7290015155823,false,מחית תפוחי עץ חטיפטף ללא תוספת סוכר,גורי מוצרי צריכה (1991) בעמ,,פרינוק פאוץ' תפוח 12,גרמים,120.00,100 גרם,false,,5.90,0.0492,true,1,3001441
7290015155830,false,מחית תפוחי עץ ובננה חטיפטף ללא תוספת סוכר,גורי מוצרי צריכה (1991) בעמ,,פרינוק פאוץ' תפוח בנ,גרמים,120.00,100 גרם,false,,5.90,0.0492,true,1,3001442
7290015155878,false,חטיף אורז אפוי לתינוקות טבעי חטיפטף 28גר,גורי מוצרי צריכה בעמ,,חטיפטף טבעי 28 גר,גרמים,28.00,100 גרם,false,,8.90,0.3179,true,1,3263490
7290015155885,false,חטיפטף - חטיף אורז אפוי בטעם אוכמניות 28 גרם,גורי מוצרי צריכה (1991) בעמ,,חטיפטף בטעם אוכמניות,גרמים,28.00,100 גרם,false,,7.90,0.2821,true,1,3263594
7290015155892,false,חטיף אורז אפוי לתינוקות בננה חטיפטף 28גר,גורי מוצרי צריכה (1991) בעמ,,חטיפטף בטעם בננה 28,גרמים,28.00,100 גרם,false,,7.90,0.2821,true,1,3263616
7290015156790,false,מחית לפתן פירות חטיפטף ללא תוספת סוכר,גורי מוצרי צריכה (1991) בעמ,,פרינוק פאוץ' לפתן פי,גרמים,120.00,100 גרם,false,,5.90,0.0492,true,1,4607911
7290015156813,false,מחית פרינוק פאוץ' פירות מעורבים 120 גרם,גורי מוצרי צריכה (1991) בעמ,,פרינוק פאוץ' פירות מ,גרמים,120.00,100 גרם,false,,5.90,0.0492,true,1,4607912
7290015161091,false,"פסטה פוזילי ואורז לל""ג נוטרה זן 250 גרם",,,פסטה פוזילי טף ואורז,גרמים,250.00,100 גרם,false,,16.80,0.0672,true,1,6344476
7290015161558,false,קמח שיבולת שועל מלאה אורגני ללא גלוטן,י.איטליאנו אחזקות בעמ,,קמח שיבולת שועל ללא,גרמים,500.00,100 גרם,false,,17.90,0.0358,true,1,6460957
7290015164832,false,מחית קארי ירוק 400 גרם SUREE כשר,מזרח ומערב יבוא ושיווק,,מחית קארי ירוקה 400ג,גרמים,400.00,100 גרם,false,,18.70,0.0467,true,1,963138
7290015178235,false,מאזטים זיתים מושחרים בסלסת עגבניות מיובש,תנובה ב.ע.ד,,זיתים בסלסלת עגבניות,גרמים,180.00,100 גרם,false,,11.90,0.0661,true,1,6383196
7290015178266,false,אוליביה רוטב פלפלת שחורה 270 גרם,תה ויסוצקי (ישראל)בעמ,,רוטב פלפלת שחורה 270,גרמים,270.00,100 גרם,false,,13.90,0.0515,true,1,6472466
7290015178273,false,רוטב מרינדה לעוף בגריל אוליביה 270 גר,תה ויסוצקי (ישראל)בעמ,,רוטב מרינדה לעוף גרי,גרמים,320.00,100 גרם,false,,13.90,0.0434,true,1,6472467
7290015181181,false,מברשת לאסלה ראטן,,,מברשת לאסלה ראטן,יח',1.00,יח',false,,24.90,24.9000,true,1,6345630
7290015251464,false,נוזל לחיטוי פירות וירקות רמילוי 1 לי,,,נוזל לחיטוי פירות וי,100 מל,1.00,100 מל,false,,10.90,10.9000,true,1,3551805
7290015264204,false,טחינה שומשום מלא ממלכת החלבה 500 גרם,טעמן שיווק מזון בעמ,,טחינה שומשום מלא 500,גרמים,500.00,100 גרם,false,,19.90,0.0398,true,1,6392389
7290015325769,false,ג'ל רחצה מועשר נקטר פרחים 750 רמילוי,,,ג'ל רחצה מועשר נקטר,מיליליטרים,750.00,"100 מ""ל",false,,7.90,0.0105,true,1,2666913
7290015325776,false,ג'ל רחצה מועשר פירות אקזוטי 750 רמילוי,,,ג'ל רחצה מועשר פירות,מיליליטרים,750.00,"100 מ""ל",false,,7.90,0.0105,true,1,2666947
7290015325783,false,ג'ל רחצה מועשר לבנדר 750 רמילוי,,,ג'ל רחצה מועשר לבנדר,מיליליטרים,750.00,"100 מ""ל",false,,7.90,0.0105,true,1,2666948
7290015325790,false,ג'ל רחצה מועשר חוחובה 750 רמילוי,,,ג'ל רחצה מועשר חוחוב,מיליליטרים,750.00,"100 מ""ל",false,,7.90,0.0105,true,1,2666914
7290015325806,false,תחליב רחצה בניחוח קקטוס 750מל רמילוי,,,תחליב רחצה בניחוח קק,מיליליטרים,750.00,"100 מ""ל",false,,7.90,0.0105,true,1,2666949
7290015325813,false,תחליב רחצה 750מל רמילוי,,,תחליב רחצה 750מל רמי,מיליליטרים,750.00,"100 מ""ל",false,,7.90,0.0105,true,1,2666968
7290015325820,false,תחליב רחצה קוקוס 750מל רמילוי,,,תחליב רחצה קוקוס 750,מיליליטרים,750.00,"100 מ""ל",false,,7.90,0.0105,true,1,2666950
7290015325837,false,תחליב רחצה פרש 750מל רמילוי,,,תחליב רחצה פרש 750מל,מיליליטרים,750.00,"100 מ""ל",false,,7.90,0.0105,true,1,2666951
7290015328722,false,האשפתון 90*78 2 גליל,,,האשפתון 78*90,20 יח',1.00,20 יח',false,,10.90,10.9000,true,1,4710050
7290015328739,false,האשפתון 75*65 2 גליל,,,האשפתון 65*75,יח',1.00,יח',false,,10.90,10.9000,true,1,4710051
7290015335614,false,מעדן ביו עם תות 150 גרם,טרופיקל דגיל תעשיות,,מעדן ביו עם תות,גרמים,150.00,100 גרם,false,,6.90,0.0460,true,1,5988372
7290015339223,false,לזניה בילאגיו למילוי טעמן 500 גרם,טעמן שיווק מזון בעמ,,לזניה 500 ג טעמן,גרמים,500.00,100 גרם,false,,10.90,0.0218,true,1,934867
7290015339698,false,דובדבנים חמוצים מגולענים 380 גר' טעמן,דונקליטי קונזרוון,,טעמן דובדבנים חמוצים,גרמים,350.00,100 גרם,false,,9.50,0.0271,true,1,1000125
7290015348072,false,"למברוסקו אמיליאנו אדום 750 מ""ל",טמפו משקאות בעמ,IL,למברוסקו אמיליאנו אדום 75,מיליליטרים,750.00,"100 מ""ל",false,,24.90,0.0332,true,1,1019194
7290015350150,false,יין אדום חצי יבש של סגל (750 מל),"כרמי צבי - אחים סגל בע""\",,סגל אדום חצי יבש 750,מיליליטרים,750.00,"100 מ""ל",false,,21.40,0.0285,true,1,6296659
7290015350242,false,שטוק 84 משקה כוהלי על בסיס ברנדי בטעם דבש,טמפו משקאות בעמ,,ברנדי שטוק 84 דבש 75,מיליליטרים,750.00,"100 מ""ל",false,,64.90,0.0865,true,1,4071642
7290015366359,false,מכשיר ספירה 8 שעות+נוזל להרחקת יתושים 45 לילות,זובלה הולדינגס ס.פ.א,IT,מכשיר 8 שעות +רפיל נוזל,יח',1.00,יח',false,,26.90,26.9000,true,1,1014168
7290015366663,false,"משחת שיניים מנטה עדין אקווה פרש 100 מ""ל",גלקסוסמיתקליין,SK,"אקוה פרש מנטה 100 מ""ל",מיליליטרים,100.00,"100 מ""ל",false,,5.90,0.0590,true,1,1150674
7290015437431,false,רכז רימונים 100% טבעי 420 גר,תומר יבוא ושיווק מוצרי מזון (1,,רכז רימונים 100% טבע,גרמים,420.00,100 גרם,false,,18.90,0.0450,true,1,6257937
7290015470094,false,טבלאות שוקולד טוסו מר`שוקולד תפוז 100ג,דנשר (1963) בעמ,,טוסו שוקולד מריר תפו,גרמים,100.00,100 גרם,false,,8.90,0.0890,true,1,1625987
7290015568289,false,כוס טרמית TO GO,,,כוס טרמית TO GO,יח',1.00,יח',false,,14.90,14.9000,true,1,1085028
7290015596817,false,"ד""ר פישר - אפקטיב קר קרם גוף מועשר בשמן קוקוס 450 מ""ל",פישר תעשיות פרמבצטיות בעמ,,קרם גוף אפקטיב קר קו,מיליליטרים,450.00,"100 מ""ל",false,,24.90,0.0553,true,1,6304358
7290015597326,false,אסקימו מאגדת קלי קלות שטראוס 10 יחידות,"גלידת שטראוס בע""\מ, רחוב",IL,מאגדת אייס לייט,גרמים,710.00,100 גרם,false,,19.80,0.0279,true,1,1109547
7290015599023,false,VEGA צהובה טבעונית בטעם קלאסי 200 גרם,וגה מוצרים טבעוניים VEGA,,צהובה טבעונית בטעם ק,גרמים,200.00,100 גרם,false,,23.70,0.1185,true,1,6304827
7290015599061,false,VEGA צהובה טבעונית בטעם מוצרלה 200 גרם,וגה מוצרים טבעוניים VEGA,,צהובה טבעונית בטעם מ,גרמים,200.00,100 גרם,false,,23.70,0.1185,true,1,6304830
7290015599078,false,פרוסות צהובה טבעונית בתוספת עשבי תיבול,וגה מוצרים טבעוניים VEGA,,צהובה טבעונית ע.תיבו,גרמים,200.00,100 גרם,false,,23.70,0.1185,true,1,6304831
7290015599306,false,גבינת שמנת טבעונית עם עירית 170 גרם,ביוטי איילנד פודס בע,,גבינת שמנת טבעונית ע,גרמים,170.00,100 גרם,false,,17.80,0.1047,true,1,6304835
7290015599504,false,VEGA ממרח בטעם חמאה אורגני 225 גרם,גוד פוד פרודקטס S.p,,ממרח טעם חמאה אורגני,גרמים,225.00,100 גרם,false,,17.80,0.0791,true,1,6304836
7290015603188,false,אטריות ביצים 454ג' (כ) (fu),פוגיאן לונגהי אנלידה אינ,,אטריות ביצים 454ג' (,גרמים,454.00,100 גרם,false,,9.90,0.0218,true,1,1088050
7290015603195,false,איטריות בתוספת תרד 454 גרם,פוגיאן לונגהי אנלידה אינ,,אטריות עם תרד 454ג',גרמים,454.00,100 גרם,false,,9.90,0.0218,true,1,1036676
7290015603201,false,אטריות מחיטה מלאה 454ג' (כ) (fu),קסמיאן קסינגשנג פודסטטפס,,אטריות מחיטה מלאה 45,גרמים,454.00,100 גרם,false,,10.40,0.0229,true,1,1057350
7290015603232,false,איטריות בתוספת דלעת 454 גרם,מזרח ומערב יבוא ושיווק,,אטריות עם דלעת 454ג',גרמים,454.00,100 גרם,false,,10.90,0.0240,true,1,1742804
7290015603522,false,"נוזל אגוזי קוקוס 5%-7% 400 מ""ל",מזרח ומערב יבוא ושיווק,,נוזל אגוזי קוקוס 5-7,מיליליטרים,400.00,"100 מ""ל",false,,5.80,0.0145,true,1,1081294
7290015603546,false,"שימורי קרם קוקוס 17-19% 400 מ""ל (ASIATIC)(כ)",מזרח ומערב יבוא ושיווק,,שימורי קרם קוקוס 400,מיליליטרים,400.00,"100 מ""ל",false,,8.50,0.0213,true,1,5090667
7290015603560,false,"שימורי קרם קוקוס 20-22% 400 מ""ל (ASIATIC)(כ)",אסיאטיק אגרו אינדוסטרי,,שימורי קרם קוקוס 20-,מיליליטרים,400.00,"100 מ""ל",false,,9.60,0.0240,true,1,1081295
7290015603584,false,ג'ינגר לבן כבוש ללא מונוסודיום 160 גרם (כ),מזרח ומערב יבוא ושיווק,,ג'ינגר לבן כבוש ללא,גרמים,160.00,100 גרם,false,,7.70,0.0481,true,1,1133256
7290015603591,false,גינגר ורוד כבוש ללא מונוסודיום 160 גרם,מזרח ומערב יבוא ושיווק,,גינגר ורוד 160 גרם,גרמים,160.00,100 גרם,false,,7.70,0.0481,true,1,3395780
7290015644297,false,שישיית לחמניות פשוט מלא אנג'ל 450 גרם,מאפיית שלמה א. אנג'\ל בע,,לחמניות פשוט מלא 6 י,גרמים,75.00,100 גרם,false,,10.90,0.1453,true,1,2578370
7290015644426,false,"לחם צרפתי חיטה מלאה ודגנים 600 גרם ""אנג'ל""",מאפיית שלמה א. אנג'\ל בע,,לחם צרפתי חיטה מלאה,גרמים,600.00,100 גרם,false,,16.90,0.0282,true,1,1250282
7290015644433,false,לחם מחמצת 100% שיפון קל אנג'ל 600 גרם,מאפיית שלמה א. אנג'\ל בע,,לחם צרפתי שיפון 100%,גרמים,650.00,100 גרם,false,,16.90,0.0260,true,1,1250283
7290015673013,false,טחון מהצומח צליה גריל500,טבע דלי בעמ,,טחון לצלייה צמחוני 5,גרמים,500.00,100 גרם,false,,23.90,0.0478,true,1,4993117
7290015681070,false,אובלטים שומשום רמי לוי 300 גרם,רמי לוי,IL,אובלטים שומשום רמי ל,גרמים,300.00,100 גרם,false,,9.90,0.0330,true,1,1057296
7290015681087,false,אובלטים קימל רמי לוי 300 גרם,רמי לוי,IL,אובלטים קימל רמי לוי,גרמים,300.00,100 גרם,false,,9.90,0.0330,true,1,1057297
7290015681100,false,שניצלונים בציפוי שומשום רמי לוי 600 גרם,רמי לוי,IL,שניצלונים בציפוי שומ,גרמים,600.00,100 גרם,false,,23.90,0.0398,true,1,1068553
7290015681117,false,חטיפי עוף רמי לוי 60,רמי לוי,IL,חטיפי עוף רמי לוי 60,גרמים,600.00,100 גרם,false,,23.90,0.0398,true,1,1068554
7290015681131,false,שניצלוני גן חיות רמי לוי 600 גרם,רמי לוי,IL,שניצלוני גן חיות רמי,גרמים,600.00,100 גרם,false,,23.90,0.0398,true,1,1068555
7290015681148,false,נגיסי תירס רמי לוי 750 גרם,רמי לוי,IL,נגיסי תירס רמי לוי 7,גרמים,750.00,100 גרם,false,,19.90,0.0265,true,1,1057433
7290015681155,false,כוכבי תירס רמי לוי 600 גרם,רמי לוי,IL,כוכבי תירס רמי לוי 6,גרמים,600.00,100 גרם,false,,16.90,0.0282,true,1,1057434
7290015681162,false,שניצל תירס רמי לוי 750 גרם,רמי לוי,IL,שניצל תירס רמי לוי 7,גרמים,750.00,100 גרם,false,,19.90,0.0265,true,1,1057435
7290015681179,false,שניצל צמחי רמי לוי 750 גרם,רמי לוי,IL,שניצל צמחי רמי לוי 7,גרמים,750.00,100 גרם,false,,19.90,0.0265,true,1,1057436
7290015681186,false,שניצל עוף אמיתי עם שומשום רמי לוי 700 גרם,רמי לוי,IL,שניצל עוף אמיתי עם ש,גרמים,700.00,100 גרם,false,,27.90,0.0399,true,1,1057437
7290015681209,false,רצועות הודו רמי לוי 650 גרם,רמי לוי,IL,רצועות הודו רמי לוי,גרמים,650.00,100 גרם,false,,29.90,0.0460,true,1,1057439
7290015681254,false,זיתים מרוקאי 600 ג ר,רמי לוי,IL,זיתים מרוקאי 600 ג ר,גרמים,600.00,100 גרם,false,,21.90,0.0365,true,1,1057598
7290015681261,false,זיתים סורי 600 גרם ר,רמי לוי,IL,זיתים סורי 600 גרם ר,גרמים,600.00,100 גרם,false,,14.90,0.0248,true,1,1057599
7290015681278,false,זיתים סנטה גדול 600 ג רמי לוי,רמי לוי,IL,זיתים סנטה גדול 600,גרמים,600.00,100 גרם,false,,14.90,0.0248,true,1,1057600
7290015681445,false,קפסולות קפה קפוצינו רמי לוי,אספרסו,IT,קפסולות קפה קפוצינו,יח',1.00,יח',false,,7.80,7.8000,true,1,1569370
7290015681469,false,קפסולות קפה מקיאטו,אספרסו,IT,קפסולות קפה מקיאטו,יח',1.00,יח',false,,7.80,7.8000,true,1,1569372
7290015681476,false,קפסולות קפה אספרסו רמי לוי,אספרסו,IT,קפסולות קפה אספרסו ר,10 יח',1.00,10 יח',false,,7.80,7.8000,true,1,1569373
7290015681483,false,קפסולות קפה אספרסו חזק רמי לוי,אספרסו,IT,קפסולות קפה אספרסו ח,יח',1.00,יח',false,,7.80,7.8000,true,1,1569374
7290015681759,false,מיזלי פירות רמי לוי,רמי לוי,,מיזלי פירות רמי לוי,גרמים,400.00,100 גרם,false,,10.40,0.0260,true,1,1056715
7290015681766,false,חטיפי גרנולה אגוזים ושקדים רמי לוי,ויטלה ניקולא דו,MK,חטיפי גרנולה אגוזים,גרמים,175.00,100 גרם,false,,8.90,0.0509,true,1,1056716
7290015681773,false,קינואה רמי לוי 400 גרם,דין שיווק,,קינואה רמי לוי 400 ג,גרמים,400.00,100 גרם,false,,9.90,0.0248,true,1,1054352
7290015681780,false,גרנולה פירות רמי לוי 400 גרם,רמי לוי,,גרנולה פירות רמי לוי,גרמים,400.00,100 גרם,false,,10.40,0.0260,true,1,1056717
7290015681810,false,גרנולה פירות רמי לוי 800 גרם,רמי לוי,,גרנולה פירות רמי לוי,גרמים,800.00,100 גרם,false,,17.90,0.0224,true,1,1056718
7290015681841,false,חטיפי גרנולה מייפל רמי לוי,ויטלה ניקולא דו,MK,חטיפי גרנולה מייפל ר,גרמים,175.00,100 גרם,false,,8.90,0.0509,true,1,1056720
7290015681872,false,חטיפי גרנולה צימוקים ותמרים רמי לוי,ויטלה ניקולא דו,MK,חטיפי גרנולה צימוקים,גרמים,175.00,100 גרם,false,,8.90,0.0509,true,1,1056721
7290015681896,false,מוזלי אגוזים רמי לוי,דין שיווק,,מוזלי אגוזים רמי לוי,גרמים,800.00,100 גרם,false,,14.90,0.0186,true,1,1056722
7290015733120,false,מטרנה גולד שלב 1 תרכובת מזון על בסיס חלבי,קבוצת אוסם סחר שותפות מוגבלת,,מטרנה גולד שלב 1 700,גרמים,700.00,100 גרם,false,,67.50,0.0964,true,1,4544881
7290015733205,false,תרכובת מזון לתינוקות חלבי שלב 1 אקסטרה קר מהדרין,קבוצת אוסם סחר שותפות מוגבלת,,מטרנה אקסטרה קר מהדר,גרמים,700.00,100 גרם,false,,56.90,0.0813,true,1,4661550
7290015733229,false,תרכובת מזון לתינוקות חלבי שלב 2 אקסטרה קר מהדרין,קבוצת אוסם סחר שותפות מוגבלת,,מטרנה אקסטרה קר מהדר,גרמים,700.00,100 גרם,false,,56.90,0.0813,true,1,4661551
7290015733243,false,מטרנה אקסטרה קייר מהדרין שלב 3 700 גרם,קבוצת אוסם סחר שותפות מוגבלת,,מטרנה אקסטרה קר מהדר,גרמים,700.00,100 גרם,false,,56.90,0.0813,true,1,4661552
7290015733427,false,מטרנה דייסת גם וגם וניל פרו12*300ג 2019,קבוצת אוסם סחר שותפות מוגבלת,,מטרנה דייסת גם וגם ו,יח',1.00,יח',false,,17.90,17.9000,true,1,6285750
7290015733441,false,מטרנה דייסת גם וגם דגנים פרו 300 גר`,קבוצת אוסם סחר שותפות מוגבלת,,מטרנה דייסת גם וגם ד,גרמים,300.00,100 גרם,false,,17.90,0.0597,true,1,6285751
7290015733939,false,"תרכובת מזון A.R על בסיס חלבי בתוספת עמילן תפו""א ותירס",קבוצת אוסם סחר שותפות מוגבלת,,מטרנה אקסטרה קר 700,גרמים,700.00,100 גרם,false,,76.90,0.1099,true,1,6353451
7290015781008,false,"יין VISION מרלו אדום טפרברג 750 מ""ל",יקב טפרברג 1870 בעמ (יינות ומש,,מרלו ויז'יון 750 מ'',מיליליטרים,750.00,"100 מ""ל",false,,38.90,0.0519,true,1,1039424
7290015781015,false,יין אדום מלבק ויז`יון טפרברג (750 מל),יקב טפרברג 1870 בעמ (יינות ומש,,מלבק ויז'יון 750 מ'',מיליליטרים,750.00,"100 מ""ל",false,,38.90,0.0519,true,1,1039425
7290015781046,false,"יין לבן חצי יבש ויזון 750 מ""ל",יקב טפרברג 1870 בעמ (יינות ומש,,יין לבן חצי יבש ויזו,מיליליטרים,750.00,"100 מ""ל",false,,38.90,0.0519,true,1,1046272
7290015781091,false,"יין VISION קברנה סוביניון טפרברג 750 מ""ל",יקב טפרברג 1870 בעמ (יינות ומש,,קברנה סובניון ויז'יו,מיליליטרים,750.00,"100 מ""ל",false,,38.90,0.0519,true,1,1039427
7290015781114,false,יין אדום אימפרשיין מרלו טפרברג (750 מל),יקב טפרברג 1870 בעמ (יינות ומש,,מרלו אימפרשן 750 מ'',מיליליטרים,750.00,"100 מ""ל",false,,39.90,0.0532,true,1,1039429
7290015781121,false,"יין IMPRESSION קברנה סוביניון יבש טפרברג 750 מ""ל",יקב טפרברג 1870 בעמ (יינות ומש,,קברנה סובניון אימפרש,מיליליטרים,750.00,"100 מ""ל",false,,39.90,0.0532,true,1,1039430
7290015781169,false,"יין IMPRESSION קברנה סוביניון חצי יבש טפרברג 750 מ""ל",יקב טפרברג 1870 בעמ (יינות ומש,,אדום חצי יבש אימפרשן,מיליליטרים,750.00,"100 מ""ל",false,,39.90,0.0532,true,1,1039434
7290015781282,false,"יין IMPRESSION גוורצטרמינר טפרברג 750 מ""ל",יקב טפרברג 1870 בעמ (יינות ומש,,גוורצטרמינר אימפרשן,מיליליטרים,750.00,"100 מ""ל",false,,39.90,0.0532,true,1,1039437
7290015781299,false,יין שיראז ויזון יקב טפרברג (750 מל),יקב טפרברג 1870 בעמ (יינות ומש,,שיראז ויז'יון 750 מ',מיליליטרים,750.00,"100 מ""ל",false,,38.90,0.0519,true,1,1039438
7290015781657,false,אלגרו למברוסקו רוזה 750 מל טפרברג,יקב טפרברג 1870 בעמ (יינות ומש,,למברוסקו רוזה,מיליליטרים,750.00,"100 מ""ל",false,,34.90,0.0465,true,1,4042356
7290015804899,false,תירס 800 ג,,,תירס 800 ג,גרמים,800.00,100 גרם,false,,8.70,0.0109,true,1,1931056
7290015804905,false,אפונה 800 ג רמילוי,,,אפונה 800 ג רמילוי,גרמים,800.00,100 גרם,false,,8.70,0.0109,true,1,1931057
7290015804912,false,אפונה וגזר 800 ג רמי לוי,,,אפונה וגזר 800 ג רמי,גרמים,800.00,100 גרם,false,,8.70,0.0109,true,1,1931058
7290015804929,false,שעועית ירוקה חתוכה 800 ג רמילוי,,,שעועית ירוקה חתוכה 8,גרמים,800.00,100 גרם,false,,8.70,0.0109,true,1,1931059
7290015804936,false,שעועית צהובה חתוכה 800 גר רמילוי,,,שעועית צהובה חתוכה 8,גרמים,800.00,100 גרם,false,,8.70,0.0109,true,1,1931060
7290015804943,false,שעועית ירוקה שלמה 800 גר רמילוי,,,שעועית ירוקה שלמה 80,גרמים,800.00,100 גרם,false,,9.20,0.0115,true,1,1931061
7290015804950,false,פול ירוק 800 גר רמילוי,,,פול ירוק 800 גר רמיל,גרמים,800.00,100 גרם,false,,10.90,0.0136,true,1,1931062
7290015804967,false,ברוקולי מוקפא 800 גר רמילוי,,,ברוקולי מוקפא 800 גר,גרמים,800.00,100 גרם,false,,16.90,0.0211,true,1,1931063
7290015804981,false,תחתיות ארטישוק מוקפאות 400 גר רמילוי,,,תחתיות ארטישוק מוקפא,גרמים,400.00,100 גרם,false,,8.90,0.0223,true,1,1931065
7290015804998,false,במיה מוקפאות 600 גר רמילוי,,,במיה מוקפאות 600 גר,גרמים,600.00,100 גרם,false,,8.30,0.0138,true,1,1931066
7290015809214,false,דגש תערובת להכנת פלאפל 180 גר,נטורפוד בעמ,,דגש תערובת להכנת פלא,גרמים,180.00,100 גרם,false,,12.90,0.0717,true,1,6442533
7290015821148,false,להבונים 50 יחידות-3 שעות,,,נרות חימום 50,יחידה,0.00,יחידה,false,,9.90,0.0000,true,1,3044841
7290015834162,false,"קמח לבן רמי לוי 1 ק""ג",רמי לוי,IL,"קמח לבן רמי לוי 1 ק""",יח',1.00,יח',false,,3.90,3.9000,true,1,1057151
7290015834186,false,"קמח תופח רמי לוי 1 ק""ג",רמי לוי,IL,קמח תופח רמי לוי 1 ק,יח',1.00,יח',false,,4.90,4.9000,true,1,1057152
7290015834193,false,"סולת חיטה רמי לוי 1 ק""ג",רמי לוי,IL,סולת חיטה רמי לוי 1,קילוגרמים,1.00,"ק""ג",false,,3.90,3.9000,true,1,1057153
7290015834209,false,"ציפס קלאסי רמי לוי 2 ק""ג",קפוא-זן,BE,ציפס קלאסי רמי לוי 2,קילוגרמים,2.00,"ק""ג",false,,22.90,11.4500,true,1,1057444
7290015834223,false,פרורי לחם מוזהבים רמי לוי 200 גרם,רמי לוי,ES,פרורי לחם מוזהבים רמ,גרמים,200.00,100 גרם,false,,3.50,0.0175,true,1,1057301
7290015834230,false,קוסקוס דק רמי לוי 350 גרם,רמי לוי,IL,קוסקוס דק רמי לוי 35,גרמים,350.00,100 גרם,false,,4.50,0.0129,true,1,1057561
7290015834247,false,קוסקוס בינוני רמי לוי 350 גרם,רמי לוי,IL,קוסקוס בינוני רמי לו,גרמים,350.00,100 גרם,false,,4.50,0.0129,true,1,1057562
7290015834254,false,קוסקוס עבה רמי לוי 350 גרם,רמי לוי,IL,קוסקוס עבה רמי לוי 3,גרמים,350.00,100 גרם,false,,4.50,0.0129,true,1,1057563
7290015834285,false,פתיתים אורז רמי לוי 500 גרם,רמי לוי,IL,פתיתים אורז רמי לוי,גרמים,500.00,100 גרם,false,,4.50,0.0090,true,1,1057564
7290015834292,false,פתיתים קוסקוס רמי לוי 500 גרם,רמי לוי,IL,פתיתים קוסקוס רמי לו,גרמים,500.00,100 גרם,false,,4.50,0.0090,true,1,1057565
7290015834339,false,דבש בצנצנת רמי לוי 350 גרם,דבש עמק חפר,RO,דבש בצנצנת רמי לוי 3,גרמים,350.00,100 גרם,false,,15.90,0.0454,true,1,1057638
7290015834445,false,"ציפס סטיק רמי לוי 2 ק""ג",קפוא-זן,BE,ציפס סטיק רמי לוי 2,קילוגרמים,2.00,"ק""ג",false,,22.90,11.4500,true,1,1057446
7290015834469,false,פרוסות דקל רמי לוי 220 גרם,טעמן,,פרוסות דקל רמי לוי 2,גרמים,220.00,100 גרם,false,,7.90,0.0359,true,1,1109409
7290015834476,false,"דבש טהור רמי לוי 1 ק""ג",רמי לוי,RO,דבש טהור רמי לוי 1 ק,100 קג,1.00,100 קג,false,,34.90,34.9000,true,1,1057642
7290015834483,false,דבש לחיץ רמי לוי 250 גרם,רמי לוי,IL,דבש לחיץ רמי לוי 250,גרמים,250.00,100 גרם,false,,12.90,0.0516,true,1,1056214
7290015834902,false,מלפפון בחומץ 13-17 ר,רמי לוי,IL,מלפפון בחומץ 13-17 ר,גרמים,290.00,100 גרם,false,,8.50,0.0293,true,1,1057605
7290015834933,false,מלפפון במלח 13-17 רמ,רמי לוי,IL,מלפפון במלח 13-17 רמ,גרמים,320.00,100 גרם,false,,8.50,0.0266,true,1,1057644
7290015834940,false,מלפפון במלח 18-25 רמי לוי 320 גרם,רמי לוי,IL,מלפפון במלח 18-25 רמ,גרמים,320.00,100 גרם,false,,10.90,0.0341,true,1,1057645
7290015834988,false,פרורי לחם לבנים רמי לוי 200 גרם,רמי לוי,ES,פרורי לחם לבנים רמי,גרמים,200.00,100 גרם,false,,3.50,0.0175,true,1,1081617
7290015835039,false,כריות יפניות עבות רמי לוי 6 יח,רמי לוי,,כריות יפניות עבות רמ,100 יח',6.00,100 יח',false,,7.50,1.2500,true,1,1057687
7290015835046,false,כריות יפניות רמי לוי 9 יח,,,כריות יפניות רמי לוי,100 יח',9.00,100 יח',false,,8.60,0.9556,true,1,1137624
7290015835053,false,כריות קרצוף ארוכות רמי לוי,רמי לוי,,כריות קרצוף ארוכות ר,100 יח',1.00,100 יח',false,,7.50,7.5000,true,1,1057688
7290015835060,false,כריות קרצוף רמי לוי 10 יח,רמי לוי,,כריות קרצוף רמי לוי,100 יח',10.00,100 יח',false,,5.10,0.5100,true,1,1057689
7290015835077,false,ברזלית צילינדר רמי לוי 4 יח רמי לוי,פלסטו פוליש,IL,ברזלית צילינדר רמי ל,100 יח',4.00,100 יח',false,,7.90,1.9750,true,1,1057690
7290015835084,false,ספוג פלא לניקוי רמי לוי 6 יח,רמי לוי,,ספוג פלא לניקוי רמי,100 יח',6.00,100 יח',false,,7.50,1.2500,true,1,1057691
7290015835107,false,צמר פלדה רמי לוי 350 גרם,רמי לוי,,צמר פלדה רמי לוי 350,גרמים,350.00,100 גרם,false,,8.90,0.0254,true,1,1057693
7290015835114,false,צמר פלדה רמי לוי 100 גרם,רמי לוי,,צמר פלדה רמי לוי 100,גרמים,100.00,100 גרם,false,,2.90,0.0290,true,1,1057694
7290015835121,false,מטליות רמי לוי 9 יח,רמי לוי,,מטליות רמי לוי 9 יח,יח',9.00,יח',false,,7.90,0.8778,true,1,1057695
7290015835138,false,פרורי לחם לבנים 400 גרם רמי לוי,רמי לוי,ES,פרורי לחם לבנים 400,גרמים,400.00,100 גרם,false,,4.90,0.0123,true,1,1057302
7290015835183,false,מטליות מיקרופייבר רביעייה רמי לוי,פלסטו פוליש,CN,מטליות מיקרופייבר רב,יח',4.00,יח',false,,7.50,1.8750,true,1,1057700
7290015835206,false,מטלית מיקרופייבר רמי לוי 50*80,פלסטו פוליש,CN,מטלית מיקרופייבר רמי,יח',1.00,יח',false,,7.50,7.5000,true,1,1057702
7290015835237,false,פרורי לחם מוזהבים רמי לוי 400 גרם,רמי לוי,ES,פרורי לחם מוזהבים רמ,גרמים,400.00,100 גרם,false,,4.90,0.0123,true,1,1057303
7290015835411,false,גרנולה אגוזים רמי לוי 400 גרם,רמי לוי,,גרנולה אגוזים רמי לו,גרמים,400.00,100 גרם,false,,10.40,0.0260,true,1,1056724
7290015835428,false,מוזלי פירות רמי לוי 800 גרם,דין שיווק,,מוזלי פירות רמי לוי,גרמים,800.00,100 גרם,false,,14.90,0.0186,true,1,1056725
7290015835435,false,מוזלי אגוזים רמי לוי 400 גרם,רמי לוי,,מוזלי אגוזים רמי לוי,גרמים,400.00,100 גרם,false,,10.40,0.0260,true,1,1056726
7290015835466,false,פרורי לחם גריל 200גר רמי לוי,רמי לוי,ES,פרורי לחם גריל 200גר,גרמים,200.00,100 גרם,false,,3.50,0.0175,true,1,1081618
7290015835510,false,קנלוני רמי לוי 250 גרם,פסטיפיציו,IT,קנלוני רמי לוי 250 ג,גרמים,250.00,100 גרם,false,,7.90,0.0316,true,1,1057614
7290015835527,false,לזניה רמי לוי 500 גרם,פסטיפיציו,IT,לזניה רמי לוי 500 גר,גרמים,500.00,100 גרם,false,,11.90,0.0238,true,1,1379427
7290015835572,false,פרורי לחם שומשום 200גר רמי לוי,רמי לוי,ES,פרורי לחם שומשום 200,גרמים,200.00,100 גרם,false,,3.50,0.0175,true,1,1057304
7290015835633,false,"וופל טעם שוקולד רמי לוי 1 ק""ג",,,וופל טעם שוקולד רמי,קילוגרמים,1.00,"ק""ג",false,,16.90,16.9000,true,1,1133786
7290015835640,false,וופל טעם שוקולד רמי לוי 300 גרם,מנעמים,IL,וופל טעם שוקולד רמי,גרמים,300.00,100 גרם,false,,4.50,0.0150,true,1,1133787
7290015835756,false,שיבולת שועל דק רמי לוי 500 גרם,רמי לוי,,שיבולת שועל דק רמי ל,גרמים,500.00,100 גרם,false,,4.50,0.0090,true,1,1054353
7290015835763,false,שיבולת שועל עבה רמי לוי 500 גרם,רמי לוי,,שיבולת שועל עבה רמי,גרמים,500.00,100 גרם,false,,4.50,0.0090,true,1,1054354
7290015835817,false,אטריות דקיקות 400 גרם רמי לוי,רמי לוי,,אטריות דקיקות 400 גר,גרמים,400.00,100 גרם,false,,4.50,0.0113,true,1,1057178
7290015835824,false,אטריות דקות 400 גרם רמי לוי,רמי לוי,,אטריות דקות 400 גרם,גרמים,400.00,100 גרם,false,,4.50,0.0113,true,1,1057179
7290015835930,false,מגבות נייר רמי לוי 8 יח,רמי לוי,,מגבות נייר רמי לוי 8,יח',1.00,יח',false,,13.50,13.5000,true,1,1051438
7290015835954,false,מפיות נייר רמי לוי 100 יח,רמי לוי,,מפיות נייר רמי לוי 1,יח',1.00,יח',false,,4.90,4.9000,true,1,1051440
7290015835978,false,ממחטות מארז חמישייה רמי לוי,רמי לוי,,ממחטות מארז חמישייה,יח',1.00,יח',false,,11.80,11.8000,true,1,1051441
7290015855228,false,אספרגוס א.אדמה,א.אדמה (2007) בעמ,,אספרגוס א.אדמה,גרמים,230.00,100 גרם,false,,27.90,0.1213,true,1,1118292
7290015856331,false,קרם קרקר חיטה מלאה 2,,,קרם קרקר חיטה מלאה 2,גרמים,250.00,100 גרם,false,,6.90,0.0276,true,1,4710470
7290015856355,false,קרקר 110 גרם רמי לוי,,,קרקר 110 גרם רמי לוי,גרמים,110.00,100 גרם,false,,2.30,0.0209,true,1,4675712
7290015856362,false,קרקר 110 גרם רמי לוי,,,קרקר 110 גרם רמי לוי,גרמים,110.00,100 גרם,false,,2.30,0.0209,true,1,4675713
7290015856386,false,חטיפי קרקר שומשום 350ג רמילוי,,,חטיפי קרקר שומשום 35,גרמים,350.00,100 גרם,false,,6.90,0.0197,true,1,4859731
7290015856423,false,קרקר עם בצל 110ג רמילוי,,,קרקר עם בצל 110ג רמי,גרמים,110.00,100 גרם,false,,2.30,0.0209,true,1,4859735
7290015856430,false,דגדגים 200גר רמי לוי,,,דגדגים 200גר רמי לוי,גרמים,200.00,100 גרם,false,,4.50,0.0225,true,1,4993078
7290015856713,false,סנקסו חטיף אפונה אפוי עם אריסה 50 גרם,אפיפית נצרת (1971) ב,,חטיף אפונה אפוי עם א,גרמים,50.00,100 גרם,false,,5.70,0.1140,true,1,6278129
7290015856737,false,סנקסו חטיף אפונה אפוי עם פלפל 50 גרם,אפיפית נצרת (1971) ב,,חטיף אפונה אפוי עם פ,גרמים,50.00,100 גרם,false,,5.70,0.1140,true,1,6278131
7290015856973,false,תה בסקוויט וניל ללא תוספת סוכר הדר,אפיפית נצרת תעשיות בסקויט,,"ביסקוויט וניל ללת""ס",גרמים,150.00,100 גרם,false,,5.80,0.0387,true,1,6448078
7290015856980,false,תה בסקוויט שוקו ללא תוספת סוכר הדר,אפיפית נצרת תעשיות בסקויט,,"ביסקוויט שוקו ללת""ס",גרמים,150.00,100 גרם,false,,5.80,0.0387,true,1,6448079
7290015858106,false,"ממרח פסטו ביתי 180 גרם ""עללחם""",שטראוס גרופ בעמ/מצונן,,עללחם פסטו ביתי 180ג,גרמים,180.00,100 גרם,false,,15.90,0.0883,true,1,5718461
7290015858113,false,"ממרח עגבניות מיובשות 180 גרם ""טריטרי""",שטראוס גרופ בעמ/מצונן,,עללחם ממרח עגבניות מ,גרמים,180.00,100 גרם,false,,15.90,0.0883,true,1,5718462
7290015858144,false,ממרח ארטישוק עללחם 180 גרם,"מדשא תעשיות מזון בע""\מ",,עללחם ממרח ארטישוק 1,גרמים,180.00,100 גרם,false,,15.90,0.0883,true,1,5718463
7290015858175,false,ממרח פלפלים קלויים 180 גרם עללחם,"מדשא תעשיות מזון בע""\מ",,עללחם ממרח פלפלים קל,גרמים,180.00,100 גרם,false,,15.90,0.0883,true,1,5718464
7290015858328,false,עללחם ממרח איולי פסטו 295 גרם,"מדשא תעשיות מזון בע""\מ",,איולי פסטו עללחם 295,גרמים,295.00,100 גרם,false,,12.90,0.0437,true,1,6510165
7290015858441,false,עללחם ממרח איולי פלפלים 295 גרם,"מדשא תעשיות מזון בע""\מ",,איולי פלפלים עללחם 2,גרמים,295.00,100 גרם,false,,12.90,0.0437,true,1,6510166
7290015858687,false,עללחם ממרח איולי שום 295 גרם,"מדשא תעשיות מזון בע""\מ",,איולי שום עללחם 295,גרמים,295.00,100 גרם,false,,12.90,0.0437,true,1,6510167
7290015858694,false,עללחם ממרח איולי שום לימון 295 גרם,"מדשא תעשיות מזון בע""\מ",,איולי שום לימון עללח,גרמים,295.00,100 גרם,false,,12.90,0.0437,true,1,6510168
7290015865722,false,ענבי ציון קונפיטורה לייט תות שדה 400 גר`,אבאל יזמות בעמ,,קונפיטורת תות שדה לי,גרמים,400.00,100 גרם,false,,19.70,0.0492,true,1,6426198
7290015865739,false,ענבי ציון קונפיטורה לייט אוכמניות 400 גר,אבאל יזמות בעמ,,קונפיטורת אוכמניות ל,גרמים,400.00,100 גרם,false,,19.70,0.0492,true,1,6426199
7290015865746,false,ענבי ציון קונפיטורה לייט פירות יער 400 ג,אבאל יזמות בעמ,,קונפיטורת פירות יער,גרמים,400.00,100 גרם,false,,19.70,0.0492,true,1,6426200
7290015872096,false,חומוס אסלי שמיר 700 גרם,"סלטי שמיר 2006 בע""מ",,חומוס אסלי 700גר,גרמים,700.00,100 גרם,false,,9.90,0.0141,true,1,6509835
7290015888042,false,"אורז בסגנון בסמטי"" ריהאן"" 5ק""ג",בני ג ורג שוקחה (חיפה) בעמ,,אורז בסמתי 'ריהן' 5ק,קילוגרמים,5.00,"ק""ג",false,,43.90,8.7800,true,1,6354425
7290015888196,false,שמן חמניות 1 ליטר שוקחה,בני ג`ורג` שוקחה (חיפה) בעמ,,שמן חמניות 1ליטר 15,ליטרים,1.00,ליטר,false,,12.70,12.7000,true,1,6354426
7290015899222,false,אקונומיקה מבושמת סמיכה רמי לוי 4 ליטר,רמי לוי,IL,אקונומיקה מבושמת סמי,ליטרים,4.00,ליטר,false,,9.90,2.4750,true,1,1054559
7290015899239,false,אקונומיקה מבושמת רמי לוי 4 ליטר,רמי לוי,IL,אקונומיקה מבושמת רמי,ליטרים,4.00,ליטר,false,,9.90,2.4750,true,1,1054560
7290015899246,false,מרכך צהוב רמי לוי 4 ליטר,רמי לוי,IL,מרכך צהוב רמי לוי 4,ליטרים,4.00,ליטר,false,,15.90,3.9750,true,1,1054446
7290015899253,false,מרכך כביסה ורוד רמי לוי 4 ליטר,רמי לוי,IL,מרכך כביסה ורוד רמי,ליטרים,4.00,ליטר,false,,15.90,3.9750,true,1,1054447
7290015899260,false,מרכך כביסה לבן רמי לוי 4 ליטר,רמי לוי,IL,מרכך כביסה לבן רמי ל,ליטרים,4.00,ליטר,false,,15.90,3.9750,true,1,1054448
7290015899277,false,מרכך כביסה כחול רמי לוי 4 ליטר,רמי לוי,IL,מרכך כביסה כחול רמי,ליטרים,4.00,ליטר,false,,15.90,3.9750,true,1,1054449
7290015899291,false,מרכך מרוכז צהוב רמי לוי 1 ליטר,רמי לוי,IL,מרכך מרוכז צהוב רמי,ליטרים,1.00,ליטר,false,,9.50,9.5000,true,1,1054451
7290015899307,false,מרכך מרוכז ורוד רמי לוי 1 ליטר,רמי לוי,IL,מרכך מרוכז ורוד רמי,ליטרים,1.00,ליטר,false,,9.50,9.5000,true,1,1054452
7290015899314,false,מרכך מרוכז לבן רמי לוי 1 ליטר,רמי לוי,IL,מרכך מרוכז לבן רמי ל,ליטרים,1.00,ליטר,false,,9.50,9.5000,true,1,1054453
7290015899321,false,מרכך מרוכז כחול רמי לוי 1 ליטר,רמי לוי,IL,מרכך מרוכז כחול רמי,ליטרים,1.00,ליטר,false,,9.50,9.5000,true,1,1054454
7290015899338,false,"מבשם כביסה לבן רמי לוי 500 מ""ל",רמי לוי,IL,מבשם כביסה לבן רמי ל,מיליליטרים,500.00,"100 מ""ל",false,,10.90,0.0218,true,1,1054455
7290015899345,false,"מבשם כביסה ורוד רמי לוי 500 מ""ל",רמי לוי,IL,מבשם כביסה ורוד רמי,מיליליטרים,500.00,"100 מ""ל",false,,10.90,0.0218,true,1,1054456
7290015899406,false,נוזל רצפות כחול רמי לוי 4 ליטר,רמי לוי,IL,נוזל רצפות כחול רמי,ליטרים,4.00,ליטר,false,,11.90,2.9750,true,1,1054457
7290015899420,false,נוזל רצפות סגול רמי לוי 4 ליטר,רמי לוי,IL,נוזל רצפות סגול רמי,ליטרים,4.00,ליטר,false,,11.90,2.9750,true,1,1054459
7290015899437,false,נוזל רצפות ירוק רמי לוי 4 ליטר,רמי לוי,IL,נוזל רצפות ירוק רמי,ליטרים,4.00,ליטר,false,,11.90,2.9750,true,1,1054460
7290015899475,false,מילוי למטהר אויר אוטמטי 250 מל,,,מילוי למטהר אויר אוט,יח',1.00,יח',false,,8.90,8.9000,true,1,6319615
7290015899482,false,מילוי למטהר אויר אוטמטי 250 מל,,,מילוי למטהר אויר אוט,יח',1.00,יח',false,,8.90,8.9000,true,1,6319616
7290015951227,false,"יין גמלא השמורה סירה 2021 750 מ""ל",מיוצר וממולא על ידי יקב,,גמלא סירה 2017 750מל,מיליליטרים,750.00,"100 מ""ל",false,,61.90,0.0825,true,1,6343137
7290015994064,false,"בורגול רמי לוי 1 ק""ג",רמי לוי,IL,"בורגול רמי לוי 1 ק""ג",גרמים,1000.00,100 גרם,false,,6.30,0.0063,true,1,1057500
7290015994071,false,"גרישה רמי לוי 1 ק""ג",רמי לוי,IL,"גרישה רמי לוי 1 ק""ג",גרמים,1000.00,100 גרם,false,,6.90,0.0069,true,1,1057501
7290015994088,false,"גריסי פנינה רמי לוי 1 ק""ג",רמי לוי,IL,גריסי פנינה רמי לוי,100 קג,1.00,100 קג,false,,6.30,6.3000,true,1,1057502
7290015994095,false,"חומוס גדול רמי לוי 1 ק""ג",סוגת,IL,חומוס גדול רמי לוי 1,גרמים,1000.00,100 גרם,false,,12.90,0.0129,true,1,1057503
7290015994118,false,"חיטה רמי לוי 1 ק""ג",רמי לוי,IL,"חיטה רמי לוי 1 ק""ג",גרמים,1000.00,100 גרם,false,,5.90,0.0059,true,1,1057505
7290015994125,false,"כוסמת רמי לוי 1 ק""ג",רמי לוי,IL,"כוסמת רמי לוי 1 ק""ג",גרמים,1000.00,100 גרם,false,,9.90,0.0099,true,1,1057506
7290015994149,false,"פופקורן רמי לוי 1 ק""ג",רמי לוי,IL,"פופקורן רמי לוי 1 ק""",גרמים,1000.00,100 גרם,false,,9.20,0.0092,true,1,1057508
7290015994156,false,"שעועית לבנה רמי לוי 1 ק""ג",רמי לוי,IL,שעועית לבנה רמי לוי,גרמים,1000.00,100 גרם,false,,12.90,0.0129,true,1,1057509
7290015994163,false,"שעועית אדומה רמי לוי 1 ק""ג",רמי לוי,IL,שעועית אדומה רמי לוי,גרמים,1000.00,100 גרם,false,,13.90,0.0139,true,1,1057566
7290015994705,false,קינמוני 500 גר רמילו,,,קינמוני 500 גר רמילו,גרמים,500.00,100 גרם,false,,9.90,0.0198,true,1,3219088
7290015994712,false,צדפוני שוקולד 500 גר רמילוי,,,צדפוני שוקולד 500 גר,גרמים,500.00,100 גרם,false,,9.90,0.0198,true,1,3219089
7290015994729,false,כדורוני 500 גר רמילו,,,כדורוני 500 גר רמילו,גרמים,500.00,100 גרם,false,,9.90,0.0198,true,1,3219090
7290015994736,false,גלגלוני 500 גר רמילוי,,,גלגלוני 500 גר רמילו,גרמים,500.00,100 גרם,false,,9.90,0.0198,true,1,3219091
7290015994767,false,"אפונה רמי לוי 1 ק""ג",רמי לוי,IL,"אפונה רמי לוי 1 ק""ג",גרמים,1000.00,100 גרם,false,,6.90,0.0069,true,1,1120333
7290015994774,false,"חומוס לבן ענק רמי לוי 1 ק""ג",רמי לוי,IL,חומוס לבן ענק רמי לו,100 קילו,1.00,100 קילו,false,,17.90,17.9000,true,1,1120334
7290015994781,false,"עדשים ירוקות רמי לוי 1 ק""ג",רמי לוי,IL,עדשים ירוקות רמי לוי,גרמים,1000.00,100 גרם,false,,11.90,0.0119,true,1,1120335
7290015994835,false,רהיט ספריי 750 רמי לוי,קומפלקס,IL,רהיט ספריי 750 רמי ל,מיליליטרים,750.00,"100 מ""ל",false,,13.00,0.0173,true,1,1100127
7290016006292,false,נקטר מנגו בננה מלון קרטונית 1 ל' ספרינג,יפאורה שותפות מובגלת לשיווק,,נקטר ספרינג 1 ליטר מ,ליטרים,1.00,ליטר,false,,6.50,6.5000,true,1,1274240
7290016006339,false,מים מינרלים מי עדן (1x4 ליטר),יפאורה שותפות מוגבלת לשיווק,,מי עדן רביעייה 1 לי,ליטרים,4.00,ליטר,false,,9.90,2.4750,true,1,1354451
7290016006346,false,שוופס סודה 0.5 ליטר מארז שישייה,יפאורה שותפות מובגלת לשיווק,,שוופס סודה שישייה 50,ליטרים,3.00,ליטר,false,,13.90,4.6333,true,1,1172800
7290016047127,false,צ`ריסוס 250גר,א.ג בחירה חכמה בעמ,,צ'ורוס 250גר,גרמים,250.00,100 גרם,false,,20.90,0.0836,true,1,6433169
7290016047226,false,מיני צ`ריסוס 250גר,א.ג בחירה חכמה בעמ,,מיני צ'ורוס 250גר,גרמים,250.00,100 גרם,false,,20.90,0.0836,true,1,6433170
7290016077759,false,רוטב ברביקיו קלאסי היינץ 480 גרם,דיפלומט מפיצים (1968) בעמ**,,רוטב בקביקיו קלאסי ה,גרמים,480.00,100 גרם,false,,16.90,0.0352,true,1,3533456
7290016087123,false,רוטב מתובל לפסטה בסגנון קלאסי פריניר 240 גרם,אבאל יזמות בעמ,,פריניר רוטב פסטה קלא,גרמים,240.00,100 גרם,false,,4.90,0.0204,true,1,3072863
7290016087147,false,רוטב עגבניות מתובל לפיצה מרגריטה 240 גרם,אבאל יזמות בעמ,,פריניר רוטב פיצה מרג,גרמים,240.00,100 גרם,false,,4.90,0.0204,true,1,3072864
7290016087208,false,עגבניות מרוסקות מרוכזות ובזיליקום 230 גרם פריניר,פריניר,,פריניר מרוסקות בזיל,גרמים,230.00,100 גרם,false,,4.90,0.0213,true,1,3325484
7290016087215,false,עגבניות מרוסקות מרוכזות ושום 230 גרם פריניר,פריניר ( הדס 1987) ב,,פריניר מרוסקות שום 2,גרמים,230.00,100 גרם,false,,4.90,0.0213,true,1,3325485
7290016087222,false,פריניר רוטב עגבניות מרוכז לשקשוקה 230 גרם,פריניר ( הדס 1987) ב,,פריניר רוטב עגבניות,גרמים,230.00,100 גרם,false,,4.90,0.0213,true,1,3325527
7290016087239,false,רוטב עגבניות מרוכז לשקשוקה פיקנטי פריניר 230 גרם,אבאל יזמות בעמ,,רוטב שקשוקה ארקה חרי,גרמים,230.00,100 גרם,false,,4.90,0.0213,true,1,3325486
7290016087475,false,עגבניות חתוכות דק 400 גר`פריניר,אבאל יזמות בעמ,,עגבניות מרוסקות דק 4,גרמים,400.00,100 גרם,false,,3.50,0.0088,true,1,6356195
7290016087499,false,עגבניות חתוכות מארז 400X3ג' אריזות ירושלים,ח.כהן סוכנות מזון ומשקאות בע,,עגב' חתוך דק מארז 3*,גרמים,720.00,100 גרם,false,,11.80,0.0164,true,1,5056933
7290016087543,false,זיתים ירוקים נטולי גלעין,פריניר,,זיתים ירוקים נטולי ג,גרמים,200.00,100 גרם,false,,4.90,0.0245,true,1,6432522
7290016087550,false,מלפפונים במלח קטנים מאוד 8-12,"פריניר(הדס 1987) בע""",,מלפפונים במלח קטנים,גרמים,200.00,100 גרם,false,,4.90,0.0245,true,1,6432523
7290016087574,false,פריניר זיתים חרוזית ירוק 390 גר,אבאל יזמות בעמ,,זיתים ירוקים נטולי ג,גרמים,390.00,100 גרם,false,,5.90,0.0151,true,1,6354776
7290016087581,false,פריניר זיתים טבעות ירוק 390 גר`,אבאל יזמות בעמ,,זיתים ירוקים טבעות A,יח',1.00,יח',false,,5.90,5.9000,true,1,6354777
7290016104271,false,ריבת חלב בצנצנת 20% חלב,לירון קרביץ יבוא שיווק וסחר,,ריבת חלב 340 גרם,גרמים,340.00,100 גרם,false,,12.70,0.0374,true,1,1232396
7290016104417,false,ריבה בטעם תות שדה 850 גרם פוליבה,לירון קרביץ יבוא שיווק וסחר,,ריבת תות 850 גר,גרמים,850.00,100 גרם,false,,12.90,0.0152,true,1,1957608
7290016106411,false,פרוסות מנגו 425 גרם בסירופ קל,לונגהי גואנגפה פוד ב,,פרוסות מנגו בסירופ 4,גרמים,425.00,100 גרם,false,,6.90,0.0162,true,1,3025713
7290016117363,false,ברזלית צילינדר 5יח רמילוי,,,ברזלית צילינדר 5יח ר,יח',1.00,יח',false,,8.90,8.9000,true,1,6175995
7290016117370,false,נקי לשבת WOW רמילוי,,,נקי לשבת WOW רמילוי,יח',1.00,יח',false,,6.90,6.9000,true,1,6269254
7290016132106,false,כיסא פלסטיק איכותי,,,כיסא פלסטיק איכותי,יח',1.00,יח',false,,19.90,19.9000,true,1,3250247
7290016135718,false,כוס אימון לתינוק 150מל+ ידית רמילוי,,,כוס אימון לתינוק 150,יח',1.00,יח',false,,14.90,14.9000,true,1,2852914
7290016136722,false,פתיתים פנה ללא גלוטן 340 גרם גי פרי,גורי מוצרי צריכה (1991) בעמ,AU,פסטה פנה ללא גלוטן 3,גרמים,340.00,100 גרם,false,,7.90,0.0232,true,1,2137000
7290016136739,false,GFREE פתיתי פוזילי על בסיס קמח תירס וקמח,גורי מוצרי צריכה (1991) בעמ,,פסטה פוזילי ללא גלוט,גרמים,340.00,100 גרם,false,,7.90,0.0232,true,1,2137001
7290016136845,false,זוג משחות סנסודיין פרש מינט 150 מל,גלקסוסמית'\קליין קונסיומ,IL,סוד נוזל לכלים ליים 1.250,מיליליטרים,150.00,"100 מ""ל",false,,29.90,0.1993,true,1,1618506
7290016144000,false,"קמח חיטה מלאה נפלאות 80% 1 ק""ג",תה ויסוצקי (ישראל)בעמ,,קמח חיטה מלאה 80% 1ק,יח',1.00,יח',false,,9.70,9.7000,true,1,5735653
7290016144017,false,"קמח מלא נפלאות 100% ללא ניפוי 1 ק""ג",תה ויסוצקי (ישראל)בעמ,,קמח חיטה מלאה 100%,יח',1.00,יח',false,,9.70,9.7000,true,1,5735654
7290016144024,false,"קמח כוסמין מלא נפלאות 100% 1 ק""ג",תה ויסוצקי (ישראל)בעמ,,קמח כוסמין מלא 100%,יח',1.00,יח',false,,14.90,14.9000,true,1,5735655
7290016144031,false,"נפלאות קמח חיטה לבן מנופה 1 ק""ג",תה ויסוצקי (ישראל)בעמ,,קמח חיטה לבן מנופה,יח',1.00,יח',false,,6.90,6.9000,true,1,5735656
7290016144048,false,"קמח כוסמין לבן 1 ק""ג נפלאות",תה ויסוצקי (ישראל)בעמ,,קמח כוסמין לבן,יח',1.00,יח',false,,16.90,16.9000,true,1,5735657
7290016144055,false,קמח כוסמין 80% קמח נפלאות 1 קג,תה ויסוצקי (ישראל)בעמ,,קמח כוסמין 80%,יח',1.00,יח',false,,14.90,14.9000,true,1,5735658
7290016144062,false,"קמח שיפון מלא נפלאות, 1 ק""ג",תה ויסוצקי (ישראל)בעמ,,קמח שיפון מלא 1קג,גרמים,1000.00,100 גרם,false,,8.90,0.0089,true,1,6473695
7290016144079,false,"קמח חיטה כפרי 1 ק""ג נפלאות",תה ויסוצקי (ישראל)בעמ,,קמח חיטה כפרי 1קג,גרמים,1000.00,100 גרם,false,,8.90,0.0089,true,1,6473696
7290016144086,false,נפלאות קמח חלה מנופה 1 ק”ג,תה ויסוצקי (ישראל)בעמ,,נפלאות קמח חלה מנופה,גרמים,1000.00,100 גרם,false,,6.90,0.0069,true,1,6473697
7290016144093,false,נפלאות קמח לחם לבן מנופה 1 ק”ג,תה ויסוצקי (ישראל)בעמ,,נפלאות קמח לחם לבן מ,גרמים,1000.00,100 גרם,false,,6.90,0.0069,true,1,6473698
7290016144109,false,קמח פיצה מנופה נפלאות 1קג,תה ויסוצקי (ישראל)בעמ,,קמח פיצה מנופה נפלאו,גרמים,1000.00,100 גרם,false,,14.90,0.0149,true,1,6473699
7290016144116,false,"קמח תופח נפלאות, 1 ק""ג",תה ויסוצקי (ישראל)בעמ,,קמח תופח נפלאות 1קג,גרמים,1000.00,100 גרם,false,,8.90,0.0089,true,1,6473700
7290016150117,false,סלק אדום מקולף ומבושל500,ביג פוד כחול לבן בעמ*שיק 30 יו,,סלק וואקום,גרמים,500.00,100 גרם,false,,5.90,0.0118,true,1,1316353
7290016162219,false,כדורי שוקולד פרווה קפולסקי (280 גרם),תופינים מקבוצת קפולסקי,,כדורי שוקולד פרווה 2,גרמים,280.00,100 גרם,false,,29.90,0.1068,true,1,1148354
7290016162233,false,עוגיות ממולאות סוגים שונים 200 גרם קפולסקי,קפולסקי אדל בעמ,,עוגיות דיזרט פרמיום,גרמים,240.00,100 גרם,false,,19.90,0.0829,true,1,1148081
7290016162264,false,עוגת גבינה רנסנס קפולסקי (450 גרם),קפולסקי שיווק וקמעונ,,עוגת גבינה רנסנס 450,גרמים,450.00,100 גרם,false,,35.90,0.0798,true,1,1148356
7290016188592,false,GIACOBAZZI למברוסקו אדום חצי יבש יקבי כרמל,"כד בני דרום בע""מ",IT,למברוסקו אדום יקבי כ,מיליליטרים,750.00,"100 מ""ל",false,,23.80,0.0317,true,1,1119284
7290016197488,false,מטליות מיקרופייבר למשטחים ניקול 3יח',קימברלי קלארק ישראל שיווק בעמ,CN,מטלית קסם לשיש שלישי,יח',3.00,יח',false,,9.90,3.3000,true,1,1150052
7290016197495,false,ניקול זוג מטליות הקסם מיקרופייבר לרצפה,קימברלי קלארק ישראל שיווק בעמ,CN,מטלית קסם לרצפה זוג,יח',2.00,יח',false,,15.60,7.8000,true,1,1150053
7290016197839,false,ניקול השקית החזקה 20 יח' XL,קימברלי קלארק ישראל שיווק בעמ,IL,השקית החזקה XL ניקול,2 יח',10.00,2 יח',false,,19.90,1.9900,true,1,1150054
7290016233254,false,עגבניות מיובשות בשמן חמניות במגשית 250ג',סנטו גידה,,עגב. מיובש קצוץ במגש,גרמים,250.00,100 גרם,false,,8.90,0.0356,true,1,5377874
7290016233384,false,גפילטע פיש 7 קציצות תומר 555 גרם,דג טעים ירושלים,,גפילטא פיש 7 קציצות,גרמים,550.00,100 גרם,false,,14.50,0.0264,true,1,6395585
7290016233995,false,פילה אנשובי בפח עם שמן זית 45 גר`תומר,תומר יבוא ושיווק מוצרי מזון (1,,אנשובי פח עם שמן זית,גרמים,45.00,100 גרם,false,,5.50,0.1222,true,1,4998923
7290016234008,false,פילה אנשובי שמן זית תומר צנצנת 100 גרם,אינוורסינס פריסקו,,אנשובי צנצנת שמןזית,גרמים,100.00,100 גרם,false,,10.80,0.1080,true,1,4998978
7290016245608,false,לחם משפחתי שחור 1.1קג,,,לחם משפחתי שחור 1.1ק,גרמים,1100.00,100 גרם,false,,19.90,0.0181,true,1,6495563
7290016245615,false,לחם שיפון 100% עם אג,מאפיית טעמי הכפר 201,,לחם שיפון 100% 600 ג,גרמים,600.00,100 גרם,false,,19.90,0.0332,true,1,6495536
7290016245653,false,לחם שיפון קל חצי משפחתי 550 גרם,"ביכורים מזון ומאפה בע""\מ",,לחם שיפון קל חצי משפ,גרמים,550.00,100 גרם,false,,17.90,0.0325,true,1,6495537
7290016245769,false,לחם כוסמין מחמצת בתו,ביכורים,,לחם כוסמין 600 גר,גרמים,600.00,100 גרם,false,,17.90,0.0298,true,1,6495565
7290016245806,false,לחמניות המבוגר כוסמין4יח,"ביכורים מזון ומאפה בע""\מ",,לחמניות המבורגר מארז,גרמים,450.00,100 גרם,false,,16.70,0.0371,true,1,6495566
7290016246018,false,חטיף מיקס פינוקיות חלבה בארכה 20ג*9,קבוצת אוסם סחר שותפות מוגבלת,IL,בארכה מיקס פינוקיות,גרמים,200.00,100 גרם,false,,11.90,0.0595,true,1,1152261
7290016246209,false,"חטיף חלבה וניל 100 גרם ""בארכה""",קבוצת אוסם סחר שותפות מוגבלת,,בארכה חטיף חלבה וניל,גרמים,100.00,100 גרם,false,,3.80,0.0380,true,1,2378059
7290016246445,false,בארכה טחינה גולמית מעודנת שומשום מלא 310 גם,קבוצת אוסם סחר שותפות מוגבלת,,טחינה שומשום מלא באר,גרמים,310.00,100 גרם,false,,10.50,0.0339,true,1,5105234
7290016246490,false,בארכה חלבה קלאסית 400 גרם,רושדי תעשיות מזון בע,,חלבה קלאסית 400 גרם,יח',1.00,יח',false,,10.90,10.9000,true,1,6352903
7290016255737,false,מרכך כביסה סגול רמילוי 4 ליט,,,מרכך כביסה סגול רמיל,ליטרים,4.00,ליטר,false,,15.90,3.9750,true,1,3455597
7290016255744,false,מרכך כביסה ירוק רמילוי 4 ליט,,,מרכך כביסה ירוק רמיל,ליטרים,4.00,ליטר,false,,15.90,3.9750,true,1,3455598
7290016270709,false,עגבניות שרי אשכולות,ביכורי השדה צפון 1994 ג.ד. בעמ,,עגבניות שרי 460 ג,גרמים,460.00,100 גרם,false,,7.90,0.0172,true,1,2111464
7290016272017,false,זיתים ירוקים מנזלינו גדול 340 גר,,,זיתים ירוקים מנזלינו,גרמים,340.00,100 גרם,false,,7.50,0.0221,true,1,1984948
7290016272031,false,חרוזית ירוק ללא גלעין 275 גר רמי לוי,,,חרוזית ירוק ללא גלעי,גרמים,275.00,100 גרם,false,,7.90,0.0287,true,1,1984950
7290016272048,false,טבעות זיתים ירוקים 275 גר רמי לוי,,,טבעות זיתים ירוקים 2,גרמים,275.00,100 גרם,false,,7.90,0.0287,true,1,1984951
7290016272055,false,טבעות מושחר 275 גר,,,טבעות מושחר 275 גר,גרמים,275.00,100 גרם,false,,7.50,0.0273,true,1,1984952
7290016272062,false,חרוזית שחור 275 גרם רמי לוי,,,חרוזית שחור 275 גרם,גרמים,275.00,100 גרם,false,,7.50,0.0273,true,1,1984953
7290016272079,false,מבוקע פיקנטי 340 גר,,,מבוקע פיקנטי 340 גר,גרמים,340.00,100 גרם,false,,7.50,0.0221,true,1,1984954
7290016272147,false,ביסקויט חצי מצופה רמי לוי,הדר,IL,ביסקויט חצי מצופה רמ,גרמים,175.00,100 גרם,false,,5.50,0.0314,true,1,1471276
7290016272161,false,קרם קרקר רמי לוי 250 גרם,הדר,IL,קרם קרקר רמי לוי 250,גרמים,250.00,100 גרם,false,,6.90,0.0276,true,1,1471278
7290016272444,false,"מסיר כתמים רמי לוי 750 מ""ל",קומפלקס,IL,מסיר כתמים רמי לוי 7,מיליליטרים,750.00,"100 מ""ל",false,,9.90,0.0132,true,1,1576251
7290016272468,false,גביעי גלידה אמריקאי,גילרו,IL,גביעי גלידה אמריקאי,100 יח',24.00,100 יח',false,,6.90,0.2875,true,1,1322837
7290016272475,false,גביעי גלידה מגולגלים רמי לוי 12 יח,גילרו,IL,גביעי גלידה מגולגלים,גרמים,132.00,100 גרם,false,,7.90,0.0598,true,1,1322838
7290016272499,false,וופלים בלגי רמי לוי 200 גרם,גילרו,IL,וופלים בלגי רמי לוי,גרמים,200.00,100 גרם,false,,2.90,0.0145,true,1,1322840
7290016272505,false,וופלים בלגי לימון רמי לוי 200 גרם,גילרו,IL,וופלים בלגי לימון רמ,גרמים,200.00,100 גרם,false,,2.90,0.0145,true,1,1322841
7290016272512,false,"וופל בלגי שוקו לל""ס רמי לוי 200 גרם",גילרו,IL,"וופל בלגי שוקו לל""ס",גרמים,200.00,100 גרם,false,,5.90,0.0295,true,1,1322842
7290016272758,false,סט מברשת מסרק לתינוק,,,סט מברשת מסרק לתינוק,יח',1.00,יח',false,,11.90,11.9000,true,1,1961023
7290016272796,false,נייר טואלט רמי לוי 30 יח,,,נייר טואלט רמי לוי 3,יח',30.00,יח',false,,26.90,0.8967,true,1,1428193
7290016272802,false,מגבות נייר רמי לוי 6,,,מגבות רמי לוי 6 יח,יח',6.00,יח',false,,9.90,1.6500,true,1,1428194
7290016272819,false,צמר גפן רמי לוי 100,,,צמר גפן 100 גר,גרמים,100.00,100 גרם,false,,5.10,0.0510,true,1,1655846
7290016272833,false,פדים קוסמטיים 80 יח,,,פדים קוסמטיים 80 יח,יח',80.00,יח',false,,5.90,0.0738,true,1,1655848
7290016272925,false,שקדי מרק רמי לוי 400 גרם,רמי לוי,IL,שקדי מרק רמי לוי 400,גרמים,400.00,100 גרם,false,,6.90,0.0173,true,1,1774477
7290016272949,false,בקבוק לתינוק מארז שלישייה,,,בקבוק לתינוק מארז של,יח',1.00,יח',false,,16.90,16.9000,true,1,1889178
7290016273007,false,דקדקים שטוח מלח 200ג רמילוי,,,דקדקים שטוח מלח 200ג,גרמים,200.00,100 גרם,false,,6.50,0.0325,true,1,3056930
7290016273014,false,דקדקים שטוח שומשום 200ג רמילוי,,,דקדקים שטוח שומשום 2,גרמים,200.00,100 גרם,false,,6.50,0.0325,true,1,3056931
7290016273182,false,ציפס אמריקאי רמי לוי,,,ציפס אמריקאי רמי לוי,קילוגרמים,1.50,"ק""ג",false,,18.90,12.6000,true,1,3488739
7290016273311,false,חומץ בלסמי 500 מל רמ,,,חומץ בלסמי 500 מל רמ,מיליליטרים,500.00,"100 מ""ל",false,,16.90,0.0338,true,1,3842609
7290016273328,false,חומץ יין לבן 500 מל,,,חומץ יין לבן 500 מל,מיליליטרים,500.00,"100 מ""ל",false,,10.90,0.0218,true,1,3842610
7290016273366,false,חומץ פירות יער 500 מל רמי לוי,,,חומץ פירות יער 500 מ,מיליליטרים,500.00,"100 מ""ל",false,,10.90,0.0218,true,1,3842614
7290016273526,false,פריכיות דקות אורז מלא וכוסמת 100גר רמילוי,,,פריכיות דקות אורז מל,גרמים,100.00,100 גרם,false,,6.50,0.0650,true,1,3219092
7290016273533,false,פריכיות דקות אורז מלא וקצח 100גר רמילוי,,,פריכיות דקות אורז מל,גרמים,100.00,100 גרם,false,,6.50,0.0650,true,1,3219093
7290016273557,false,פריכיות דקות אורז מלא 100גר רמילוי,,,פריכיות דקות אורז מל,גרמים,100.00,100 גרם,false,,6.50,0.0650,true,1,3219112
7290016273588,false,פלפל קלוי 400 גרם רמי לוי,,,פלפל קלוי 400 גרם רמ,גרמים,400.00,100 גרם,false,,9.90,0.0248,true,1,3414263
7290016273601,false,דבש לחיץ 500 גר רמי לוי,,,דבש לחיץ 500 גר רמי,גרמים,500.00,100 גרם,false,,23.90,0.0478,true,1,3100982
7290016273687,false,מלפפון חמוץ ביתי 310גר רמילוי,,,מלפפון חמוץ ביתי 310,גרמים,310.00,100 גרם,false,,7.90,0.0255,true,1,3712649
7290016273694,false,נר נשמה זכוכית 48 שעות,,,נר נשמה זכוכית 48 שע,יח',1.00,יח',false,,3.90,3.9000,true,1,3259006
7290016273700,false,נר נשמה זכוכית 72 שעות,,,נר נשמה זכוכית 72 שע,יח',1.00,יח',false,,4.70,4.7000,true,1,3259007
7290016277753,false,חטיפי דגנים עם אגוזים 150 גרם רמי לוי,,,חטיפי דגנים עם אגוזי,גרמים,150.00,100 גרם,false,,8.90,0.0593,true,1,2652388
7290016277760,false,חטיפי דגנים בציפוי ש,,,חטיפי דגנים בציפוי ש,גרמים,150.00,100 גרם,false,,8.90,0.0593,true,1,2652389
7290016277890,false,מעדן פרי תות רמי לוי 284 גר,,,מעדן פרי תות רמי לוי,גרמים,284.00,100 גרם,false,,8.90,0.0313,true,1,1930911
7290016277913,false,מעדן פרי דובדבן רמי לוי 284 גר,,,מעדן פרי דובדבן רמי,גרמים,284.00,100 גרם,false,,8.90,0.0313,true,1,1930913
7290016277937,false,מעדן פרי משמש רמי לוי 284 גר,,,מעדן פרי משמש רמי לו,גרמים,284.00,100 גרם,false,,8.90,0.0313,true,1,1930915
7290016277944,false,מעדן פרי שזיף רמי לוי 284 גר,,,מעדן פרי שזיף רמי לו,גרמים,284.00,100 גרם,false,,8.90,0.0313,true,1,1930916
7290016277951,false,מעדן פרי פירות רמי לוי 284 גר,,,מעדן פרי פירות רמי ל,גרמים,284.00,100 גרם,false,,8.90,0.0313,true,1,1930917
7290016302042,false,מארז רביעיית סנדוויץ פרנה,קונסיגנציה ג`נרל מילס ישראל בע,,מארז 4לחמניות פרנה,יח',1.00,יח',false,,11.90,11.9000,true,1,6398105
7290016302059,false,מארז לחמניות פרנה ביס 10 יח',קונסיגנציה ג`נרל מילס ישראל בע,,מארז 10 לחמניות ביס,גרמים,350.00,100 גרם,false,,11.90,0.0340,true,1,6398106
7290016319187,false,טוסו עוגיות סנדוויץ שוקו במילוי קרם שוקולד *זוג* 300 גרם,בטר אנד דיפרנט,,טוסו עוגיות סנדוויץ,גרמים,300.00,100 גרם,false,,16.90,0.0563,true,1,6298235
7290016319194,false,טוסו מארז זוג עוגיות סנדוויץ ללא סוכר שוקו וניל 300 ג',דנשר (1963) בעמ,,טוסו עוגיות סנדוויץ,גרמים,300.00,100 גרם,false,,16.90,0.0563,true,1,6298236
7290016320343,false,"דאק נוזל ג'ל לניקוי מתקדם בניחות לבנדר זוג * 750 מ""ל",אס. סי. ג'\ונסון מידרכט,,דאק ג'ל נוזל * 750זו,מיליליטרים,750.00,"100 מ""ל",false,,16.90,0.0225,true,1,3533462
7290016321319,false,סבון נוזלי בניחוח אשכליות אדומה 1 ל' פמלי,דנשר (1963) בעמ,,פמלי אל סבון אשכולית,מטרים,1000.00,100 מ'ל,false,,9.90,0.0099,true,1,6416130
7290016321326,false,סבון נוזלי בניחוח מנדרינה ולואיזה + משאבה 1 ל' פמלי,דנשר (1963) בעמ,,פמלי אל סבון מנדרין,מטרים,1000.00,100 מ'ל,false,,9.90,0.0099,true,1,6416131
7290016321548,false,רצועות שעווה לגוף מגע הדבש קמומיל 12+3יח,דנשר (1963) בעמ,,מגע המשי רצועות שעוו,יח',16.00,יח',false,,19.90,1.2437,true,1,6302427
7290016321661,false,פרש וואנס SENSITIVE מגבונים ללא בישום רביעייה 72 יחידות,עלבד משואות יצחק,,פרש וואנס רביעיה סנס,יח',4.00,יח',false,,15.80,3.9500,true,1,5738745
7290016321678,false,מגבונים לחים בניחוח מרענן עם תמציות קמומיל ואלוורה,עלבד משואות יצחק,,פרש וואנס רביעיה נטו,יח',4.00,יח',false,,15.80,3.9500,true,1,5738746
7290016321883,false,פרשוואנס נייר טואלט מתכלה לילדים -מארז שלישייה,עלבד משואות יצחק בעמ,,פרש וואנס נייר טואלט,יח',1.00,יח',false,,12.90,12.9000,true,1,5990685
7290016329308,false,"ד""ר פישר - סרקל קרם רוזמרין לשיער מתולתל 325 מ""ל","פישר תעשיות פרמבצטיות בע""מ",,סרקל קרם רוזמרין לשי,מיליליטרים,325.00,"100 מ""ל",false,,24.90,0.0766,true,1,2265794
7290016329315,false,סרקל ספריי מתיר קשרים לילדים לשיער מתולתל,"פישר תעשיות פרמבצטיות בע""מ",,סרקל ספריי מתיר קשרי,מיליליטרים,300.00,"100 מ""ל",false,,29.90,0.0997,true,1,2199057
7290016329674,false,קמיל בלו קרם פנים לתינוק לעור יבש במיוחד,"פישר תעשיות פרמצביטות בע""מ",,קרם פנים קמיל בלו 75,100 מל,75.00,100 מל,false,,24.90,0.3320,true,1,2652203
7290016334036,false,עירית רמי לוי,ביכורי השדה צפון 1994 ג.ד. בעמ,,עירית רמי לוי,יח',1.00,יח',false,,3.90,3.9000,true,1,3579185
7290016334050,false,סלרי חתוך.,ביכורי השדה צפון 1994 ג.ד. בעמ,,סלרי חתוך,יח',1.00,יח',false,,5.90,5.9000,true,1,1120220
7290016334166,false,לוף רגיל ארוז ליח,ביכורי השדה צפון 1994 ג.ד. בעמ,,לוף רגיל ארוז,יח',1.00,יח',false,,7.90,7.9000,true,1,3579247
7290016334173,false,פלפל טינקרבל שמיטה,ביכורי השדה צפון 1994 ג.ד. בעמ,,פלפלונים רמי לוי,יח',1.00,יח',false,,8.90,8.9000,true,1,2071624
7290016334180,false,מלפפון בייבי רמי לוי,ביכורי השדה צפון 1994 ג.ד. בעמ,,מלפפון בייבי רמי לוי,יח',1.00,יח',false,,8.90,8.9000,true,1,2071625
7290016334296,false,ברוקולי ארוז יחידה שמיטה,ביכורי השדה צפון 1994 ג.ד. בעמ,,ברוקולי רמי לוי,יח',1.00,יח',false,,8.90,8.9000,true,1,2071626
7290016334388,false,פלפל צ'ילי רמי לוי,ביכורי השדה צפון 1994 ג.ד. בעמ,,פלפל צ'ילי רמי לוי,יח',1.00,יח',false,,5.90,5.9000,true,1,3866446
7290016334395,false,שיבה רמי לוי,ביכורי השדה צפון 1994 ג.ד. בעמ,,שיבה רמי לוי,יח',1.00,יח',false,,4.90,4.9000,true,1,1893106
7290016334456,false,בזיליקום רמי לוי,ביכורי השדה צפון 1994 ג.ד. בעמ,,בזיליקום רמי לוי,יח',1.00,יח',false,,3.90,3.9000,true,1,3579186
7290016334487,false,פלפל אדום יבש 200ג,ביכורי השדה צפון 1994 ג.ד. בעמ,,פלפל אדום יבש 200ג,יח',1.00,יח',false,,8.90,8.9000,true,1,2203375
7290016334500,false,לבבות חסה זוגות בשקי,ביכורי השדה צפון 1994 ג.ד. בעמ,,זוג לבבות חסה,יח',1.00,יח',false,,8.90,8.9000,true,1,2674185
7290016334562,false,פלפל יבש חריף,ביכורי השדה צפון 1994 ג.ד. בעמ,,פלפל יבש חריף,יח',1.00,יח',false,,12.90,12.9000,true,1,2245541
7290016334654,false,תרד ניו זילנדי רמי לוי,ביכורי השדה צפון 1994 ג.ד. בעמ,,תרד ניו זילנדי רמי ל,גרמים,200.00,100 גרם,false,,12.90,0.0645,true,1,4843137
7290016334814,false,חסה סלנובה רמי לוי,ביכורי השדה צפון 1994 ג.ד. בעמ,,חסה סלנובה רמי לוי,יח',1.00,יח',false,,9.90,9.9000,true,1,5090508
7290016334883,false,שרי תמר בוסתן שמיטה,ביכורי השדה צפון 1994 ג.ד. בעמ,,עגבניות שרי תמר,יח',1.00,יח',false,,8.90,8.9000,true,1,5261834
7290016334890,false,עגבניות שרי ליקופן,ביכורי השדה צפון 1994 ג.ד. בעמ,,עגבניות שרי ליקופן,יח',1.00,יח',false,,9.90,9.9000,true,1,5261835
7290016334906,false,מיקס עגבניות שרי.,ביכורי השדה צפון 1994 ג.ד. בעמ,,עגבניות שרי מיקס,יח',1.00,יח',false,,10.90,10.9000,true,1,5261836
7290016372373,false,רסק עגבניות ללא תוספת סוכר ומלח - מארז זוג,תה ויסוצקי (ישראל) בעמ,,רוטב עגבניות 280 גר,גרמים,280.00,100 גרם,false,,6.80,0.0243,true,1,3250503
7290016372397,false,"תה ויסוצקי ירוק תפוז,ג'ינגר וכורכום 25 יח'",תה ויסוצקי (ישראל) בעמ,,תה ירוק תפוז גינג'ר,יח',25.00,יח',false,,22.90,0.9160,true,1,3250445
7290016372458,false,חליטת לימונית ולואיזה הגן הקסום ויסוצקי 50 יחידות,תה ויסוצקי (ישראל) בעמ,,הגן הקסום לימונית ול,יח',50.00,יח',false,,27.30,0.5460,true,1,3250447
7290016372496,false,חליטת פירות וצמחים בטעם ג'ינג'ר ודבש -אפקט הג'ינג'ר,תה ויסוצקי (ישראל) בעמ,,חליטת ג'ינגר ודבש 2,יחידו,25.00,יחידו,false,,16.90,0.6760,true,1,3250466
7290016373035,false,ליצ'י שלם מקולף 567 גרם בסירופ קל,טעמן שיווק מזון בעמ,,ליצ'י שלם מקולף 567,גרמים,567.00,100 גרם,false,,10.70,0.0189,true,1,2670249
7290016373646,false,פסים חמוצים פטל 275 גרם,אלוון גידה סאן,,פסים חמוצים פטל 180,גרמים,180.00,100 גרם,false,,7.90,0.0439,true,1,3916083
7290016373653,false,מקלות חמוצים בטעם תות 180 ג',אלוון גידה סאן,,פסים חמוצים תות 180,גרמים,180.00,100 גרם,false,,7.90,0.0439,true,1,3916084
7290016373721,false,מקלות חמוצים תות וניל טעמן 275 גרם,טעמן שווק מזון בעמ,,פסים חמוצים תות וניל,גרמים,180.00,100 גרם,false,,7.90,0.0439,true,1,3916087
7290016373738,false,מקלות חמוצים תותי פרוטי 180 גרם,טעמן שיווק מזון בעמ,,מקלות חמוצים 180 גר,גרמים,180.00,100 גרם,false,,7.90,0.0439,true,1,3916088
7290016373776,false,טופי ממולא בטעם פירות טרופיים 500 גרם,פסין.אס.איי.,,טופי ממולא טעם פירות,גרמים,250.00,100 גרם,false,,15.90,0.0636,true,1,6271152
7290016373790,false,גוגלס טופי ממולא תות 500 גרם,טעמן שווק מזון בעמ,,טופי ממולא בטעם תות,גרמים,240.00,100 גרם,false,,15.90,0.0663,true,1,6271175
7290016408133,false,טרליני כעכים בטעם בצל וזיתים 225 גר' - בדץ,כרמית תעשיות ממתקים בעמ,,טרליני כעכים 225 גר,גרמים,225.00,100 גרם,false,,6.50,0.0289,true,1,1526248
7290016408157,false,טריליני כעכים קמח מלא כרמית 225 גרם,כרמית תעשיות ממתקים בעמ,,טרליני כעכים 225 גר,גרמים,225.00,100 גרם,false,,6.50,0.0289,true,1,1526250
7290016408164,false,טרליני כעכים בטעם שום וצי'לי פיקנטי 225 גר' - בדץ,כרמית תעשיות ממתקים בעמ,,טרליני כעכים 225 גר,גרמים,225.00,100 גרם,false,,6.50,0.0289,true,1,1526251
7290016408294,false,"מרשמלו ורוד לבן וסטהיים 150 ג', 26 בקרטון",כרמית תעשיות ממתקים בעמ,,מרשמלו ורוד לבן 150,גרמים,150.00,100 גרם,false,,4.50,0.0300,true,1,2107139
7290016408393,false,חטיף קרקר עם שומשום פניני 130 ג',כרמית תעשיות ממתקים בעמ,,חטיף קרקר ושומשום 13,גרמים,130.00,100 גרם,false,,5.90,0.0454,true,1,1823932
7290016408416,false,חטיף קרקר עם צ'ילי פיקנטי 130 גר,כרמית תעשיות ממתקים בעמ,,חטיף קרקר עם צ'ילי פ,גרמים,130.00,100 גרם,false,,5.90,0.0454,true,1,1823934
7290016408430,false,קרקר עם תערובת תבלינים כרמית 130 גרם,כרמית תעשיות ממתקים בעמ,,חטיף קרקר ותערובת תב,גרמים,130.00,100 גרם,false,,5.90,0.0454,true,1,1823936
7290016408447,false,קרקר עגבניות ובזיליקום כרמית 130 גרם,כרמית תעשיות ממתקים בעמ,,חטיף קרקר עגבניות וב,גרמים,130.00,100 גרם,false,,5.90,0.0454,true,1,1823937
7290016408744,false,מרשמלו טוויסטר כרמית 150 גרם,"כרמית תעשיות ממתקים בע""\",,מרשמלו טוויסטר בדצ 1,גרמים,150.00,100 גרם,false,,4.50,0.0300,true,1,2881472
7290016408980,false,"מטבעות שוקולד חלב 36 ג' כשל""פ בד""ץ!",כרמית תעשיות ממתקים בעמ,,מטבעות שוקולד חלב 36,יח',1.00,יח',false,,2.90,2.9000,true,1,5064467
7290016416992,false,עוגת דובוש בסקוויטים קפולסקי 400 גרם,תופינים מקבוצת קפולסקי,,עוגת דובוש ביסקוויטי,גרמים,400.00,100 גרם,false,,38.90,0.0972,true,1,1960809
7290016437430,false,דיפנד - גזרה גבוה תחתון אקסטרה לארג' נשים 16 יח',קימברלי קלארק ישראל שיווק בעמ,,דיפנד גזרה גבוה  תחת,יח',16.00,יח',false,,69.90,4.3688,true,1,6417571
7290016437591,false,קוטקס - תחתונים סופגים לנשים לאחר לידה מדיום 8 יח',קימברלי קלארק ישראל שיווק בעמ,,תחתונים סופגים לנשים,יח',8.00,יח',false,,32.90,4.1125,true,1,3899205
7290016437607,false,קוטקס - תחתונים סופגים לנשים לאחר לידה לארג' 8 יח',קימברלי קלארק ישראל שיווק בעמ,,תחתונים סופגים לנשים,יח',8.00,יח',false,,32.90,4.1125,true,1,3899206
7290016496208,false,פתיל צף עגול בינוני מוכן,צבע ומכחול (2014) בעמ,,פתיל צף מוכן,יח',1.00,יח',false,,4.90,4.9000,true,1,2091695
7290016505023,false,שוקולד פנדה קרם נוגט טבעוני 100 גרם,"מדשא תעשיות מזון בע""",,פנדה קרם נוגט 100 גר,גרמים,100.00,100 גרם,false,,17.90,0.1790,true,1,6502613
7290016505030,false,שוקולד פנדה אגוזי לוז טבעוני 100 גרם,,,פנדה אגוזי לוז 100 ג,גרמים,100.00,100 גרם,false,,17.90,0.1790,true,1,6502585
7290016505047,false,שוקולד קרמל ומלח גס 100 גרם - פנדה,"מדשא תעשיות מזון בע""",,פנדה פנדה קרמלח 100ג,גרמים,100.00,100 גרם,false,,17.90,0.1790,true,1,6502614
7290016509342,false,סוד מארז טריו כדוריות לאסלה כחול אקטיבי אקונומיקה,גורי שיווק בעמ,,סוד מארז טריו כדוריו,3 יח',1.00,3 יח',false,,14.80,14.8000,true,1,3061226
7290016509786,false,פרסיל גל לכביסה לבנה וצבעונית-ירוק 2.5 ל,גורי שיווק בעמ,,פרסיל ג'ל 2.5 ליטר י,ליטרים,2.50,ליטר,false,,34.50,13.8000,true,1,4603986
7290016509793,false,ג'ל לכביסה לבנה וצבעונית אריזת XL,גורי שיווק בעמ,,פרסיל ג'ל לכביסה לבנ,ליטרים,4.00,ליטר,false,,39.90,9.9750,true,1,4603987
7290016509809,false,ג'ל מרוכז לכביסה קולור 2.5 ל' פרסיל,גורי שיווק בעמ,,פרסיל ג'ל 2.5 ליטר ק,ליטרים,2.50,ליטר,false,,34.50,13.8000,true,1,4603988
7290016509823,false,ג'ל לכביסה לבנה וצבעונית בניחוח רענן,גורי שיווק בעמ,,פרסיל ג'ל 2.5 ליטר ב,ליטרים,2.50,ליטר,false,,34.50,13.8000,true,1,4603990
7290016509847,false,פרסיל ג'ל לכביסה כהה בלאק 2.5 ליטר,גורי שיווק בעמ,,פרסיל ג'ל לכביסה כהה,ליטרים,2.50,ליטר,false,,34.50,13.8000,true,1,5085228
7290016510102,false,"הוואי מרכך מי קוקוס 700 מ""ל",טרופיקל דגיל בעמ,,הוואי מרכך רגיל 700,מיליליטרים,700.00,"100 מ""ל",false,,8.90,0.0127,true,1,3856301
7290016510348,false,"הוואי אל סבון לילדים בנים 700 מ""ל",טרופיקל דגיל,,הוואי תחליב רחצה לבנ,מיליליטרים,700.00,"100 מ""ל",false,,8.90,0.0127,true,1,6277083
7290016510904,false,"הוואי מרכך פריחת הדובדבן 700 מ""ל",שוורצקוף& הנקל דיסלד,,הוואי מרכך דובדבן 70,מיליליטרים,700.00,"100 מ""ל",false,,8.90,0.0127,true,1,5564705
7290016523447,false,אטריות ביצים 300 ג' (כ) (fu),מזרח ומערב יבוא ושיווק,,אטריות ביצים 300 ג',גרמים,300.00,100 גרם,false,,7.70,0.0257,true,1,3131038
7290016542509,false,"טוסקנה 750 מ""ל מבעבעת יבש 10%-בודד",קבוצת וקסמן קרקוב פולין,,טוסקנה מבעבעת יבש 10,מיליליטרים,750.00,"100 מ""ל",false,,11.90,0.0159,true,1,2611750
7290016542516,false,"טוסקניה שיכר תפוחים מוגז חצי יבש 750 מ""ל",קבוצת וקסמן קרקוב פולין,,טוסקניה מבעבע חצי יב,מיליליטרים,750.00,"100 מ""ל",false,,11.90,0.0159,true,1,2611751
7290016564006,false,מבריקל הפלא ספוגיות להסרת כתמים קשים ושומנים 3יח,ח.כהן סוכנות מזון ומשקאות בע,,מבריקל הפלא ספוגית,יח',1.00,יח',false,,9.90,9.9000,true,1,5909726
7290016564266,false,מבריקל הפלא כיסוי הפלא 3,ח.כהן סוכנות מזון ומשקאות בע,,כיסוי הפלא,יח',1.00,יח',false,,9.90,9.9000,true,1,5909728
7290016584004,false,חטיפוני גזר 130 גרם,קונס`-מרינה פטריות הגליל בעמ*ש,,חטיפוני גזר 130 גרם,גרמים,130.00,100 גרם,false,,5.90,0.0454,true,1,1678755
7290016584011,false,חטיפוני גזר 350 גרם גיזרונים,קונס`-מרינה פטריות הגליל בעמ*ש,,חטיפוני גזר 350 גרם,גרמים,350.00,100 גרם,false,,11.90,0.0340,true,1,1678756
7290016584219,false,שעועית שלמה ירוקה וטריה 400 גרם,קונס`-מרינה פטריות הגליל בעמ*ש,,שעועית ירוקה שלמה טר,גרמים,600.00,100 גרם,false,,14.90,0.0248,true,1,6335949
7290016601466,false,נוזל רצפות רמי לוי 2 ליטר,,,נוזל רצפות רמי לוי 2,ליטרים,2.00,ליטר,false,,7.90,3.9500,true,1,1889174
7290016601473,false,נוזל רצפות רמי לוי 2 ליטר,,,נוזל רצפות רמי לוי 2,ליטרים,2.00,ליטר,false,,7.90,3.9500,true,1,1889175
7290016601480,false,נוזל רצפות רמי לוי 2 ליטר,,,נוזל רצפות רמי לוי 2,ליטרים,2.00,ליטר,false,,7.90,3.9500,true,1,1889176
7290016607772,false,יין לבן רוזה גליל( 750 מל) דלתון,הכרם - משקאות חריפים בעמ,,גליל רוזה (דלתון),מיליליטרים,700.00,"100 מ""ל",false,,54.90,0.0784,true,1,6339648
7290016609004,false,גזר גמדי 800 גר רמילוי,,,גזר גמדי 800 גר רמיל,גרמים,800.00,100 גרם,false,,8.20,0.0102,true,1,1931067
7290016609011,false,שעועית לבנה 800 גרם רמי לוי,,,שעועית לבנה 800 גרם,גרמים,800.00,100 גרם,false,,9.90,0.0124,true,1,1931068
7290016609028,false,גרגירי חומוס 800 גרם רמי לוי,,,גרגירי חומוס 800 גרם,גרמים,800.00,100 גרם,false,,9.90,0.0124,true,1,1931069
7290016609042,false,אפונה עדינה 600 גר רמי לוי,,,אפונה עדינה 600 גר ר,גרמים,600.00,100 גרם,false,,10.90,0.0182,true,1,1931071
7290016609059,false,שעועית עדינה 600 גר רמילוי,,,שעועית עדינה 600 גר,גרמים,600.00,100 גרם,false,,10.90,0.0182,true,1,1931072
7290016609066,false,פולי סויה 600 גר רמילוי,,,פולי סויה 600 גר רמי,גרמים,600.00,100 גרם,false,,9.90,0.0165,true,1,1931073
7290016609134,false,אפונה 335 גר רמי לוי,,,אפונה 335 גר רמי לוי,גרמים,335.00,100 גרם,false,,5.90,0.0176,true,1,1931077
7290016609141,false,אפונה וגזר רמי לוי 5,,,אפונה וגזר 330 גר,גרמים,330.00,100 גרם,false,,5.90,0.0179,true,1,1931078
7290016609158,false,חומוס גרגירים 290 גר רמי לוי,,,חומוס גרגירים 290 גר,גרמים,290.00,100 גרם,false,,5.90,0.0203,true,1,1931079
7290016609165,false,פול מצרי 340 גר,,,פול מצרי 340 גר,גרמים,340.00,100 גרם,false,,5.90,0.0174,true,1,1931080
7290016609172,false,שעועית לבנה ברוטב עגבניות 335 גר,,,שעועית לבנה ברוטב עג,גרמים,335.00,100 גרם,false,,5.90,0.0176,true,1,1931081
7290016609189,false,גרעיני תירס 335 גר רמי לוי,,,גרעיני תירס 335 גר ר,גרמים,335.00,100 גרם,false,,5.90,0.0176,true,1,1931082
7290016609196,false,גרעיני תירס לייט 335 גר רמי לוי,,,גרעיני תירס לייט 335,גרמים,335.00,100 גרם,false,,6.50,0.0194,true,1,1931083
7290016609257,false,עגבניות מרוסקות 250 גר רמילוי,,,עגבניות מרוסקות 250,גרמים,250.00,100 גרם,false,,2.90,0.0116,true,1,1931087
7290016609264,false,עגבניות מרוסקות ושום 250 גר רמילוי,,,עגבניות מרוסקות ושום,גרמים,250.00,100 גרם,false,,2.90,0.0116,true,1,1931088
7290016609271,false,עגבניות מרוסקות בזיליקום 250 גר רמילוי,,,עגבניות מרוסקות בזיל,גרמים,250.00,100 גרם,false,,2.90,0.0116,true,1,1931089
7290016609318,false,עגבניות מרוסקות 800ג רמילוי,,,עגבניות מרוסקות 800ג,גרמים,800.00,100 גרם,false,,5.90,0.0074,true,1,2866069
7290016609349,false,עגבניות מרוסקות+בזיליקום 800ג רמילוי,,,עגבניות מרוסקות+בזיל,גרמים,800.00,100 גרם,false,,5.90,0.0074,true,1,2866138
7290016609356,false,עגבניות מרוסקות+שום 800ג רמילוי,,,עגבניות מרוסקות+שום,גרמים,800.00,100 גרם,false,,5.90,0.0074,true,1,2866139
7290016609585,false,"גרעיני תירס לל""ס 285 ג רמי לוי",,,"גרעיני תירס לל""ס 285",גרמים,285.00,100 גרם,false,,4.50,0.0158,true,1,3800276
7290016609875,false,עגבניות מרוסקות שקשוקה 250 ג רמי לוי,,,עגבניות מרוסקות שקשו,גרמים,250.00,100 גרם,false,,2.90,0.0116,true,1,5072640
7290016621341,false,אל סבון היגייני לניקוי יסודי קמיל Clean & Moisture,פישר תעשיות פרמבצטיות בעמ,,קמיל אל סבון 1 ליטר,100 מל,1000.00,100 מל,false,,15.80,0.0158,true,1,2652168
7290016621358,false,"ד""ר פישר - קמיל אל סבון ניקיון והזנה ורוד 1 ליטר","פישר תעשיות פרמבצטיות בע""מ",,קמיל אל סבון 1 ליטר,100 מל,1000.00,100 מל,false,,15.80,0.0158,true,1,2652169
7290016682182,false,פריניב שייק תמר בננה מופחת סוכר 1 ליטר,הנסיך- מפעל לייצור ט,,שייק תמר בננה 1 ליטר,ליטרים,1.00,ליטר,false,,14.50,14.5000,true,1,2466385
7290016682199,false,פריניב שייק תות בננה מופחת סוכר 1 ליטר,הנסיך- מפעל לייצור ט,,שייק תות בננה 1 ליטר,ליטרים,1.00,ליטר,false,,14.50,14.5000,true,1,2466386
7290016682243,false,פריניב מיץ אשכולית אדומה סחוט 1 ליטר,תנובה - פריניב,,מיץ אשכולית אדומה 1ל,ליטרים,1.00,ליטר,false,,14.50,14.5000,true,1,4942202
7290016682250,false,מיץ תפוז גזר פרי ניב 1 ליטר,תנובה - פריניב,,מיץ תפוגזר 1ליטר,מטרים,1000.00,100 מ'ל,false,,15.90,0.0159,true,1,6490078
7290016682328,false,מיץ תפוזים 100% עשוי מרכז 2 ל' פריניב,תנובה - פריניב,,מיץ תפוזים מרכז 2לי,ליטרים,2.00,ליטר,false,,17.90,8.9500,true,1,6411423
7290016682335,false,מיץ תפוזים סחוט 2 ליטר פרי ניב,תנובה - פריניב,,מיץ תפוזים סחוט 2לי,ליטרים,2.00,ליטר,false,,24.90,12.4500,true,1,6411424
7290016682342,false,מיץ תפוזים וולנסיה פרי ניב 2 ליטר-,תנובה - פריניב,,מיץ תפוזים ולנסיה 2ל,ליטרים,2.00,ליטר,false,,26.60,13.3000,true,1,6411425
7290016682359,false,מיץ תפוזים שמוטי פרי ניב 2 ליטר-,תנובה - פריניב,,מיץ תפוזים שמוטי 2לי,ליטרים,2.00,ליטר,false,,26.60,13.3000,true,1,6411426
7290016682380,false,מיץ טבעי לימונדה ולואיזה פרי ניב 2 ליטר-,תנובה - פריניב,,מיץ לימונדה לואיזה 2,ליטרים,2.00,ליטר,false,,18.60,9.3000,true,1,6411429
7290016682441,false,100% מיץ תפוזים מיוצר מרכז טבעי,תנובה - פריניב,,מיץ תפוזים עשוי מרכז,מטרים,1000.00,100 מ'ל,false,,13.90,0.0139,true,1,6418235
7290016693041,false,"יין אמירים רזרב קברנה 750 מ""ל!.",יקבי ארזה,,אמירים רזרב קברנה 75,מיליליטרים,750.00,"100 מ""ל",false,,17.90,0.0239,true,1,2696932
7290016693058,false,"יין אמירים רזרב מרלו 750 מ""ל!.",יקבי ארזה,,אמירים רזרב מרלו 750,מיליליטרים,750.00,"100 מ""ל",false,,17.90,0.0239,true,1,2696933
7290016693065,false,"יין אמירים רזרב רוזה 750 מ""ל.!",יקבי ארזה,,אמירים רזרב רוזה 750,מיליליטרים,750.00,"100 מ""ל",false,,17.90,0.0239,true,1,2696934
7290016693072,false,"יין אמירים רזרב ריזלינג 750 מ""ל!",יקבי ארזה,,אמירים רזרב ריזלינג,מיליליטרים,750.00,"100 מ""ל",false,,17.90,0.0239,true,1,2696935
7290016693546,false,"יין קברנה עונות ארזה 750 מ""ל",יקבי ארזה,,יין עונות קברנה 750,מיליליטרים,750.00,"100 מ""ל",false,,28.90,0.0385,true,1,5421370
7290016693553,false,"יין מרלו עונות ארזה 750 מ""ל",יקבי ארזה,,יין עונות מרלו 750 מ,מיליליטרים,750.00,"100 מ""ל",false,,28.90,0.0385,true,1,5421371
7290016693560,false,"יין קברנה מרלו עונות ארזה 750 מ""ל",יקבי ארזה,,יין עונות קברנה מרלו,מיליליטרים,750.00,"100 מ""ל",false,,28.90,0.0385,true,1,5421372
7290016693584,false,"סדרת עונות שיראז 750 מ""ל",יקבי ארזה,,יין עונות שיראז 750,מיליליטרים,750.00,"100 מ""ל",false,,28.90,0.0385,true,1,5421462
7290016693898,false,"יין פטי ורדו בראשית היוצר 750 מ""ל",יקבי ארזה,,יין פטי ורדו בראשית,מיליליטרים,750.00,"100 מ""ל",false,,34.90,0.0465,true,1,6324370
7290016693959,false,"היוצר בראשית קברנה סוביניון 750 מ""ל",יקבי ארזה,,בראשית קברנה סובניון,מיליליטרים,750.00,"100 מ""ל",false,,34.90,0.0465,true,1,6386625
7290016717044,false,"יין מוסקטו סלקטד באז כרמל 750 מ""ל",אגודת הכורמים -כרמל מזרחי,,יין מנגו באזז יקבי כ,מיליליטרים,750.00,"100 מ""ל",false,,26.90,0.0359,true,1,5390445
7290016717051,false,משקה Buzz מוגז בטעם רימון מבוסס יין אדום מתוק,אגודת הכורמים -כרמל מזרחי,,יין רימון באזז יקבי,מיליליטרים,750.00,"100 מ""ל",false,,26.90,0.0359,true,1,5868967
7290016717099,false,"יין כרמל סלקטד אדום חצי יבש, 750 מ""ל",אגודת הכורמים בעמ,,יין אדום חצי יבש סלק,מיליליטרים,750.00,"100 מ""ל",false,,28.80,0.0384,true,1,2120497
7290016717235,false,יין קונקורד אדום ממותק קינג דיוויד - בקבוק אישי,יקבי כרמל Carmel Winery,,קונקורד קינג דויד 18,מיליליטרים,187.00,"100 מ""ל",false,,5.90,0.0316,true,1,5387633
7290016717631,false,יין מוסקטו בעל חוזק אלכוהול נמוך פרייבט קולקשן,אגודת הכורמים הקואופרטיב,,יין מוסקטו פרייבט קו,מיליליטרים,750.00,"100 מ""ל",false,,39.90,0.0532,true,1,3837367
7290016717754,false,יין היובל ישן נושן יקבי כרמל (750 מל),אגודת הכורמים -כרמל מזרחי,,יין ישן נושן יקבי כר,מיליליטרים,750.00,"100 מ""ל",false,,18.90,0.0252,true,1,4102030
7290016717976,false,יין ספארקלינג בטעם אפרסק 750 מל BUZZ,אגודת הכורמים בעמ,,ספארקלינג באזז אפרסק,מיליליטרים,750.00,"100 מ""ל",false,,26.90,0.0359,true,1,6295332
7290016733006,false,אציטון רמי לוי 100 מל,,,אציטון רמי לוי 100 מ,גרמים,100.00,100 גרם,false,,4.30,0.0430,true,1,1889179
7290016733044,false,מטליות ריצפה מיקרופייבר שלישייה רמי לוי,,,מטליות ריצפה מיקרופי,יח',3.00,יח',false,,15.90,5.3000,true,1,1628762
7290016733051,false,מטליות ניקוי כללי מיקרופייבר עשירייה רמי לוי,,,מטליות ניקוי כללי מי,יח',10.00,יח',false,,14.90,1.4900,true,1,1628763
7290016733181,false,עוגיות מחייכות וניל 150 ג,,,עוגיות מחייכות וניל,גרמים,150.00,100 גרם,false,,3.30,0.0220,true,1,2298939
7290016733198,false,קרקר דק מחיטה מלאה 2,,,קרקר דק מחיטה מלאה 2,גרמים,240.00,100 גרם,false,,6.90,0.0288,true,1,2298940
7290016733211,false,קרקר דק משיפון 240 גר,,,קרקר דק משיפון 240 ג,גרמים,240.00,100 גרם,false,,6.90,0.0288,true,1,2298942
7290016733433,false,פטריות שלמות 230 גרם,,,פטריות שלמות 230 גרם,גרמים,230.00,100 גרם,false,,6.90,0.0300,true,1,2132835
7290016733471,false,"משמש חצאים ""רמי לוי",,,משמש חצאים 470 גר,גרמים,470.00,100 גרם,false,,8.30,0.0177,true,1,2053795
7290016733501,false,פתיתים חישוקים 500 גר רמילוי,,,פתיתים חישוקים 500 ג,גרמים,500.00,100 גרם,false,,4.50,0.0090,true,1,2382365
7290016733518,false,פתיתים עם בצל 400 ג,,,פתיתים עם בצל 400 ג,גרמים,400.00,100 גרם,false,,4.50,0.0113,true,1,2521609
7290016733525,false,פתיתים 3 צבעים 500 גר רמילוי,,,פתיתים 3 צבעים 500 ג,גרמים,500.00,100 גרם,false,,4.50,0.0090,true,1,2382366
7290016733693,false,"שניצל תירס רמי לוי 2ק""ג",רמי לוי,IL,שניצל תירס רמי לוי 2,קילוגרמים,2.00,"ק""ג",false,,39.90,19.9500,true,1,2241239
7290016733716,false,וופלים שוקולד 500 ג רמי לוי,,,וופלים שוקולד 500 ג,גרמים,500.00,100 גרם,false,,8.90,0.0178,true,1,2145392
7290016733730,false,וופלים לימון 500ג רמי לוי,,,וופלים לימון 500ג רמ,גרמים,500.00,100 גרם,false,,8.90,0.0178,true,1,2145394
7290016733754,false,חומץ 5% 1 ליטר רמי ל,,,חומץ 5% 1לי רמי לוי,יח',1.00,יח',false,,4.90,4.9000,true,1,2387640
7290016733761,false,רוטב לימון משומר 1 לי רמי לוי,,,רוטב לימון משומר 1 ל,ליטרים,1.00,ליטר,false,,4.90,4.9000,true,1,2387641
7290016733815,false,מטליות רב שימושיות לבן 700ג,,,מטליות רב שימושיות ל,גרמים,700.00,100 גרם,false,,18.50,0.0264,true,1,2121114
7290016733822,false,חטיפי קרח רמי לוי 70 ח,,,חטיפי קרח רמי לוי 70,ליטרים,2.03,ליטר,false,,11.20,5.5172,true,1,2408564
7290016733860,false,וופלים לימון 300 ג רמי לוי,,,וופלים לימון 300 ג ר,גרמים,300.00,100 גרם,false,,4.50,0.0150,true,1,2145395
7290016733877,false,וופלים מצופים 400ג רמי לוי,,,וופלים מצופים 400ג ר,גרמים,400.00,100 גרם,false,,7.90,0.0198,true,1,2145396
7290016733891,false,טבעות בצל רמי לוי 60,קפוא-זן,IL,טבעות בצל 600 גרם,גרמים,600.00,100 גרם,false,,14.90,0.0248,true,1,2274603
7290016784039,false,טחינה פרימיום משומשום אתיופי 500 גרם,,,טחינה פרימיום משומשו,גרמים,500.00,100 גרם,false,,11.90,0.0238,true,1,6399940
7290016865080,false,שניצל דק בציפוי שומשום 700 ג,,,שניצל דק בציפוי שומש,גרמים,700.00,100 גרם,false,,27.90,0.0399,true,1,2660455
7290016865103,false,שניצל דק בציפוי ציפס 700 ג,,,שניצל דק בציפוי ציפס,גרמים,700.00,100 גרם,false,,27.90,0.0399,true,1,2660457
7290016865141,false,שניצל צמחי דק 700 גרם רמי לוי,,,שניצל צמחי דק 700 גר,גרמים,700.00,100 גרם,false,,19.90,0.0284,true,1,3459852
7290016865240,false,וופלים בטעם שוקולד רמי לוי 200 גרם,,,וופלים בטעם שוקולד ר,גרמים,200.00,100 גרם,false,,2.90,0.0145,true,1,2361541
7290016865530,false,לחם שיפון קל 750ג רמילוי,,,לחם שיפון קל 750ג רמ,גרמים,750.00,100 גרם,false,,10.90,0.0145,true,1,2773905
7290016865554,false,10 לחמניות רגילות 750ג רמילוי,,,10 לחמניות רגילות 75,גרמים,750.00,100 גרם,false,,10.90,0.0145,true,1,2773956
7290016865561,false,10 לחמניות מקמח מלא 750ג רמילוי,,,10 לחמניות מקמח מלא,גרמים,750.00,100 גרם,false,,10.90,0.0145,true,1,2773957
7290016865615,false,כדוריות סבון אסלה -ניחוח היביסקוס,,,כדוריות סבון אסלה -נ,יח',1.00,יח',false,,9.90,9.9000,true,1,3090331
7290016865622,false,כדוריות סבון אסלה -ניחוח לבנדר,,,כדוריות סבון אסלה -נ,יח',1.00,יח',false,,9.90,9.9000,true,1,3090366
7290016865769,false,שעועית לבנה 500ג רמילוי,,,שעועית לבנה 500ג רמי,גרמים,500.00,100 גרם,false,,6.90,0.0138,true,1,3110366
7290016865783,false,אפונה יבשה 500ג רמילוי,,,אפונה יבשה 500ג רמיל,גרמים,500.00,100 גרם,false,,3.90,0.0078,true,1,3110368
7290016865790,false,פופקורן 500ג רמילוי,,,פופקורן 500ג רמילוי,גרמים,500.00,100 גרם,false,,4.90,0.0098,true,1,3110369
7290016865806,false,חומוס גדול 500ג רמי לוי,,,חומוס גדול 500ג רמי,גרמים,500.00,100 גרם,false,,5.80,0.0116,true,1,3118961
7290016865813,false,חומוס ענק 500ג רמי לוי,,,חומוס ענק 500ג רמי ל,גרמים,500.00,100 גרם,false,,8.90,0.0178,true,1,3118962
7290016865820,false,עדשים אדומות 500ג רמי לוי,,,עדשים אדומות 500ג רמ,גרמים,500.00,100 גרם,false,,5.90,0.0118,true,1,3118963
7290016865837,false,עדשים ירוקות 500ג רמי לוי,,,עדשים ירוקות 500ג רמ,גרמים,500.00,100 גרם,false,,5.90,0.0118,true,1,3118964
7290016865844,false,כוסמת 500ג רמי לוי,,,כוסמת 500ג רמי לוי,גרמים,500.00,100 גרם,false,,6.90,0.0138,true,1,3118965
7290016865875,false,בורגול 500ג רמי לוי,,,בורגול 500ג רמי לוי,גרמים,500.00,100 גרם,false,,3.90,0.0078,true,1,3118987
7290016865882,false,גרישה 500ג רמי לוי,,,גרישה 500ג רמי לוי,גרמים,500.00,100 גרם,false,,3.90,0.0078,true,1,3118988
7290016865943,false,אטריות ביצים פטוציני אוריינט 400 גרם,גורי מוצרי צריכה 1991 בעמ,,אטריות ביצים פטוצ'ינ,גרמים,400.00,100 גרם,false,,13.90,0.0348,true,1,3001492
7290016866124,false,באגט 360 גר,,,באגט 360 גר,גרמים,360.00,100 גרם,false,,9.90,0.0275,true,1,1989477
7290016866131,false,ג'בטה 380 גר,,,ג'בטה 380 גר,גרמים,380.00,100 גרם,false,,12.90,0.0339,true,1,1989478
7290016866650,false,"פרודונטקס - משחת שיניים אוריג'ינל 75 מ""ל",פרודונטקס Parodontax,,פרודונטקס אורג'ינל 7,100 מל,75.00,100 מל,false,,30.90,0.4120,true,1,4439628
7290016866667,false,"משחת שיניים פרודונטקס ללא פלואוריד 75 מ""ל",פרודונטקס Parodontax,,פרודונטקס פלאוריד 75,100 מל,75.00,100 מל,false,,30.90,0.4120,true,1,4641121
7290016866674,false,"פרודונטקס - משחת שיניים מלבינה 75 מ""ל",פרודונטקס Parodontax,,פרודונטקס מלבינה 75,100 מל,75.00,100 מל,false,,30.90,0.4120,true,1,4439629
7290016866704,false,סטייל שמפו קרטין E 750 מל לשיקום שיער יב,גורי ע.ע.ע בעמ,,סטייל שמפו קרטין 750,מיליליטרים,750.00,"100 מ""ל",false,,24.90,0.0332,true,1,3560468
7290016866711,false,"סטייל מרכך לשיער קרטין פלוס לאחר החלקה, 750 מ""ל",גורי ע.ע.ע בעמ,,סטייל מרכך קרטין 750,גרמים,750.00,100 גרם,false,,24.90,0.0332,true,1,3560469
7290016866728,false,סטייל מסכה קרטין E 500 מל לשיקום שיער יב,גורי ע.ע.ע בעמ,,סטייל מסכה קרטין 750,מיליליטרים,750.00,"100 מ""ל",false,,27.90,0.0372,true,1,3560470
7290016867008,false,"לחם כוסמין מחמצת ד""ר מרק",המאפה של דר מרק בריאות באפייה,,לחם מחמצת כוסמין 750,גרמים,750.00,100 גרם,false,,16.90,0.0225,true,1,6031069
7290016867039,false,"מארז פיתות קלות כוסמין בתוספת מחמצת 6 יחידות ד""ר מרק",המאפה של דר מרק בריאות באפייה,,פיתות קלות כוסמין בת,גרמים,303.00,100 גרם,false,,14.90,0.0492,true,1,6384260
7290016867046,false,"מארז פיתות קלות כוסמין במתיקות מעודנת 6 יחידות ד""ר מרק",המאפה של דר מרק בריאות באפייה,,פיתות קלות כוסמין במ,גרמים,303.00,100 גרם,false,,14.90,0.0492,true,1,6384261
7290016867053,false,לחם קל כוסמין בתוספת מחמצת 450 גרם,המאפה של דר מרק בריאות באפייה,,לחם קל כוסמין בתוספת,יח',1.00,יח',false,,18.90,18.9000,true,1,6384262
7290016867114,false,לחם קל מכוסמין מלא 500 גר`דר מרק,המאפה של דר מרק בריאות באפייה,,לחם קל כוסמין מלא,יח',1.00,יח',false,,17.90,17.9000,true,1,6332962
7290016867152,false,"מארז פיתות קלות כוסמין 5 יחידות ד""ר מרק",המאפה של דר מרק בריאות באפייה,,פיתות קלות מקמח כוסמ,גרמים,330.00,100 גרם,false,,13.50,0.0409,true,1,6031146
7290016867176,false,"מארז לחמניות קלות כוסמין שומשום במתיקות מעודמת 5 יחידות ד""ר מרק",המאפה של דר מרק בריאות באפייה,,לחמניות קלות כוסמין,יח',1.00,יח',false,,13.90,13.9000,true,1,6109456
7290016867237,false,לחם קל כוסמין במתיקות מעודנת 400 גר`דר,המאפה של דר מרק בריאות באפייה,,לחם קל כוסמין במתיקו,גרמים,400.00,100 גרם,false,,18.90,0.0472,true,1,6277092
7290016912494,false,"ד""ר פישר - אפקטיב קר תרחיץ פנים לכל סוגי העור 180 מ""ל","פישר תעשיות פרמצביטות בע""מ",,אפקטיב קר תרחיץ פנים,מיליליטרים,180.00,"100 מ""ל",false,,17.90,0.0994,true,1,3306240
7290016912500,false,"ד""ר פישר - אפקטיב קר תרחיץ פנים לעור רגיש 180 מ""ל","פישר תעשיות פרמצביטות בע""מ",,אפקטיב קר תרחיץ פנים,מיליליטרים,180.00,"100 מ""ל",false,,17.90,0.0994,true,1,3306241
7290016967074,false,לחם חיטה מלאה עם גרעינים ודגנים,מאפיית שלמה א. אנג'\ל בע,,לחם חיטה מלאה 750 ג,גרמים,750.00,100 גרם,false,,15.90,0.0212,true,1,2321069
7290016967456,false,לחם צרפתי מחמצת 100% כוסמין 600 ג' אנג'ל,"מאפיית אנג'\ל בעמ, מקבוצ",,לחם צרפתי כוסמין 100,גרמים,600.00,100 גרם,false,,16.90,0.0282,true,1,3072829
7290017023212,false,"שוויפס מוגז פירות תפוח מארז רביעייה* 330 מ""ל",יפאורה שותפות מוגבלת לשיווק,,שוופס רביעייה מוגז פ,ליטרים,1.32,ליטר,false,,11.90,9.0152,true,1,4019016
7290017023229,false,רביעיית פחיות שוופס מוגז פירות תות ליים 330 מל.,יפאורה שותפות מוגבלת לשיווק,,שוופס רביעייה מוגז פ,ליטרים,1.32,ליטר,false,,11.90,9.0152,true,1,4019017
7290017023236,false,רביעיית פחיות שוופס מוגז פירות ענבים 330 מל.,יפאורה שותפות מוגבלת לשיווק,,שוופס רביעייה מוגז פ,ליטרים,1.32,ליטר,false,,11.90,9.0152,true,1,4019018
7290017023663,false,"שוופס מיץ פירות לימונייד פחית מארז 330X4מ""ל",יפאורה שותפות מוגבלת לשיווק,,שוופס רביעייה מוגז פ,ליטרים,1.32,ליטר,false,,11.90,9.0152,true,1,4786713
7290017023809,false,"רביעיית ספרינג 250 מ""ל אגס סברס תפוח",יפאורה שותפות מוגבלת לשיווק,,ספרינג אגס סברס תפוח,מטרים,1000.00,100 מ'ל,false,,11.20,0.0112,true,1,6013067
7290017023816,false,"ספרינג  פירות טרופיים 250 מ""ל רביעייה",יפאורה שותפות מוגבלת לשיווק,,ספרינג פירות טרופיים,מטרים,1000.00,100 מ'ל,false,,11.20,0.0112,true,1,6013068
7290017023823,false,"רביעיית ספרינג 250 מ""ל תות בננה",יפאורה שותפות מוגבלת לשיווק,,ספרינג תות בננה 4*25,מטרים,1000.00,100 מ'ל,false,,11.20,0.0112,true,1,6013069
7290017023854,false,מי סודה בקבוקים אישיים - מארז 4 יח',יפאורה שותפות מוגבלת לשיווק,,שוופס סודה רביעייה 2,ליטרים,1.00,ליטר,false,,9.90,9.9000,true,1,5343331
7290017023861,false,סודה בטעם לימון בקבוקים אישיים - מארז 4 יח',יפאורה שותפות מוגבלת לשיווק,,שוופס סודה רביעייה 2,ליטרים,1.00,ליטר,false,,9.90,9.9000,true,1,5343332
7290017023878,false,סודה בטעם נענע ליים בקבוקים אישיים - מארז 4 יח',יפאורה שותפות מוגבלת לשיווק,,שוופס סודה רביעייה 2,ליטרים,1.00,ליטר,false,,9.90,9.9000,true,1,5343333
7290017031477,false,"סנסודיין משחת שיניים רפיד רליף להלבנה 75 מ""ל","סמיתקליין ביצ'ם בע""מ",,משחת סנסודיין רפיד ר,יח',1.00,יח',false,,23.90,23.9000,true,1,5561811
7290017031705,false,משחת שיניים סנסודיין הגנה מלאה רגיל,גלקסוס סמית קליין,,סנסודיין קלין פרש 75,מטרים,75.00,100 מ'ל,false,,21.90,0.2920,true,1,5136717
7290017031811,false,פרודונטקס מברשת שיניים אקסטרא סופט א.זוג,גלקסוסמיתקליין,,זוג מברשות שיניים פר,יח',1.00,יח',false,,19.90,19.9000,true,1,5649200
7290017031859,false,"פרודונטקס - משחת שיניים אולטרא קלין 75 מ""ל","מאסטרפוד אוסטריה בע""מ",,פרודונטקס אולטרא קלי,מטרים,75.00,100 מ'ל,false,,30.90,0.4120,true,1,5136718
7290017062204,false,מרכך כביסה מרוכז 1לי רמילוי,,,מרכך כביסה מרוכז 1לי,ליטרים,1.00,ליטר,false,,9.50,9.5000,true,1,4729132
7290017062211,false,מרכך כביסה מרוכז 1לי רמילוי ירוק,,,מרכך כביסה מרוכז 1לי,ליטרים,1.00,ליטר,false,,9.50,9.5000,true,1,4729133
7290017065007,false,פרוסות גבינה מוצרלה חצי קשה 22% שומן 200 ג' גד,מחלבות גד שיווק 1992 בעמ,,מוצרלה פרוסה גד 150,גרמים,150.00,100 גרם,false,,16.90,0.1127,true,1,2692928
7290017065137,false,ריקוטה למריחה 5% טבעית 200 גר`מחלבות גד,מחלבות גד שיווק 1992 בעמ,,ריקוטה למריחה 5% טבע,יח',1.00,יח',false,,8.90,8.9000,true,1,3628633
7290017065144,false,ריקוטה למריחה בתוספת בזיליקום 5% גד 200 גם,מחלבות גד שיווק 1992 בעמ,,ריקוטה למריחה 5% בזי,יח',1.00,יח',false,,8.90,8.9000,true,1,3628634
7290017065168,false,גבינה כחולה denish blue cheese 100 גרם,מחלבות גד שיווק 1992 בעמ,,גבינה כחולה גד 100 ג,גרמים,100.00,100 גרם,false,,14.90,0.1490,true,1,4253169
7290017065212,false,גבינת קרם מסקרפונה מחלבות גד 250 גר,מחלבות גד שיווק 1992 בעמ,,קרם מסקרפונה 38% שומ,יח',1.00,יח',false,,15.90,15.9000,true,1,5683634
7290017065236,false,גבינה בולגרית מעודנת 24% גד (250 גרם),מחלבות גד שיווק 1992 בעמ,,גבינה בולגרית מעודנת,גרמים,250.00,100 גרם,false,,21.90,0.0876,true,1,4403290
7290017065441,false,גבינה גאודה עיזים פרוסה הולנדית 200 גר',מחלבות גד שיווק 1992 בעמ,,פרוסות גאודה עיזים.,גרמים,200.00,100 גרם,false,,27.90,0.1395,true,1,5626839
7290017065526,false,קוואטרו פורמאג'י 4 גבינות מגוררות 26%,מחלבות גד שיווק 1992 בעמ,,קואטרו פורמאג'י,גרמים,300.00,100 גרם,false,,25.90,0.0863,true,1,5626844
7290017065588,false,יוגורט יווני 600 גר`מחלבות גד,מחלבות גד שיווק 1992 בעמ,,יוגורט יווני 10%,גרמים,600.00,100 גרם,false,,14.80,0.0247,true,1,6285922
7290017065618,false,גבינת פקורינו פרוס גד 150 גרם,מחלבות גד שיווק 1992 בעמ,,פקורינו פרוס 150 גר,גרמים,150.00,100 גרם,false,,18.90,0.1260,true,1,6285923
7290017065649,false,קרם פטיסייר 250 גרם גד,מחלבות גד שיווק 1992 בעמ,,קרם פטיסייר,גרמים,250.00,100 גרם,false,,15.90,0.0636,true,1,6285925
7290017065663,false,גבינת פטה עיזים מעודנת 16% גד 200 גרם,מחלבות גד שיווק 1992 בעמ,,גבינת פטה עיזים מעוד,גרמים,200.00,100 גרם,false,,28.90,0.1445,true,1,6323309
7290017065731,false,גבינת שמנת 30% ניו יורק +כמהין 200 גרם רבנות,מחלבות גד שיווק 1992 בעמ,,גבינת שמנת עם כמהין,גרמים,200.00,100 גרם,false,,12.90,0.0645,true,1,6365309
7290017065786,false,גבינה אנגלית קשה צ`דר 210 גר`גד,מחלבות גד שיווק 1992 בעמ,,צ'דר 210 גר,גרמים,210.00,100 גרם,false,,17.90,0.0852,true,1,6404386
7290017079127,false,פתיתים קוסקוס 500ג רמילוי,,,פתיתים קוסקוס 500ג ר,גרמים,500.00,100 גרם,false,,3.90,0.0078,true,1,5088029
7290017079134,false,פתיתים אורז 500ג רמילוי,,,פתיתים אורז 500ג רמי,גרמים,500.00,100 גרם,false,,3.90,0.0078,true,1,5088030
7290017079769,false,מחית תפוח עץ ובננה בפאוץ פריטוב קידס,פרוטה פודיוין איי.אס,,מחית תפוע ובננה בפאו,יח',1.00,יח',false,,3.90,3.9000,true,1,6364297
7290017079783,false,מחיות פאוץ' תפוח עץ פריטוב 120 גרם,פרוטה פודיוין איי.אס,,מחית תפוע בפאוץ כשלפ,יח',1.00,יח',false,,3.90,3.9000,true,1,6364299
7290017079790,false,מחיות פאוץ' פירות מעורבים פריטוב 120 גרם,פרוטה פודיוין איי.אס,,מחית פירות מעורבים ב,יח',1.00,יח',false,,3.90,3.9000,true,1,6364300
7290017079967,false,"סרדינים בשמן צימחי בד""ץ טעמן 125 גר'",טעמן שווק מזון בעמ,,סרדינים בדצ בשמן קנו,יח',1.00,יח',false,,6.90,6.9000,true,1,6440545
7290017088082,false,בייביסיטר - חיתולי סטנדרט מידה 5 - 36 יח',די.פי.אל תעשיות מוצרים ח,,בייביסיטר משופר מידה,יח',1.00,יח',false,,32.90,32.9000,true,1,4307619
7290017088099,false,בייביסיטר - חיתולי סטנדרט מידה 6 - 30 יח',די.פי.אל תעשיות מוצרים ח,,בייביסיטר משופר מידה,יח',1.00,יח',false,,32.90,32.9000,true,1,4307620
7290017088327,false,רבעיית מגבונים בייביסיטר אקסטרא סופט ללא בישום 64 יחידות,די.פי.אל בעמ,,מגבונים בייביסיטר לת,יח',4.00,יח',false,,14.90,3.7250,true,1,6311233
7290017088495,false,תחבושות טופ פד אקסטרה 20 יח',שקד תבל בעמ,,טופ פד אקסטרה 20 יח,יח',1.00,יח',false,,8.90,8.9000,true,1,6324368
7290017088501,false,תחבושות טופ פד אקסטרה לונג 20 יח',שקד תבל בעמ,,טופ פד אקסטרה לונג 2,יח',1.00,יח',false,,8.90,8.9000,true,1,6324369
7290017088679,false,מגבוני ביביבסיק מארז שביעייה 72 יח',,,מגבונים ביבי 7 יחידו,יח',1.00,יח',false,,14.90,14.9000,true,1,6334658
7290017088815,false,בריז תחבושות לבריחת שתן נורמל 12 יח,שקד תבל בעמ,,תחבושות בריז נורמל 1,יח',1.00,יח',false,,14.90,14.9000,true,1,6377976
7290017088822,false,BREEZE תחבושות לבריחת שתן אקסטרה (10 יח'),שקד תבל בעמ,,תחבושות בריז אקסטרה,יח',1.00,יח',false,,14.90,14.9000,true,1,6377977
7290017088839,false,BREEZE תחבושות לבריחת שתן אקסטרה פלוס (8 יח'),שקד תבל בעמ,,תחבושות בריז אקסטרה,יח',1.00,יח',false,,14.90,14.9000,true,1,6377978
7290017088846,false,BREEZE תחבושות לבריחת שתן מקסי (8 יח'),שקד תבל בעמ,,תחבושות בריז מקסי 8,יח',1.00,יח',false,,14.90,14.9000,true,1,6377979
7290017088969,false,חיתולי בייביסיטר ניו בורן מידה 1 42 יח',די.פי.אל תעשיות מוצרים ח,,חיתולי בייביסיטר ביי,יח',1.00,יח',false,,25.90,25.9000,true,1,6410576
7290017094847,false,סלט תפוחי אדמה אסלי שמיר 400 ג',"סלטי שמיר 2006 בע""מ",,שמיר אסלי סלט תפוא 4,גרמים,400.00,100 גרם,false,,9.80,0.0245,true,1,6461887
7290017094861,false,חומוס עם רוטב מסבחה אסלי שמיר 400 ג',"סלטי שמיר 2006 בע""מ",,שמיר אסלי סלט חומוס,גרמים,400.00,100 גרם,false,,9.80,0.0245,true,1,6461888
7290017105062,false,גרגירי חומוס שלם יכין הקטניה הטובה 200 ג,היינץ צפון אמריקה מק,,חומוס יכין הקטניה הט,גרמים,105.00,100 גרם,false,,3.90,0.0371,true,1,3488872
7290017105079,false,שעועית לבנה ברוטב עגבניות יכין הקטניה הט,היינץ צפון אמריקה מק,,שעועית לבנה ברוטב עג,גרמים,105.00,100 גרם,false,,3.90,0.0371,true,1,3488960
7290017105086,false,שימורי יכין שעועית צילי 200 גר,"זנלכל בע""\מ",,שעועית צ'ילי יכין הק,גרמים,105.00,100 גרם,false,,3.90,0.0371,true,1,3488961
7290017105116,false,תורמוס הקטניה הטובה יכין 200/105 גרם,"זנלכל בע""\מ",,תורמוס יכין הקטניה ה,גרמים,105.00,100 גרם,false,,3.90,0.0371,true,1,3488964
7290017105369,false,סירופ דיאט בטעם תה אפרסק יכין (1 ליטר),זנלכל בעמ,,סירופ דיאט בטעם תה א,יח',1.00,יח',false,,16.70,16.7000,true,1,5733719
7290017105468,false,מארז שלישייה אפונה קטנה יכין 3*200 גר,קשקמט קונסרב הונגריה,,אפונה קטנה יכין 200,גרמים,360.00,100 גרם,false,,14.90,0.0414,true,1,6159109
7290017105550,false,רביעיית רסק עגבניות 100% יכין 4X100 גרם,היינץ צפון אמריקה מק,,רוטב 100% עגבניה רב,גרמים,400.00,100 גרם,false,,11.90,0.0298,true,1,6271288
7290017105895,false,גרגרי חומוס להכנת חומוס משובח יכין 560 ג,זנלכל בעמ,,גרגרי חומוס להכנת חו,יח',1.00,יח',false,,9.90,9.9000,true,1,6317025
7290017121093,false,"אריסה חריפה 250 גרם ""עללחם""","מדשא תעשיות מזון בע""\מ",,עללחם אריסה חריפה 25,גרמים,250.00,100 גרם,false,,12.90,0.0516,true,1,5718486
7290017129495,false,אגו מיקס כדורי תירס מצופים שוקולד חלב כרמית 55 גרם,כרמית תעשיות ממתקים בעמ,,אגו מיקס כדורי תירס,גרמים,55.00,100 גרם,false,,3.90,0.0709,true,1,3731457
7290017129501,false,אגו מיקס כדורי תירס מצופים שוקולד לבן כרמית 55 גרם,כרמית תעשיות ממתקים בעמ,,אגו מיקס כדורי תירס,גרמים,55.00,100 גרם,false,,3.90,0.0709,true,1,3731458
7290017129549,false,לקקן גלידה 10 יח' 90 גר' כרמית!,כרמית תעשיות ממתקים בעמ,,לקקן גלידה 90 גר,100 יח',90.00,100 יח',false,,4.90,0.0544,true,1,5136575
7290017129754,false,"שוקולד מריר מעולה 70% מוצקי קקאו 100 גר בד""ץ",כרמית תעשיות ממתקים בעמ,,שוקולד 70% קלאסי כשל,גרמים,100.00,100 גרם,false,,7.90,0.0790,true,1,4612189
7290017129778,false,שוקולד פרימיום 70% מריר בטעם קפה כרמית 100 גרם,"כרמית תעשיות ממתקים בע""\",,שוקולד פרימיום 70% ק,גרמים,100.00,גרם,false,,7.90,0.0790,true,1,4612191
7290017129822,false,מטבעות שוקולד מריר 36 גרם כרמית,כרמית תעשיות ממתקים בעמ,,מטבעות שוקולד מריר 3,גרמים,36.00,גרם,false,,2.90,0.0806,true,1,5064469
7290017129839,false,שוקולד פרימיום 70% מריר בטעם פטל כרמית 100 גרם,כרמית תעשיות ממתקים בעמ,,שוקולד פרימיום 70% פ,גרמים,100.00,גרם,false,,7.90,0.0790,true,1,4612192
7290017129877,false,מיקס 40 יחידות לקקנים שטוחים כרמית 180 גרם,כרמית תעשיות ממתקים בעמ,,מיקס לקקנים שטוחים 4,גרמים,300.00,100 גרם,false,,9.90,0.0330,true,1,4961635
7290017129884,false,חמישיות שוקולד מריר 44% 85 גר*5*12 בקרטון,"כרמית תעשיות ממתקים בע""\",,חמישיית שוקלד מריר 6,גרמים,425.00,100 גרם,false,,14.90,0.0351,true,1,4746817
7290017129983,false,שוקולד צ'יפס לבן פרווה כרמית 250 גרם,"כרמית תעשיות ממתקים בע""\",,אגו שוקו צ'יפס לבן 2,גרמים,250.00,100 גרם,false,,8.90,0.0356,true,1,5283334
7290017140056,false,קמח חומוס 500 גרם ללא גלוטן,גורי מוצרי צריכה (1991) בעמ,,קמח חומוס 500 גר,גרמים,500.00,100 גרם,false,,15.90,0.0318,true,1,5995560
7290017140308,false,קמח שקדים 250 גרם ללא גלוטן,גורי מוצרי צריכה (1991) בעמ,,קמח שקדים 250 גר,גרמים,250.00,100 גרם,false,,24.90,0.0996,true,1,6355960
7290017142005,false,"שמן קוקוס אורגני עץ הזית צנצנת 320מ""ל",סוגת תעשיות בעמ,,שמן קוקוס אורגני כתי,מיליליטרים,320.00,"100 מ""ל",false,,23.90,0.0747,true,1,2881550
7290017142012,false,שמן קוקוס אורגני כתית 500 מל עץ הזית,סוגת תעשיות בעמ,,שמן קוקוס אורגני כתי,מיליליטרים,500.00,"100 מ""ל",false,,39.80,0.0796,true,1,2881551
7290017142128,false,"שמן זית כתית מעולה קלאסי עץ הזית 750 מ""ל",סוגת תעשיות בעמ,,שמן זית כתית מעולה ק,מיליליטרים,750.00,"100 מ""ל",false,,32.80,0.0437,true,1,3840941
7290017142159,false,"שלישיית נתחי טונה בהירה בשמן זית 80 גרם ""עץ הזית""",הנסיך- מפעל לייצור ט,,עץ הזית נתחי טונה בה,גרמים,168.00,100 גרם,false,,23.90,0.1423,true,1,4496816
7290017142180,false,פילה טונה בשמן זית בטעם לימון עם פלפל שחור 120 ג',"יוניקורד ח.צ בע""מ",,עץ הזית פילה טונה פר,יח',1.00,יח',false,,14.90,14.9000,true,1,5515710
7290017142203,false,"פילה טונה פרוס עם שמן זית בטעם מעושן 120 גרם ""עץ הזית""","יוניקורד ח.צ בע""מ",,עץ הזית פילה טונה פר,יח',1.00,יח',false,,14.90,14.9000,true,1,5515711
7290017142289,false,תרסיס שמן חמניות 200 מל ללא תוספת גז עץ,י.ב טכנולוגיות אריזה בעמ,,תרסיס שמן חמניות עץ,מיליליטרים,200.00,"100 מ""ל",false,,15.70,0.0785,true,1,5285854
7290017142340,false,שמן זרעי ענבים מזוכך 1 ליטר עץ הזית*,אף.ג'\יי.סנצ'\ז סוקחורס,,שמן זרעי ענבים מזוכך,מטרים,1000.00,100 מ'ל,false,,24.90,0.0249,true,1,6173261
7290017142371,false,"שמן שומשום לא מזוכך עץ הזית 250 מ""ל",סוגת תעשיות בעמ,,שמן שומשום לא מזוכך,מיליליטרים,250.00,"100 מ""ל",false,,29.90,0.1196,true,1,6173264
7290017142401,false,"LUNCH TO GO קינואה לבנה ואדומה טונה בשמן זית 160 גרם ""עץ הזית""",ג'נרל מילס סאן אדריא,,עץ הזית ארוחה טונה ע,גרמים,160.00,100 גרם,false,,13.90,0.0869,true,1,6329231
7290017142487,false,"LUNCH TO GO בורגול עם חומוס טונה בשמן זית 160 גרם ""עץ הזית""",יוניקורד ח.צ בעמ,,עץ הזית ארוחהבורגול,גרמים,160.00,100 גרם,false,,13.90,0.0869,true,1,6377834
7290017142623,false,"תרסיס שמן זית בטעם צ'ילי עץ הזית 150 מ""ל",סוגת תעשיות בעמ,,תרסיס שמן זית כתית ב,מטרים,150.00,100 מ'ל,false,,16.90,0.1127,true,1,6478342
7290017153148,false,חלב מרוכז פוליבה 300גר' בדץ,לירון קרביץ יבוא שיווק וסחר,,חלב מרוכז 300 גר,גרמים,300.00,100 גרם,false,,12.70,0.0423,true,1,3305716
7290017189123,false,צ'ורוס ספרדי 500גרם רמי לוי,,,צ'ורוס ספרדי 500גרם,גרמים,500.00,100 גרם,false,,14.90,0.0298,true,1,4126014
7290017189192,false,"אדממה פולי סויה 1 ק""ג",משק ויילר,,"פולי סויה 1 ק""ג",יח',1.00,יח',false,,14.90,14.9000,true,1,5002825
7290017189413,false,טבעות בצל שלמות בציפוי טמפורה,קפוא-זן תעשיות מזון בעמ - תפוג,,טבעות בצל שלמות בציפ,גרמים,600.00,100 גרם,false,,13.50,0.0225,true,1,6280371
7290017197142,false,שמפו נועה נגד קשקשים 750 מל רמי לוי,,,שמפו נועה נגד קשקשים,מיליליטרים,750.00,"100 מ""ל",false,,7.90,0.0105,true,1,3709975
7290017197159,false,שמפו ומרכך 2 ב1 נועה נגד קשקשים 750 מל רמי לוי,,,שמפו ומרכך 2 ב1 נועה,מיליליטרים,750.00,"100 מ""ל",false,,7.90,0.0105,true,1,3709952
7290017197296,false,שמפו נועה לילדים 750 מל רמי לוי,,,שמפו נועה לילדים 750,מיליליטרים,750.00,"100 מ""ל",false,,8.50,0.0113,true,1,3709953
7290017197302,false,שמפו ומרכך לילדים 2 ב-1 נועה 750 מל רמי לוי,,,שמפו ומרכך לילדים 2,מיליליטרים,750.00,"100 מ""ל",false,,8.50,0.0113,true,1,3709933
7290017197319,false,מרכך לילדים נועה 750 מל רמי לוי,,,מרכך לילדים נועה 750,מיליליטרים,750.00,"100 מ""ל",false,,8.50,0.0113,true,1,3709954
7290017197388,false,מגבונים הפי דייז מבושם 72*6 רמי לוי,,,מגבונים הפי דייז מבו,יח',72.00,יח',false,,19.90,0.2764,true,1,3556170
7290017197395,false,מגבונים הפי דייז ללא בישום 72*6 רמי לוי,,,מגבונים הפי דייז ללא,יח',72.00,יח',false,,19.90,0.2764,true,1,3556171
7290017197425,false,מגבונים בייבי מבושם 4*72 רמי לוי,,,מגבונים בייבי מבושם,יח',4.00,יח',false,,14.90,3.7250,true,1,3556172
7290017197500,false,שמפו נועה לשיער יבש 750 מל רמי לוי,,,שמפו נועה לשיער יבש,מיליליטרים,750.00,"100 מ""ל",false,,7.90,0.0105,true,1,3709976
7290017197517,false,שמפו נועה לשיער רגיל 750 מל רמי לוי,,,שמפו נועה לשיער רגיל,מיליליטרים,750.00,"100 מ""ל",false,,7.90,0.0105,true,1,3709977
7290017197524,false,שמפו נועה לשיער רגיל מרוקאי 750 מל רמי לוי,,,שמפו נועה לשיער רגיל,מיליליטרים,750.00,"100 מ""ל",false,,7.90,0.0105,true,1,3709978
7290017197531,false,מרכך נועה לשיער יבש 750 מל רמי לוי,,,מרכך נועה לשיער יבש,מיליליטרים,750.00,"100 מ""ל",false,,7.90,0.0105,true,1,3709955
7290017197548,false,מרכך נועה מרוקאי לשיער רגיל 750 מל רמי לוי,,,מרכך נועה מרוקאי לשי,מיליליטרים,750.00,"100 מ""ל",false,,7.90,0.0105,true,1,3709956
7290017197555,false,מרכך נועה לשיער רגיל 750 מל רמי לוי,,,מרכך נועה לשיער רגיל,מיליליטרים,750.00,"100 מ""ל",false,,7.90,0.0105,true,1,3709957
7290017197616,false,אל סבון בניחוח פירות 1 ליטר,,,אל סבון בניחוח פירות,ליטרים,1.00,ליטר,false,,7.90,7.9000,true,1,3709979
7290017197623,false,אל סבון בניחוח לבנדר 1 ליטר,,,אל סבון בניחוח לבנדר,100 ליטור,1.00,100 ליטור,false,,7.90,7.9000,true,1,3709980
7290017197647,false,אל סבון בניחוח מאסק 1 ליטר,,,אל סבון בניחוח מאסק,ליטרים,1.00,ליטר,false,,7.90,7.9000,true,1,3709982
7290017197654,false,מטליות לחות לניקוי ר,,,מגבוני רצפה -רמי לוי,יח',1.00,יח',false,,8.90,8.9000,true,1,3710018
7290017197685,false,שלישייה מגבוני טואלט לחים,,,שלישייה מגבוני טואלט,יח',3.00,יח',false,,9.90,3.3000,true,1,4338173
7290017197838,false,שמפו וגל רחצה לגבר נועה,,,שמפו וגל רחצה לגבר נ,מיליליטרים,750.00,"100 מ""ל",false,,8.50,0.0113,true,1,5136895
7290017197951,false,סבון קצף לידיים 500מל רמילוי,,,סבון קצף לידיים 500מ,מיליליטרים,500.00,"100 מ""ל",false,,6.90,0.0138,true,1,6061908
7290017197975,false,סבון קצף לילדים ענבים 500מל רמילוי,,,סבון קצף לילדים ענבי,מיליליטרים,500.00,"100 מ""ל",false,,6.90,0.0138,true,1,6275878
7290017239378,false,מארז פיצה משפחתית מרגריטה 3 * 400 ג' כל טוב,,,מארז 3 יח פיצה 1.2 ק,קילוגרמים,1.20,"ק""ג",false,,34.90,29.0833,true,1,6041234
7290017239798,false,נתחי פילה דג בקלה שלם 250 גר,,,נתחי פילה דג בקלה של,גרמים,250.00,100 גרם,false,,9.90,0.0396,true,1,6388792
7290017239804,false,נתחי פילה דג בקלה בציפוי,,,נתחי פילה דג בקלה בצ,גרמים,400.00,100 גרם,false,,14.90,0.0373,true,1,6388793
7290017266602,false,וופל קראנץ טעם שוקולד 150ג רמילוי,,,וופל קראנץ טעם שוקול,גרמים,150.00,100 גרם,false,,2.90,0.0193,true,1,6300039
7290017266619,false,וופל קראנץ טעם אגוז 150ג רמילוי,,,וופל קראנץ טעם אגוז,גרמים,150.00,100 גרם,false,,2.90,0.0193,true,1,6300040
7290017266633,false,וופל רול טעם שוקולד 100ג רמילוי,,,וופל רול טעם שוקולד,יח',1.00,יח',false,,2.90,2.9000,true,1,6300042
7290017266640,false,וופל רול טעם אגוז 100ג רמילוי,,,וופל רול טעם אגוז 10,יח',1.00,יח',false,,2.90,2.9000,true,1,6300043
7290017266756,false,גביעי גלידה ללא סוכר רמילוי,,,גביעי גלידה ללא סוכר,יח',1.00,יח',false,,4.90,4.9000,true,1,6366883
7290017289168,false,"יין ישראלי אדום יבש אפרת 750 מ""ל",יקב טפרברג 1870 בעמ (יינות ומש,,אדום יבש סדרת ישראלי,מיליליטרים,750.00,"100 מ""ל",false,,19.50,0.0260,true,1,5267012
7290017289175,false,"יין ישראלי פטיט סירה אפרת 750 מ""ל",יקב טפרברג 1870 בעמ (יינות ומש,,פטיט סירה סדרת ישראל,מיליליטרים,750.00,"100 מ""ל",false,,19.50,0.0260,true,1,5267013
7290017289182,false,"יין ישראלי לבן חצי יבש אפרת 750 מ""ל",יקב טפרברג 1870 בעמ (יינות ומש,,לבן חצי יבש סדרת ישר,מיליליטרים,750.00,"100 מ""ל",false,,19.50,0.0260,true,1,5267036
7290017289595,false,"יין אינספייר בלנד אדום יבש 150 שנה 750 מ""ל",יקב טפרברג 1870 בעמ (יינות ומש,,אינספייר בלנד אדום 7,מיליליטרים,750.00,"100 מ""ל",false,,64.90,0.0865,true,1,6297542
7290017289618,false,"יין IMPRESSION פטיט סירה 150 שנה טפרברג 750 מ""ל",יקב טפרברג 1870 בעמ (יינות ומש,,פטיט סירה אימפרשן 75,מיליליטרים,750.00,"100 מ""ל",false,,39.90,0.0532,true,1,6295578
7290017289908,false,"יין למברוסקו אלגרו אדום 750 מ""ל",יקב טפרברג 1870 בעמ,,אלגרו למברוסקו אדום,מטרים,750.00,100 מ'ל,false,,34.90,0.0465,true,1,6426222
7290017297309,false,עדשים ירוקות מבושלות רמי לוי,,,עדשים ירוקות מבושלות,יח',1.00,יח',false,,13.90,13.9000,true,1,6365934
7290017297316,false,שעועית אדומה מבושלת מוקפאת רמי לוי,,,שעועית אדומה מבושלת,יח',1.00,יח',false,,13.90,13.9000,true,1,6365935
7290017297347,false,רוטב עגבניות מרוכז 28 580 גרם רמי לוי,,,רוטב עגבניות מרוכז 2,גרמים,580.00,100 גרם,false,,5.90,0.0102,true,1,6424224
7290017297354,false,רוטב עגבניות מרוכז 100גר רמילוי,,,רוטב עגבניות מרוכז 1,גרמים,100.00,100 גרם,false,,1.40,0.0140,true,1,6394368
7290017297361,false,רוטב עגבניות 240 גר רמילוי,,,רוטב עגבניות 240 גר,גרמים,240.00,100 גרם,false,,2.90,0.0121,true,1,6394764
7290017297385,false,קלחי תירס 1 קג רמי לוי,,,קלחי תירס 1 קג רמי ל,קילוגרמים,1.00,"100 לק""ג",false,,11.90,11.9000,true,1,6415096
7290017325453,false,משקה שקדים אורגני 1 ליטר הרדוף – ללא תוספת סוכר ללא גלוטן,ליקואטס,,משקה שקדים אורגני 1ל,ליטרים,1.00,ליטר,false,,14.90,14.9000,true,1,6426479
7290017325613,false,משקה שיבולת שועל אורגני 1 ליטר הרדוף,סוי מג'יק,,משקה שיבולת שועל אור,ליטרים,1.00,100 ליטר,false,,12.70,12.7000,true,1,6349310
7290017325804,false,קוואקר עדין אורגני 500 גרם הרדוף ללא גלוטן,אול אורגני,,קוואקר עדין אורגני 5,גרמים,500.00,100 גרם,false,,17.70,0.0354,true,1,6426397
7290017325910,false,"קורנפלקס ללת""ס אורגני הרדוף 375 גר",לאמרי,,קורנפלקס אורגני ללא,גרמים,375.00,100 גרם,false,,18.90,0.0504,true,1,6495659
7290017325927,false,"ברנפלקס ללת""ס אורגני הרדוף 375 גר",לאמרי,,ברנפלקס אורגני ללא ס,גרמים,375.00,100 גרם,false,,18.90,0.0504,true,1,6495629
7290017389448,false,אגוז ברזיל קלוף 200,,,אגוז ברזיל קלוף 200,גרמים,200.00,100 גרם,false,,33.90,0.1695,true,1,3954795
7290017389493,false,פקאן סיני מסוכר 150,,,פקאן סיני מסוכר 150,גרמים,150.00,100 גרם,false,,17.80,0.1187,true,1,3954800
7290017389776,false,קוקוס מסוכר 200 גר,,,קוקוס מסוכר 200 גר,גרמים,200.00,100 גרם,false,,12.90,0.0645,true,1,3954896
7290017389790,false,מיקס פירות יבשים 300 גר,,,מיקס פירות יבשים 300,גרמים,300.00,100 גרם,false,,25.90,0.0863,true,1,3954898
7290017389912,false,זרעי צ'יה 300 גר רמילוי,,,זרעי צ'יה 300 גר רמי,גרמים,300.00,100 גרם,false,,15.90,0.0530,true,1,4378530
7290017389967,false,ערמונים קלופים 100 גר קליית השקמה,,,ערמונים קלופים 100 ג,גרמים,100.00,100 גרם,false,,4.90,0.0490,true,1,3959823
7290017390062,false,חטיף סויה 120 גר,,,חטיף סויה 120 גר,גרמים,120.00,100 גרם,false,,10.90,0.0908,true,1,3954931
7290017390390,false,"גרנולה פירות 1 ק""ג -",,,גרנולה פירות 1 קג,גרמים,1000.00,100 גרם,false,,19.90,0.0199,true,1,3959728
7290017390475,false,מטבעות שוקולד מריר לאפיה 300 גר,,,מטבעות שוקולד מריר ל,גרמים,300.00,100 גרם,false,,10.90,0.0363,true,1,3959753
7290017390482,false,מטבעות שוקולד חלב לאפיה 300 גר,,,מטבעות שוקולד חלב לא,גרמים,300.00,100 גרם,false,,10.90,0.0363,true,1,3959754
7290017390499,false,מטבעות שוקולד לבן לאפיה 300 גר,,,מטבעות שוקולד לבן לא,גרמים,300.00,100 גרם,false,,10.90,0.0363,true,1,3959755
7290017390505,false,מטבעות שוקולד ציפס מריר לאפיה 300 גר,,,מטבעות שוקולד ציפס מ,גרמים,300.00,100 גרם,false,,9.90,0.0330,true,1,3959756
7290017390512,false,סוכריות גומי נחשים פ,,,סוכריות גומי נחשים פ,גרמים,300.00,100 גרם,false,,9.90,0.0330,true,1,3959757
7290017390529,false,סוכריות גומי דובונים פירות 300 גר,,,סוכריות גומי דובונים,גרמים,300.00,100 גרם,false,,9.90,0.0330,true,1,3959775
7290017390536,false,סוכריות גומי תות שדה 300 גר,,,סוכריות גומי תות שדה,גרמים,300.00,100 גרם,false,,9.90,0.0330,true,1,3959776
7290017390543,false,סוכריות גומי מסוכרות,,,סוכריות גומי טעם בננ,גרמים,300.00,100 גרם,false,,9.90,0.0330,true,1,3959777
7290017390550,false,סוכריות גומי טעם אפרסק 300 גר,,,סוכריות גומי טעם אפר,גרמים,300.00,100 גרם,false,,9.90,0.0330,true,1,3959778
7290017390567,false,סוכריות גומי נחשים ב,,,סוכריות גומי נחשים 3,גרמים,300.00,100 גרם,false,,9.90,0.0330,true,1,3959779
7290017390574,false,סוכריות גומי טעם אבטיח 300 גר,,,סוכריות גומי טעם אבט,גרמים,300.00,100 גרם,false,,9.90,0.0330,true,1,3959797
7290017390598,false,סוכריות גומי צורת לב 300 גר,,,סוכריות גומי צורת לב,גרמים,300.00,100 גרם,false,,9.90,0.0330,true,1,3959799
7290017390628,false,שקד בציפוי שוקולד חלב 250 גר,,,שקד בציפוי שוקולד חל,גרמים,250.00,100 גרם,false,,15.90,0.0636,true,1,3959802
7290017390666,false,צימוק בציפוי שוקולד מריר 250 גר,,,צימוק בציפוי שוקולד,גרמים,250.00,100 גרם,false,,15.90,0.0636,true,1,3959824
7290017390734,false,פקאן בציפוי שוקולד לבן 250 גר,,,פקאן בציפוי שוקולד ל,גרמים,250.00,100 גרם,false,,15.90,0.0636,true,1,3959831
7290017390741,false,סוכריות מנטול ירוק 2,,,סוכריות מנטול ירוק 2,גרמים,220.00,100 גרם,false,,9.90,0.0450,true,1,3959832
7290017390765,false,סוכריות מנטול לקריץ 220גר,,,סוכריות מנטול לקריץ,גרמים,220.00,100 גרם,false,,9.90,0.0450,true,1,3959834
7290017390796,false,חטיפי שומשום 250 גר',,,חטיפי שומשום 250 גר,גרמים,250.00,100 גרם,false,,9.90,0.0396,true,1,3959837
7290017390802,false,חטיפי קוקוס 250 גר',,,חטיפי קוקוס 250 גר,גרמים,250.00,100 גרם,false,,9.90,0.0396,true,1,3959838
7290017406374,false,אורז יסמין 1קג זיפר רמילוי,,,אורז יסמין 1קג זיפר,גרמים,1000.00,100 גרם,false,,8.90,0.0089,true,1,5097762
7290017406381,false,פירורי לחם מתובלים ג,,,פירורי לחם מתובלים ג,מיליליטרים,500.00,"100 מ""ל",false,,7.90,0.0158,true,1,5421211
7290017406398,false,פירורי לחם מתובלים ש,,,פירורי לחם מתובלים ש,מיליליטרים,500.00,"100 מ""ל",false,,7.90,0.0158,true,1,5423827
7290017406435,false,אורז בסמטי חום טאג' מאהל רמילוי,,,אורז בסמטי חום טאג',יח',1.00,יח',false,,9.90,9.9000,true,1,6359795
7290017406596,false,שיבולת שועל להכנה מהירה 500ג רמילוי,,,שיבולת שועל להכנה מה,גרמים,500.00,100 גרם,false,,9.90,0.0198,true,1,6333879
7290017406619,false,פירורי לחם לבנים 1קג רמילוי,,,פירורי לחם לבנים 1קג,גרמים,1000.00,100 גרם,false,,9.90,0.0099,true,1,6316313
7290017406626,false,פירורי לחם מוזהבים 1קג רמילוי,,,פירורי לחם מוזהבים 1,גרמים,1000.00,100 גרם,false,,9.90,0.0099,true,1,6316314
7290017406695,false,מיני טורטיה מקמח חיטה וסובין רמי לוי,,,מיני טורטיה מקמח חיט,גרמים,250.00,100 גרם,false,,7.90,0.0316,true,1,6414467
7290017406701,false,טורטיה עם קמח תירס רמי לוי,,,טורטיה עם קמח תירס ר,גרמים,360.00,100 גרם,false,,8.90,0.0247,true,1,6414468
7290017406718,false,מיני טורטיה מקמח חיטה רמי לוי,,,מיני טורטיה מקמח חיט,גרמים,250.00,100 גרם,false,,7.90,0.0316,true,1,6414469
7290017406732,false,חרדל דיג'ון 350גר רמילוי,,,חרדל דיג'ון 350גר רמ,גרמים,350.00,100 גרם,false,,7.90,0.0226,true,1,6375389
7290017406824,false,טורטיה קמח חיטה וסובין רמי לוי,,,טורטיה קמח חיטה וסוב,גרמים,360.00,100 גרם,false,,8.90,0.0247,true,1,6414471
7290017406848,false,פתי בר וניל 300גר רמילוי,,,פתי בר וניל 300גר רמ,גרמים,300.00,100 גרם,false,,4.50,0.0150,true,1,6431984
7290017440286,false,"ד""ר פישר - קידס מרכך ויטמינים 750 מ""ל","פישר תעשיות פרמצביטות בע""מ",,"מרכך קידס 750 מ""ל",מיליליטרים,750.00,"100 מ""ל",false,,16.90,0.0225,true,1,5755571
7290017457574,false,כדוריות סבון נתלה לאסלה בניחוח פרחים - 3 יח',גורי שיווק בעמ,,סוד כדוריות לאסלה פר,גרמים,204.00,100 גרם,false,,16.90,0.0828,true,1,5561787
7290017457871,false,סוד ג'ל כביסה ירוק טוטאל 4 ליטר,גורי שיווק בעמ,,סוד ג'ל כביסה טוטל ו,ליטרים,4.00,ליטר,false,,34.50,8.6250,true,1,6295234
7290017457949,false,"פרסיל א.כ לבגדי תינוקות ולבעלי עור רגיש 2.5 ק""ג",פרסיל Persil,,פרסיל אבקת כביסה ביי,יח',1.00,יח',false,,25.90,25.9000,true,1,6320697
7290017487090,false,שיבה בנספק שדות בעמק,חקלאי,,שיבה שדות בעמק,גרמים,40.00,100 גרם,false,,5.90,0.1475,true,1,6401856
7290017487137,false,"אורגנו בנספק ""שדות בעמק""",חקלאי,,אורגנו שדות בעמק,יח',1.00,יח',false,,5.90,5.9000,true,1,5273945
7290017487175,false,"רוזמרין בנספק ""שדות בעמק""",חקלאי,,רוזמרין שדות בעמק,יח',1.00,יח',false,,5.90,5.9000,true,1,5381078
7290017487205,false,"מרווה בנספק ""שדות בעמק""",חקלאי,,מרווה שדות בעמק,גרמים,40.00,100 גרם,false,,5.90,0.1475,true,1,5273948
7290017487229,false,קורנית בנספק שדות בע,חקלאי,,קורנית שדות בעמק,גרמים,40.00,100 גרם,false,,5.90,0.1475,true,1,5273950
7290017487403,false,"בזיליקום גדול ""שדות בעמק""",חקלאי,,בזיליקום שדות בעמק,גרמים,100.00,100 גרם,false,,8.90,0.0890,true,1,6333348
7290017487410,false,רוקולה 100 גרם שדות בעמק,חקלאי,,רוקולה 100 גרם שדות,גרמים,40.00,100 גרם,false,,10.90,0.2725,true,1,6328352
7290017487441,false,בצל ירוק בשקית יחידה,חקלאי,,בצל ירוק שדות בעמק,יח',1.00,יח',false,,6.90,6.9000,true,1,6328354
7290017487458,false,פזיל/מנגולד בשקית יח,חקלאי,,מנגולד שדות בעמק,יח',1.00,יח',false,,6.90,6.9000,true,1,6328355
7290017487526,false,"עלי חסה רומית ""שדות בעמק""",חקלאי,,עלי חסה רומית שדות ב,יח',1.00,יח',false,,9.90,9.9000,true,1,6328357
7290017487557,false,"בזיליקום ""שדות בעמק""",חקלאי,,בזיליקום שדות בעמק,גרמים,40.00,100 גרם,false,,5.90,0.1475,true,1,6328358
7290017487595,false,נענע בשקית שדות בעמק,חקלאי,,נענע שדות בעמק,יח',1.00,יח',false,,4.90,4.9000,true,1,6328359
7290017487601,false,"פטרוזיליה ""שדות בעמק""",חקלאי,,פטרוזליה שדות בעמק,יח',1.00,יח',false,,4.90,4.9000,true,1,6328360
7290017487618,false,כוסברה בשקית שדות בע,חקלאי,,כוסברה שדות בעמק,יח',1.00,יח',false,,4.90,4.9000,true,1,6328361
7290017487625,false,שמיר בשקית שדות בעמק,חקלאי,,שמיר שדות בעמק,יח',1.00,יח',false,,4.90,4.9000,true,1,6331482
7290017487823,false,סלרי עלים בשקית שדות,חקלאי,,סלרי עלים שדות בעמק,יח',1.00,יח',false,,6.90,6.9000,true,1,6328363
7290017513393,false,תה ירוק ספירולינה וצמחים ירוקים 25 שקי,תה ויסוצקי (ישראל) בעמ,,תה ירוק סופר גרין 25,גרמים,37.50,100 גרם,false,,22.90,0.6107,true,1,5875041
7290017513409,false,תה ירוק SUPER GREEN 87 גרםבטעם אוכמניות ואסאי,תה ויסוצקי (ישראל) בעמ,,תה ירוק סופר פרפל 25,גרמים,37.50,100 גרם,false,,22.90,0.6107,true,1,5875042
7290017513485,false,מחית עגבניות רוסטיקה גרנד איטליה 680 גרם,תה ויסוצקי (ישראל) בעמ,,מחית עגבניות 680 ג,גרמים,680.00,100 גרם,false,,12.30,0.0181,true,1,6077421
7290017513775,false,פליפז בייגלה מצופה שוקולד חלב מקוויטיס 140 גרם,תה ויסוצקי (ישראל) בעמ,,בייגלה מצופה בשוקולד,גרמים,140.00,100 גרם,false,,7.90,0.0564,true,1,6188611
7290017513782,false,פליפז בייגלה מצופה שוקולד מריר מקוויטיס 140 גרם,תה ויסוצקי (ישראל) בעמ,,בייגלה מצופה בשוקולד,גרמים,140.00,100 גרם,false,,7.90,0.0564,true,1,6188612
7290017582061,false,מספרים לעור - מותג הבית,,,מספריים לעור GOOD,יח',1.00,יח',false,,10.00,10.0000,true,1,6448331
7290017582092,false,צבת לציפורניים - מותג הבית,,,צבת לציפורניים GOOD,יח',1.00,יח',false,,10.00,10.0000,true,1,6448334
7290017582108,false,צבת לעור - מותג הבית,,,צבת לעור GOOD,יח',1.00,יח',false,,10.00,10.0000,true,1,6448335
7290017589565,false,"ברקן, גוורצטרמינר לבן חצי יבש 750 מל",טמפו משקאות בעמ,,יין קלאסיק גוורץ 750,יח',1.00,יח',false,,31.80,31.8000,true,1,5432808
7290017589633,false,"רזרב גולד אדישיין קברנה סוביניון 750 מ""ל",טמפו משקאות בעמ,,רזרב גולד קברנה סובי,מיליליטרים,750.00,"100 מ""ל",false,,34.90,0.0465,true,1,5440659
7290017595016,false,זוג כוסיות קריסטל + גומי שלהבת,צבע ומכחול (2014) בעמ,,זוג כוסיות קריסטל,יח',1.00,יח',false,,13.90,13.9000,true,1,5317207
7290017595023,false,כוסיות לנרונים עם סיליקון,,,כוסיות לנרונים,יח',1.00,יח',false,,2.90,2.9000,true,1,5346941
7290017595047,false,זוג כוסיות לנרונים שלהבת,שלהבת,,זוג כוסיות קריסטל,יח',1.00,יח',false,,13.90,13.9000,true,1,5317208
7290017595078,false,כוסיות לנרונים עם רגל בתפזורת שלהבת,צבע ומכחול (2014) בעמ,,כוסיות לנרונים,קילו,1.00,קילו,false,,2.90,2.9000,true,1,5317210
7290017599229,false,ממתיק סוכרלוז 200 טבליות סוכרזית,שטראוס גרופ בע`מ,,סוכריות סוכרלוז 200,יח',1.00,יח',false,,19.90,19.9000,true,1,6422379
7290017599267,false,סוכרלוז 120 שקיות ממתיק שולחני,שטראוס גרופ בע`מ,,סוכרזית סוכרלוז 120,גרמים,120.00,100 גרם,false,,24.90,0.2075,true,1,6470979
7290017599274,false,סוכרזית סטיוויה 120שקיות 100גרם,"שטראוס גרופ בע""מ",,סוכרזית סטיוויה 120,יחידה,0.00,יחידה,false,,29.90,0.0000,true,1,6478317
7290017599304,false,סוכרזית מהטבע סטיוויה כפית לכפית 400 גרם,שטראוס גרופ בע`מ,,ממתיק סטיוויה סוכרזי,גרמים,100.00,100 גרם,false,,29.90,0.2990,true,1,6487444
7290017616827,false,שעועית ירוקה עדינה 800 ג רמילוי,,,שעועית ירוקה עדינה 8,גרמים,800.00,100 גרם,false,,7.20,0.0090,true,1,6369434
7290017617091,false,סטארקיסט מיקס טוגו טונה עם פתיתים 185 גרם,דיפלומט מפיצים (1968) בעמ**,,סטארקיסט מיקס טוגו 1,גרמים,185.00,100 גרם,false,,12.90,0.0697,true,1,6361323
7290017617107,false,סטארקיסט מיקס טוגו טונה עם 4 דגנים 185 גרם,דיפלומט מפיצים (1968) בעמ**,,סטארקיסט מיקס טוגו 1,גרמים,185.00,100 גרם,false,,12.90,0.0697,true,1,6361324
7290017617138,false,רביעיית טונה סטארקיסט בשמן קנולה דל נתרן 160 גרם,דיפלומט מפיצים (1968) בעמ**,,טונה סטארקיסט בשמן ד,גרמים,640.00,100 גרם,false,,24.90,0.0389,true,1,6334694
7290017617411,false,סטארקיסט מיקס סלמון עם אורז מלא וירקות 160 גרם,דיפלומט מפיצים (1968) בעמ**,,סטארקיסט מיקס סלמון,גרמים,160.00,100 גרם,false,,14.90,0.0931,true,1,6452710
7290017617428,false,סטארקיסט מיקס סלמון עם פסטה ברוטב עגבניות 160 גרם,דיפלומט מפיצים (1968) בעמ**,,סטארקיסט מיקס סלמון,גרמים,160.00,100 גרם,false,,14.90,0.0931,true,1,6452711
7290017617435,false,סטארקיסט מיקס סלמון עם עדשים קינואה וירק 160 גרם,דיפלומט מפיצים (1968) בעמ**,,סטארקיסט מיקס סלמון,גרמים,160.00,100 גרם,false,,14.90,0.0931,true,1,6452712
7290017637532,false,שמפו לשיער בלונד בהיר מיקי בוגנים 500 מל,סאסאטק אגשח בעמ - סאסא MB,,שמפו לשיער בלונד בהי,מטרים,500.00,100 מ'ל,false,,34.90,0.0698,true,1,6465074
7290017637549,false,מרכך לשיער בלונד בהיר מיקי בוגנים 500 מל,סאסאטק אגשח בעמ - סאסא MB,,מרכך לשיער בלונד בהי,מטרים,500.00,100 מ'ל,false,,34.90,0.0698,true,1,6465075
7290017637556,false,שמפו CLEANSING לקרקפת שומנית מיקי בוגנים,סאסאטק אגשח בעמ - סאסא MB,,שמפו לקרקפת שומנית מ,מטרים,500.00,100 מ'ל,false,,23.90,0.0478,true,1,6465129
7290017637624,false,מרכך יומיומי יסמין קסום 500 מל בוגנים,סאסאטק אגשח בעמ - סאסא MB,,שמפו לשיער יסמין מיק,מטרים,500.00,100 מ'ל,false,,23.90,0.0478,true,1,6465050
7290017637631,false,מרכך יומיומי יסמין קסום 500 מל בוגנים,סאסאטק אגשח בעמ - סאסא MB,,מרכך לשיער יסמין מיק,מטרים,500.00,100 מ'ל,false,,23.90,0.0478,true,1,6465051
7290017641188,false,קרקר עם שיפון מלא וסלק כרמית 130 גרם,כרמית תעשיות ממתקים בעמ,,קרקר עם שיפון מלא וס,גרמים,130.00,100 גרם,false,,5.90,0.0454,true,1,5467378
7290017641379,false,חמישיות שוקולד חלב בדצ 85 ג*5 בלמינט*12 בקרט בדצ,כרמית תעשיות ממתקים בעמ,,חמישיית שוקלד חלב,גרמים,425.00,100 גרם,false,,14.90,0.0351,true,1,5935557
7290017641676,false,"שלישיית שוקולד מריר אגוזים אגו כרמית 255 גרם כשל""פ",כרמית תעשיות ממתקים בעמ,,שלושה שוקולד אגו מרי,גרמים,255.00,100 גרם,false,,10.80,0.0424,true,1,6274921
7290017641737,false,שוקולד פרימיום 70% שברי אגוז כרמית 100 גרם,כרמית תעשיות ממתקים בעמ,,שוקולד 70% שברי אגוז,גרמים,100.00,100 גרם,false,,7.90,0.0790,true,1,6274926
7290017641751,false,מרשמלו ורוד לבן 180ג רמילוי,,,מרשמלו ורוד לבן 180ג,גרמים,180.00,100 גרם,false,,4.90,0.0272,true,1,6282014
7290017641768,false,מרשמלו מסובב ורוד לבן 180ג רמילוי,,,מרשמלו מסובב ורוד לב,גרמים,180.00,100 גרם,false,,4.90,0.0272,true,1,6282015
7290017641775,false,מרשמלו צבעוני 180ג רמילוי,,,מרשמלו צבעוני 180ג ר,גרמים,180.00,100 גרם,false,,4.90,0.0272,true,1,6282016
7290017641782,false,טופי אצבעות בטעם תות כרמית 804 גרם,כרמית תעשיות ממתקים בעמ,,טופי אצבעות תות 804,גרמים,804.00,100 גרם,false,,19.90,0.0248,true,1,6269194
7290017647708,false,"רמת הגולן גמלא גוורצטרמינר, 750 מ""ל י יקב רמת הגולן",מיוצר וממולא על ידי יקב,,גמלא גוורצטרמינר 750,מטרים,750.00,100 מ'ל,false,,64.90,0.0865,true,1,6415050
7290017677804,false,"רוטב סויה קיקומן ללא חומרים משמרים 444 מ""ל",דיפלומט מפיצים (1968) בעמ**,,"רוטב סויה 444 מ""ל קי",מיליליטרים,444.00,"100 מ""ל",false,,19.80,0.0446,true,1,5731172
7290017677811,false,"רוטב סויה קיקומן ללא חומרים משמרים 296 מ""ל",דיפלומט מפיצים (1968) בעמ**,,"רוטב סויה 296 מ""ל קי",מיליליטרים,296.00,"100 מ""ל",false,,12.90,0.0436,true,1,5731173
7290017696393,false,בורגר פטריות מן הצומח 520 גר,קונס`-מרינה פטריות הגליל בעמ*ש,,בורגר פטריות מן הצומ,גרמים,520.00,100 גרם,false,,34.90,0.0671,true,1,6330224
7290017712239,false,פרמיו שימורי מזון מלא עם עוף לכלב במקרם,שחורי אריה ואנסטסיה,,פרמיו עם עוף במרקם פ,גרמים,150.00,100 גרם,false,,5.90,0.0393,true,1,6159290
7290017712246,false,פרמיו שימורי מזון מלא עם בקר ולבבות לכלב,שחורי אריה ואנסטסיה,,פרמיו עם בקר ולבבות,גרמים,150.00,100 גרם,false,,5.90,0.0393,true,1,6159291
7290017712284,false,חטיף פרמיו 150 גר ברבקיו,שחורי אריה ואנסטסיה,,חטיף פרמיו 150ג בקבי,גרמים,150.00,100 גרם,false,,9.90,0.0660,true,1,6424254
7290017712307,false,חטיף פרמיו 150 גר מיני,שחורי אריה ואנסטסיה,,חטיף פרמיו 150ג מיני,גרמים,150.00,100 גרם,false,,9.90,0.0660,true,1,6424256
7290017712673,false,הוריזן בקר וכבד לכלב ננסי 100 גר`,שחורי אריה ואנסטסיה,,הוריזן בקר וכבד לכלב,יח',1.00,יח',false,,4.90,4.9000,true,1,6358653
7290017712680,false,הוריזן עוף לכלב ננסי 100 גר`,שחורי אריה ואנסטסיה,,הוריזן עוף לכלב ננסי,יח',1.00,יח',false,,4.90,4.9000,true,1,6358654
7290017712741,false,פרמיו כבד 100 גר`,שחורי אריה ואנסטסיה,,פרמיו כבש 100 ג',יח',1.00,יח',false,,4.90,4.9000,true,1,6351662
7290017712758,false,פרמיו סלמון לחתול,שחורי אריה ואנסטסיה,,פרמיו סלמון 100 ג',יח',1.00,יח',false,,4.90,4.9000,true,1,6351117
7290017712765,false,פרימו סלמון ופורל לחתול,שחורי אריה ואנסטסיה,,פרמיו סלמון ופורל 10,יח',1.00,יח',false,,4.90,4.9000,true,1,6351663
7290017712949,false,פרמיו כריות סטרילייז לחתול,שחורי אריה ואנסטסיה,,פרמיו כריות סטרילייז,יח',1.00,יח',false,,9.90,9.9000,true,1,6358664
7290017715346,false,זית שחור טאסוס 400 גר`תומר,תומר יבוא ושיווק מוצרי מזון (1,,זית שחור טאסוס 400גר,גרמים,400.00,100 גרם,false,,14.90,0.0373,true,1,5856636
7290017752709,false,אטריות אורז דקות 454ג רמילוי,,,אטריות אורז דקות 454,גרמים,454.00,100 גרם,false,,10.50,0.0231,true,1,5705794
7290017812052,false,יין שיראז-קברנה סוביניון אקסלנס יקבי כרמל,אגודת הכורמים בעמ,,יין שיראז-קברנה סובי,מיליליטרים,750.00,"100 מ""ל",false,,21.80,0.0291,true,1,5154522
7290017812083,false,מיץ תירוש אדום רמי לוי 1 לי,,,מיץ תירוש אדום רמי ל,ליטרים,1.00,ליטר,false,,12.90,12.9000,true,1,5396892
7290017812090,false,מיץ תירוש לבן רמי לוי 1 לי,,,מיץ תירוש לבן רמי לו,ליטרים,1.00,ליטר,false,,12.90,12.9000,true,1,5396893
7290017812373,false,יין שרדונה לבן יבש פרייבט קולקשן - בקבוק אישי,יקבי כרמל Carmel Winery,,שרדונה 375מל P.C,מיליליטרים,375.00,"100 מ""ל",false,,19.90,0.0531,true,1,6274760
7290017812571,false,מיץ ענבים תירוש אדום 100% טבעי כרמל 1 ליטר,אגודת הכורמים -כרמל מזרחי,,מיץ ענבים אדום 100%,ליטרים,1.00,ליטר,false,,19.90,19.9000,true,1,6276200
7290017812588,false,מיץ ענבים תירוש לבן 100% טבעי כרמל 1 ליטר,אגודת הכורמים -כרמל מזרחי,,מיץ ענבים לבן 100% ט,ליטרים,1.00,ליטר,false,,19.90,19.9000,true,1,6271832
7290017812618,false,מיץ ענבים תירוש אדום רוזה כרמל 1 ליטר,אגודת הכורמים -כרמל מזרחי,,תירוש טבעי רוזה 100%,ליטרים,1.00,ליטר,false,,19.90,19.9000,true,1,6294300
7290017812663,false,"תירוש לבן מיץ ענבים מבעבע כרמל 750 מ""ל",ג'\קובז'\י איי.אי פיגלי,,תירוש מבעבע לבן 750,מיליליטרים,750.00,"100 מ""ל",false,,19.90,0.0265,true,1,6357078
7290017812847,false,"יין כרמל סלקטד פרנץ' גוורצטרמינר, 750 מ""ל","כד בני דרום בע""מ",,סלקטד פרנץ גוורצטרמי,מיליליטרים,750.00,"100 מ""ל",false,,28.80,0.0384,true,1,6344435
7290017812861,false,יין לבש יבש ( 750 מל) וינו,אגודת הכורמים בעמ,,יין וינו לבן יקבי כר,מיליליטרים,750.00,"100 מ""ל",false,,17.80,0.0237,true,1,6344436
7290017812977,false,"יין קריניאנו סלקטדאננס באז כרמל 750 מ""ל",אגודת הכורמים -כרמל מזרחי,,באזז אננס 750מל,מיליליטרים,750.00,"100 מ""ל",false,,26.90,0.0359,true,1,6379321
7290017816128,false,קרקר מקור הכוסמין 22,גורי מוצרי צריכה (1991) בעמ,,קרקר כוסמין 200 גר,גרמים,200.00,100 גרם,false,,14.90,0.0745,true,1,6331249
7290017864259,false,בזיליקום-תקומה 100 גרם,ביכורי השדה צפון 1994 ג.ד. בעמ,,בזיליקום 100ג רמי לו,גרמים,100.00,גרם,false,,8.90,0.0890,true,1,6297034
7290017864341,false,תפוא למיקרו רמי לוי,,,תפוא למיקרו רמי לוי,גרמים,700.00,100 גרם,false,,5.90,0.0084,true,1,6288466
7290017864358,false,נענע ארוז רמי לוי,,,נענע ארוז רמי לוי,יח',1.00,יח',false,,3.90,3.9000,true,1,6329983
7290017864365,false,פטרוזליה ארוז רמי לוי,,,פטרוזליה ארוז רמי לו,יח',1.00,יח',false,,3.90,3.9000,true,1,6329984
7290017864372,false,שמיר ארוז רמי לוי,,,שמיר ארוז רמי לוי,יח',1.00,יח',false,,3.90,3.9000,true,1,6329985
7290017864389,false,כוסברה ארוז רמי לוי,,,כוסברה ארוז רמי לוי,יח',1.00,יח',false,,3.90,3.9000,true,1,6329986
7290017864396,false,סלרי ארוז רמי לוי,,,סלרי ארוז רמי לוי,יח',1.00,יח',false,,5.90,5.9000,true,1,6329987
7290017864402,false,עלי מנגולד ארוז רמי לוי,,,עלי מנגולד ארוז רמי,יח',1.00,יח',false,,5.90,5.9000,true,1,6329988
7290017864419,false,שורש פטרוזיליה ארוז,,,שורש ארוז רמי לוי,יח',1.00,יח',false,,5.90,5.9000,true,1,6329989
7290017864426,false,בצל ירוק ארוז רמי לוי,,,בצל ירוק ארוז רמי לו,יח',1.00,יח',false,,5.90,5.9000,true,1,6329990
7290017864457,false,סלרי ראש רמי לוי,,,סלרי ראש רמי לוי,יח',1.00,יח',false,,5.90,5.9000,true,1,6329991
7290017864464,false,לוף פרסה ארוז רמי לוי,,,לוף פרסה ארוז רמי לו,יח',1.00,יח',false,,7.90,7.9000,true,1,6281039
7290017864471,false,ביבי מיקס תקומה 250 גרם,ביכורי השדה צפון 1994 ג.ד. בעמ,,עלי בייבי 250ג רמי ל,גרמים,250.00,100 גרם,false,,13.90,0.0556,true,1,6266709
7290017864549,false,עלי רוקולה 250ג רמי לוי,ביכורי השדה צפון 1994 ג.ד. בעמ,,עלי רוקולה 250ג רמי,גרמים,250.00,100 גרם,false,,13.90,0.0556,true,1,6290322
7290017864556,false,בייבי תרד 250 גרם שקית,ביכורי השדה צפון 1994 ג.ד. בעמ,,בייבי תרד 250ג רמי ל,גרמים,250.00,100 גרם,false,,13.90,0.0556,true,1,6290323
7290017871424,false,טוסו חטיף תמרים ובוטנים ללא גלוטן וללא תוספת סוכר,תות תעשיות מזון,,חטיף תמרים ובוטנים,גרמים,140.00,100 גרם,false,,14.70,0.1050,true,1,6030965
7290017871448,false,טוסו חטיף תמרים וקשיו ללא גלוטן וללא תוספת סוכר,תות תעשיות מזון (2014) ב,,חטיף תמרים וקשיו,גרמים,140.00,100 גרם,false,,14.70,0.1050,true,1,6030967
7290017871929,false,"טוסו גרנולה פירות יבשים ואגוזים ללת""ס 300 ג'","אפקטבעי בע""\מ",,טוסו גרנולה פירות יב,גרמים,300.00,100 גרם,false,,19.90,0.0663,true,1,6277118
7290017871950,false,פרשוואנס נייר טואלט לח מתכלה בניחוח לוונדר מארז שלישייה,עלבד משואות יצחק,,פרש וואנס נייר טואלט,יח',1.00,יח',false,,12.90,12.9000,true,1,6349251
7290017871967,false,טוסו אבקת ג'לי טעם אננס 30גרם,אשבל מזון פונקציונלי בע\,,טוסו אבקת ג'לי טעם א,גרמים,30.00,100 גרם,false,,8.90,0.2967,true,1,6306266
7290017871974,false,טוסו אבקת ג'לי טעם תות 30גרם,אשבל מזון פונקציונלי בע\,,טוסו אבקת ג'לי טעם ת,גרמים,30.00,100 גרם,false,,8.90,0.2967,true,1,6306267
7290017871981,false,טוסו אבקת ג'לי טעם משמש 30גרם,אשבל מזון פונקציונלי בע\,,טוסו אבקת ג'לי טעם מ,גרמים,30.00,100 גרם,false,,8.90,0.2967,true,1,6306268
7290017872018,false,"קרם החתלה פרשוואנס קמומיל וקלנדולה 100 סמ""ק",דנשר (1963) בעמ,,קרם החתלה פרש וואנס,יח',1.00,יח',false,,12.50,12.5000,true,1,6298259
7290017872162,false,טוסו - עוגיות אגוזי לוז ללא סוכר 200 גרם,"הגביע מוצרי וופלים בע""\מ",,טוסו עוגיות אגוזי לו,גרמים,200.00,100 גרם,false,,14.90,0.0745,true,1,6293804
7290017872186,false,טוסו - עוגיות פקאן ללא סוכר 200 גרם,"הגביע מוצרי וופלים בע""\מ",,טוסו עוגיות פקאן 200,גרמים,200.00,100 גרם,false,,13.90,0.0695,true,1,6293806
7290017872193,false,טוסו עוגיות שקדים וקינמון ללא סוכר 200 גרם,"הגביע מוצרי וופלים בע""\מ",,טוסו עוגיות שקדים וק,גרמים,200.00,100 גרם,false,,14.90,0.0745,true,1,6293807
7290017872667,false,"פמלי יהלום-סבון ידיים עם שמן קמומיל 500 מ""ל",המאפיה של הרמן,,פמלי סבון ידיים יהלו,מיליליטרים,500.00,"100 מ""ל",false,,8.90,0.0178,true,1,6315340
7290017872919,false,מרמולייט סטיביה לבישול ואפיה במרקם סוכר,דנשר (1963) בעמ,,מרמולייט סטיביה לביש,גרמים,200.00,100 גרם,false,,28.90,0.1445,true,1,6378062
7290017873008,false,גלילונית הקפאה זוג 275 יחידות,"אשפלסט תעשיות בע""מ",,גלילונית הקפאה זוג 2,יח',1.00,יח',false,,11.90,11.9000,true,1,6403960
7290017873039,false,מארז זוג שקיות לסנדוויץ גלילונית 2*160 יח',"קינג באג בע""מ",,גלילונית שקיות לסנדו,יח',1.00,יח',false,,9.90,9.9000,true,1,6403961
7290017873367,false,קרם ידיים פנג`ל ויטליטי לכל סוגי עור 1,"דנלוג אינטרקוסמא בע""\מ",,קרם ידיים פנג'ל 100,מטרים,100.00,100 מ'ל,false,,11.90,0.1190,true,1,6502641
7290017888019,false,"משקה תפוח רימון סלק גינגיר פרות &ווג 350 מ""ל",יפאורה שותפות מוגבלת לשיווק,,פרוט אנד ג'י תפוח סל,מיליליטרים,350.00,"100 מ""ל",false,,6.90,0.0197,true,1,6013070
7290017888026,false,"משקה אננס תפוח גזר פרות & ווג 350 מ""ל",יפאורה שותפות מוגבלת לשיווק,,פרוט אנד ג'י אננס תפ,מיליליטרים,350.00,"100 מ""ל",false,,6.90,0.0197,true,1,6013071
7290017888644,false,"משקה אננס בננה כורכום פרות & ווג 350 מ""ל",יפאורה שותפות מוגבלת לשיווק,,פרוט אנד ג'י אננס בנ,מיליליטרים,350.00,"100 מ""ל",false,,6.90,0.0197,true,1,6286932
7290017888729,false,שוופס סודה בקבוק 1 ל',יפאורה שותפות מוגבלת לשיווק,,סודה 1 לי,יח',1.00,יח',false,,3.90,3.9000,true,1,6297441
7290017888972,false,בקבוק מי עדן פקק ספורט 1 ליטר,יפאורה שותפות מוגבלת לשיווק,,מי עדן 1לי פקק ספורט,יח',1.00,יח',false,,3.50,3.5000,true,1,6305585
7290017894010,false,גרין קוקו - מי קוקוס אורגני 1עם אננס 1 ליטר,בן טרה ג'\וינט סטוק )בטר,,מי קוקוס אננס אורגני,מטרים,1000.00,100 מ'ל,false,,18.50,0.0185,true,1,6079887
7290017894034,false,"פתיתי שיבולת שועל עבה לל""ג דגש 400 גרם",אף.סי תבליני בגליל ב,,פתיתי שיבולת שועל מל,גרמים,400.00,100 גרם,false,,18.90,0.0472,true,1,6082190
7290017894065,false,דגש תערובת רב תכליתית ללא גלוטון,"אף, סי תבליני הגליל",,תערובת רב תכליתית לל,גרמים,500.00,100 גרם,false,,15.90,0.0318,true,1,6079890
7290017894089,false,קמח שיבולת שועל דגש 400 גרם,אף. סי תבליני הגליל,,קמח שיבולת שועל 400,גרמים,400.00,100 גרם,false,,19.90,0.0497,true,1,6310981
7290017894102,false,דגש פנה אורז תירס ללא גלוטן,נטורפוד בעמ,,פנה אורז תירס 400 גר,גרמים,400.00,100 גרם,false,,9.90,0.0248,true,1,6330297
7290017907222,false,תערובת קמח תופח לנמנעים מגלוטן,י.איטליאנו אחזקות בעמ,,קמח תמי תופח ללא גלו,גרמים,500.00,100 גרם,false,,18.90,0.0378,true,1,6370057
7290017907253,false,פתיתים מאורז לנמנעים מגלוטן,י.איטליאנו אחזקות בעמ,,תמי פתיתים ללא גלוטן,גרמים,300.00,100 גרם,false,,15.90,0.0530,true,1,6370060
7290017917382,false,אל סבון היגייני לניקוי יסודי ולהרגע העור clean & calm,"פישר תעשיות פרמבצטיות בע""מ",,אל סבון קמיל בלו 1לי,יח',1.00,יח',false,,15.80,15.8000,true,1,5798253
7290017917467,false,קמיל בלו סנסטי בשיבולת שועל אל סבון טיפולי לתינוק,"פישר תעשיות פרמבצטיות בע""מ",,קמיל בלו סנסיטיב שיב,יח',1.00,יח',false,,32.80,32.8000,true,1,5798254
7290017917559,false,ד.פישר בלונד מסכת הזנה לשיער בהיר 300 מל,פישר תעשיות פרמבצטיות בעמ,,"ד""ר פישר מסכה בלונד",יח',1.00,יח',false,,39.90,39.9000,true,1,6186200
7290017917757,false,"ד""ר פישר EFFECTIVE CARE קרם גוף בשמן כותנה 450 מ""ל",פישר תעשיות פרמבצטיות בעמ,,קרם גוף אפקטיב קר שמ,מיליליטרים,450.00,"100 מ""ל",false,,24.90,0.0553,true,1,6304360
7290017917764,false,"ד""ר פישר - אפקטיב קר קרם גוף מועשר בשמן ארגן 450 מ""ל",פישר תעשיות פרמבצטיות בעמ,,קרם גוף אפקטיב קר שמ,מיליליטרים,450.00,"100 מ""ל",false,,24.90,0.0553,true,1,6304361
7290017928036,false,מאיר בייגל מקלות גריסיני שומשום 175 גרם,מאיר את בייגל,,מאיר בייגל מקלות גרי,גרמים,175.00,100 גרם,false,,11.90,0.0680,true,1,6153837
7290017928043,false,מקלות גריסיני קראנץ' מלח מאיר בייגל 175 גרם,מאיר את בייגל,,מאיר בייגל גריסיני ק,גרמים,175.00,100 גרם,false,,11.90,0.0680,true,1,6153838
7290017928081,false,מקלות כעכים עם מלח רמילוי,,,מקלות כעכים עם מלח ר,גרמים,200.00,100 גרם,false,,5.90,0.0295,true,1,6358566
7290017928098,false,בייגלה שטוח מלח 330 גר` מאיר בייגל,מאיר את בייגל,,מאיר בייגל שטוח מלח,גרמים,330.00,100 גרם,false,,11.90,0.0361,true,1,6404430
7290017928227,false,"בייגלה שטוח'לה פינוקים שומשום, קצח, שום ובצל",מאיר את בייגל,,מאיר בייגל שטוחלה פי,גרמים,300.00,100 גרם,false,,10.90,0.0363,true,1,6153841
7290017928289,false,שמיניות כעכים עם מלח רמילוי,,,שמיניות כעכים עם מלח,גרמים,200.00,100 גרם,false,,5.90,0.0295,true,1,6358567
7290017928432,false,מקלות גריסיני קראנץ' פרג מאיר בייגל 175 גרם,מאיר את בייגל,,מאיר בייגל גריסיני ק,גרמים,175.00,100 גרם,false,,11.90,0.0680,true,1,6153846
7290017928463,false,מאיר בייגל -סמאש-שבורים בטעם דבש חרדל ובצל 300 גרם,דנשר (1963) בעמ,,סמאש שברי בייגלה טעם,גרמים,300.00,100 גרם,false,,9.90,0.0330,true,1,6349253
7290017928487,false,כעכים גדולים עם מלח רמילוי,,,כעכים גדולים עם מלח,גרמים,200.00,100 גרם,false,,5.90,0.0295,true,1,6358548
7290017928616,false,בייגלה שטוחלה שומשום 300 גר` מאיר בייגל,מאיר את בייגל,,מאיר בייגל שטוחלה שו,גרמים,330.00,100 גרם,false,,10.90,0.0330,true,1,6153849
7290017928661,false,מאיר בייגל -סמאש-שבורים בטעם צ'דר 300 גרם,"דנשר (1963) בע,מ",,סמאש שברי בייגלה טעם,גרמים,300.00,100 גרם,false,,9.90,0.0330,true,1,6349254
7290017928746,false,פירורי בייגלה מאיר בייגל 200 גרם,דנשר (1963) בעמ,,מאיר בייגל פירורי בי,גרמים,200.00,100 גרם,false,,6.50,0.0325,true,1,6432592
7290017928807,false,בייגלה אצבעות שומשום מאיר בייגל 300 גרם,מאיר את בייגל,,מאיר בייגל אצבעות שו,גרמים,300.00,100 גרם,false,,10.90,0.0363,true,1,6153852
7290017928821,false,מאיר בייגל מקלות גריסיני קלאסי 200 גרם,מאיר את בייגל,,מאיר בייגל מקלות גרי,גרמים,200.00,100 גרם,false,,11.90,0.0595,true,1,6153854
7290017932316,false,רוטב עגבניות לפסטה עם שמן זית 680 גר' דיניקולה,מור ים מרקטינג בעמ,,רוטב עגבניות לפסטה ו,גרמים,680.00,100 גרם,false,,16.60,0.0244,true,1,6442535
7290017938264,false,"חומוס בתוספת רוטב פיקנטי, 200 גרם","סלטי שמיר 2006 בע""\מ",,חומוס עם חריף 200 גר,100 יח,200.00,100 יח,false,,7.90,0.0395,true,1,6510888
7290017946368,false,שלישיית כדוריות סבון לאסלה אוקיינוס סוד 50 גרם,גורי שיווק בעמ,,סוד כדוריות לאסלה או,יח',1.00,יח',false,,16.90,16.9000,true,1,6322500
7290017946979,false,פרסיל ג'ל כביסה נטרול ריחות לא נעימים 2.4 ליטר,גורי שיווק בעמ,,פרסיל ג'ל לניקיון הי,יח',1.00,יח',false,,34.50,34.5000,true,1,6350567
7290017947105,false,לחם אנג'ל בסגנון אמריקה 500 גרם,מאפיית שלמה א. אנג'\ל בע,,לחם סגנון אמריקה,גרמים,500.00,100 גרם,false,,14.90,0.0298,true,1,6275067
7290017947495,false,לחמניות כוסמין 6 יח(450 גר`)אנג`ל,"איטיליאן פוד, אס.פי.",,לחמניות כוסמין 6 יח,גרמים,450.00,100 גרם,false,,14.90,0.0331,true,1,6331959
7290017947891,false,לחם אנג'ל כוסמין וחיטה מלאה 750 גרם,מאפיית שלמה א. אנג'\ל בע,,לחם כוסמין וחיטה מלא,גרמים,750.00,100 גרם,false,,16.90,0.0225,true,1,6275068
7290017947921,false,לחמניות המבורגר בסגנון אמריקאי מארז 6 יח',מאפיית שלמה א. אנג'\ל בע,,שישיית לחמניות המבור,גרמים,450.00,100 גרם,false,,14.90,0.0331,true,1,6287951
7290017947938,false,מיני לחמניות המבורגר בסגנון אמריקה 400 ג' אנג'ל,מאפיית שלמה א. אנג'\ל בע,,לחמניות המבורגר 8יח,יח',1.00,יח',false,,14.90,14.9000,true,1,6340600
7290018023051,false,זיתים מתובלים על האש 215 ג' סבא חביב,בני פאוזי שמשום (2009) בעמ,,סבא חביב זית על האש,גרמים,215.00,100 גרם,false,,10.70,0.0498,true,1,6437489
7290018043196,false,פראוד - חטיף חלבון בטעם שוקולד לבן עוגיות 60 גרם,דיפלומט מפיצים (1968) בעמ**,,שוקולד לבן עוגיות,יח',1.00,יח',false,,13.90,13.9000,true,1,6344474
7290018043295,false,חטיף חלבון בטעם ונילה קראנצ 60 גרם,דיפלומט מפיצים (1968) בעמ**,,שוקולד וניל קראנץ,יח',1.00,יח',false,,13.90,13.9000,true,1,6344475
7290018043844,false,חטיף חלבון בוטנים קרמל קראנץ 60 ג' פראוד,דיפלומט מפיצים (1968) בעמ**,,פראוד חטיף חלבון קרמ,יח',1.00,יח',false,,12.90,12.9000,true,1,6437504
7290018045084,false,BON&BON דגנים במילוי קרם בטעם בראוניז 480 גרם,ר.ב. מוצרי דגנים בעמ,,דגנים במילוי קרם ברא,גרמים,480.00,100 גרם,false,,22.80,0.0475,true,1,6421800
7290018045497,false,בון בון דגנים במילוי קרם שוקולד 480 גרם,ר.ב. מוצרי דגנים בעמ,,דגנים במילוי קרם שוק,גרמים,480.00,100 גרם,false,,22.80,0.0475,true,1,6421801
7290018045695,false,דגני בוקר בון בון במילוי קרם בטעם קרמל מ,ר.ב. מוצרי דגנים בעמ,,דגנים במילוי קרם קרמ,גרמים,480.00,100 גרם,false,,22.80,0.0475,true,1,6421802
7290018045893,false,דגני בוקר בון בון במילוי קרם נוגט 480 גר,ר.ב. מוצרי דגנים בעמ,,דגנים במילוי קרם נוג,גרמים,480.00,100 גרם,false,,22.80,0.0475,true,1,6421803
7290018091074,false,בצק עוגיות שוקולד צ'יפס 300 גרם מעדנות,תנובה מרכז שיתופי לשיווק תוצרת,,בצק עוגיות טריפל שוק,גרמים,300.00,100 גרם,false,,14.90,0.0497,true,1,6485333
7290018091272,false,בצק עוגיות קקאו טריפל שוקולד צ'יפס 300 גרם מעדנות,תנובה מרכז שיתופי לשיווק תוצרת,,בצק עוגיות קקאו טריפ,גרמים,300.00,100 גרם,false,,14.90,0.0497,true,1,6485334
7290018091470,false,גלילת ביסקוויטים בטעם שוקולד 300 גרם מעדנות,תנובה מרכז שיתופי לשיווק תוצרת,,גלילת ביסקויטים טעם,גרמים,300.00,100 גרם,false,,14.90,0.0497,true,1,6485335
7290018091876,false,מאפה פילו גבינה מעדנות 320 גרם,תנובה מרכז שיתופי לשיווק תוצרת,,מעדנות מאפה פילו גבי,גרמים,320.00,100 גרם,false,,19.90,0.0622,true,1,6455593
7290018098080,false,פיצה משפחתית מרגריטה 500 גר,,,פיצה משפחתית מרגריטה,גרמים,500.00,100 גרם,false,,9.90,0.0198,true,1,6401239
7290018098332,false,"תערובת בננה, פסיפלורה, תמר ואסאי מוקפאים 300 ג' פרי שייק",א.ג בחירה חכמה בעמ,,תערובת פירות קפואים,גרמים,300.00,100 גרם,false,,14.90,0.0497,true,1,6487207
7290018098387,false,"תערובת מנגו, בננה, תמר ואסאי מוקפאים 300 ג' פרי שייק",א.ג בחירה חכמה בעמ,,תערובת פירות קפואים,גרמים,300.00,100 גרם,false,,14.90,0.0497,true,1,6487209
7290018098509,false,מרק שעועית 500גר,,,מרק שעועית 500גר,גרמים,500.00,100 גרם,false,,9.90,0.0198,true,1,6513158
7290018098561,false,"תערובת תות, בננה, תמר ואסאי מוקפאים 300 ג' פרי שייק",א.ג בחירה חכמה בעמ,,תערובת פירות קפואים,גרמים,300.00,100 גרם,false,,14.90,0.0497,true,1,6487210
7290018098615,false,מרק מיניסטרונה 500 גר,,,מרק מיניסטרונה 500 ג,גרמים,500.00,100 גרם,false,,9.90,0.0198,true,1,6513160
7290018098622,false,פיצה ביס אישית 10 יחידות,"אופק מן הטבע בע""מ",,מרק ירקות 500 גר,גרמים,500.00,100 גרם,false,,9.90,0.0198,true,1,6513161
7290018132388,false,"מטרנה גולד בד""ץ שלב 2 700 גרם",קבוצת אוסם סחר שותפות מוגבלת,,"מטרנה גולד בד""צ שלב",גרמים,700.00,100 גרם,false,,67.50,0.0964,true,1,6468170
7290018132425,false,"מטרנה גולד בד""ץ שלב 3 700 גרם",קבוצת אוסם סחר שותפות מוגבלת,,"מטרנה גולד בד""צ שלב",גרמים,700.00,100 גרם,false,,67.50,0.0964,true,1,6468171
7290018165447,false,רזרב גולד מרלו ( 750 מל) יקבי ברקן,יקבי ברקן שיווק והפצה בע,,רזרב גולד מרלו 750 מ,מיליליטרים,750.00,"100 מ""ל",false,,34.90,0.0465,true,1,6345665
7290018183502,false,פצירת יהלום מתקפלת - מותג הבית,,,פצירת יהלום מתקפלת G,יח',1.00,יח',false,,10.00,10.0000,true,1,6448028
7290018192658,false,מארז זוג פטריות פורטובלה ושמפיניון מרינה,קונס`-מרינה פטריות הגליל בעמ*ש,,צמד פטריות איטלקי מר,יח',1.00,יח',false,,15.90,15.9000,true,1,6317129
7290018194010,false,"ערק ג`בלנא 16% טעם ענבים 700מ""ל",בני פאוזי שמשום (2009) בעמ,,עארק טעם ענבים 700 מ,מטרים,700.00,100 מ'ל,false,,39.90,0.0570,true,1,6397368
7290018194058,false,"ערק ג'בלנא 16% בטעם פסיפלורה 700 מ""ל-בודד",בני פאוזי שמשום (2009) בעמ,,עארק בטעם פסיפלורה 7,מטרים,700.00,100 מ'ל,false,,39.90,0.0570,true,1,6397369
7290018194102,false,ג`בלנא ערק בטעם אשכולית אדומה 700 מל,בני פאוזי שמשום (2009) בעמ,,עארק טעם אשכולית אדו,מטרים,700.00,100 מ'ל,false,,39.90,0.0570,true,1,6397370
7290018194256,false,"ערק ג'בלנא 16% בטעם לימון 700 מ""ל-בודד",בני פאוזי שמשום (2009) בעמ,,עארק טעם לימון 700 מ,מטרים,700.00,100 מ'ל,false,,39.90,0.0570,true,1,6397371
7290018195048,false,"חתיכות אננס בסירופ קל טעמן, 850 גרם",טעמן שיווק מזון בעמ,,טעמן אננס חתוך בסירו,גרמים,850.00,100 גרם,false,,10.90,0.0128,true,1,6440323
7290018195352,false,נתחי טונה בהירה בשמן צמחי רמילוי,,,נתחי טונה בהירה בשמן,גרמים,158.00,100 גרם,false,,19.90,0.1259,true,1,6414042
7290018195376,false,נתחי טונה בהירה במי מלח רמילוי,,,נתחי טונה בהירה במי,גרמים,158.00,100 גרם,false,,19.90,0.1259,true,1,6445686
7290018195970,false,קקאו 500גר רמילוי,,,קקאו 500גר רמילוי,גרמים,500.00,100 גרם,false,,12.90,0.0258,true,1,6367844
7290018198056,false,"תפוגן קוביות תפוחי אדמה 1.5 ק""ג",קבוצת אוסם סחר שותפות מוגבלת,,תפוגן קוביות תפוא 1.,קילוגרמים,1.50,"ק""ג",false,,24.90,16.6000,true,1,6286015
7290018198148,false,"תפוגן צ'יפס קריספי קלאסי 1.25 ק""ג",קבוצת אוסם סחר-שות.מוגבלת,,תפוגן קריספי ציפס קל,קילוגרמים,1.25,"ק""ג",false,,19.90,15.9200,true,1,6377832
7290018198254,false,"תפוגן קריספי צ'יפס פוטטוס 1.25 ק""ג",קבוצת אוסם סחר שותפות מוגבלת,,תפוגן קריספי ציפס פו,קילוגרמים,1.25,"ק""ג",false,,19.90,15.9200,true,1,6377833
7290018237489,false,פסטרמה ברביקיו דק דק עוף טוב 200 גרם,קבוצת אוסם סחר-שות.מוגבלת,,פסטרמה ברביקיו דק-דק,גרמים,220.00,100 גרם,false,,19.90,0.0905,true,1,6415497
7290018237496,false,פסטרמה בדבש דק דק עוף טוב 200 גרם,קבוצת אוסם סחר-שות.מוגבלת,,פסטרמה בדבש דקדק 220,גרמים,220.00,100 גרם,false,,19.90,0.0905,true,1,6415498
7290018237731,false,זוג פסטרמות ברביקיו ומעושנת עוף טוב 600 גרם,קבוצת אוסם סחר שותפות מוגבלת,,עוף טוב זוג פסטרמה ב,גרמים,600.00,100 גרם,false,,24.90,0.0415,true,1,6418936
7290018237922,false,שניצלונים ציפוי צ'יפס עוף טוב 700 גרם,קבוצת אוסם סחר שותפות מוגבלת,,שניצלונים בציפוי ציפ,גרמים,700.00,100 גרם,false,,13.90,0.0199,true,1,6448472
7290018237939,false,שניצלונים ציפוי שומשום עוף טוב 700 גרם,קבוצת אוסם סחר שותפות מוגבלת,,שניצלונים בציפוי שומ,גרמים,700.00,100 גרם,false,,13.90,0.0199,true,1,6448473
7290018237960,false,עוף טוב כתף בקר עסיסי 265 גרם,קבוצת אוסם סחר שותפות מוגבלת,,כתף בקר עסיסי 265 ג,גרמים,265.00,גרם,false,,24.90,0.0940,true,1,6463400
7290018249000,false,אבקת פודינג וניל חסכון סוויטאנגו 400 ג',,,סוויטאנגו פודינג וני,גרמים,400.00,100 גרם,false,,49.90,0.1247,true,1,6388106
7290018249086,false,סוויטאנגו ממרח בטעם חלווה פיסטוקחום,,,סוויטאנגו ממרח בטעם,גרמים,350.00,100 גרם,false,,32.90,0.0940,true,1,6503786
7290018249260,false,סוכר חום סוויטנגו 400 גר,,,סוויטאנגו ממתיק חום,גרמים,450.00,100 גרם,false,,39.90,0.0887,true,1,6503756
7290018249444,false,אבקת ממתיק סוכר שוקו סוויטאנגו 400 גר,מתבל תעשיות מזון,,סוויטאנגו שוקו 400 ג,גרמים,400.00,100 גרם,false,,38.90,0.0972,true,1,6388108
7290018249802,false,ממתיק סוויטאנגו צנצנת 280 גרם,י.איטליאנו אחזקות בעמ,,ממתיק סוויטנגו,גרמים,280.00,100 גרם,false,,26.90,0.0961,true,1,6304771
7290018282007,false,שמפו+ג'ל רחצה+סבון לגבר 750 מל,,,שמפו+ג'ל רחצה+סבון ל,גרמים,750.00,100 גרם,false,,8.50,0.0113,true,1,6300136
7290018282021,false,נועה שמפו לסירוק קל לילדים 750מל,,,נועה שמפו לסירוק קל,מיליליטרים,750.00,"100 מ""ל",false,,8.90,0.0119,true,1,6422345
7290018282205,false,רביעיית מגבונים 72 יחידות,,,רביעיית מגבונים 72 י,יח',1.00,יח',false,,10.90,10.9000,true,1,6314444
7290018282250,false,מגבונים להסרת איפור מארז שלישייה,,,מגבונים להסרת איפור,יח',1.00,יח',false,,10.90,10.9000,true,1,6300035
7290018282410,false,נועה מרכך לסירוק קל לילדים 750מל,,,נועה מרכך לסירוק קל,מיליליטרים,750.00,"100 מ""ל",false,,8.90,0.0119,true,1,6422346
7290018282427,false,נועה קרם לסירוק קל לילדים 350מל,,,נועה קרם לסירוק קל ל,מיליליטרים,350.00,"100 מ""ל",false,,13.90,0.0397,true,1,6422347
7290018282465,false,מטליות לחות אנטיבקטריאליות 25יח רמילוי,,,מטליות לחות אנטיבקטר,יח',1.00,יח',false,,3.90,3.9000,true,1,6329677
7290018282601,false,נועה תרסיס לסירוק קל לילדים 350מל,,,נועה תרסיס לסירוק קל,מיליליטרים,350.00,"100 מ""ל",false,,13.90,0.0397,true,1,6422348
7290018282625,false,"גל ניקוי לידיים 500 מ""ל רמי לוי",,,גל ניקוי לידיים 500,מיליליטרים,500.00,"100 מ""ל",false,,9.90,0.0198,true,1,6290251
7290018282632,false,תחליב רחצה נועה לילדים 750 מל רמי לוי,,,תחליב רחצה נועה לילד,מיליליטרים,750.00,"100 מ""ל",false,,8.50,0.0113,true,1,6317006
7290018294192,false,"יין בלנד היינן אדום יבש 750 מ""ל p.c",אגודת הכורמים -כרמל מזרחי,,פרייבט קולקשין בלנד,מטרים,700.00,100 מ'ל,false,,39.90,0.0570,true,1,6413756
7290018294352,false,"ארק יקבי כרמל 700 מ""",אגודת הכורמים -כרמל מזרחי,,ערק כרמל 37.5% 700 מ,מטרים,700.00,100 מ'ל,false,,49.90,0.0713,true,1,6416718
7290018294369,false,"תירוש מיץ ענבים טבעי 700 מ""ל",יקבי כרמל Carmel Winery,,מיץ ענבים תירוש כרמל,מיליליטרים,700.00,"100 מ""ל",false,,13.90,0.0199,true,1,6472873
7290018296042,false,לחם טוסט אמריקה 500 גר,מאפיית אגמי,,לחם טוסט אמריקה 500,גרמים,500.00,100 גרם,false,,12.90,0.0258,true,1,6399501
7290018296424,false,לחם מרובע רמי לוי,,,לחם מרובע רמי לוי,יח',1.00,יח',false,,13.90,13.9000,true,1,6324245
7290018296608,false,לחם בריאות ושובע 9 דגנים קל,מאפיית אגמי,,לחם בריאות ושובע 9 ד,גרמים,600.00,100 גרם,false,,13.70,0.0228,true,1,6268959
7290018296615,false,פיתה ביס כוסמין מלא 10יח,"מאפיית אגמי בע""מ",,פיתה ביס כוסמין מלא,גרמים,450.00,100 גרם,false,,15.70,0.0349,true,1,6268960
7290018296622,false,לחם חיטה מלאה רמי לוי,,,לחם חיטה מלאה רמי לו,יח',1.00,יח',false,,13.90,13.9000,true,1,6324246
7290018296653,false,לחם אחיד פלוס כוסמין מרובע 700גר,מאפיית אגמי,,לחם אחיד פלוס כוסמין,גרמים,700.00,100 גרם,false,,16.90,0.0241,true,1,6399504
7290018296806,false,לחם בריאות ושובע מועשר בסיבים,מאפיית אגמי,,לחם בריאות ושובע מוע,גרמים,600.00,100 גרם,false,,13.70,0.0228,true,1,6268961
7290018296813,false,פיתה ביס קלה 10 יח 4,"מאפיית אגמי בע""מ",,פיתה קלה ביס 10 יח,גרמים,450.00,100 גרם,false,,13.70,0.0304,true,1,6268962
7290018296820,false,לחמניות המבורגר אריזה 6יח,,,לחמניות המבורגר אריז,יח',1.00,יח',false,,11.90,11.9000,true,1,6324223
7290018333082,false,אגו מיקס קורנפלקס שוקולד חלב ולבן כרמית 55 גרם,"כרמית תעשיות ממתקים בע""\",,אגו מיקס קורנפלקס שו,גרמים,55.00,100 גרם,false,,3.90,0.0709,true,1,6495655
7290018333099,false,אגו מיקס קורנפלקס מצופה ש.חלב ולבן 55גר' 24 בקר',"כרמית תעשיות ממתקים בע""\",,אגו מיקס קורנפלקס שו,גרמים,55.00,100 גרם,false,,3.90,0.0709,true,1,6495656
7290018333198,false,"אגו רוקס חטיפי שוקולד חלב עם פתיתי תירס, שברי בוטנים מסוכרים ומלח 100 גרם",כרמית תעשיות ממתקים בעמ,,אגו חטיפי שוקולד חלב,גרמים,100.00,100 גרם,false,,8.90,0.0890,true,1,6495625
7290018333648,false,מיצמוץ טרופית קש 18,,,מיצמוץ טרופית קש 18,ליטרים,3.60,ליטר,false,,19.90,5.5278,true,1,6348820
7290018333655,false,מיצמוץ טרופית פקק 20 יחידות 200 מל,,,מיצמוץ טרופית פקק 20,ליטרים,3.60,ליטר,false,,26.90,7.4722,true,1,6348821
7290018333945,false,חטיף אגוזים רפאלס שקד ווניל בדצ 150 גר *12יח,כרמית תעשיות ממתקים בעמ,,חטיף אגוזים רפאלס שק,גרמים,150.00,100 גרם,false,,14.90,0.0993,true,1,6377941
7290018333952,false,חטיף אגוזים רפאלס וחמוציות בדצ 150 גר *12יח,כרמית תעשיות ממתקים בעמ,,חטיף אגוזים רפאלס וח,גרמים,150.00,100 גרם,false,,14.90,0.0993,true,1,6377942
7290018333969,false,חטיף גרנולה רפאלס שקדים וטחינה בדצ 150 גר *12יח,כרמית תעשיות ממתקים בעמ,,חטיף גרנולה רפאלס שק,גרמים,150.00,100 גרם,false,,14.90,0.0993,true,1,6377943
7290018338520,false,מיץ רימונים אורגני 1 ליטר,גורי מוצרי צריכה (1991) בעמ,,מיץ רימונים אורגני 1,מטרים,1000.00,100 מ'ל,false,,17.60,0.0176,true,1,6418892
7290018343333,false,"ד""ר פישר - פרפקט קרלס מסכת הזנה לשיער מתולתל 300 מ""ל",פישר תעשיות פרמצבטיות בעמ,,מסכת הזנה לשיער מתול,מיליליטרים,300.00,"100 מ""ל",false,,39.90,0.1330,true,1,6346382
7290018359129,false,פולפה עגבניות חתוכות מקולפות דק יכין 690 גרם,אמיליאנה קונסרב,,עגבניות פולפה מקולפו,גרמים,690.00,100 גרם,false,,8.90,0.0129,true,1,6381380
7290018359334,false,רכז עגבניות טבעי פריכוז שף יכין 580 גרם,זנלכל בעמ,,פריכוז שף רוטב עגבני,גרמים,580.00,100 גרם,false,,8.90,0.0153,true,1,6336981
7290018359358,false,שלישיית פריכוז רוטב עגבניות יכין,זנלכל בעמ,,שלישיית פריכוז יכין,גרמים,600.00,100 גרם,false,,12.90,0.0215,true,1,6357189
7290018359495,false,תירס מהשדה בלי תוספת סוכר יכין 550 גרם,היינץ צפון אמריקה מק,,תירס מהשדה בלי תוספת,גרמים,550.00,100 גרם,false,,8.90,0.0162,true,1,6335782
7290018359518,false,תירס מהשדה בלי תוספת סוכר יכין מארז 200X3 גר',היינץ צפון אמריקה מק,,תירס מהשדה מארז 3יח,גרמים,600.00,100 גרם,false,,14.90,0.0248,true,1,6335783
7290018359556,false,תירס מהשדה בלי תוספת סוכר יכין 400 גרם,זנלכל בעמ,,תירס מהשדה בלי תוספת,גרמים,400.00,100 גרם,false,,6.50,0.0163,true,1,6335784
7290018359570,false,"שלישיית שעועית צ'ילי ""הקטניה הטובה"" יכין",זנלכל בעמ,,שעועית צ'ילי יכין 3*,גרמים,600.00,100 גרם,false,,13.90,0.0232,true,1,6357190
7290018359587,false,חומוס שלם הקטניה הטובה יכין מארז 3*200,זנלכל בעמ,,חומוס קטניה טובה יכי,יח',1.00,יח',false,,13.90,13.9000,true,1,6357191
7290018359679,false,הקיסרית-שעועית לימה יכין 550 גרם,קריות זול,,שעועית לימה במים יכי,גרמים,550.00,100 גרם,false,,8.90,0.0162,true,1,6423033
7290018359686,false,יכין חומוס גדול 550 גר A2,היינץ צפון אמריקה מק,,יכין חומוס גדול 550,גרמים,550.00,100 גרם,false,,8.90,0.0162,true,1,6383760
7290018359716,false,רוטב עגבניות פיצה טוסקנה 240 גרם יכין,"זנלכל בע""\מ",,רוטב לפיצה טוסקנה יכ,גרמים,240.00,100 גרם,false,,5.50,0.0229,true,1,6365314
7290018359853,false,עדשים שחורות יכין 400 גרם,"זנלכל בע""מ",,יכין עדשים שחורות 40,גרמים,400.00,100 גרם,false,,6.80,0.0170,true,1,6383761
7290018359860,false,רסק עגבניות ליקופן טבעי 2*200גר יכין .,זנלכל בעמ,,יכין רסק עגבנ.ליקופן,גרמים,200.00,100 גרם,false,,12.70,0.0635,true,1,6426190
7290018359877,false,רסק עגבניות ליקופן טבעי 3*200גר יכין.,זנלכל בעמ,,יכין רסק עגבניות טבע,גרמים,600.00,100 גרם,false,,12.70,0.0212,true,1,6426191
7290018359884,false,פולפה ליקופן טבעית 2*400גר יכין A1.,זנלכול יכין,,יכין פולפה ליקופן טב,גרמים,400.00,100 גרם,false,,16.50,0.0413,true,1,6426192
7290018359938,false,"רוטב עגבניות לשקשוקה יכין, 400 גרם",זנלכול יכין,,רוטב עגבניות לשקשוקה,מטרים,400.00,100 מ'ל,false,,11.50,0.0288,true,1,6461736
7290018359945,false,רוטב עגבניות פיקנטי מפלפלים וירקות יכין 400 גרם,זנלכול יכין,,יכין חאריפה רוטב פיק,מטרים,400.00,100 מ'ל,false,,11.50,0.0288,true,1,6461737
7290018359952,false,רוטב עגבניות לפסטה יכין 400 גרם,זנלכול יכין,,רוטב עגבניות לפסטה י,מטרים,400.00,100 מ'ל,false,,11.50,0.0288,true,1,6461738
7290018359969,false,רוטב עגבניות לפיצה 400 גרם יכין,זנלכול יכין,,יכין רוטב עגבניות לפ,מטרים,400.00,100 מ'ל,false,,11.50,0.0288,true,1,6461739
7290018367162,false,דפי אורז 22 סמ 400ג רמילוי,,,דפי אורז 22 סמ 400ג,גרמים,400.00,100 גרם,false,,9.90,0.0248,true,1,6342409
7290018367179,false,נוזל קוקוס 400גר רמילוי,,,נוזל קוקוס 400גר רמי,גרמים,400.00,100 גרם,false,,4.90,0.0123,true,1,6342410
7290018367186,false,קרם קוקוס 400גר רמילוי,,,קרם קוקוס 400גר רמיל,גרמים,400.00,100 גרם,false,,6.90,0.0173,true,1,6342411
7290018367261,false,רוטב טריאקי 700מל רמילוי,,,רוטב טריאקי 700מל רמ,מיליליטרים,700.00,"100 מ""ל",false,,19.90,0.0284,true,1,6342412
7290018371299,false,אובלטים אורגניים מקמח חומוס 100 גרם,השדה מוצרים טבעיים ו,,אובלטים אורגנים מקמח,גרמים,100.00,100 גרם,false,,12.70,0.1270,true,1,6349312
7290018371312,false,אובלטים מקמח כוסמת אורגני 100 גרם,אם החיטה,,אובלטים אורגנים מקמח,גרמים,100.00,100 גרם,false,,12.70,0.1270,true,1,6349314
7290018371480,false,וופל קמח כוסמין חרובים אורגני 200 גרם,השדה מוצרים טבעיים ו,,וופל קמח כוסמין חרוב,גרמים,200.00,100 גרם,false,,14.90,0.0745,true,1,6426404
7290018380871,false,פטיסון כבוש שלם תומר 670 גרם,תומר ייבוא ושיווק מוצרי מזון [,,פטיסון כבוש שלם 670,גרמים,670.00,100 גרם,false,,12.90,0.0193,true,1,6422747
7290018394021,false,ח.תקוע פטריות מלך היער,חוות פטריות תקוע,,פטריות מלך היער,גרמים,160.00,100 גרם,false,,9.90,0.0619,true,1,6380375
7290018394038,false,פטריות שיטאקה מיובשות חוות תקוע 25 גרם,ביכורי השדה צפון 1994 ג.ד. בעמ,,פטריות שיטאקה מיובשו,גרמים,25.00,100 גרם,false,,9.90,0.3960,true,1,6342117
7290018394083,false,שופ פנינה חוות תקוע 200 גרם,FOODS YOKID QINGADO,,שום פנינה טרי,יח',1.00,יח',false,,11.90,11.9000,true,1,6405038
7290018394113,false,דואט פטריות שי-מג'י חוות תקוע,שנגחאי פינק פוד קומפני,,דואט פטריות שי-מג'י,יח',1.00,יח',false,,17.90,17.9000,true,1,6432547
7290018394144,false,בצלצלי איזי שאלוט חוות תקוע,גורמה,,בצלצלי איזי שאלוט חו,גרמים,350.00,100 גרם,false,,8.90,0.0254,true,1,6455232
7290018394151,false,מיקס פטריות אקזוטי חוות תקוע,"פנטה אמפאק בע""מ",,מיקס פטריות אקזוטי ח,גרמים,400.00,100 גרם,false,,19.90,0.0497,true,1,6455255
7290018394199,false,שום קלוף חוות תקוע 200ג,,,שום קלוף חוות תקוע 2,יחידה,200.00,יחידה,false,,8.90,0.0445,true,1,6515281
7290018440193,false,פליפז בייגלה בציפוי קרם בטעם חמאת בוטנים מקוויטיס 140 גרם,תה ויסוצקי (ישראל) בעמ,,בייגלה בציפוי קרם חמ,גרמים,140.00,100 גרם,false,,7.90,0.0564,true,1,6349586
7290018440209,false,פליפז בייגלה בציפוי פאדג' לבן מקוויטיס 140 גרם,תה ויסוצקי (ישראל) בעמ,,בייגלה בציפוי פאדג',גרמים,140.00,100 גרם,false,,7.90,0.0564,true,1,6349587
7290018440223,false,תה צ'אי מסאלה 25 שקיקים ויסוצקי,תה ויסוצקי (ישראל) בעמ,,תה צ'אי מסאלה ויסוצק,יח',1.00,יח',false,,18.90,18.9000,true,1,6405895
7290018440230,false,תה צ'אי ורדים 25 שקיקים ויסוצקי,תה ויסוצקי (ישראל) בעמ,,תה צ'אי ורדים ויסוצק,יח',1.00,יח',false,,18.90,18.9000,true,1,6405896
7290018440247,false,תה צ'אי שקדים0 25 שקיקים ויסוצקי,תה ויסוצקי (ישראל) בעמ,,תה צ'אי שקדים ויסוצק,יח',1.00,יח',false,,18.90,18.9000,true,1,6405897
7290018440254,false,תה צ'אי קרמל מלוח 25 שקיקים ויסוצקי,תה ויסוצקי (ישראל) בעמ,,תה צ'אי קרמל מלוח וי,יח',1.00,יח',false,,18.90,18.9000,true,1,6405898
7290018440407,false,מאטה תה ירוק מאטה בטעם קקאו ואגוזי לוז,תה ויסוצקי (ישראל) בעמ,,תה ירוק מאטה קקאו לו,גרמים,37.50,100 גרם,false,,22.90,0.6107,true,1,6405901
7290018440438,false,Calvo טונה בשמן זית פתיחה קלה 3 * 65 גרם,תה ויסוצקי (ישראל) בעמ,,טונה בשמן זית פתיחה,גרמים,195.00,100 גרם,false,,25.80,0.1323,true,1,6475220
7290018440445,false,טונה קאלוו בשמן זית 160 גר,"קאלוו קונסרבס ס.ל.יו. ,",,טונה בשמן זית 160 ג,גרמים,160.00,100 גרם,false,,16.80,0.1050,true,1,6475251
7290018440476,false,פליפז בייגלה מצופה בקרם עוגת גבינה ותותים מקוויטיס 140 גרם,תה ויסוצקי (ישראל) בעמ,,בייגלה מצופה קרם עוג,גרמים,140.00,100 גרם,false,,7.90,0.0564,true,1,6391195
7290018440483,false,פליפז בייגלה מצופה בקרמל מלוח ושוקולד מקוויטיס 140 גרם,תה ויסוצקי (ישראל) בעמ,,בייגלה מצופה קרמל מל,גרמים,140.00,100 גרם,false,,7.90,0.0564,true,1,6391196
7290018440490,false,סלט טונה קאלוו עם קוסקוס 150 גר,"קאלוו קונסרבס ס.ל.יו. ,",,סלט טונה עם קוסקוס 1,גרמים,150.00,100 גרם,false,,14.80,0.0987,true,1,6475252
7290018440520,false,סלט טונה קאלוו מקסיקני 150 גר,"קאלוו קונסרבס ס.ל.יו. ,",,סלט טונה מקסיקני 150,גרמים,150.00,100 גרם,false,,14.80,0.0987,true,1,6475253
7290018440629,false,תה ויסוצקי טעם עשיר,ויסוצקי,,תה שחור קלאסי 120 שק,יח',1.00,יח',false,,19.90,19.9000,true,1,6391197
7290018441985,false,פרצלס עם הכל בראנץ אנד קראנץ 280 ג',מוצרי איכות אמריקאיים בעמ,,פרצלסעם הכל 280 גר,גרמים,280.00,100 גרם,false,,10.90,0.0389,true,1,6388105
7290018443040,false,נבטים סיניים (בוסתן,ביכורי השדה צפון 1994 ג.ד. בעמ,,נבטים סיניים,יח',1.00,יח',false,,5.90,5.9000,true,1,6344827
7290018443064,false,נבטים אלפלפא שמיטה,ביכורי השדה צפון 1994 ג.ד. בעמ,,נבטי אלפלפא,יח',1.00,יח',false,,5.90,5.9000,true,1,6344829
7290018443095,false,נבטי עדשים שחורות,,,נבטי עדשים שחורות,יח',1.00,יח',false,,9.90,9.9000,true,1,6344832
7290018443101,false,נבטוטים,,,נבטוטים,יח',1.00,יח',false,,9.90,9.9000,true,1,6344833
7290018443347,false,שמיר ברכת קטיף מצע מנותק ייבול נוכרי,ביכורי השדה צפון 1994 ג.ד. בעמ,,שמיר ייבול נוכרי ברכ,יח',1.00,יח',false,,5.90,5.9000,true,1,6402923
7290018443354,false,נענע ברכת קטיף מצע מנותק ייבול נוכרי,ביכורי השדה צפון 1994 ג.ד. בעמ,,נענע ייבול נוכרי ברכ,יח',1.00,יח',false,,5.90,5.9000,true,1,6402924
7290018443385,false,חסה ייבול נוכרי ברכת קטיף,ביכורי השדה צפון 1994 ג.ד. בעמ,,חסה ייבול נוכרי ברכת,יח',1.00,יח',false,,6.90,6.9000,true,1,6402927
7290018443545,false,פלפל צילי אדום 200 גרם,ביכורי השדה צפון 1994 ג.ד. בעמ,,פלפל צילי אדום 200 ג,גרמים,200.00,100 גרם,false,,9.90,0.0495,true,1,6487181
7290018443736,false,בייבי מיקס רמי לוי 150 גרם,,,בייבי מיקס רמי לוי 1,יח',1.00,יח',false,,9.90,9.9000,true,1,6409686
7290018443743,false,חמציץ רמי לוי פראש,ביכורי השדה צפון 1994 ג.ד. בעמ,,חמציץ רמי לוי,יח',1.00,יח',false,,9.90,9.9000,true,1,6409687
7290018443750,false,חסה משי רמי לוי פראש,ביכורי השדה צפון 1994 ג.ד. בעמ,,חסה משי רמי לוי,יח',1.00,יח',false,,9.90,9.9000,true,1,6409688
7290018443781,false,רוקט 150 גרם רמי לוי,,,רוקט 150 גרם רמי לוי,יח',1.00,יח',false,,9.90,9.9000,true,1,6409691
7290018443828,false,צמח חסה אייסברג,ביכורי השדה צפון 1994 ג.ד. בעמ,,צמד חסה אייסברג,יח',1.00,יח',false,,9.90,9.9000,true,1,6415073
7290018443835,false,שרי סוכריות פרמיום תקומה,ביכורי השדה צפון 1994 ג.ד. בעמ,,שרי סוכריות פרמיום ת,יחידה,0.00,יחידה,false,,11.90,0.0000,true,1,6462205
7290018468319,false,נקניקיה טבעונית בסגנון צוריסוס טירת צבי 400 גרם,תנובה מרכז שיתופי לשיווק תוצרת,,נקניקיה צמחית סגנון,גרמים,400.00,100 גרם,false,,34.90,0.0872,true,1,6455595
7290018468401,false,פסטרמה צמחונית בטעם גריל 100 גר טירת צבי,תנובה מרכז שיתופי לשיווק תוצרת,,פסטרמה צמחונית טעם ג,גרמים,120.00,100 גרם,false,,14.90,0.1242,true,1,6497552
7290018468425,false,נקניק טבעוני בטעם פיקנטי 100 גרם טירת צבי,תנובה מרכז שיתופי לשיווק תוצרת,,נקניק טבעוני טעם פיק,גרמים,100.00,100 גרם,false,,14.90,0.1490,true,1,6497554
7290018468432,false,נקניק טבעוני בטעם מעושן 100 גרם טירת צבי,תנובה מרכז שיתופי לשיווק תוצרת,,נקניק טבעוני טעם מעו,גרמים,100.00,100 גרם,false,,14.90,0.1490,true,1,6497555
7290018471029,false,"סודה בטעם לימון - מארז 6 בקבוקים 500 מ""ל",יפאורה שותפות מוגבלת לשיווק,,שוופס סודה שישייה 50,ליטרים,3.00,ליטר,false,,13.90,4.6333,true,1,6339050
7290018471036,false,"סודה שוופס לימון 500 מ""ל",יפאורה שותפות מוגבלת לשיווק,,שוופס סודה לימון 500,מטרים,500.00,100 מ'ל,false,,2.10,0.0042,true,1,6513212
7290018471180,false,משקה פרוט& ווג' אננס תפוח גזר 1 ליטר,יפאורה שותפות מוגבלת לשיווק,,פרוט&ווג אננס תפוח ג,מטרים,1000.00,100 מ'ל,false,,11.90,0.0119,true,1,6367436
7290018471197,false,פרוט אנד ווג` תפוח בננה מלון נענע 1 ליטר,יפאורה שותפות מוגבלת לשיווק,,פרוט&ווג תפוח בננה מ,מטרים,1000.00,100 מ'ל,false,,11.90,0.0119,true,1,6367437
7290018471210,false,ספרינג נקטר אגס סברס תפוח 1ליטר קרטוני,יפאורה שותפות מוגבלת לשיווק,,נקטר אגס סברס ספרינג,ליטרים,1.00,ליטר,false,,6.50,6.5000,true,1,6365861
7290018471319,false,"מארז רביעייה שוויפס ביטר למון 250מ""ל",יפאורה שותפות מוגבלת לשיווק,,שוופס ביטר למון 250מ,יח',1.00,יח',false,,19.30,19.3000,true,1,6353961
7290018471395,false,משקה פרוט& ווג' תפוח רימון ג'ינג'ר 1 ליטר,יפאורה שותפות מוגבלת לשיווק,,פרוט&ווג תפוח סלק רי,מטרים,1000.00,100 מ'ל,false,,11.90,0.0119,true,1,6367438
7290018471401,false,משקה פרוט& ווג' אננס בננה כורכום 1 ליטר,יפאורה שותפות מוגבלת לשיווק,,פרוט&ווג אננס בננה כ,מטרים,1000.00,100 מ'ל,false,,11.90,0.0119,true,1,6367439
7290018471449,false,קרטונית ספרינג שייק בננה תמר תפוז 1 ליטר,יפאורה - שותפות מוגבלת לשיווק,,שייק בננה תמר תפוז 1,ליטרים,1.00,ליטר,false,,11.60,11.6000,true,1,6385250
7290018471463,false,תפוזינה נקטר תפוז מנגו קרטונית 1 ליטר,יפאורה שותפות מוגבלת לשיווק,,תפוזינה נקטר תפוז מנ,ליטרים,1.00,ליטר,false,,6.50,6.5000,true,1,6373127
7290018471470,false,תפוזינה נקטר תפוז פסיפלורה קרטונית 1 ליטר,יפאורה שותפות מוגבלת לשיווק,,תפוזינה נקטר תפוז פס,ליטרים,1.00,ליטר,false,,6.50,6.5000,true,1,6373128
7290018471487,false,תפוזינה נקטר תפוז אננס קרטונית 1 ליטר,יפאורה שותפות מוגבלת לשיווק,,תפוזינה נקטר תפוז אנ,ליטרים,1.00,ליטר,false,,6.50,6.5000,true,1,6373129
7290018471494,false,תפוזינה משקה תפוז גזר קרטונית 1 ליטר,יפאורה שותפות מוגבלת לשיווק,,תפוזינה נקטר תפוז גז,ליטרים,1.00,ליטר,false,,6.50,6.5000,true,1,6373130
7290018471548,false,"רביעיית ספרינג ענבים 250 מ""ל",יפאורה שותפות מוגבלת לשיווק,,ספרינג ענבים 4*250 מ,מטרים,1000.00,100 מ'ל,false,,11.40,0.0114,true,1,6365788
7290018471616,false,שוופס אינדיאן טוניק 1 ליטר,יפאורה שותפות מוגבלת לשיווק,,שוופס אינדיאן טוניק,מטרים,1000.00,100 מ'ל,false,,8.90,0.0089,true,1,6379230
7290018471623,false,שוופס טוניק אשכוליות ליצ`י 1 ליטר,יפאורה שותפות מוגבלת לשיווק,,שוופס טוניק אשכוליות,מטרים,1000.00,100 מ'ל,false,,8.90,0.0089,true,1,6379231
7290018471630,false,שוופס טוניק מלפפון ליים 1 ליטר,יפאורה שותפות מוגבלת לשיווק,,שוופס טוניק מלפפון ל,מטרים,1000.00,100 מ'ל,false,,8.90,0.0089,true,1,6379232
7290018471692,false,ספרינג שייק בננה אננס קוקוס פירות יער קרטונית 1 ליטר,יפאורה - שותפות מוגבלת לשיווק,,ספרינג שייק בננה אננ,ליטרים,1.00,ליטר,false,,11.60,11.6000,true,1,6385254
7290018471906,false,שוופס מוגז פירות לימונדה ורודה 1.5 ליטר פיקדון,יפאורה - שותפות מוגבלת לשיווק,,משקה מוגז לימונדה ור,ליטרים,1.50,ליטר,false,,8.20,5.4667,true,1,6409446
7290018471913,false,משקה מוגז פירות תפוחים שוופס 1.5 ליטר,יפאורה - שותפות מוגבלת לשיווק,,משקה מוגז פירות תפוח,ליטרים,1.50,ליטר,false,,8.20,5.4667,true,1,6409447
7290018471920,false,שוופס מוגז פירות ענבים 1.5 ליטר פיקדון,יפאורה - שותפות מוגבלת לשיווק,,משקה מוגז פירות ענבי,ליטרים,1.50,ליטר,false,,8.20,5.4667,true,1,6409448
7290018471937,false,שוופס מוגז פירות תות ליים 1.5 ליטר פיקדון,יפאורה - שותפות מוגבלת לשיווק,,משקה מוגז פירות תות,ליטרים,1.50,ליטר,false,,8.20,5.4667,true,1,6409449
7290018471944,false,שוופס מוגז פירות לימונייד 1.5 ליטר פיקדון,יפאורה - שותפות מוגבלת לשיווק,,משקה מוגז פירות לימו,ליטרים,1.50,ליטר,false,,8.20,5.4667,true,1,6409450
7290018471951,false,שוופס מוגז פירות אשכולית אדומה 1.5 ליטר פיקדון,יפאורה - שותפות מוגבלת לשיווק,,משקה מוגז פירות אשכו,ליטרים,1.50,ליטר,false,,8.20,5.4667,true,1,6409451
7290018493052,false,"ד""ר פישר - אפקטיב קר קרם ידיים מועשר בשמן אבוקדו 100 מ""ל","פישר תעשיות פרמבצטיות בע""מ",,אפקטיב קר קרם ידיים,מטרים,100.00,100 מ'ל,false,,14.90,0.1490,true,1,6360014
7290018493069,false,"אפקטיב קר קרם ידייםמועשר בשמן כותנה ד""ר פישר 100 מ""ל","פישר תעשיות פרמבצטיות בע""מ",,אפקטיב קר קרם ידיים,מטרים,100.00,100 מ'ל,false,,14.90,0.1490,true,1,6360015
7290018493076,false,"אפקטיב קר קרם ידייםמועשר בשמן ארגן ד""ר פישר 100 מ""ל",פישר תעשיות פרמצבטיות בעמ,,אפקטיב קר קרם ידיים,מטרים,100.00,100 מ'ל,false,,14.90,0.1490,true,1,6360016
7290018493700,false,"סבון ידיים ויטמינים לילדים כחול 500 מ""ל ד""ר פישר",פישר תעשיות פרמבצטיות בעמ,,קידס אל סבון ויטמיני,מטרים,500.00,100 מ'ל,false,,12.80,0.0256,true,1,6401214
7290018493724,false,"סבון ידיים ויטמינים לילדים ירוק מילון 500 מ""ל ד""ר פישר",מדי פישר,,קידס אל סבון ויטמיני,מטרים,500.00,100 מ'ל,false,,12.80,0.0256,true,1,6401216
7290018493977,false,קמיל לניקוי והרגעת העור מועשר בשיבולת שועל 1 ל',"פישר תעשיות פרמצבטיות בע""מ",,קמיל אל סבון לניקוי,100 מל,1000.00,100 מל,false,,15.80,0.0158,true,1,6374622
7290018500361,false,"לחם שחור פרוס 900 גרם ""אנג'ל"" -מוצר בפיקוח",מאפיית שלמה א. אנג'\ל בע,,לחם אחיד פרוס אנג'ל,גרמים,900.00,100 גרם,false,,8.30,0.0092,true,1,6467886
7290018500385,false,"חלה רגילה 650 גרם ""אנגל""-מוצר בפיקוח",מאפיית שלמה א. אנגל,,חלה רגילה אנג'ל,גרמים,650.00,100 גרם,false,,5.10,0.0078,true,1,6467887
7290018500392,false,"חלה רגילה 650 גרם ""אנגל""-מוצר בפיקוח",מאפיית שלמה א. אנגל,,חלה קלועה אנג'ל,גרמים,650.00,100 גרם,false,,5.10,0.0078,true,1,6467888
7290018500408,false,לחם אחיד פרוס 900 ג רמי לוי,,,לחם אחיד פרוס 900 ג,גרמים,900.00,100 גרם,false,,7.10,0.0079,true,1,6467889
7290018516324,false,פאוץ' פרינוק תפוח עץ עם שיבולת שועל 120 גרם,גורי מוצרי צריכה (1991) בעמ,,פרינוק פאוץ' תפוח ש.,גרמים,120.00,100 גרם,false,,5.90,0.0492,true,1,6377190
7290018516331,false,פאוץ' פרינוק תפוח בננה ושיבולת שועל 120 גרם,גורי מוצרי צריכה (1991) בעמ,,מחית פרינוק פאוצ תפו,גרמים,120.00,100 גרם,false,,5.90,0.0492,true,1,6385447
7290018516379,false,מחיט סלט פירות ושבולות שועל 190 ג' פרינוק גוניור,גורי מוצרי צריכה (1991) בעמ,,גוניור סלט פירות שיב,גרמים,190.00,100 גרם,false,,5.90,0.0311,true,1,6415093
7290018516393,false,פרמיו סופרים מיקס לחתול,שחורי אריה ואנסטסיה,,פרמיו מיקס 3קג,יח',1.00,יח',false,,59.90,59.9000,true,1,6410984
7290018516447,false,גוסטו מקרוני עם גבינ,,,פסטה מקרוני עם גבינה,גרמים,262.00,100 גרם,false,,11.90,0.0454,true,1,6461889
7290018516942,false,פרמיו סופרים מועשר בעוף לכלב בוגר 3קג,שחורי אריה ואנסטסיה,,פרמיו סופרים מועשר ב,יחידה,0.00,יחידה,false,,49.90,0.0000,true,1,6495996
7290018516966,false,פרמיו סופרים עם בקר לכלב בוגר 3קג,שחורי אריה ואנסטסיה,,פרמיו סופרים עם בקר,יחידה,0.00,יחידה,false,,49.90,0.0000,true,1,6495998
7290018540329,false,שקית פיתה פיתה בלדי 800 ג' אנג'ל,מאפיית שלמה א. אנג'\ל בע,,פיתה אנגל 8 יח,גרמים,800.00,100 גרם,false,,10.90,0.0136,true,1,6373862
7290018540817,false,ארטיזנל לחם מחמצת כוסמין אנג'ל 500 גרם,שלמה א. אנג`ל בעמ,,לחם מחמצת ארטיזנל כו,גרמים,500.00,100 גרם,false,,18.90,0.0378,true,1,6411310
7290018540824,false,ארטיזנל לחם מחמצת כפרי אנג'ל 500 גרם,שלמה א. אנג`ל בעמ,,לחם מחמצת ארטיזנל כפ,גרמים,500.00,100 גרם,false,,17.90,0.0358,true,1,6411311
7290018540831,false,ארטיזנל לחם מחמצת חיטה מלאה ודגנים אנג'ל 500 גרם,שלמה א. אנג`ל בעמ,,לחם מחמצת ארטיזנל חי,גרמים,500.00,100 גרם,false,,17.90,0.0358,true,1,6411312
7290018546000,false,פסטה פנה 500גר רמילוי,,,פסטה פנה 500גר רמילו,גרמים,500.00,100 גרם,false,,3.50,0.0070,true,1,6422390
7290018546062,false,פסטה קונכיות 500גר רמילוי,,,פסטה קונכיות 500גר ר,גרמים,500.00,100 גרם,false,,3.50,0.0070,true,1,6422392
7290018546109,false,פסטה בוקטיני 400גר רמילוי,,,פסטה בוקטיני 400גר ר,גרמים,400.00,100 גרם,false,,3.50,0.0088,true,1,6422394
7290018546260,false,פירורי לחם מוזהבים 800 גרם,,,פירורי לחם מוזהבים 8,גרמים,800.00,100 גרם,false,,11.90,0.0149,true,1,5090719
7290018554005,false,מלפפון במלח 7-9 רמי,,,מלפפון במלח 7-9 רמי,גרמים,670.00,100 גרם,false,,4.90,0.0073,true,1,6320660
7290018554012,false,מלפםונים בחומץ 7-9 ר,,,מלפםונים בחומץ 7-9 ר,גרמים,670.00,100 גרם,false,,4.90,0.0073,true,1,6320661
7290018554029,false,מלפפונים במלח 10-12 רמילוי,,,מלפפונים במלח 10-12,גרמים,540.00,100 גרם,false,,5.90,0.0109,true,1,6320662
7290018554036,false,מלפפונים בחומץ 10-12,,,מלפפונים בחומץ 10-12,גרמים,540.00,100 גרם,false,,5.90,0.0109,true,1,6320663
7290018554043,false,מלפפונים במלח 13-17 רמילוי,,,מלפפונים במלח 13-17,גרמים,540.00,100 גרם,false,,6.90,0.0128,true,1,6320664
7290018554050,false,מלפפונים בחומץ 13-17,,,מלפפונים בחומץ 13-17,גרמים,540.00,100 גרם,false,,6.90,0.0128,true,1,6320665
7290018554067,false,מלפפונים במלח 18-25,,,מלפפונים במלח 18-25,גרמים,670.00,100 גרם,false,,8.90,0.0133,true,1,6320666
7290018554074,false,מלפםונים בחומץ 18-25,,,מלפםונים בחומץ 18-25,גרמים,670.00,100 גרם,false,,8.90,0.0133,true,1,6320667
7290018563267,false,תרכיז תפוחים 100% ללא תוספת סוכר 1 ליטר בקבוק,"פ.קטיף מזון בע""מ",,רכז טעם תפוחים ללא ס,ליטרים,1.00,ליטר,false,,32.90,32.9000,true,1,6399611
7290018563274,false,בקבוק תרכיז תפוחים 1 ליטר פרי קטיף,"פ.קטיף מזון בע""מ",,רכז טעם תפוחים 1ליטר,ליטרים,1.00,ליטר,false,,26.90,26.9000,true,1,6399612
7290018564004,false,גזר גמדי רמילוי 800 גר,,,גזר גמדי רמילוי 800,גרמים,800.00,100 גרם,false,,8.20,0.0102,true,1,6372348
7290018564011,false,אפונת גינה רמילוי 800 גר,,,אפונת גינה רמילוי 80,גרמים,800.00,100 גרם,false,,8.70,0.0109,true,1,6373183
7290018564028,false,אפונה עדינה 600ג רמילוי,,,אפונה עדינה 600ג רמי,גרמים,600.00,100 גרם,false,,10.90,0.0182,true,1,6370833
7290018564059,false,שעועית ירוקה שלמה עדינה 600ג רמילוי,,,שעועית ירוקה שלמה עד,גרמים,600.00,100 גרם,false,,10.90,0.0182,true,1,6370835
7290018564066,false,אפונה וגזר רמילוי 800 גר,,,אפונה וגזר רמילוי 80,גרמים,800.00,100 גרם,false,,8.70,0.0109,true,1,6372349
7290018564073,false,במיה קפוא 600ג רמילוי,,,במיה קפוא 600ג רמילו,גרמים,600.00,100 גרם,false,,7.90,0.0132,true,1,6367291
7290018564080,false,לקט ירקות רמילוי 800 גר,,,לקט ירקות רמילוי 800,גרמים,800.00,100 גרם,false,,9.90,0.0124,true,1,6372350
7290018564103,false,פולי סויה 600גר,,,פולי סויה 600גר,גרמים,600.00,100 גרם,false,,11.90,0.0198,true,1,6390522
7290018564110,false,ארטישוק קפוא 400ג רמילוי,,,ארטישוק קפוא 400ג רמ,גרמים,400.00,100 גרם,false,,8.90,0.0223,true,1,6367292
7290018564141,false,גרגירי חומוס מבושלים 800גר רמי לוי,,,גרגירי חומוס מבושלים,גרמים,800.00,100 גרם,false,,9.90,0.0124,true,1,6366115
7290018564158,false,שעועית לבנה מבושלים 800גר רמי לוי,,,שעועית לבנה מבושלים,גרמים,800.00,100 גרם,false,,9.90,0.0124,true,1,6366116
7290018564165,false,כרובית 800גר רמי לוי,,,כרובית 800גר רמי לוי,גרמים,800.00,100 גרם,false,,9.90,0.0124,true,1,6366117
7290018564172,false,ברוקולי 800גר רמי לוי,,,ברוקולי 800גר רמי לו,גרמים,800.00,100 גרם,false,,12.90,0.0161,true,1,6366118
7290018564189,false,פולי סויה קלופים 600גר,,,פולי סויה קלופים 600,גרמים,600.00,100 גרם,false,,12.90,0.0215,true,1,6390523
7290018564547,false,ירקות חמוצים בטעם ביתי 500 גרם,,,ירקות חמוצים בטעם בי,גרמים,500.00,100 גרם,false,,22.90,0.0458,true,1,6375964
7290018564554,false,מלפפונים חמוצים ביתיים כבושים 500 גרם,,,מלפפונים חמוצים ביתי,גרמים,500.00,100 גרם,false,,22.90,0.0458,true,1,6375965
7290018564561,false,ירקות חמוצים בסגנון טורשי,,,ירקות חמוצים בסגנון,גרמים,500.00,100 גרם,false,,22.90,0.0458,true,1,6375966
7290018564585,false,ירקות חמוצים בטעם חמוץ מתוק 500 גרם,,,ירקות חמוצים בטעם חמ,גרמים,500.00,100 גרם,false,,22.90,0.0458,true,1,6376037
7290018566008,false,אגוזי מלך קלופים 250גר נספקים,,,אגוזי מלך קלופים 250,גרמים,250.00,100 גרם,false,,18.90,0.0756,true,1,6444414
7290018566015,false,תאנה מיובשת 300 גר נספקים,,,תאנה מיובשת 300 גר נ,גרמים,300.00,100 גרם,false,,17.90,0.0597,true,1,6468658
7290018566022,false,שקד טבעי 280 גר נספקים,,,שקד טבעי 280 גר נספק,גרמים,280.00,100 גרם,false,,21.90,0.0782,true,1,6446730
7290018566039,false,פקאן טבעי 280 גר נספקים,,,פקאן טבעי 280 גר נספ,גרמים,280.00,100 גרם,false,,32.90,0.1175,true,1,6451469
7290018566053,false,שקד מולבן מקלות 200ג נספקים,,,שקד מולבן מקלות 200ג,גרמים,200.00,100 גרם,false,,16.90,0.0845,true,1,6459355
7290018566060,false,שקד מולבן חצוי 200ג נספקים,,,שקד מולבן חצוי 200ג,גרמים,200.00,100 גרם,false,,16.90,0.0845,true,1,6459356
7290018566084,false,משמש 300 גר נספקים,,,משמש 300 גר נספקים,גרמים,300.00,100 גרם,false,,19.90,0.0663,true,1,6466349
7290018566091,false,צימוק בהיר 300 גר נספקים,,,צימוק בהיר 300 גר נס,גרמים,300.00,100 גרם,false,,17.90,0.0597,true,1,6466350
7290018566121,false,חמוציות מסוכרות 300ג נספקים,,,חמוציות מסוכרות 300ג,גרמים,300.00,100 גרם,false,,14.90,0.0497,true,1,6477532
7290018566152,false,פיסטוק 150 גר נספקים,,,פיסטוק 150 גר נספקים,גרמים,150.00,100 גרם,false,,26.90,0.1793,true,1,6477533
7290018566169,false,פקאן קלוי 150גר בשקית,,,פקאן קלוי 150גר בשקי,גרמים,150.00,100 גרם,false,,16.90,0.1127,true,1,6488306
7290018566176,false,קשיו קלוי 200גר בשקית,,,קשיו קלוי 200גר בשקי,גרמים,200.00,100 גרם,false,,14.80,0.0740,true,1,6475040
7290018566183,false,שקד קלוי 200 גר בשקית,,,שקד קלוי 200 גר בשק,גרמים,200.00,100 גרם,false,,14.90,0.0745,true,1,6489175
7290018566190,false,בוטנים קלויים 200 גר בשקית,,,בוטנים קלויים 200 גר,גרמים,200.00,100 גרם,false,,6.90,0.0345,true,1,6488307
7290018566206,false,אגוז מלך קלופים 150 גר בשקית,,,אגוז מלך קלופים 150,גרמים,150.00,100 גרם,false,,9.90,0.0660,true,1,6490598
7290018566220,false,אגוז ברזיל 200גר נספקים,,,אגוז ברזיל 200גר נספ,גרמים,200.00,100 גרם,false,,29.90,0.1495,true,1,6472184
7290018566237,false,גרעיני חמנייה קלויים במלח 130ג בשקית,,,גרעיני חמנייה קלויים,גרמים,130.00,100 גרם,false,,4.90,0.0377,true,1,6487614
7290018566244,false,גרעיני חמנייה מופחת מלח בשקית,,,גרעיני חמנייה מופחת,גרמים,130.00,100 גרם,false,,4.90,0.0377,true,1,6489780
7290018566251,false,גרעיני דלעת קלוי 150ג בשקית,,,גרעיני דלעת קלוי 150,גרמים,150.00,100 גרם,false,,7.90,0.0527,true,1,6489176
7290018566268,false,צנובר 150 גר נספקים,,,צנובר 150 גר נספקים,גרמים,150.00,100 גרם,false,,29.90,0.1993,true,1,6470352
7290018566275,false,פקאן טבעי 150גר בשקית,,,פקאן טבעי 150גר בשקי,גרמים,150.00,100 גרם,false,,19.90,0.1327,true,1,6475041
7290018566282,false,פיסטוק קלוי 150 גר בשקית,,,פיסטוק קלוי 150 גר ב,גרמים,150.00,100 גרם,false,,19.90,0.1327,true,1,6475175
7290018566299,false,פיצוחים מיקס קלוי 150 גר בשקית,,,פיצוחים מיקס קלוי 15,גרמים,150.00,100 גרם,false,,17.90,0.1193,true,1,6492441
7290018566305,false,גרעיני דלעת קלוף 200גר נספקים,,,גרעיני דלעת קלוף 200,גרמים,200.00,100 גרם,false,,9.90,0.0495,true,1,6472647
7290018566312,false,שקד טבעי 200 גר בשקית,,,שקד טבעי 200 גר בשקי,גרמים,200.00,100 גרם,false,,14.90,0.0745,true,1,6501743
7290018566336,false,גרעיני חמניה קלוף 200גר נספקים,,,גרעיני חמניה קלוף 20,גרמים,200.00,100 גרם,false,,6.90,0.0345,true,1,6472648
7290018566350,false,גרעיני אבטיח קלויים במחבת בשקית,,,גרעיני אבטיח קלויים,יחידה,0.00,יחידה,false,,14.90,0.0000,true,1,6490371
7290018566367,false,שזיף מיובש 300 גר נספקים,,,שזיף מיובש 300 גר נס,גרמים,300.00,100 גרם,false,,17.90,0.0597,true,1,6466373
7290018566374,false,צימוק אוזבקי 300 גר נספקים,,,צימוק אוזבקי 300 גר,גרמים,300.00,100 גרם,false,,15.90,0.0530,true,1,6477509
7290018566381,false,מנגו מיובש 160 גר נספקים,,,מנגו מיובש 160 גר נס,גרמים,160.00,100 גרם,false,,19.90,0.1244,true,1,6467482
7290018566404,false,פסטה ספגטיני,,,פסטה ספגטיני,יחידה,0.00,יחידה,false,,3.50,0.0000,true,1,6490879
7290018566411,false,פסטה ספגטי,,,פסטה ספגטי,יחידה,0.00,יחידה,false,,3.50,0.0000,true,1,6490880
7290018566459,false,פקאן סיני 200 גר נספקים,,,פקאן סיני 200 גר נספ,גרמים,200.00,100 גרם,false,,24.90,0.1245,true,1,6478708
7290018566466,false,פריכיות אורז טעם צילי 100ג שקית,,,פריכיות אורז טעם ציל,גרמים,100.00,100 גרם,false,,7.90,0.0790,true,1,6495593
7290018566473,false,אפונה קלויה 150 גר בשקית,,,אפונה קלויה 150 גר,גרמים,150.00,100 גרם,false,,7.90,0.0527,true,1,6495594
7290018566480,false,פקאן מסוכר 150 גר בשקית,,,פקאן מסוכר 150 גר בש,גרמים,150.00,100 גרם,false,,14.90,0.0993,true,1,6490599
7290018566497,false,צימוק כהה 300 גר נספקים,,,צימוק כהה 300 גר נספ,גרמים,300.00,100 גרם,false,,12.90,0.0430,true,1,6470353
7290018566503,false,אננס מיובש 160גר נספקים,,,אננס מיובש 160גר נספ,גרמים,160.00,100 גרם,false,,16.90,0.1056,true,1,6471931
7290018566527,false,תירס קלוי 150 גר בשקית,,,תירס קלוי 150 גר בש,גרמים,150.00,100 גרם,false,,7.90,0.0527,true,1,6495595
7290018566534,false,רביולי גריל 150 גר בשקית,,,רביולי גריל 150 גר ב,גרמים,150.00,100 גרם,false,,9.90,0.0660,true,1,6495596
7290018566558,false,מנצס 150 גר בשקית,,,מנצס 150 גר בשקית,גרמים,150.00,100 גרם,false,,7.90,0.0527,true,1,6496559
7290018566565,false,קבוקים 150 גר בשקית,,,קבוקים 150 גר בשקית,גרמים,150.00,100 גרם,false,,4.90,0.0327,true,1,6495597
7290018566572,false,בוטנים אמריקאיים מצופים 200ג שקית,,,בוטנים אמריקאיים מצו,גרמים,200.00,100 גרם,false,,6.90,0.0345,true,1,6496560
7290018566596,false,קוקוס מיובש 160גר נספקים,,,קוקוס מיובש 160גר נס,גרמים,160.00,100 גרם,false,,13.90,0.0869,true,1,6471932
7290018566619,false,פסטה פנה,,,פסטה פנה,יחידה,0.00,יחידה,false,,3.50,0.0000,true,1,6490882
7290018566633,false,פסטה פוזילי,,,פסטה פוזילי,יחידה,0.00,יחידה,false,,3.50,0.0000,true,1,6490884
7290018566640,false,פסטה פרפלה,,,פסטה פרפלה,יחידה,0.00,יחידה,false,,3.50,0.0000,true,1,6490885
7290018566657,false,פסטה צדפים,,,פסטה צדפים,יחידה,0.00,יחידה,false,,3.50,0.0000,true,1,6490886
7290018566664,false,פסטה קונכיות,,,פסטה קונכיות,יחידה,0.00,יחידה,false,,3.50,0.0000,true,1,6490887
7290018566671,false,פסטה בוקטיני,,,פסטה בוקטיני,יחידה,0.00,יחידה,false,,3.50,0.0000,true,1,6490888
7290018566688,false,פסטה מסולסלת,,,פסטה מסולסלת,יחידה,0.00,יחידה,false,,3.50,0.0000,true,1,6490889
7290018566718,false,"שמן זית ספרד 750 מ""ל רמילוי",,,"שמן זית ספרד 750 מ""ל",מטרים,750.00,100 מ'ל,false,,13.90,0.0185,true,1,6497297
7290018566831,false,מיץ לימון משומר 200 מל,,,מיץ לימון משומר 200,יח',1.00,יח',false,,5.90,5.9000,true,1,6382227
7290018566848,false,מיץ לימון משומר 1000 מל,,,מיץ לימון משומר 1000,יח',1.00,יח',false,,7.90,7.9000,true,1,6382228
7290018566862,false,קטשופ 720מל רמי לוי,,,קטשופ 720מל רמי לוי,גרמים,720.00,100 גרם,false,,6.90,0.0096,true,1,6423825
7290018566879,false,תה ירוק קלאסי 25 יח רמי לוי,,,תה ירוק קלאסי 25 יח,יח',1.00,יח',false,,6.80,6.8000,true,1,6423826
7290018566886,false,תה ירוק לימונית ולואיזה 25 יח רמי לוי,,,תה ירוק לימונית ולוא,יח',1.00,יח',false,,6.80,6.8000,true,1,6423827
7290018566893,false,תה קמומיל 25 יח רמי לוי,,,תה קמומיל 25 יח רמי,יח',1.00,יח',false,,6.80,6.8000,true,1,6423828
7290018566909,false,תה ירוק נענע 25 יח רמי לוי,,,תה ירוק נענע 25 יח ר,יח',1.00,יח',false,,6.80,6.8000,true,1,6423829
7290018566916,false,ארל גרי 25 יח רמי לוי,,,ארל גרי 25 יח רמי לו,יח',1.00,יח',false,,6.80,6.8000,true,1,6423830
7290018566923,false,תה שחור 100שק רמי לוי,,,תה שחור 100שק רמי לו,יח',1.00,יח',false,,9.90,9.9000,true,1,6423831
7290018566930,false,שמן זית ספרד 750מל רמילוי,,,שמן זית ספרד 750מל ר,מטרים,750.00,100 מ'ל,false,,17.90,0.0239,true,1,6440161
7290018571507,false,סוכריות ויטמין סי לילדים דובונים יד למעלה 175 גרם מיה פלוס,מיה תעשיות מזון מ.ת.מ בעמ,,סוכריות ויטמין סי 17,גרמים,175.00,100 גרם,false,,39.90,0.2280,true,1,6506686
7290018571514,false,סוכריות ויטמין די ילדים דובונים יד למעלה 175 גרם מיה פלוס,מיה תעשיות מזון מ.ת.מ בעמ,,סוכריות ויטמין די 17,גרמים,175.00,100 גרם,false,,39.90,0.2280,true,1,6506687
7290018571521,false,סוכריות מולטי ויטמין ילדים דובונים יד למעלה 175 גרם מיה פלוס,מיה תעשיות מזון מ.ת.מ בעמ,,סוכריות מולטי ויטמין,גרמים,175.00,100 גרם,false,,39.90,0.2280,true,1,6506688
7290018571538,false,סוכריות חורף פרופוליס אכיניציה ילדים דובונים יד למעלה 175 גרם מיה פלוס,מיה תעשיות מזון מ.ת.מ בעמ,,סוכריות חורף פרופולי,גרמים,175.00,100 גרם,false,,39.90,0.2280,true,1,6506689
7290018571545,false,סוכריות ג'לי עם מיצוי כורכומין וג'ינג'ר למבוגרים,מיה תעשיות מזון מ.ת.מ בעמ,,סוכריות כורכומין מבו,גרמים,210.00,100 גרם,false,,39.90,0.1900,true,1,6506690
7290018571552,false,סוכריות ג'לי ללא סוכר עם חומצות שומן אומגה 3 למבוגרים,מיה תעשיות מזון מ.ת.מ בעמ,,סוכריות אומגה 3 ילדי,גרמים,240.00,100 גרם,false,,39.90,0.1662,true,1,6506691
7290018571613,false,סוכריות אומגה 3 מבוגרים אצבעות מיה פלוס 210 גרם ללס,מיה תעשיות מזון מ.ת.מ בעמ,,סוכריות אומגה 3 מבוג,גרמים,210.00,100 גרם,false,,39.90,0.1900,true,1,6506692
7290018571637,false,סוכריות מולטי ויטמין גברים מבוגרים גבעות  220 גרם מיה פלוס,מיה תעשיות מזון מ.ת.מ בעמ,,סוכריות מולטי ויטמין,גרמים,220.00,100 גרם,false,,39.90,0.1814,true,1,6506694
7290018626313,false,שמן קנולה מזוכך 1לי רמילוי,,,שמן קנולה מזוכך 1לי,יח',1.00,יח',false,,8.90,8.9000,true,1,6364237
7290018677131,false,גרנולה קראנצ'י אגוזים ושקדים ללא גלוטן וללא תוספת סוכר נוטרה זן-300 גרם,י.איטליאנו אחזקות בעמ,,גרנולה קראנצי אגוזים,גרמים,300.00,100 גרם,false,,22.90,0.0763,true,1,6388143
7290018677148,false,גרנולה קראנצ'י שוקולד וקוקוס ללא גלוטן וללא תוספת סוכר נוטרה זן-300 גרם,י.איטליאנו אחזקות בעמ,,גרנולה קראנצי שוקולד,גרמים,300.00,100 גרם,false,,22.90,0.0763,true,1,6388144
7290018677155,false,תער`קמחים רב תכליתית ללא גלוטון 500 גר`,י.איטליאנו אחזקות בעמ,,"תערובת קמחים לל""ג 50",גרמים,500.00,100 גרם,false,,16.90,0.0338,true,1,6388145
7290018677162,false,תער`קמחים רב תכליתית ללא גלוטון 500 ג,י.איטליאנו אחזקות בעמ,,תערובת רב תכליתית לל,גרמים,500.00,100 גרם,false,,22.90,0.0458,true,1,6388146
7290018703311,false,פראוד - חטיף חלבון קרם עוגיות קראנצ' 60ג,דיפלומט מפיצים (1968) בעמ**,,פראוד - חטיף חלבון ק,גרמים,60.00,100 גרם,false,,11.90,0.1983,true,1,6453807
7290018703496,false,פראוד - חטיף חלבון בטעם בננה טופי 60 גרם,דיפלומט מפיצים (1968) בעמ**,,פראוד - חטיף חלבון ב,גרמים,60.00,100 גרם,false,,11.90,0.1983,true,1,6453808
7290018708125,false,בארכה חלבה מסולסלת וניל 250 גרם,קבוצת אוסם סחר שותפות מוגבלת,,בארכה חלבה מסולסלת ו,גרמים,250.00,100 גרם,false,,13.90,0.0556,true,1,6418937
7290018708132,false,חלבה בארכה וניל פיסטוק ללא סוכר 250גר,קבוצת אוסם סחר-שות.מוגבלת,,בארכה חלבה מסולסלת ש,גרמים,250.00,100 גרם,false,,13.90,0.0556,true,1,6418938
7290018710234,false,אבקת אפייה עשירייה רמילוי,,,אבקת אפייה עשירייה ר,יח',1.00,יח',false,,1.60,1.6000,true,1,6362208
7290018710241,false,סוכר וניל עשירייה רמילוי,,,סוכר וניל עשירייה רמ,יח',1.00,יח',false,,1.60,1.6000,true,1,6362209
7290018710258,false,קורנפלור 200גר רמילוי,,,קורנפלור 200גר רמילו,גרמים,200.00,100 גרם,false,,2.50,0.0125,true,1,6362210
7290018710265,false,סודה לשתייה 100גר רמילוי,,,סודה לשתייה 100גר רמ,גרמים,100.00,100 גרם,false,,1.60,0.0160,true,1,6362211
7290018710272,false,שומשום 200גר רמילוי,,,שומשום 200גר רמילוי,גרמים,200.00,100 גרם,false,,5.50,0.0275,true,1,6362212
7290018710289,false,שומשום 400גר רמילוי,,,שומשום 400גר רמילוי,גרמים,400.00,100 גרם,false,,8.90,0.0223,true,1,6362213
7290018710296,false,קוקוס טחון 200גר רמילוי,,,קוקוס טחון 200גר רמי,גרמים,200.00,100 גרם,false,,4.90,0.0245,true,1,6362214
7290018710302,false,קוקוס טחון 500גר רמילוי,,,קוקוס טחון 500גר רמי,גרמים,500.00,100 גרם,false,,11.90,0.0238,true,1,6362215
7290018710319,false,אבקת סוכר 100גר רמילוי,,,אבקת סוכר 100גר רמיל,גרמים,100.00,100 גרם,false,,1.80,0.0180,true,1,6362216
7290018710326,false,אבקת סוכר 500גר רמילוי,,,אבקת סוכר 500גר רמיל,גרמים,500.00,100 גרם,false,,6.80,0.0136,true,1,6362217
7290018710333,false,מלח לימון 100גר רמילוי,,,מלח לימון 100גר רמיל,גרמים,100.00,100 גרם,false,,4.90,0.0490,true,1,6362218
7290018710340,false,מלח לימון 400גר רמילוי,,,מלח לימון 400גר רמיל,גרמים,400.00,100 גרם,false,,11.90,0.0298,true,1,6362219
7290018710371,false,סוכר חום דמררה 1קג רמילוי,,,סוכר חום דמררה 1קג ר,קילוגרמים,1.00,"ק""ג",false,,9.90,9.9000,true,1,6411130
7290018710678,false,קמח תפוא רמי לוי 500,,,קמח תפוא רמי לוי 500,גרמים,500.00,100 גרם,false,,5.90,0.0118,true,1,6437535
7290018711071,false,מיונז אמיתי 500ג רמילוי,,,מיונז אמיתי 500ג רמי,גרמים,500.00,100 גרם,false,,7.90,0.0158,true,1,6415971
7290018711088,false,מיונז אמיתי 1קג רמילוי,,,מיונז אמיתי 1קג רמיל,גרמים,1000.00,100 גרם,false,,13.90,0.0139,true,1,6415972
7290018724071,false,"קקאו אורגני ""נטורלה"" 100 גרם",לוקס פרודקטס,,קקאו אורגנה נטורלה 1,גרמים,100.00,100 גרם,false,,14.90,0.1490,true,1,6388147
7290018724606,false,סודה לשתייה לא אלומיניום 350 גרם,י.איטליאנו אחזקות בעמ,,סודה לשתיה ללא אלומנ,גרמים,350.00,100 גרם,false,,13.90,0.0397,true,1,6360078
7290018795842,false,שיני שום קלופות 500ג מרינה,קונס`-מרינה פטריות הגליל בעמ*ש,,שיני שום קלופות 500ג,גרמים,500.00,100 גרם,false,,16.90,0.0338,true,1,6479671
7290018817254,false,דונאטס קרמל מארז 4יח,,,דונאטס קרמל מארז 4יח,100 יח,284.00,100 יח,false,,24.90,0.0877,true,1,6471303
7290018835005,false,אקסטרה צ'יפס אורז חום מלא מלח פלפל שמן זית 60 גרם,א.ל. ייצור ושיווק תבלינים בע`מ,,אקסטרה ציפס אורז חום,גרמים,60.00,100 גרם,false,,6.90,0.1150,true,1,6404384
7290018835012,false,באר אקסטרה בציפוי שוקולד חלב 5 יח 90 גר,א.ל ייצור ושיווק תבלינים בעמ,,חטיף אורז אקסטרה בצי,גרמים,90.00,100 גרם,false,,12.50,0.1389,true,1,6476412
7290018835043,false,תערובת תיבול סטייק מונטריאול 140 גרם,א.ל.יצור ושיווקתבלינים בעמ,,תערובת תיבול סטייק מ,גרמים,140.00,100 גרם,false,,16.90,0.1207,true,1,6506889
7290018860717,false,אטריות אורז 454גר ללא גלוטן,סא ג'אנג אוספורט,,אטריות אורז 454גר לל,גרמים,454.00,100 גרם,false,,10.90,0.0240,true,1,6426223
7290018878002,false,אגו מיקס קרקר מצופה שוקולד חלב כרמית 55 גרם,כרמית תעשיות ממתקים בעמ,,אגו מיקס קרקר מצופה,גרמים,55.00,100 גרם,false,,3.90,0.0709,true,1,6431548
7290018878019,false,"כרמית שוקולד צ'יפס מריר 250 גר' כשל""פ",כרמית תעשיות ממתקים בעמ,,שוקולד ציפס מריר 47%,גרמים,250.00,100 גרם,false,,9.90,0.0396,true,1,6437446
7290018878088,false,שלשות שוקולד ללס מריר ב.יוסף 85ג*3*18בקרט,"כרמית תעשיות ממתקים בע""\",,"שלשות שוקולד לל""תס ח",גרמים,255.00,100 גרם,false,,14.70,0.0576,true,1,6437449
7290018878125,false,שלישיית שוקולד לבן ללא סוכר 85 גרם,"כרמית תעשיות ממתקים בע""\",,שוקולד לבן ללא סוכר,גרמים,300.00,100 גרם,false,,14.70,0.0490,true,1,6465399
7290018878170,false,אגו שוקולד מריר 60% מוצקי קקאו 2*100גר,כרמית תעשיות ממתקים בעמ,,אגו זוג שוקולד מריר,גרמים,200.00,100 גרם,false,,8.90,0.0445,true,1,6448080
7290018878224,false,עוגיות מיני קוקיס שוקולד בצנצנת כרמית 600 גרם,כרמית,,מיני קוקיס טעם שוקול,גרמים,600.00,100 גרם,false,,15.90,0.0265,true,1,6448081
7290018878231,false,"מיני קוקיס לל""ס בטעם שוקולד 600 גרם",Carmit,,"מיני קוקיס לל""ס שוקו",גרמים,600.00,100 גרם,false,,18.90,0.0315,true,1,6448082
7290018878798,false,מטבעות שוקולד חלב צבעוני 36 גרם כרמית,כרמית תעשיות ממתקים בעמ,,מטבעות צבעוני שוקולד,גרמים,36.00,גרם,false,,2.90,0.0806,true,1,6506782
7290018879801,false,טופי ממולא בטעם פירות כרמית 40 גרם,כרמית תעשיות ממתקים בעמ,,טופי ממולא טעם פירות,יח',1.00,יח',false,,1.20,1.2000,true,1,6394890
7290018879825,false,מטבעות שוקולד לבן 36 גרם כרמית,כרמית תעשיות ממתקים בעמ,,מטבעות שוקולד לבן 36,גרמים,36.00,גרם,false,,2.90,0.0806,true,1,6506783
7290018879979,false,מרשמלו רגיל לבן בטעם וניל 150 גרם ויסטהיים,כרמית תעשיות ממתקים בעמ,,מרשמלו לבן 150גר כרמ,גרמים,150.00,100 גרם,false,,4.50,0.0300,true,1,6429747
7290018886991,false,שמן קנולה מזוכך 1לי- בית יוסף,סקנולה,,שמן קנולה מזוכך 1לי-,יח',1.00,יח',false,,8.90,8.9000,true,1,6413964
7290018893029,false,פרימיום שוקולד מריר 85% רמילוי,,,פרימיום שוקולד מריר,גרמים,100.00,100 גרם,false,,5.80,0.0580,true,1,6408718
7290018893036,false,צ'וקטה ביסקוויט בטעם שוקוטלד במילוי קרם בטעם וניל 176 גרם,ש. שסטוביץ בע`מ,,ביסקוויט סנדביץ בטעם,גרמים,176.00,100 גרם,false,,6.90,0.0392,true,1,6405209
7290018893043,false,ממרח אגוזי לוז 350 גר רמילוי,,,ממרח אגוזי לוז 350 ג,גרמים,350.00,100 גרם,false,,9.90,0.0283,true,1,6408739
7290018893074,false,עוגת שכבות מילוי קרם קקאו צ'וקטה 400 גרם,ש.שסטוביץ בעמ,,צוקטה עוגת שכבות שוק,גרמים,400.00,100 גרם,false,,11.90,0.0298,true,1,6401495
7290018893081,false,עוגות מגולגלות במילוי קרם חלבי וציפוי בטעם שוקולד,ש. שסטוביץ בע`מ,,צוקטה עוגות מגולגלות,גרמים,222.00,100 גרם,false,,8.80,0.0396,true,1,6401496
7290018893111,false,צ'וקטה שוקולד מריר בלגי 70% 100 גרם,ש. שסטוביץ בע`מ,,צוקטה שוקולד מריר בל,גרמים,100.00,100 גרם,false,,8.90,0.0890,true,1,6423060
7290018893227,false,פרימיום שוקולד חלב מעולה 34% רמילוי,,,פרימיום שוקולד חלב מ,גרמים,100.00,100 גרם,false,,5.80,0.0580,true,1,6408740
7290018893258,false,צ'וקטה עוגות אישיות במילוי קרם קרמל ובציפוי בטעם שוקולד 300 גרם,פרדי קונדיטוריה אס.פ,,צ'וקטה עוגות אישיות,גרמים,300.00,100 גרם,false,,11.90,0.0397,true,1,6394991
7290018893272,false,צוקטה בונבוניירה צדפות בלגי יוגטה 125 גרם,ש. שסטוביץ בע`מ,,צוקטה בונבוניירה צדפ,גרמים,125.00,100 גרם,false,,10.90,0.0872,true,1,6405211
7290018893289,false,צ'וקטה עוגות מגולגלות בטעם קקאו במילוי קרם קקאו וציפוי בטעם שוקולד 6 יח' 222 גרם,ש. שסטוביץ בע`מ,,צוקטה עוגות מגולגלות,גרמים,222.00,100 גרם,false,,8.80,0.0396,true,1,6401497
7290018893319,false,צ'וקטה שוקולד מריר בלגי 85% 100 גרם משולש K,ש. שסטוביץ בע`מ,,צוקטה שוקולד מריר בל,גרמים,100.00,100 גרם,false,,8.90,0.0890,true,1,6423062
7290018893401,false,צ'וקטה שוקולד מריר מוצקי קקאו 100 70% גרם,ש.שסטוביץ בעמ,,צ'וקטה שוקולד מריר 7,גרמים,100.00,100 גרם,false,,8.90,0.0890,true,1,6405187
7290018893418,false,שישיית צ'וקטה שוקולד מריר 60% מוצקי קקאו,ש. שסטוביץ בע`מ,,צוקטה שוקולד מריר שי,גרמים,600.00,100 גרם,false,,21.80,0.0363,true,1,6401498
7290018893449,false,עלי וופל דקים במילוי קרמל צ'וקטה 175 גרם,ש. שסטוביץ בע`מ,,עלי וופל במילוי קרמל,גרמים,175.00,100 גרם,false,,9.90,0.0566,true,1,6405213
7290018893456,false,צ'וקטה עוגות אישיות במילוי קרם ובציפוי בטעם שוקולד 300 גרם,"פרדי קונדיטוריה אס,פי.אי",,צ'וקטה עוגות אישיות,גרמים,300.00,100 גרם,false,,11.90,0.0397,true,1,6394993
7290018893487,false,צ`וקוטה עוגות אישיות טעם קוקוס 350 גרם,פרדי קונדטוריה אס פי,,צוקטה עוגות אישיות ק,גרמים,350.00,100 גרם,false,,11.90,0.0340,true,1,6401499
7290018893494,false,עלי וופל דקים בטעם חמאה צ'וקטה 100 גרם,דיסטרופר אוליבייר,,עלי וופל דקים בטעם ח,יח',1.00,יח',false,,9.90,9.9000,true,1,6405214
7290018893500,false,צ'וקטה עוגיות סנדביץ שוקו 180 גרם חלב נכרי,ש.שסטוביץ בעמ,,צ'וקטה עוגיות סנדביץ,גרמים,180.00,100 גרם,false,,4.90,0.0272,true,1,6430512
7290018893616,false,מארז צוקטה שוקולד מריר 48% 6*100 גר,ש. שסטוביץ בע`מ,,שוקולד צוקטה מריר 48,גרמים,600.00,100 גרם,false,,19.90,0.0332,true,1,6405216
7290018893647,false,עוגיות סנדוויץ במילוי קרם וניל בציפוי שוקולד 150 גרם צ'וקטה,ש.שסטוביץ בעמ,,צ'וקטה עוגיות סנדביץ,גרמים,150.00,100 גרם,false,,7.90,0.0527,true,1,6405217
7290018893685,false,צ'וקולטה עוגות אישיות חלב 350גר רמילוי,,,צ'וקולטה עוגות אישיו,גרמים,350.00,100 גרם,false,,9.90,0.0283,true,1,6408720
7290018893708,false,עוגיות סנדוויץ' במילוי קרם בטעם שוקולד,ש.שסטוביץ בעמ,,צ'וקטה עוגיות סנדביץ,גרמים,250.00,100 גרם,false,,6.90,0.0276,true,1,6430513
7290018893753,false,עלי וופל חמאה בטעם לימון 100 גר` צוקטה,ש.שסטוביץ בעמ,,עלי וופל דקים בטעם ל,גרמים,100.00,גרם,false,,9.90,0.0990,true,1,6478799
7290018893807,false,צוקטה בטעם שוקולד מריר 60% 3 יח' 300 גרם,אייברקקאו אס אי. יו,,צ'וקטה שוקולד מריר 6,גרמים,300.00,100 גרם,false,,10.90,0.0363,true,1,6405218
7290018893814,false,צ'וקטה חמישיית שוקולד מריר 48%,הדקלאים אגודת שיתופי,,שוקולד מריר 48% חמיש,גרמים,500.00,100 גרם,false,,15.90,0.0318,true,1,6405219
7290018893838,false,פרימיום שוקולד מריר 70% רמילוי,,,פרימיום שוקולד מריר,גרמים,100.00,100 גרם,false,,5.80,0.0580,true,1,6408744
7290018893845,false,פתי בר ביסקוויט בטעם חמאה 400 גרם צ'וקטה,ש. שסטוביץ בע`מ,,צוקטה פתי בר טעם חמא,גרמים,400.00,100 גרם,false,,6.90,0.0173,true,1,6401500
7290018893876,false,עוגות אישיות רכות עם מילוי קרם בטעם וניל,פרדי קונדיטוריה אס.פ,,צוקטה עוגות אישיות ו,גרמים,200.00,100 גרם,false,,10.90,0.0545,true,1,6394995
7290018893883,false,עוגות אישיות במילוי ובציפוי 350ג רמילוי,,,עוגות אישיות במילוי,גרמים,350.00,100 גרם,false,,9.90,0.0283,true,1,6408745
7290018893937,false,לוקיטוס סוכריות ג'לי בטעמי פירות 300 גרם,ש. שסטוביץ בע`מ,,לוקיטוס סוכריות ג'לי,גרמים,300.00,100 גרם,false,,9.90,0.0330,true,1,6501479
7290018894002,false,קוביות וופל במילוי קרם קקאו - חלבי,ש. שסטוביץ בע`מ,,בלקוני וופל קוביות ק,גרמים,250.00,100 גרם,false,,9.90,0.0396,true,1,6430514
7290018894019,false,עוגות אישיות במילוי קרם חלבי ובציפוי קרם קקאו,ש. שסטוביץ בע`מ,,בלקוני עוגות מיקס מק,גרמים,350.00,100 גרם,false,,13.90,0.0397,true,1,6430515
7290018894200,false,וופל קוביות ווניל בלקוני 250 גרם,ש. שסטוביץ בע`מ,,בלקוני וופל קוביות ו,גרמים,250.00,100 גרם,false,,9.90,0.0396,true,1,6430516
7290018894217,false,עוגות אישיות במילוי קרם קקאו ובציפוי קרם קקאו,ש. שסטוביץ בע`מ,,בלקוני עוגות מיקס מק,גרמים,350.00,100 גרם,false,,14.90,0.0426,true,1,6430517
7290018894408,false,קוביות וופל במילוי קרם אגוזי לוז - חלבי,ש. שסטוביץ בע`מ,,בלקוני וופל קוביות א,גרמים,250.00,100 גרם,false,,9.90,0.0396,true,1,6430518
7290018894606,false,בלקוני וופל קקאו 175 גרם חלבי OU,ש. שסטוביץ בע`מ,,בלקוני וופל קקאו 175,גרמים,175.00,100 גרם,false,,7.90,0.0451,true,1,6430520
7290018894804,false,וופלים במילוי קרם אגוזי לוז - חלבי,ש. שסטוביץ בע`מ,,בלקוני וופל אגוזים 1,גרמים,175.00,100 גרם,false,,7.90,0.0451,true,1,6430521
7290018904404,false,שערות קדאיף מזאווי 4,א.ג בחירה חכמה בעמ,,שערות קדאיף 450 גרם,גרמים,450.00,100 גרם,false,,13.90,0.0309,true,1,6513320
7290018921067,false,"ד""ר פישר - אפקטיב קר תחליב רחצה שמן שקדים 700 מ""ל","פישר תעשיות פרמצביטות בע""מ",,אפקטיב קר תחליב רחצה,מטרים,700.00,100 מ'ל,false,,16.90,0.0241,true,1,6408763
7290018921166,false,קמיל אל סבון להזנת העור מועשר באצות-ים 1 ליטר,פישר תעשיות פרמבצטיות בעמ,,קמיל אל סבון היגייני,100 מל,1000.00,100 מל,false,,15.80,0.0158,true,1,6401218
7290018921203,false,"קמיל בלו קרם החתלה קמומיל 120 ג' ד""ר פישר",פישר תעשיות פרמבצטיות בעמ,,קמיל בלו משחת החתלה,גרמים,120.00,100 גרם,false,,18.90,0.1575,true,1,6460917
7290018921265,false,"אפקטיב קר תחליב רחצה מועשר בתמצית אלוורה 700 מ""ל","פישר תעשיות פרמצבטיות בע""מ",,אפקטיב קר תחליב רחצה,מטרים,700.00,100 מ'ל,false,,16.90,0.0241,true,1,6408764
7290018921609,false,"ד""ר פישר - קמיל בלו קרם החתלה קלנדולה 120 גרם","פישר תעשיות פרמצבטיות בע""מ",,קמיל בלו משחת החתלה,גרמים,120.00,100 גרם,false,,21.90,0.1825,true,1,6460918
7290018921654,false,"ד""ר פישר - אפקטיב קר תחליב רחצה תמצית לוונדר 700 מ""ל","פישר תעשיות פרמצביטות בע""מ",,אפקטיב קר תחליב רחצה,מטרים,700.00,100 מ'ל,false,,16.90,0.0241,true,1,6408766
7290018921807,false,"קמיל בלו משחת החתלה צמחי מרפא 120 ג' ד""ר פישר","פישר תעשיות פרמצבטיות בע""מ",,קמיל בלו משחת החתלה,גרמים,120.00,100 גרם,false,,21.90,0.1825,true,1,6460919
7290018925065,false,מיץ תפוזים סחוט פרימור (2 ליטר),שטראוס גרופ בעמ/מצונן,,מיץ תפוזים פרימור 2,ליטרים,2.00,ליטר,false,,24.20,12.1000,true,1,6410889
7290018925089,false,"מיץ פרימור תפו""ע צלול סחוט 2 ליטר-",שטראוס גרופ בעמ/מצונן,,"מיץ תפו""ע צלול פרימו",ליטרים,2.00,ליטר,false,,24.20,12.1000,true,1,6410891
7290018925096,false,משקה קל תפוזים פרימור 1.5 ליטר,פרימור,,פרימור משקה קל תפוזי,ליטרים,1.50,ליטר,false,,7.90,5.2667,true,1,6411408
7290018925102,false,משקה קל ענבים פרימור 1.5 ליטר,גניר (1992) בעמ,,פרימור משקה קל ענבים,ליטרים,1.50,ליטר,false,,7.90,5.2667,true,1,6411409
7290018925119,false,משקה קל דיאט אשכוליות פרימור 1.5 ליטר,פרימור,,פרימור משקה קל דיאט,ליטרים,1.50,ליטר,false,,7.50,5.0000,true,1,6411410
7290018925126,false,משקה קל תפוחי עץ פרימור 1.5 ליטר,גניר (1992) בעמ,,"פרימור משקה קל תפו""ע",ליטרים,1.50,ליטר,false,,7.90,5.2667,true,1,6411411
7290018925133,false,פרימור משקה קל מנגו ‏5‏.‏1‏ ליטר,פרימור,,פרימור משקה קל מנגו,ליטרים,1.50,ליטר,false,,7.90,5.2667,true,1,6411412
7290018925140,false,משקה קל אשכוליות פרימור 1.5 ליטר,פרימור,,פרימור משקה קל אשכול,ליטרים,1.50,ליטר,false,,7.90,5.2667,true,1,6411413
7290018925157,false,משקה קל לימונים פרימור 1.5 ליטר,פרימור,,פרימור משקה קל לימונ,ליטרים,1.50,ליטר,false,,7.90,5.2667,true,1,6411414
7290018989005,false,שלישיית פולפה עגבניות טבעי יכין 400X3 גרם,זנלכול יכין,,יכין פולפה טבעית 400,גרמים,1200.00,100 גרם,false,,16.50,0.0138,true,1,6426193
7290018989081,false,יכין חומוס הבית להכנת חומוס טרי 410 גי,זנלכל בעמ,,יכין חומוס הבית להכנ,גרמים,410.00,100 גרם,false,,7.70,0.0188,true,1,6461740
7290018989128,false,סירופ בטעם ענבים יכין 1 ליטר,זנלכול יכין,,יכין סירופ בטעם ענבי,מטרים,1000.00,100 מ'ל,false,,18.90,0.0189,true,1,6461741
7290018989135,false,סירופ 1 ליטר פטל יכין ליטר,זנלכול יכין,,יכין סירופ בטעם פטל,מטרים,1000.00,100 מ'ל,false,,18.90,0.0189,true,1,6461742
7290019035220,false,תערובת פירות יער קפוא 600ג' פילד גוד,קונגלדוס אקיואטוריאנ,,מיקס פירות 600 גר,גרמים,600.00,100 גרם,false,,29.90,0.0498,true,1,6444331
7290019035329,false,מיקס פירות תות קפוא 600 ג' פילד גוד,קונגלדוס אקיואטוריאנ,,מיקס פירות 600 גר,גרמים,600.00,100 גרם,false,,29.90,0.0498,true,1,6444334
7290019038313,false,עוגל'ה בטעם שוקולד ללא תוספת סוכר 350 גרם,,,עוגה טעם שוקולד ללא,גרמים,350.00,100 גרם,false,,10.90,0.0311,true,1,6431575
7290019038719,false,שישיית מי סודה מוגז רמילוי 250מל,,,שישיית מי סודה מוגז,מטרים,1500.00,100 מ'ל,false,,11.90,0.0079,true,1,6394372
7290019038726,false,שישיית סודה נענע ליים מוגז רמילוי 250מל,,,שישיית סודה נענע ליי,מטרים,1500.00,100 מ'ל,false,,11.90,0.0079,true,1,6394373
7290019038733,false,שישיית סודה לימון מוגז רמילוי 250מל,,,שישיית סודה לימון מו,מטרים,1500.00,100 מ'ל,false,,11.90,0.0079,true,1,6394374
7290019044000,false,"תפו""א לבן ארוז",,,"תפו""א לבן ארוז",קילוגרמים,1.00,"ק""ג",true,,4.90,4.9000,true,1,6398245
7290019056027,false,שוופס מוגז פירות תפוחים ללא סוכר 1.5 ליטר פיקדון,יפאורה - שותפות מוגבלת לשיווק,,משקה מוגז פירות תפוח,ליטרים,1.50,ליטר,false,,7.90,5.2667,true,1,6409455
7290019056034,false,שוופס מוגז פירות אננס ללא סוכר 1.5 ליטר פיקדון,יפאורה - שותפות מוגבלת לשיווק,,משקה מוגז פירות אננס,ליטרים,1.50,ליטר,false,,7.90,5.2667,true,1,6409456
7290019056041,false,שוופס מוגז פירות לימונייד ללא סוכר 1.5 ליטר פיקדון,יפאורה - שותפות מוגבלת לשיווק,,משקה מוגז פירות לימו,ליטרים,1.50,ליטר,false,,7.90,5.2667,true,1,6409457
7290019056058,false,שוופס מוגז עדין תפוח ליים 1.5 ליטר פיקדון,יפאורה - שותפות מוגבלת לשיווק,,שוופס מוגז עדין תפוח,ליטרים,1.50,ליטר,false,,8.30,5.5333,true,1,6409458
7290019056065,false,שוופס מוגז עדין פירות יער 1.5 ליטר פיקדון,יפאורה - שותפות מוגבלת לשיווק,,שוופס מוגז עדין פירו,ליטרים,1.50,ליטר,false,,8.30,5.5333,true,1,6409459
7290019056072,false,שוופס מוגז עדין אננס 1.5 ליטר פיקדון,יפאורה - שותפות מוגבלת לשיווק,,שוופס מוגז עדין אננס,ליטרים,1.50,ליטר,false,,8.30,5.5333,true,1,6409460
7290019056089,false,שוופס מוגז עדין ענבי ריזלינג 1.5 ליטר פיקדון,יפאורה - שותפות מוגבלת לשיווק,,שוופס מוגז עדין ענבי,ליטרים,1.50,ליטר,false,,8.30,5.5333,true,1,6409461
7290019056096,false,שוופס מוגז עדין אפרסק 1.5 ליטר פיקדון,יפאורה - שותפות מוגבלת לשיווק,,שוופס מוגז עדין אפרס,ליטרים,1.50,ליטר,false,,8.30,5.5333,true,1,6409462
7290019056126,false,שוופס סודה לימון 1.5 ליטר בק' בודד פיקדון,יפאורה - שותפות מוגבלת לשיווק,,סודה לימון שוופס 1.5,ליטרים,1.50,ליטר,false,,3.20,2.1333,true,1,6409464
7290019056133,false,שוופס סודה נענע ליים 1.5 ליטר בק' בודד,יפאורה שותפות מוגבלת לשיווק,,סודה נענע ליים שוופס,ליטרים,1.50,ליטר,false,,3.20,2.1333,true,1,6409465
7290019056157,false,שוופס סודה פירות יער 1.5 ליטר בק' בודד פיקדון,יפאורה - שותפות מוגבלת לשיווק,,סודה פירות יער שוופס,ליטרים,1.50,ליטר,false,,3.20,2.1333,true,1,6409467
7290019056164,false,שוופס סודה 1.5 ליטר רביעייה פיקדון,יפאורה - שותפות מוגבלת לשיווק,,סודה שוופס 4*1.5 ליט,ליטרים,6.00,ליטר,false,,11.50,1.9167,true,1,6409468
7290019056171,false,שוופס סודה לימון 1.5 ליטר רביעייה פיקדון,יפאורה - שותפות מוגבלת לשיווק,,סודה לימון שוופס 4*1,ליטרים,6.00,ליטר,false,,11.50,1.9167,true,1,6409469
7290019056188,false,מארז רביעיית סודה בטעם נענע ליים 1.5 ל' שוופס,יפאורה - שותפות מוגבלת לשיווק,,סודה נענע ליים שוופס,ליטרים,6.00,ליטר,false,,11.50,1.9167,true,1,6409470
7290019056201,false,מארז רביעיית סודה בטעם פירות יער 1.5 ל' שוופס,יפאורה - שותפות מוגבלת לשיווק,,סודה פירות יער שוופס,ליטרים,6.00,ליטר,false,,11.50,1.9167,true,1,6409472
7290019056232,false,משקה מוגז בטעם ליים מוחיטו 1.5 ל' שוופס,יפאורה - שותפות מוגבלת לשיווק,,שוופס מוגז עדין מוחי,ליטרים,1.50,ליטר,false,,8.50,5.6667,true,1,6409473
7290019056249,false,שוופס מים בטעמים ענבים 1.5 ליטר פיקדון,יפאורה - שותפות מוגבלת לשיווק,,מים בטעם ענבים שוופס,ליטרים,1.50,ליטר,false,,7.80,5.2000,true,1,6409407
7290019056256,false,שוופס מים בטעמים תפוחים 1.5 ליטר פיקדון,יפאורה - שותפות מוגבלת לשיווק,,מים בטעם תפוחים שוופ,ליטרים,1.50,ליטר,false,,7.80,5.2000,true,1,6409408
7290019056263,false,שוופס מים בטעמים אפרסק 1.5 ליטר פיקדון,יפאורה - שותפות מוגבלת לשיווק,,מים בטעם אפרסק שוופס,ליטרים,1.50,ליטר,false,,7.80,5.2000,true,1,6409409
7290019056270,false,שוופס מים בטעמים פירות יער 1.5 ליטר פיקדון,יפאורה - שותפות מוגבלת לשיווק,,מים בטעם פירות יער ש,ליטרים,1.50,ליטר,false,,7.80,5.2000,true,1,6409410
7290019056287,false,שוופס מים בטעמים אפרסק ללא סוכר 1.5 ליטר פיקדון,יפאורה - שותפות מוגבלת לשיווק,,מים בטעם אפרסק לייט,ליטרים,1.50,ליטר,false,,7.90,5.2667,true,1,6409411
7290019056294,false,שוופס ג'ינג'ר אייל 1.5 ליטר פיקדון,יפאורה - שותפות מוגבלת לשיווק,,סודה ג'ינג'ר אייל שו,ליטרים,1.50,ליטר,false,,11.90,7.9333,true,1,6409494
7290019056300,false,משקה בטעם ביטר לימון 1.5 ל' שוויפס,יפאורה - שותפות מוגבלת לשיווק,,ביטר למון שוופס 1.5,ליטרים,1.50,ליטר,false,,11.90,7.9333,true,1,6409495
7290019056317,false,משקה בטעם ראשן 1.5 ל' שוופס,יפאורה - שותפות מוגבלת לשיווק,,ראשן שוופס 1.5 ליטר,ליטרים,1.50,ליטר,false,,11.90,7.9333,true,1,6409496
7290019056324,false,משקה בטעם טוניק 1.5 ל' שוופס,יפאורה - שותפות מוגבלת לשיווק,,טוניק שוופס 1.5 ליטר,ליטרים,1.50,ליטר,false,,11.90,7.9333,true,1,6409497
7290019056331,false,שוופס טוניק ללא סוכר 1.5 ליטר פיקדון,יפאורה - שותפות מוגבלת לשיווק,,טוניק ללא סוכר שוופס,ליטרים,1.50,ליטר,false,,11.50,7.6667,true,1,6409498
7290019056355,false,תפוזינה לימונדה מיקס לימונענע 1.5 ליטר,יפאורה - שותפות מוגבלת לשיווק,,תפוזינה לימונענע 1.5,ליטרים,1.50,ליטר,false,,7.90,5.2667,true,1,6409374
7290019056362,false,תפוזינה משקה קל ענבים 1.5 ליטר,יפאורה - שותפות מוגבלת לשיווק,,תפוזינה ענבים 1.5 לי,ליטרים,1.50,ליטר,false,,7.90,5.2667,true,1,6409375
7290019056379,false,משקה קל תפוזינה 1.5 ליטר תפוזים,יפאורה - שותפות מוגבלת לשיווק,,תפוזינה תפוזים 1.5 ל,ליטרים,1.50,ליטר,false,,7.90,5.2667,true,1,6409412
7290019056386,false,משקה קל תפוזינה 1.5 ליטר אשכוליות,יפאורה - שותפות מוגבלת לשיווק,,תפוזינה אשכוליות 1.5,ליטרים,1.50,ליטר,false,,7.90,5.2667,true,1,6409413
7290019056393,false,משקה קל תפוזינה 1.5 ליטר תות בננה,יפאורה - שותפות מוגבלת לשיווק,,תפוזינה תות בננה 1.5,ליטרים,1.50,ליטר,false,,7.90,5.2667,true,1,6409414
7290019056409,false,תפוזינה משקה קל מנגו עסיסי1.5ליטר,יפאורה - שותפות מוגבלת לשיווק,,תפוזינה מנגו 1.5 לי,ליטרים,1.50,ליטר,false,,7.90,5.2667,true,1,6409415
7290019056416,false,מיץ בטעם לימונדה ורודה 1.5 ל' תפוזינה,יפאורה - שותפות מוגבלת לשיווק,,תפוזינה לימונדה ורוד,ליטרים,1.50,ליטר,false,,7.90,5.2667,true,1,6409416
7290019056423,false,תפוזינה משקה קל תפוח רענן 1.5ליטר,יפאורה - שותפות מוגבלת לשיווק,,תפוזינה תפוחים 1.5 ל,ליטרים,1.50,ליטר,false,,7.90,5.2667,true,1,6409417
7290019056430,false,משקה קל תפוזינה 1.5 ליטר תפוזים לייט,יפאורה - שותפות מוגבלת לשיווק,,תפוזינה תפוזים לייט,ליטרים,1.50,ליטר,false,,7.80,5.2000,true,1,6409418
7290019056447,false,משקה קל תפוזינה 1.5 ליטר אשכוליות לייט,יפאורה - שותפות מוגבלת לשיווק,,תפוזינה אשכוליות ליי,ליטרים,1.50,ליטר,false,,7.80,5.2000,true,1,6409419
7290019056454,false,משקה מוגז בטעם קולה 1.5 ל' אר סי,יפאורה - שותפות מוגבלת לשיווק,,קולה אר סי 1.5 ליטר,ליטרים,1.50,ליטר,false,,6.60,4.4000,true,1,6409499
7290019056461,false,מארז משקה בטעם קולה שישייה * 1.5 ל' אר.סי,יפאורה שותפות מוגבלת לשיווק,,ארסי קולה שישייה 1.5,ליטרים,9.00,ליטר,false,,37.90,4.2111,true,1,6409500
7290019056478,false,ספרינג טי קר אפרסק 1.5ליטר פיקדון,יפאורה - שותפות מוגבלת לשיווק,,תה קר בטעם אפרסק ספר,ליטרים,1.50,ליטר,false,,7.20,4.8000,true,1,6409420
7290019056485,false,ספריג תה ירוק לימון לואיזה 1.5 ליטר פיקדון,יפאורה - שותפות מוגבלת לשיווק,,תה קר לימון לואיזה ס,ליטרים,1.50,ליטר,false,,7.20,4.8000,true,1,6409421
7290019056492,false,ספרינג תה מנגו אפרסק 1.5 ליטר פיקדון,יפאורה - שותפות מוגבלת לשיווק,,תה קר מנגו אפרסק ספר,ליטרים,1.50,ליטר,false,,7.20,4.8000,true,1,6409422
7290019056508,false,פרוט ווטר ענבים 1.5 ליטר פיקדון,יפאורה - שותפות מוגבלת לשיווק,,פרוט ווטר ענבים 1.5,ליטרים,1.50,ליטר,false,,7.90,5.2667,true,1,6409423
7290019056515,false,פרוט ווטר אננס 1.5 ליטר פיקדון,יפאורה - שותפות מוגבלת לשיווק,,פרוט ווטר אננס 1.5 ל,ליטרים,1.50,ליטר,false,,7.90,5.2667,true,1,6409424
7290019056522,false,מים בטעם תות 1.5 ל' פרוט וואטר,יפאורה - שותפות מוגבלת לשיווק,,פרוט ווטר תות 1.5 לי,ליטרים,1.50,ליטר,false,,7.90,5.2667,true,1,6409425
7290019056539,false,fruit water פרוט ווטר אפרסק 1.5 ליטר-,יפאורה שותפות מוגבלת לשיווק,,פרוט ווטר אפרסק 1.5,ליטרים,1.50,ליטר,false,,7.90,5.2667,true,1,6409426
7290019056546,false,fruit water פרוט ווטר אבטיח 1.5 ליטר-,יפאורה - שותפות מוגבלת לשיווק,,פרוט ווטר אבטיח 1.5,ליטרים,1.50,ליטר,false,,7.90,5.2667,true,1,6409427
7290019056553,false,שישיית מים מינרלים עין גדי 2 ליטר,יפאורה - שותפות מוגבלת לשיווק,,מים עין גדי 2 ליטר ש,ליטרים,12.00,ליטר,false,,12.70,1.0583,true,1,6409501
7290019056577,false,ספרינג קל מנגו 1.5 ליטר פיקדון,יפאורה - שותפות מוגבלת לשיווק,,משקה קל מנגו ספרינג,ליטרים,1.50,ליטר,false,,7.90,5.2667,true,1,6409376
7290019056584,false,משקה קל תפוזים ספרינג 1.5 ליטר,יפאורה - שותפות מוגבלת לשיווק,,משקה קל תפוזים ספרינ,ליטרים,1.50,ליטר,false,,7.90,5.2667,true,1,6409377
7290019056591,false,משקה קל ענבים ספרינג 1.5 ליטר,יפאורה - שותפות מוגבלת לשיווק,,משקה קל ענבים ספרינג,ליטרים,1.50,ליטר,false,,7.90,5.2667,true,1,6409378
7290019056607,false,משקה קל תפוחים ספרינג 1.5 ליטר,יפאורה - שותפות מוגבלת לשיווק,,משקה קל תפוחים ספרינ,ליטרים,1.50,ליטר,false,,7.90,5.2667,true,1,6409379
7290019056614,false,משקה קל אפרסק ספרינג 1.5 ליטר,יפאורה - שותפות מוגבלת לשיווק,,משקה קל אפרסק ספרינג,ליטרים,1.50,ליטר,false,,7.90,5.2667,true,1,6409380
7290019056621,false,משקה קל פירות טרופיים ספרינג 1.5 ליטר,יפאורה - שותפות מוגבלת לשיווק,,משקה קל פירות טרופיי,ליטרים,1.50,ליטר,false,,7.90,5.2667,true,1,6409381
7290019056638,false,משקה קל ספרינג 1.5 ליטר תות בננה,יפאורה - שותפות מוגבלת לשיווק,,משקה קל תות בננה ספר,ליטרים,1.50,ליטר,false,,7.90,5.2667,true,1,6409382
7290019056645,false,משקה קל ספרינג 1.5 ליטר אגס תפוח סברס,יפאורה - שותפות מוגבלת לשיווק,,משקה קל אגס תפוח סבר,ליטרים,1.50,ליטר,false,,7.90,5.2667,true,1,6409383
7290019056652,false,משקה קל ספרינג 1.5 ליטר אננס בננה,יפאורה - שותפות מוגבלת לשיווק,,משקה קל אננס בננה ספ,ליטרים,1.50,ליטר,false,,7.90,5.2667,true,1,6409384
7290019056669,false,משקה קל ספרינג 1.5 ליטר תפוחים דיאט,יפאורה - שותפות מוגבלת לשיווק,,משקה קל תפוחים דיאט,ליטרים,1.50,ליטר,false,,7.80,5.2000,true,1,6409385
7290019056676,false,משקה קל אשכולית אננס דיאט ספרינג 1.5 ליטר,יפאורה - שותפות מוגבלת לשיווק,,משקה קל אשכולית אננס,ליטרים,1.50,ליטר,false,,7.80,5.2000,true,1,6409386
7290019056720,false,קריסטל מיץ ענבים 2 ליטר פיקדון,יפאורה - שותפות מוגבלת לשיווק,,משקה ענבים קריסטל 2,ליטרים,2.00,ליטר,false,,6.90,3.4500,true,1,6411849
7290019056737,false,משקה קל קריסטל (2 ליטר)אשכוליות,יפאורה - שותפות מוגבלת לשיווק,,משקה אשכוליות קריסטל,ליטרים,2.00,ליטר,false,,6.90,3.4500,true,1,6409502
7290019056744,false,קריסטל מיץ תפוזים 2 ליטר פיקדון,יפאורה - שותפות מוגבלת לשיווק,,משקה מיץ תפוזים קריס,ליטרים,2.00,ליטר,false,,6.90,3.4500,true,1,6409503
7290019056751,false,קריסטל מיץ אשכוליות דיאט 2 ליטר פיקדון,יפאורה - שותפות מוגבלת לשיווק,,משקה מיץ אשכולית דיא,ליטרים,2.00,ליטר,false,,6.90,3.4500,true,1,6409504
7290019056768,false,קריסטל משקה קל מנגו 2 ליטר פיקדון,יפאורה - שותפות מוגבלת לשיווק,,משקה מיץ מנגו קריסטל,ליטרים,2.00,ליטר,false,,6.90,3.4500,true,1,6409505
7290019056775,false,משקה קל קריסטל (2 ליטר)מוגז ענבים,יפאורה - שותפות מוגבלת לשיווק,,משקה קריסטל מוגז ענב,ליטרים,2.00,ליטר,false,,6.90,3.4500,true,1,6409506
7290019056782,false,משקה קל קריסטל (2 ליטר)מוגז למון ליים,יפאורה - שותפות מוגבלת לשיווק,,משקה קריסטל מוגז למו,ליטרים,2.00,ליטר,false,,6.90,3.4500,true,1,6409507
7290019056799,false,משקה קל קריסטל (2 ליטר)מוגז אקזוטי,יפאורה - שותפות מוגבלת לשיווק,,משקה קריסטל מוגז אקז,ליטרים,2.00,ליטר,false,,6.90,3.4500,true,1,6409508
7290019056805,false,משקה קל קריסטל (2 ליטר)מוגז תפוחים,יפאורה - שותפות מוגבלת לשיווק,,משקה קריסטל מוגז תפו,ליטרים,2.00,ליטר,false,,6.90,3.4500,true,1,6409509
7290019056812,false,משקה קל קריסטל (2 ליטר)מוגז מנטה,יפאורה - שותפות מוגבלת לשיווק,,משקה קריסטל מוגז מנט,ליטרים,2.00,ליטר,false,,6.90,3.4500,true,1,6409510
7290019056829,false,משקה קל קריסטל (2 ליטר)מוגז תפוזים,יפאורה - שותפות מוגבלת לשיווק,,משקה קריסטל מוגז תפו,ליטרים,2.00,ליטר,false,,6.90,3.4500,true,1,6409511
7290019056836,false,משקה קל קריסטל (2 ליטר)מוגז תות,יפאורה - שותפות מוגבלת לשיווק,,משקה קריסטל מוגז תות,ליטרים,2.00,ליטר,false,,6.90,3.4500,true,1,6409512
7290019056843,false,משקה קל קריסטל (2 ליטר)מוגז קולה,יפאורה - שותפות מוגבלת לשיווק,,משקה קריסטל מוגז קול,ליטרים,2.00,ליטר,false,,6.90,3.4500,true,1,6409513
7290019056850,false,ספרינג תה אפרסק דיאט 1.5 ליטר פיקדון,יפאורה - שותפות מוגבלת לשיווק,,תה קר אפרסק דיאט ספר,ליטרים,1.50,ליטר,false,,7.20,4.8000,true,1,6409428
7290019056959,false,מי עדן בקבוק מתכווץ שקט 1.5 מ``ל,יפאורה - שותפות מוגבלת לשיווק,,מי עדן 1.5ל,ליטרים,1.50,ליטר,false,,2.80,1.8667,true,1,6409514
7290019056973,false,מי עדן שישיה בק `1.5ליטר פיקדון,יפאורה - שותפות מוגבלת לשיווק,,מים מינרלים מי עדן 6,ליטרים,9.00,ליטר,false,,12.70,1.4111,true,1,6409515
7290019074502,false,קמיל בלו NATURE קרם גוף לתינוק 240 מל,פישר מעבדות פרמצבטיות בע,,קרם גוף לתינוק שפורפ,מטרים,240.00,100 מ'ל,false,,24.90,0.1037,true,1,6423050
7290019075400,false,"אפקטיב קר תחליב רחצה מועשר בשיבולת שועל 700 מ""ל","פישר תעשיות פרמבצטיות בע""מ",,תחליב רחצה אפקטיב בש,מטרים,700.00,100 מ'ל,false,,16.90,0.0241,true,1,6487416
7290019075479,false,"ד""ר פישר - קמיל בלו קלאסיק שמפו לתינוק 1 ליטר",פישר תעשיות פרמבצטיות בעמ,,קמיל בלו קלאסיק 1לי,ליטרים,1.00,ליטר,false,,29.90,29.9000,true,1,6487417
7290019075608,false,"אפקטיב קר תחליב רחצה מועשר בתה ירוק ויסמין 700 מ""ל","פישר תעשיות פרמבצטיות בע""מ",,תחליב רחצה אפקטיב קר,מטרים,700.00,100 מ'ל,false,,16.90,0.0241,true,1,6487418
7290019075899,false,קמיל בלו אקסטרה סופט אל סבון לתינוק 1 ליטר,"פישר תעשיות פרמצביטות בע""מ",,קמיל בלו אקסטרה סופט,ליטרים,1.00,ליטר,false,,32.90,32.9000,true,1,6480100
7290019153023,false,אר.סי. קולה ללא סוכר 1.5 ל' מארז רביעייה,יפאורה שותפות מוגבלת לשיווק,,"אר.סי קולה לל""ס 4*1.",מטרים,6000.00,100 מ'ל,false,,23.90,0.0040,true,1,6420360
7290019153078,false,שוופס ביטר למון 1.5 לייט ליטר פיקדון,יפאורה - שותפות מוגבלת לשיווק,,שוופס ביטר למון לייט,ליטרים,1.50,ליטר,false,,11.90,7.9333,true,1,6420361
7290019153252,false,שוופס סודה תפוח 1.5 ליטר רביעייה פיקדון,יפאורה - שותפות מוגבלת לשיווק,,סודה תפוח שוופס 4*1.,ליטרים,6.00,ליטר,false,,11.50,1.9167,true,1,6444070
7290019153269,false,שוופס סודה אננס 1.5 ליטר רביעייה פיקדון,יפאורה - שותפות מוגבלת לשיווק,,סודה אננס שוופס 4*1.,ליטרים,6.00,ליטר,false,,11.50,1.9167,true,1,6444071
7290019153283,false,סודה שוויפס בטעם אננס 1.5ל,"יפאורה תבורי בע""מ",,סודה אננס שוופס 1.5,ליטרים,1.50,ליטר,false,,2.90,1.9333,true,1,6493969
7290019153306,false,סודה שוויפס בטעם תפוח 1.5ל,יפאורה - שותפות מוגבלת לשיווק,,סודה שוופס תפוח 1.5,ליטרים,1.50,ליטר,false,,2.90,1.9333,true,1,6513238
7290019153313,false,"משקהתפוח חמוציות אוכמניות 350 מ""ל פרות & ווג",יפאורה - שותפות מוגבלת לשיווק,,פרוט אנד ג'י תפוח 3,מיליליטרים,350.00,"100 מ""ל",false,,6.90,0.0197,true,1,6457900
7290019153344,false,משקה קל תפוזינה 1.5 ליטר סנגרייה,יפאורה - שותפות מוגבלת לשיווק,,תפוזינה סנגרייה 1.5ל,ליטרים,1.50,ליטר,false,,7.90,5.2667,true,1,6454010
7290019153351,false,משקה קל תפוזינה 1.5 ליטר פינק אוזו,יפאורה - שותפות מוגבלת לשיווק,,תפוזינה פינק אוזו 1.,ליטרים,1.50,ליטר,false,,7.90,5.2667,true,1,6454011
7290019153375,false,משקה קל תפוזינה 1.5 ליטר מוחיטו,יפאורה - שותפות מוגבלת לשיווק,,תפוזינה מוחיטו 1.5לי,ליטרים,1.50,ליטר,false,,7.90,5.2667,true,1,6454012
7290019153535,false,"רביעיית שוופס מוגז פירות למונייד ללא סוכר 330 מ""ל פחיות",יפאורה - שותפות מוגבלת לשיווק,,שוופס רביעייה מוגז ל,ליטרים,1.32,ליטר,false,,11.90,9.0152,true,1,6472351
7290019204008,false,עוף טוב פסטרמה ארבעה פלפלים 350 גרם,קבוצת אוסם סחר שותפות מוגבלת,,פסטרמה ארבעה פלפלים,גרמים,350.00,גרם,false,,24.90,0.0711,true,1,6463402
7290019204107,false,עוף טוב פסטרמה בטעם אווז 320 גרם,קבוצת אוסם סחר-שות.מוגבלת,,פסטרמה טעם אווז 320,גרמים,320.00,גרם,false,,24.90,0.0778,true,1,6463403
7290019204206,false,עוף טוב פסטרמה בסגנון רומני 320 גרם,קבוצת אוסם סחר-שות.מוגבלת,,פסטרמה בסגנון רומני,גרמים,320.00,גרם,false,,24.90,0.0778,true,1,6463404
7290019204404,false,קורנביף נתח שלם 220 ג' עוף טוב,עיצובים 2020 (4.9),,קורנביף 220 גר,גרמים,220.00,גרם,false,,21.90,0.0995,true,1,6463436
7290019232094,false,חליטת פירות וצמחים אפרסק הגן הקסום ויסוצקי 25 יחידות,תה ויסוצקי (ישראל) בעמ,,חליטת פירות טעם אפרס,100 יח,25.00,100 יח,false,,16.90,0.6760,true,1,6444779
7290019232155,false,"חליטת ""לילה טוב"" קמומיל לבנדר ו25 שקיקים ויסוצקי",תה ויסוצקי (ישראל) בעמ,,ויסוצקי פלוס לילה טו,גרמים,37.50,100 גרם,false,,21.90,0.5840,true,1,6498267
7290019232162,false,"חליטת ""לילה טוב"" קמומיל מליסה 25 שקיקים ויסוצקי",תה ויסוצקי (ישראל) בעמ,,ויסוצקי פלוס לילה טו,גרמים,37.50,100 גרם,false,,21.90,0.5840,true,1,6498268
7290019232179,false,ויסוצקי פלוס תה ירוק נענע עם ויטמינים,תה ויסוצקי (ישראל) בעמ,,ויסוצקי פלוס תה ירוק,גרמים,37.50,100 גרם,false,,21.90,0.5840,true,1,6498269
7290019232353,false,תה ירוק סיני 50 שקיקים ויסוצקי,תה ויסוצקי (ישראל) בעמ,,תה ירוק סיני 50 יחיד,גרמים,75.00,100 גרם,false,,39.90,0.5320,true,1,6476379
7290019232803,false,הולגריין ביסקוויט+קרם חלב ושוקולד חלב 300 גרם רבנות,"אולקר ביסקווי סנאי, א.ס.",,הולגריין ביסקוויט עם,100 יח,300.00,100 יח,false,,10.90,0.0363,true,1,6444780
7290019232827,false,הולגריין ביסקוויט במילוי אגוזי לוז 300 גרם רבנות,"אולקר ביסקווי סנאי, א.ס.",,הולגריין ביסקוויט במ,100 יח,300.00,100 יח,false,,10.90,0.0363,true,1,6444782
7290019232834,false,פליפז בייגלה מצופה קרם עוגיות ושוקולד מקוויטיס 140 גרם,תה ויסוצקי (ישראל) בעמ,,פליפז בייגלה מצופה ק,100 יח,140.00,100 יח,false,,7.90,0.0564,true,1,6444783
7290019233022,false,רוטב עגבניות עם קוביות ושמן זית 420ג זיתא,תה ויסוצקי (ישראל) בעמ,,זיתא רוטב שקשוקה חצי,יח',1.00,יח',false,,13.80,13.8000,true,1,6444786
7290019233039,false,רוטב עגבניות עם קוביות פלפלים ושמן זית 420ג' ויסוצקי,תה ויסוצקי (ישראל) בעמ,,זיתא רוטב שקשוקה קלא,יח',1.00,יח',false,,13.80,13.8000,true,1,6444787
7290019233046,false,זית קלמטה בלונד מרינד עם שמן זית 215 גרם,תה ויסוצקי (ישראל) בעמ,,זית קלמטה בלונד עם ש,גרמים,215.00,100 גרם,false,,13.50,0.0628,true,1,6420340
7290019297161,false,טורטיה ראפ מקמח תירס שקדיה 450 גרם,דין שיווק וקליה 2021 בעמ,,טורטיה ראפ מקמח תירס,גרמים,540.00,100 גרם,false,,9.90,0.0183,true,1,962960
7290019297451,false,מי ורדים 500 מל דין שיווק,דין שיווק וקליה 2021 בעמ,,מי ורדים 500 מל,מיליליטרים,500.00,"100 מ""ל",false,,13.90,0.0278,true,1,983448
7290019297512,false,"רוטב רימונים שקדיה 340 מ""ל בדץ",דין שיווק וקליה 2021 בעמ,,רוטב רימונים שקדיה 3,גרמים,340.00,100 גרם,false,,9.90,0.0291,true,1,962961
7290019302315,false,יין ספארקלין אבטיח מלון 750 מל BUZZ,אגודת הכורמים בעמ,,באזז אבטיח מלון 750מ,מטרים,750.00,100 מ'ל,false,,22.90,0.0305,true,1,6458122
7290019302636,false,"קרומבכר בירה רביעייה 330 מ""ל",אגודת הכורמים,,קרומבכר בירה רביעיי,ליטרים,1.32,ליטר,false,,24.90,18.8636,true,1,6502456
7290019308041,false,שעועית ירוקה שלמה 800 ג,,,שעועית ירוקה שלמה 80,גרמים,800.00,100 גרם,false,,6.90,0.0086,true,1,6475973
7290019308058,false,שעועית ירוקה חתוכה 800 גרם,,,שעועית ירוקה חתוכה 8,גרמים,800.00,100 גרם,false,,6.90,0.0086,true,1,6475996
7290019462149,false,נבטים סינים ואלפלפא,מרינה,,נבטים,יח',1.00,יח',false,,10.90,10.9000,true,1,6515537
7290022005005,false,פפריקה מרוקאית מתוקה רמי לוי,תבליני מימון,IL,פפריקה מרוקאית מתוקה,גרמים,400.00,100 גרם,false,,19.90,0.0497,true,1,1057267
7290022005012,false,פפריקה הונגרית מתוקה רמי לוי 400 גרם,רמי לוי,IL,פפריקה הונגרית מתוקה,גרמים,400.00,100 גרם,false,,19.90,0.0497,true,1,1057268
7290022005029,false,כורכום טחון רמי לוי 250 גרם,רמי לוי,IL,כורכום טחון רמי לוי,גרמים,250.00,100 גרם,false,,15.90,0.0636,true,1,1057269
7290022005043,false,כמון טחון רמי לוי 250 גרם,רמי לוי,IL,כמון טחון רמי לוי 25,גרמים,250.00,100 גרם,false,,15.90,0.0636,true,1,1057271
7290022005173,false,פלפל שחור טחון רמי לוי 100 גרם,רמי לוי,IL,פלפל שחור טחון רמי ל,גרמים,100.00,100 גרם,false,,11.90,0.1190,true,1,1057273
7290022005180,false,פלפל שחור גרוס דק רמי לוי 90 גרם,רמי לוי,IL,פלפל שחור גרוס דק רמ,גרמים,90.00,100 גרם,false,,11.90,0.1322,true,1,1057274
7290022005203,false,כורכום הודי טחון רמי לוי 100 גרם,רמי לוי,IL,כורכום הודי טחון רמי,גרמים,100.00,100 גרם,false,,8.60,0.0860,true,1,1057276
7290022005210,false,כמון רמי לוי 100 גרם,רמי לוי,IL,כמון רמי לוי 100 גרם,גרמים,100.00,100 גרם,false,,8.60,0.0860,true,1,1057277
7290022005227,false,שום טחון רמי לוי 100 גרם,רמי לוי,IL,שום טחון רמי לוי 100,גרמים,100.00,100 גרם,false,,11.90,0.1190,true,1,1057278
7290022005234,false,תיבול לגריל עוף רמי לוי 100 גרם,רמי לוי,IL,תיבול לגריל עוף רמי,גרמים,100.00,100 גרם,false,,8.60,0.0860,true,1,1057279
7290022005241,false,זעתר ושומשום רמי לוי 100 גרם,רמי לוי,IL,זעתר ושומשום רמי לוי,גרמים,100.00,100 גרם,false,,8.60,0.0860,true,1,1057280
7290022005296,false,אורגנו רמי לוי 40 גרם,רמי לוי,IL,אורגנו רמי לוי 40 גר,גרמים,40.00,100 גרם,false,,7.90,0.1975,true,1,1057285
7290022005319,false,ג'לי תות רמי לוי 85 גרם,רמי לוי,IL,ג'לי תות רמי לוי 85,גרמים,85.00,100 גרם,false,,4.10,0.0482,true,1,1057287
7290022005326,false,ג'לי לימון רמי לוי 85 גרם,רמי לוי,IL,ג'לי לימון רמי לוי 8,גרמים,85.00,100 גרם,false,,4.10,0.0482,true,1,1057288
7290022005333,false,פודינג וניל רמי לוי 80 גרם,רמי לוי,IL,פודינג וניל רמי לוי,גרמים,90.00,100 גרם,false,,3.50,0.0389,true,1,1057289
7290022005340,false,פודינג שוקולד רמי לוי 90 גרם,רמי לוי,IL,פודינג שוקולד רמי לו,גרמים,90.00,100 גרם,false,,3.50,0.0389,true,1,1057290
7290022005357,false,תערובת בראוניס רמי ל,רמי לוי,IL,תערובת בראוניס רמי ל,גרמים,560.00,100 גרם,false,,13.90,0.0248,true,1,1057291
7290022005364,false,תערובת כדורי שוקולד,רמי לוי,IL,תערובת כדורי שוקולד,גרמים,560.00,100 גרם,false,,13.90,0.0248,true,1,1057292
7290022005371,false,תערובת עוגת וניל רמי לוי 560 גרם,תבליני מימון,IL,תערובת עוגת וניל רמי,גרמים,560.00,100 גרם,false,,13.90,0.0248,true,1,1057293
7290022005388,false,תערובת עוגת שוקולד רמי לוי 560 גרם,תבליני מימון,IL,תערובת עוגת שוקולד ר,גרמים,560.00,100 גרם,false,,13.90,0.0248,true,1,1057294
7290022005562,false,קריספ פירורי לחם שום 300 גרם מיימונס,א.ל.ייצור ושיווק תבלינים בעמ,,קריספ פירורי לחם עם,גרמים,300.00,100 גרם,false,,7.50,0.0250,true,1,6451719
7290055090702,false,"איגלו שלוקים בטעמי פטל, לימון וענבים 60 יח'",כרמית תעשיות ממתקים בעמ,,כרמית איגלו שלוקים 6,יח',1.00,יח',false,,11.80,11.8000,true,1,836460
7290055090801,false,כרמית שוקולד לבן ללא תוספת סוכר 85 גרם,כרמית תעשיות ממתקים בעמ,,כרמית שוקולד לבן ללא,גרמים,85.00,100 גרם,false,,4.90,0.0576,true,1,854675
7290100240137,false,"תרסיס ריחני למייבש כחול בדין 500 מ""ל",יוניליוור ישראל שיווק בע`מ,,בדין תרסיס למייבש כב,מיליליטרים,500.00,"100 מ""ל",false,,14.90,0.0298,true,1,808938
7290100240144,false,בדין תרסיס למייבש הכביסה ורוד 500מל,יוניליוור ישראל שיווק בע`מ,,בדין תרסיס למייבש כב,מיליליטרים,500.00,"100 מ""ל",false,,14.90,0.0298,true,1,808939
7290100240656,false,"פתית שיפון בד""צ חדש 300X24 גר'",יוניליוור ישראל שיווק בע`מ,,פתית שיפון תלמה 300,גרמים,300.00,100 גרם,false,,14.90,0.0497,true,1,818117
7290100243084,false,מיונז אמיתי הלמנס 789גרם,יוניליוור ישראל שיווק בע`מ,,מיונז הלמנס 789 גרם,גרמים,789.00,100 גרם,false,,15.90,0.0202,true,1,808986
7290100243671,false,"מרכך כביסה מרוכז אקסטרה כחול בדין 960 מ""ל",יוניליוור ישראל שיווק בע`מ,,בדין אקסטרא מרוכז כח,מיליליטרים,960.00,"100 מ""ל",false,,15.90,0.0166,true,1,809002
7290100245231,false,נמס בכוס מרק בטעם עוף עם אטריות ושקדי מרק-2 שקיות,יוניליוור ישראל שיווק בע`מ,,נמס בכוס טעם עוף ושק,גרמים,50.00,100 גרם,false,,6.50,0.1300,true,1,809030
7290100249598,false,רוטב לעוף בטעם שום ודבש קנור (320 גרם),יוניליוור ישראל שיווק בע`מ,,קנור רוטב שום ודבש ל,גרמים,310.00,100 גרם,false,,9.90,0.0319,true,1,818164
7290100249659,false,"רוטב לעוף צ'ילי מתוק ושום קנור 320 גרם בד""צ","יוניליוור ישראל שיווק בע""מ",,קנור רוטב לעוף צ'ילי,גרמים,310.00,100 גרם,false,,9.90,0.0319,true,1,809113
7290100412770,false,"ד""ר עור - תחליב רחצה קלאסי בניחוח מאסק 700 מ""ל","אמיליה קוסמטיקס בע""מ",,"ד""ר עור תחליב רחצה מ",מיליליטרים,700.00,"100 מ""ל",false,,14.90,0.0213,true,1,4778046
7290100653463,false,"פלמוליב - ארומה ג'ל רחצה מסאז' 500 מ""ל",קולגייט פלמוליב,,פלמוליב סבון נוזלי ס,מיליליטרים,500.00,"100 מ""ל",false,,15.90,0.0318,true,1,804951
7290100658338,false,"נוזל לניקוי כלים אוקסי פלוס פלמוליב 750 מ""ל",הנסיך- מפעל לייצור ט,,נוזל לניקוי כלים אוק,מיליליטרים,750.00,"100 מ""ל",false,,11.90,0.0159,true,1,804962
7290100680650,false,מנה חמה נודלס-אטריות ירקות טעם תאילנדי אסם 76 ג',קבוצת אוסם סחר שותפות מוגבלת,,מנה חמה נודלס בסגנון,גרמים,76.00,100 גרם,false,,4.90,0.0645,true,1,807370
7290100680667,false,מנה חמה נודלס בסגנון סצ`ואן אסם (76 גרם),קבוצת אוסם סחר שותפות מוגבלת,,מנה חמה נודלס בסגנון,גרמים,76.00,100 גרם,false,,4.90,0.0645,true,1,807371
7290100680711,false,פירורית זהב אסם זהב 350ג',קבוצת אוסם סחר שותפות מוגבלת,,פירורית זהב אסם 350,גרמים,350.00,100 גרם,false,,7.90,0.0226,true,1,807373
7290100680728,false,פירורית רגילה שקית 350 גרם,קבוצת אוסם סחר שותפות מוגבלת,,פירורית אסם 350 גרם,גרמים,350.00,100 גרם,false,,6.90,0.0197,true,1,807374
7290100681015,false,אינסטנט פודינג בטעם ריבת חלב אסם 84 גרם,קבוצת אוסם סחר שותפות מוגבלת,,אינסטנט פודינג בטעם,גרמים,84.00,100 גרם,false,,4.90,0.0583,true,1,807377
7290100681138,false,מארז אפרופו חטיף תירס 3 יחידות,קבוצת אוסם סחר שותפות מוגבלת,,חטיף אפרופו תירס אסם,גרמים,150.00,100 גרם,false,,12.90,0.0860,true,1,807379
7290100681503,false,עסיס סירופ לימונענע דיאטטי 1 ליטר,קבוצת אוסם סחר שותפות מוגבלת,,סירופ דיאט לימונענע,ליטרים,1.00,ליטר,false,,17.90,17.9000,true,1,807383
7290100681510,false,סירופ דיאט בטעם אשכולית אדומה עסיס 1 ליטר,קבוצת אוסם סחר-שות.מוגבלת,,סירופ דיאט בטעם אשכו,ליטרים,1.00,ליטר,false,,17.90,17.9000,true,1,807384
7290100683880,false,פירה אסם ללא צורך בבישול 260 גרם,קבוצת אוסם סחר שותפות מוגבלת,,פירה להכנה מהירה אסם,גרמים,260.00,100 גרם,false,,13.90,0.0535,true,1,807401
7290100684139,false,פסטה מיני מקרוני אסם (500 גרם),קבוצת אוסם סחר שותפות מוגבלת,,פסטה מיני מקרוני אסם,גרמים,500.00,100 גרם,false,,4.90,0.0098,true,1,807402
7290100685136,false,"אבקת מרק טעם עוף 1 ק""ג 1/8 אסם",קבוצת אוסם סחר שותפות מוגבלת,,אבקת מרק בטעם עוף אס,גרמים,1000.00,100 גרם,false,,12.90,0.0129,true,1,807412
7290100685334,false,אבקת מרק עוף אמיתי בשרי רכיבים טבעיים אסם 400 גרם,קבוצת אוסם סחר שותפות מוגבלת,,אבקת מרק עוף אמיתי ב,גרמים,400.00,100 גרם,false,,19.90,0.0497,true,1,807416
7290100685341,false,אבקת מרק טעם עוף זך רכיבים טבעיים אסם 400 גרם,קבוצת אוסם סחר שותפות מוגבלת,,אבקת מרק טעם עוף זך,גרמים,400.00,100 גרם,false,,13.90,0.0348,true,1,807417
7290100686164,false,מארז מולטיפק ביסלי ברביקיו 6 יח 35 גר יח,קבוצת אוסם סחר שותפות מוגבלת,,ביסלי חטיף בטעם ברבי,גרמים,210.00,100 גרם,false,,12.90,0.0614,true,1,807427
7290100686171,false,מארז מולטיפק ביסלי גריל 6 יח 35 גר ליח,קבוצת אוסם סחר שותפות מוגבלת,,ביסלי חטיף בטעם גריל,גרמים,210.00,100 גרם,false,,12.90,0.0614,true,1,807428
7290100689301,false,אבקת מרק בטעם עוף זך עדיף אסם 400 גרם,קבוצת אוסם סחר שותפות מוגבלת,,אבקת מרק בטעם עוף זך,גרמים,400.00,100 גרם,false,,13.90,0.0348,true,1,807447
7290100700006,false,"חיטה סוגת 1 ק""ג","סוגת תעשיות בע""\מ",IL,"חיטה 1 ק""ג",יח',1.00,יח',false,,8.80,8.8000,true,1,809295
7290100700020,false,גריסי פנינה סוגת (500 גרם),האי נאם סי או אל.טי.,IL,גריסי פנינה 500 גר,גרמים,500.00,100 גרם,false,,4.50,0.0090,true,1,809296
7290100700075,false,פירורי לחם מוזהבים סוגת (200 גרם),"סוגת תעשיות בע""\מ",IL,פירורי מאפה מוזהבים 200 ג,גרמים,200.00,100 גרם,false,,3.90,0.0195,true,1,809298
7290100700242,false,אורז מלא עגול סוגת (1 קג),"סוגת תעשיות בע""\מ",IL,"אורז עגול מלא 1 ק""ג",גרמים,1000.00,100 גרם,false,,9.90,0.0099,true,1,809299
7290100700266,false,פירורי לחם לבנים סוגת 200 גרם,"סוגת תעשיות בע""מ",IL,פירורי לחם לבנים 200 גר,גרמים,200.00,100 גרם,false,,3.90,0.0195,true,1,809300
7290100700273,false,קינואה לבנה 500 ג סו,האי נאם סי או אל.טי.,IL,קינואה 500 גר,גרמים,500.00,100 גרם,false,,12.50,0.0250,true,1,809301
7290100700310,false,"סוגת כוסמת סוגת 1ק""ג","סוגת תעשיות בע""מ",IL,"כוסמת 1 ק""ג",גרמים,1000.00,100 גרם,false,,13.80,0.0138,true,1,809303
7290100700334,false,קינואה לבנה 1 קג סוג,"סוגת תעשיות בע""מ",,סוגת קינואה 1קג,קילו,1.00,קילו,false,,19.90,19.9000,true,1,1368759
7290100700389,false,"אורז אדום סוגת 1 ק""ג","סוגת תעשיות בע""\מ",IL,"אורז אדום 1 ק""ג",גרמים,1000.00,100 גרם,false,,9.90,0.0099,true,1,809307
7290100700396,false,"אורז יסמין קלאסי סוגת 1 ק""ג",האי נאם סי או אל.טי.,,סוגת אורז יסמין קלאס,גרמים,1000.00,100 גרם,false,,11.80,0.0118,true,1,809308
7290100700419,false,"בורגול סוגת 1 ק""ג","סוגת תעשיות בע""\מ",IL,"בורגול 1 ק""ג",גרמים,1000.00,100 גרם,false,,7.50,0.0075,true,1,809310
7290100700563,false,אורז מיקס קלאסי סוגת (1 קג),סוגת תעשיות בעמ,IL,"אורז מיקס קלאסי 1 ק""ג",גרמים,1000.00,100 גרם,false,,9.90,0.0099,true,1,809313
7290100700587,false,"בורגול ""סוגת"" 500 גרם",האי נאם סי או אל.טי.,IL,בורגול 500 גר,גרמים,500.00,100 גרם,false,,4.50,0.0090,true,1,809314
7290100701126,false,סוגת שעועית מש סוגת 500 גרם,סוגת תעשיות בעמ,IL,שעועית מאש 500 גרם,גרמים,500.00,100 גרם,false,,11.90,0.0238,true,1,809339
7290100701140,false,"אורז ריזוטו ארבוריו 1 ק""ג ""סוגת""","סוגת תעשיות בע""מ",IL,אורז ארבוריו,גרמים,1000.00,100 גרם,false,,12.90,0.0129,true,1,809340
7290100701157,false,אורז להכנת סושי סוגת (1 קג),"סוגת תעשיות בע""\מ",IL,אורז סושי,גרמים,1000.00,100 גרם,false,,11.90,0.0119,true,1,809341
7290100701300,false,קינואה אדומה סוגת (500 גרם),"סוגת תעשיות בע""\מ",,סוגת קינואה אדומה 50,גרמים,500.00,100 גרם,false,,12.80,0.0256,true,1,809348
7290100701331,false,קמח רב תכליתי שטיבל קמח חיטה לבן בהיר,"שטיבל בע""\מ - טחנות קמח",IL,קמח רב תכליתי,לקג,1.00,לקג,false,,6.90,6.9000,true,1,809350
7290100701348,false,"קמח שיפון מלא סוגת 1 ק""ג",שטיבל טחנות קמח,IL,קמח שיפון מלא,לקג,1.00,לקג,false,,6.90,6.9000,true,1,809351
7290100701454,false,בורגול דק גרישה סוגת (500 גרם),"סוגת תעשיות בע""\מ",IL,גרישה 500 גרם,גרמים,500.00,100 גרם,false,,4.50,0.0090,true,1,809358
7290100701577,false,קמח לחם קמח חיטה לבן שטיבל,טחנות קמח שטיבל באר שבע,IL,קמח לחם,לקג,1.00,לקג,false,,6.90,6.9000,true,1,809369
7290100701874,false,"קמח כוסמין מלא סוגת 1 ק""ג",טחנות קמח שטיבל באר,IL,קמח כוסמין מלא + 12,לקג,1.00,לקג,false,,12.90,12.9000,true,1,866704
7290100701881,false,קמח פיצה ופוקצ'ה- קמח חיטה לבן בהיר שטיבל,"שטיבל בע""\מ - טחנת קמח",IL,קמח פיצה ופוקצ'ה,לקג,1.00,לקג,false,,6.90,6.9000,true,1,809387
7290100702260,false,קוסקוס דק סוגת 350 גרם,"אסיף תעשיות מזון בע""\מ",IL,קוסקוס דק 350 גרם,גרמים,350.00,100 גרם,false,,4.90,0.0140,true,1,861284
7290100702284,false,קוסקוס מלא סוגת (350 גרם),"אסיף תעשיות מזון בע""",IL,קוסקוס מלא 350 גרם,גרמים,350.00,100 גרם,false,,4.90,0.0140,true,1,861286
7290100702314,false,סוגת שעועית שחורה 500 גרם,סוגת תעשיות בעמ,IL,שעועית שחורה 500 גר,גרמים,500.00,100 גרם,false,,12.90,0.0258,true,1,939808
7290100702383,false,"קמח תופח 1 ק""ג]סוגת[","שטיבל בע""\מ - טחנות קמח",IL,קמח תופח,קילו,1.00,קילו,false,,6.90,6.9000,true,1,833324
7290100702604,false,פולנטה מהירת הכנה סוגת 500 ג',סוגת תעשיות בעמ,IT,פולנטה 500 גרם,גרמים,500.00,100 גרם,false,,8.90,0.0178,true,1,920085
7290100702611,false,פתיתים אפויים אורז 500 גרם סוגת,"אסיף תעשיות מזון בע""\מ",IL,פתיתים אפויים אורז 500 גר,גרמים,500.00,100 גרם,false,,4.90,0.0098,true,1,869124
7290100702628,false,פתיתים אפויים קוסקוס סוגת 500 גרם,"אסיף תעשיות מזון בע""\מ",IL,פתיתים אפויים קוסקוס 500,גרמים,500.00,100 גרם,false,,4.90,0.0098,true,1,869125
7290100702635,false,פתיתים אפויים כוכבים סוגת 500 גרם,"אסיף תעשיות מזון בע""",IL,פתיתים אפויים כוכבים 500,גרמים,500.00,100 גרם,false,,4.90,0.0098,true,1,876902
7290100702659,false,פתיתים קוסקוס קמח מלא סוגת 400 גרם,"אסיף תעשיות מזון בע""",IL,פתיתים אפויים Kids חיות 4,גרמים,400.00,100 גרם,false,,4.90,0.0123,true,1,1039628
7290100702994,false,סוכר דמררה קלאסי בשקית סוגת 500 גרם,"סוגת תעשיות בע""מ",,סוכר דמררה קלאסי בשק,גרמים,500.00,100 גרם,false,,4.90,0.0098,true,1,1050027
7290100703007,false,"עדשים שחורות בלוגה 500 גרם ""סוגת""",האי נאם סי או אל.טי.,,סוגת עדשים שחורות בל,גרמים,500.00,100 גרם,false,,7.80,0.0156,true,1,1085731
7290100703458,false,כוסמת לא קלויה 500ג סוגת*,"סוגת תעשיות בע""\מ",IL,כוסמת 500 גר,גרמים,500.00,100 גרם,false,,8.90,0.0178,true,1,2120745
7290100703533,false,קמח קסם תערובת קמח שמרים סוגת 1 קג,טחנות קמח שטיבל באר שבע,,סוגת קמח קסם רב תכלי,קילו,1.00,קילו,false,,7.90,7.9000,true,1,2349250
7290100703861,false,"תערובת קסם לחלה ללא צורך בניפוי סוגת 1 ק""ג","שטיבל בע""\מ - טחנות קמח",,סוגת קמח קסם מנופה ל,קילו,1.00,קילו,false,,7.90,7.9000,true,1,3254806
7290100703915,false,פופקורן להכנה במיקרוגל בטעם חמאה - מארז 6 שקיות,סוגת תעשיות בעמ,,סוגת פופקורן למיקרוג,גרמים,540.00,100 גרם,false,,9.90,0.0183,true,1,5185536
7290100703922,false,פופקורן להכנה במיקרוגל בטעם טבעי - מארז 6 שקיות,סוגת תעשיות בעמ,,סוגת פופקורן למיקרוג,גרמים,540.00,100 גרם,false,,9.90,0.0183,true,1,5185537
7290100704493,false,קמח שמרים פיצה ללא צורך בניפוי 1 קג סוגת,"שטיבל בע""\מ - טחנת קמח",,סוגת קמח שמרים לפיצה,קילו,1.00,קילו,false,,7.90,7.9000,true,1,6332376
7290100704516,false,חומוס מיני סוגת (500 גרם),"סוגת תעשיות בע""\מ",,סוגת חומוס מיני 500,גרמים,500.00,100 גרם,false,,5.90,0.0118,true,1,6358496
7290100704578,false,"קמח כוסמין לבן תופח סוגת 1 ק""ג","שטיבל בע""\מ - טחנת קמח",,קמח כוסמין לבן תופח,יח',1.00,יח',false,,13.90,13.9000,true,1,6370514
7290100704622,false,סוכר דמררה דק דק בצנצנת סוגת 500 גרם,"סוגת תעשיות בע""\מ",,סוגת סוכר דמררה דק ד,גרמים,500.00,100 גרם,false,,7.90,0.0158,true,1,6402920
7290100704660,false,"קינואה מיקס סוגת, 500 גרם","סוגת תעשיות בע""\מ",,סוגת קינואה מיקס 500,גרמים,500.00,100 גרם,false,,12.50,0.0250,true,1,6377618
7290100704684,false,"קמח שמרים כוסמין סוגת רב תכליתי 1 ק""ג סוגת",סוגת תעשיות בעמ,,קמח שמרים כוסמין רב,גרמים,1000.00,100 גרם,false,,19.90,0.0199,true,1,6433162
7290100850909,false,חטיף תירס נאצ`ו מקסיקני דוריטוס (70 גרם),"שטראוס פריטו ליי בע""\מ",,דוריטוס נאצ'ו מקסיקנ,גרמים,70.00,100 גרם,false,,3.90,0.0557,true,1,6482159
7290100850916,false,דוריטוס חמוץ חריף מעודן 70 גרם כשר לפסח,"שטראוס פריטו ליי בע""\מ )",,דוריטוס בטעם חמוץ חר,גרמים,70.00,100 גרם,false,,3.20,0.0457,true,1,812837
7290100850923,false,חטיף תירס גריל דוריטוס (70 גרם),"שטראוס פריטו ליי בע""\מ )",,דוריטוס בטעם גריל 70,גרמים,70.00,100 גרם,false,,3.20,0.0457,true,1,812838
7290100850930,false,חטיף תירס בטעם טבעי דוריטוס (70 גרם),"שטראוס פריטו ליי בע""\מ )",,דוריטוס בטעם טבעי 70,גרמים,70.00,100 גרם,false,,3.20,0.0457,true,1,812839
7290100858592,false,אבקת קקאו עלית שקית 150 ג',הנסיך- מפעל לייצור ט,,קקאו 150 גרם,גרמים,150.00,100 גרם,false,,8.90,0.0593,true,1,805579
7290100858608,false,עלית אבקת קקאו כשלפ 500 גרם,שטראוס קפה בי.ויn\.,,קקאו 500 גרם,גרמים,500.00,100 גרם,false,,23.90,0.0478,true,1,805580
7290100921418,false,מרכך מועשר בקרטין הוואי (700 מל),תאי פרזידנט פוד פאבל,,הוואי מרכך 700 מל קר,מיליליטרים,700.00,"100 מ""ל",false,,8.90,0.0127,true,1,924242
7290100921593,false,מנקה אסלה סוד 4 כדוריות לאסלה לימון נתלה 50 ג',גורי שיווק בעמ,HU,סוד סבון אסלה בניחוח לימו,יח',1.00,יח',false,,7.90,7.9000,true,1,911016
7290100921609,false,סוד סבון לאסלה 4 כדוריות בניחוח אוקיינוס 50 ג',גורי שיווק בעמ,HU,סוד סבון אסלה בניחוח אוקי,יח',1.00,יח',false,,7.90,7.9000,true,1,911017
7290100922569,false,קרם לטיפוח עוד הידיים והגוף- מארז שלישייה,טרופיקל דגיל,,ולווטה קרם רב שימושי,מיליליטרים,300.00,"100 מ""ל",false,,16.90,0.0563,true,1,978694
7290100924457,false,שלישיית כדוריות סבון לאסלה לימון סוד 50 גרם,גורי שיווק בעמ,HU,סוד מארז כדוריות*3 לימון,3 יח',1.00,3 יח',false,,14.80,14.8000,true,1,1026485
7290100924464,false,כדוריות סבון נתלה לאסלה עם אקונומיקה - 3 יח',גורי שיווק בעמ,HU,סוד מארז כדוריות*3 אקונומ,3 יח',1.00,3 יח',false,,14.80,14.8000,true,1,1026486
7290100925669,false,דפים למניעת העברת צבע קולור קאצ`ר) (10,גורי שיווק בעמ,IE,קולור קאצ'ר - 10 דפי,10 יח',1.00,10 יח',false,,12.90,12.9000,true,1,1504126
7290100925676,false,קולור קאצר 20 דפים לוכדי צבע למכונת כביס,גורי שיווק בעמ,IE,קולור קאצ'ר 20 דפים,20 יח',1.00,20 יח',false,,17.90,17.9000,true,1,1504127
7290100925751,false,נוזל כלים תפוח סוד (650 מל),גורי שיווק בעמ,IL,סוד נוזל לכלים ליים 1.250,מיליליטרים,650.00,"100 מ""ל",false,,5.90,0.0091,true,1,1618481
7290100926147,false,אבקת כביסה פרסיל קולור שקית 2.5 קג,גורי שיווק בעמ,IL,פרסיל אבקת כביסה קולור 2.,קילוגרמים,2.50,"ק""ג",false,,24.90,9.9600,true,1,803772
7290100928516,false,סוד - ג'ל לכביסה ביד 1 ליטר,גורי שיווק בעמ,IL,סוד ג'ל לכביסה ביד 1 ליטר,ליטרים,1.00,ליטר,false,,13.90,13.9000,true,1,803810
7290100928561,false,"אבקת כביסה בניחוח פרחים סוד 5 ק""ג",גורי שיווק בעמ,IL,"סוד אבקת כביסה שושן 5 ק""ג",קילוגרמים,5.00,"ק""ג",false,,34.90,6.9800,true,1,803813
7290101031550,false,שקית רב פעמית ורודה,רמי לוי,,שקית רב פעמית ורודה,יח',1.00,יח',false,,2.90,2.9000,true,1,815784
7290101110279,false,גלידה משפחתית שוקולד פאדג פקאן 1.3ל,פלקו בעמ חברה ישראלית,,בליסימו שוקולד פקאן,ליטרים,1.30,ליטר,false,,18.90,14.5385,true,1,5064364
7290101110460,false,גלידה בליסימו וניל צרפתי 1.3 ל' פלדמן,פלקו בעמ חברה ישראלית,,בליסימו וניל צרפתי 1,ליטרים,1.30,ליטר,false,,18.90,14.5385,true,1,5064365
7290101110477,false,חגיגה בקלאווה פלדמן 1.8 ליטר,פלקו בעמ,,חגיגה בקלאווה 1.8ל,ליטרים,1.80,ליטר,false,,22.90,12.7222,true,1,6317564
7290101110811,false,מאגדת גלידל וניל מצופה סורבה פסיפלורה[8],פלקו בעמ חברה ישראלית,,גלידל וניל בציפוי פס,גרמים,640.00,100 גרם,false,,29.50,0.0461,true,1,5064478
7290101112112,false,חגיגה טירמיסו פלדמן 1.8 ליטר,פלקו בעמ חברה ישראלית,,גלידת דיזרט טירמיסו,ליטרים,1.80,ליטר,false,,22.90,12.7222,true,1,6317565
7290101112228,false,מאגדת פופסיקל גלידל פרי אננס 8 יח`,פלקו בעמ חברה ישראלית,,גלידל פרי שמיניה אננ,גרמים,800.00,100 גרם,false,,20.90,0.0261,true,1,5064479
7290101112518,false,שישיית גרניטה חלב אייס קפוצ'ינו פלדמן,פלקו בעמ חברה ישראלית,,פלדמן מאגדת אייס קפה,גרמים,80.00,100 גרם,false,,19.90,0.2487,true,1,5064373
7290101112600,false,גלידה בלסימו מילקשייק וניל מוקה 1.3 ל' פלדמן,פלקו בעמ חברה ישראלית,,בליסימו מילקשייק וני,ליטרים,1.30,ליטר,false,,18.90,14.5385,true,1,5064375
7290101112921,false,"גלידל פרי פירות טרופים לל""ס 8 יחידות",פלקו בעמ חברה ישראלית,,גלידל פרי פירות טרופ,גרמים,640.00,100 גרם,false,,20.90,0.0327,true,1,5064522
7290101113157,false,מאגדת גלידל וניל עוגיות פלדמן 6 יחידות,"פלקו בע""\מ, חברה ישראלית",,מאגדת גלידל וניל עוג,יח',1.00,יח',false,,23.90,23.9000,true,1,5761177
7290101113430,false,מאגדת גלידל סירופ שוקולד פלדמן 6 יחידות,"פלקו בע""\מ, חברה ישראלית",,מאגדת גלידל שוקולד ע,יח',1.00,יח',false,,20.90,20.9000,true,1,6374628
7290101113447,false,עשירייה גלידל מיני קסטה בטעמי שוקו ווניל 270 ג' פלדמן,פלקו בעמ חברה ישראלית,,גלידל מיני קסטה שוקו,יח',1.00,יח',false,,29.50,29.5000,true,1,6414046
7290101113454,false,מאגדת גלידל יוגורט אפרסק 8 יח 480 גרם,פלקו בעמ חברה ישראלית,,גלידת יוגורט אפרסק,יח',1.00,יח',false,,29.50,29.5000,true,1,6290214
7290101113584,false,מאגדת טילונים שוקולד לבן עם ליבת שוקולד יולו 5 יח',פלקו בעמ חברה ישראלית,,מאגדת טילון יולו שוק,יח',1.00,יח',false,,18.70,18.7000,true,1,6374629
7290101113591,false,מאגדת טילונים יולי 5 יחידות שוקולד לבן ועוגיות,פלקו בעמ חברה ישראלית,,מאגדת טילון יולו שוק,יח',1.00,יח',false,,18.70,18.7000,true,1,6374630
7290101113638,false,מאגדת סנקור שוקו וניל שמינייה,פלקו בעמ חברה ישראלית,,מאגדת סנקור ארוך 8יח,יח',1.00,יח',false,,26.90,26.9000,true,1,6374633
7290101113676,false,מאגדת קרח רמזור 480ג' פלדמן,פלקו בעמ חברה ישראלית,,שלגון קרח רמזור 6 יח,גרמים,480.00,6 גרם,false,,10.90,0.0227,true,1,6397329
7290101113683,false,מאגדת גרניטה אייס ונילה 6 יח`,פלקו בעמ חברה ישראלית,,גרניטה אייס ונילה 6,גרמים,480.00,6 גרם,false,,19.90,0.0415,true,1,6397330
7290101113751,false,מאגדת שלגון קרמל ושוקולד בלונדי רביעיה * 50 ג' יולו,פלקו בעמ חברה ישראלית,,מאגדת שלגון יולו סיר,גרמים,200.00,100 גרם,false,,18.90,0.0945,true,1,6432556
7290101113768,false,מאגדת שלגון עוגיות ושוקולד חלב רביעיה * 50 ג' יולו,פלקו בעמ חברה ישראלית,,מאגדת שלגון יולו עוג,גרמים,200.00,100 גרם,false,,18.90,0.0945,true,1,6432557
7290101113805,false,מאגדת (5) יופלה שייק פרי תות 70 אחוז פרי 350 גרם,פלקו בעמ חברה ישראלית,,מאגדת שלגון יופלה שי,גרמים,350.00,100 גרם,false,,19.90,0.0569,true,1,6432558
7290101113812,false,מאגדת יופלה שייק פרי אננס קוקוס פלדמן 5 יחידות,פלקו בעמ חברה ישראלית,,יופלה שייק פרי  פריז,מטרים,350.00,100 מ'ל,false,,19.90,0.0569,true,1,6456973
7290101113829,false,מאגדת (5) יופלה שייק פרי מנגו 70 אחוז פרי 350 גרם,פלקו בעמ חברה ישראלית,,מאגדת שלגון יופלה שי,גרמים,350.00,100 גרם,false,,19.90,0.0569,true,1,6432559
7290101113904,false,מארז מנבו וניל 12 יח' פלדמן,פלקו בעמ חברה ישראלית,,מנבו וניל 12 יח,יחידה,0.00,יחידה,false,,19.90,0.0000,true,1,6495685
7290101113911,false,מארז מנבו מוקה 12 יח' פלדמן,פלקו בעמ חברה ישראלית,,מנבו מוקה 12 יח,יחידה,0.00,יחידה,false,,20.90,0.0000,true,1,6495686
7290101450559,false,בלונים 100 יח פסטל,,,בלונים 100יח,יח',1.00,יח',false,,22.00,22.0000,true,1,5859249
7290101454151,false,נרות ג'מבו כוכבים - סמי הכבאי,שמחה זה אנחנו,,נרות ג'מבו כוכבים סמ,יח',1.00,יח',false,,6.00,6.0000,true,1,1033971
7290101486688,false,חטיף דגנים עם שוקולד ללא גלוטן וסוכר פרי 5*20 גרם,טבעית מוצרים מן הטבע בעמ,,חטיף דגנים עם שוקולד,גרמים,100.00,100 גרם,false,,15.90,0.1590,true,1,804984
7290101488323,false,ליידי ספיד סטיק - דאודורנט סטיק לאישה ללא סימן ירוק סטיק 65 גרם,ליידי ספיד סטיק Lady Speed Stick,,דאודורנט ללא סימן פא,גרמים,65.00,100 גרם,false,,16.90,0.2600,true,1,805003
7290101551027,false,קפסולות קפה אספרסו חזק במיוחד 14 עלית 10 יח',הנסיך- מפעל לייצור ט,,קפסולות 14 למכונת נס,יח',1.00,יח',false,,15.90,15.9000,true,1,5380944
7290101551263,false,סילאן טבעי 700 גרם יד מרדכי,"שטראוס גרופ בע""מ",,סילאן טבעי 700 גר,גרמים,700.00,100 גרם,false,,19.90,0.0284,true,1,5045187
7290101551300,false,סילאן טבעי ללא תוספת סוכר בקבוק לחיץ,מכוורת יד מרדכי שטראוס ב,,סילאן טבעי לחיץ 380,גרמים,380.00,100 גרם,false,,13.90,0.0366,true,1,5045188
7290101551539,false,יוגורט PRO בטעם אפרסק 0% 20 גרם חלבון בגביע,שטראוס גרופ בעמ/מצונן,,דנונה פרו 20ג אפרסק,גרמים,200.00,100 גרם,false,,5.90,0.0295,true,1,5097711
7290101551577,false,קוואקר שיבות שועל פחית מארז 2*500 גר',שטראוס פריטו ליי בע`מ,,זוג קוואקר פחית+מדבק,גרמים,500.00,100 גרם,false,,23.60,0.0472,true,1,4999013
7290101551584,false,תפוצ'יפס קידס מארז 10 יח' * 20 ג',"שטראוס פריטו ליי בע""מ )פ",,מארז תפוציפס קידס 20,גרמים,200.00,100 גרם,false,,12.90,0.0645,true,1,5074922
7290101551614,false,חטיף צ'יטוס קראנץ בטעם גבינה - מארז 8 יח',"שטראוס פריטו ליי בע""מ )פ",,מארז ציטוס קראנצ 30*,גרמים,240.00,100 גרם,false,,10.90,0.0454,true,1,5074924
7290101551638,false,חטיף צ'יטוס כאפה בטעם קטשופ - מארז 10 יח',"שטראוס פריטו ליי בע""מ )פ",,מארז ציטוס 20*10 ג,יח',20.00,יח',false,,12.90,0.6450,true,1,5074926
7290101863410,false,"סיליט באנג ספריי ניקוי עוצמתי מכיל אקונומיקה 750 מ""ל",רקיט בנקיזר (ניר איסט) בעמ,PL,"CILIT,IL,BANG 12X750ML VE",מיליליטרים,750.00,"100 מ""ל",false,,12.50,0.0167,true,1,821577
7290101864127,false,ספריי להסרת כתמים וניש קליה (750 מל),רקיט בנקיזר (ניר איסט) בעמ,PL,Vanish Spray SOLO 750ml 1,מיליליטרים,750.00,"100 מ""ל",false,,16.80,0.0224,true,1,821583
7290101865261,false,נוזל הברקה למדיח כלים פיניש (800 מל),רקיט בנקיזר (ניר איסט) בעמ,PL,"FINSH,IL,RA S&D R 12X800M",מיליליטרים,800.00,"100 מ""ל",false,,19.90,0.0249,true,1,821600
7290101866633,false,וניש קליה גל להסרת כתמים 3 ליטר אוקסיפרש,רקיט בנקיזר (ניר איסט) בעמ,IL,Vanish 3L Pink (Titan)*6,ליטרים,3.00,ליטר,false,,28.90,9.6333,true,1,821641
7290101866787,false,וניש קליה נוזל מסיר כתמים לכביסה לבנה 3 ליטר,רקיט בנקיזר (ניר איסט) בעמ,IL,Vanish 3L White (Titan)*6,ליטרים,3.00,ליטר,false,,28.90,9.6333,true,1,821647
7290101868460,false,"אבקת כביסה קולון 101 8 ק""ג",רקיט בנקיזר (ניר איסט) בעמ,IL,Colon 101 8KG,קילוגרמים,8.00,"ק""ג",false,,54.90,6.8625,true,1,876600
7290101868958,false,פיניש נוזל הברקה למדיח בניחוח לימון,רקיט בנקיזר (ניר איסט) בעמ,PL,"FINSH,IL,S&D L 12X800ML",מיליליטרים,800.00,"100 מ""ל",false,,19.90,0.0249,true,1,975179
7290101869719,false,ג'ל מרוכז למדיח פיניש all in one max בניחוח לימון,רקיט בנקיזר (ניר איסט) בעמ,PL,"FINSH,IL,600ml x 6Lem",מיליליטרים,600.00,"100 מ""ל",false,,31.90,0.0532,true,1,1031836
7290101869726,false,ג'ל מרוכז למדיח הכל ב-1 פיניש 1 ליטר,רקיט בנקיזר (ניר איסט) בעמ,PL,"FINSH,IL,1000ml x 5REG",ליטרים,1.00,ליטר,false,,42.50,42.5000,true,1,1031837
7290101869733,false,פיניש ג'ל למדיח כלים בניחוח לימון 1 ליטר ALL IN 1,רקיט בנקיזר (ניר איסט) בעמ,PL,"FINSH,IL,1000ml x 5LEM",ליטרים,1.00,ליטר,false,,42.50,42.5000,true,1,1031838
7290101869795,false,"אירוויק מילוי מבשם אויר אטומטי חלום ליל קיץ 250 מ""ל",רקיט בנקיזר (ניר איסט) בעמ,GB,"AWICK,IL,SMER DLGHTS12X25",מיליליטרים,250.00,"100 מ""ל",false,,14.90,0.0596,true,1,1026846
7290101869825,false,"אירוויק מילוי למכשיר חשמלי בניחוח אואזיס 19 מ""ל",רקיט בנקיזר (ניר איסט) בעמ,HU,"AWICK,IL,ELREF TURO19ml*6",מטרים,19.00,100 מ'ל,false,,15.90,0.8368,true,1,1026847
7290101869832,false,"אירוויק מילוי מבשם אויר חשמלי חלום ליל קיץ 19 מ""ל",רקיט בנקיזר (ניר איסט) בעמ,HU,"AWICK,IL,ELREF SUM19ml*6",מטרים,19.00,100 מ'ל,false,,15.90,0.8368,true,1,1026848
7290101869962,false,"אירוויק מקלות ריחניים בניחוח חלום ליל קיץ 30 מ""ל",רקיט בנקיזר (ניר איסט) בעמ,HU,"AWICK,IL,REED SUM 30MLx5",100 מל,30.00,100 מל,false,,14.80,0.4933,true,1,1026854
7290101869979,false,"אירוויק מקלות ריחניים בניחוח אואזיס 30 מ""ל",רקיט בנקיזר (ניר איסט) בעמ,HU,"AWICK,IL,Westl TURO U 30M",100 מל,30.00,100 מל,false,,14.80,0.4933,true,1,1026855
7290102030330,false,תפוצ`יפס אקסטרא מקסיקני 200 גרם +20 תו,"שטראוס פריטו ליי בע""\מ )",,תפוצ'יפס קראנצ' בטעם,גרמים,200.00,100 גרם,false,,9.90,0.0495,true,1,812845
7290102031276,false,מארז 8 יחידות אקטימל משקה יוגורט בטעם תות בננה,שטראוס גרופ בעמ/מצונן,,יוגורט אקטימל תות בנ,מיליליטרים,800.00,"100 מ""ל",false,,19.90,0.0249,true,1,818450
7290102032334,false,אבקה להכנת משקה קפה בטעם וניל,"שטראוס גרופ בע""מ",,קפה נמס וניל 200 גרם,גרמים,200.00,100 גרם,false,,19.90,0.0995,true,1,805598
7290102060764,false,מארז זוג מברשות שיניים מרידול,יבואן ומשווק: ש. שסט,,מרידול זוג מברשות שי,יח',2.00,יח',false,,34.90,17.4500,true,1,830453
7290102060979,false,אלמקס משחת שיניים למניעת עששת 100 מל,יבואן ומשווק: ש. שסט,,משחת שיניים אלמקס 10,מיליליטרים,100.00,"100 מ""ל",false,,18.90,0.1890,true,1,830455
7290102062195,false,"משחת שיניים לילדים לגילאי 6-12 אלמקס 75 מ""ל",יבואן ומשווק: ש. שסט,,משחת שיניים לילדים ל,מטרים,75.00,100 מ'ל,false,,15.90,0.2120,true,1,830459
7290102300815,false,"גבינת צ'דר אנגלית כתומה פרוס, 200 גרם",א. סיימן סחר בעמ,GB,גבינת צ'דר אנגלית כת,גרמים,200.00,100 גרם,false,,24.90,0.1245,true,1,1110859
7290102300822,false,גבינה צ'דר אנגלית כתומה 200 גרם,א. סיימן סחר בעמ,GB,*מבצע* גבינת צדר אנג,גרמים,200.00,100 גרם,false,,19.90,0.0995,true,1,1110860
7290102302246,false,גבינת גאודה הולנדית 200 גרם,מיוצר עי קונדיטוריית,,גאודה פרה 200 גר,גרמים,200.00,100 גרם,false,,21.90,0.1095,true,1,4317283
7290102302253,false,"גבינת גאודה עיזים חצי קשה 34%, 200 גרם",מיוצר עי קונדיטוריית,,גאודה עיזים 200 גר,גרמים,200.00,100 גרם,false,,29.70,0.1485,true,1,4317284
7290102302833,false,גאודה פרוסה 150 גר`הגבינות של נני,קאסמאקרי הנרי ויליך,,גאודה הולנדית פרוסה,גרמים,150.00,100 גרם,false,,20.90,0.1393,true,1,6377974
7290102302840,false,גאודה עיזים פרוסה 150 גר` הגבינות של נני,מיוצר עי קונדיטוריית,,נני גאודה עיזים פרוס,גרמים,150.00,100 גרם,false,,31.50,0.2100,true,1,6377975
7290102302864,false,גבינה הולנדית עם פסטו ירוק 34%,הנרי ויליך Henri Willig,,גאודה פסטו ירוק 200ג,גרמים,200.00,100 גרם,false,,29.70,0.1485,true,1,6303441
7290102302932,false,גבינה גאיה קלאסית פרוסות 150ג,קריניציה ויטמינה אס,,טבעונית קלאסית 150 ג,גרמים,150.00,100 גרם,false,,22.50,0.1500,true,1,6342489
7290102302949,false,גאיה בסגנון עזים בפרוסות 150 גר`,קריניציה ויטמינה אס,,גאיה עיזים 150 גר,גרמים,150.00,100 גרם,false,,22.50,0.1500,true,1,6329391
7290102302963,false,גבינה גאיה עשבי תיבול פרוסות 150ג,א. סיימן סחר בעמ,,טבעונית עשבי תיבול 1,גרמים,150.00,100 גרם,false,,22.50,0.1500,true,1,6329392
7290102303878,false,אלוויר חמאת נורמנדי 200 גרם,א.סיימן סחר בעמ,,אלוויר חמאת נורמנדי,גרמים,200.00,100 גרם,false,,18.70,0.0935,true,1,6453635
7290102303977,false,גוש טונה בשמן זית רוברט 140 גרם,קונסרבס פורטוגל נורטה,,סיימן גוש טונה בשמן,גרמים,140.00,100 גרם,false,,11.90,0.0850,true,1,6510978
7290102390427,false,יוגורט ביו עם קציפת תות 3% שומן 150 ג' מולר,החברה המרכזית טלהפצת משקאות בע,,יוגורט פרופ תות 3% מ,מיליליטרים,150.00,"100 מ""ל",false,,4.80,0.0320,true,1,800024
7290102390465,false,יוגורט ביו עם קציפת אפרסק ופסיפלורה 3% שומן 150 ג' מולר,החברה המרכזית טלהפצת משקאות בע,,יוגורט פרופ אפרסק פס,מיליליטרים,150.00,"100 מ""ל",false,,4.80,0.0320,true,1,800026
7290102390489,false,יוגורט ביו עם קציפת לימון 3% שומן 150 ג' מולר,*החברה המרכזית להפצת משקאותבעמ,,יוגורט פרופ לימון 3%,מיליליטרים,150.00,"100 מ""ל",false,,4.80,0.0320,true,1,800027
7290102391844,false,יוגורט ביו עם קציפת פירות יער3% שומן 150 ג' מולר,החברה המרכזית טלהפצת משקאות בע,,יוגורט פרופ פירות יע,מיליליטרים,150.00,"100 מ""ל",false,,4.80,0.0320,true,1,800037
7290102392049,false,גבינה לאפיה תבור ללא תוספת מלח 5% משק צוריאל 500 גרם,החברה המרכזית טלהפצת משקאות בע,,גבינה לאפיה תבור ללא,גרמים,500.00,100 גרם,false,,22.90,0.0458,true,1,800040
7290102392094,false,חלב עיזים 3.7% בקרטון משק צוריאל 1 ליטר,החברה המרכזית טלהפצת משקאות בע,,חלב עיזים מלא 3.7% מ,מיליליטרים,1000.00,"100 מ""ל",false,,14.90,0.0149,true,1,800042
7290102392254,false,"חלב בקרטון 1% 2 ליטר בד""צ - מוצר בפיקוח",*החברה המרכזית להפצת משקאותבעמ,,חלב 1% טרה 2 ליטר,ליטרים,2.00,ליטר,false,,11.60,5.8000,true,1,800047
7290102393039,false,"יוגורט ביו קרמי מיקס פצפוצי שוקולד 7.6% מולר 170 מ""ל",*החברה המרכזית להפצת משקאותבעמ,,יוגורט ביו קרמי מיקס,מיליליטרים,170.00,"100 מ""ל",false,,5.50,0.0324,true,1,800070
7290102393060,false,"יוגורט ביו קרמי מיקס גלילי ופל ואגוזים 5.9% מולר 170 מ""ל",*החברה המרכזית להפצת משקאותבעמ,,יוגורט ביו קרמי מיקס,מיליליטרים,170.00,"100 מ""ל",false,,5.50,0.0324,true,1,800071
7290102393169,false,"יוגורט סימפלי פרוט בטעם תות 3% מולר 150 מ""ל",*החברה המרכזית להפצת משקאותבעמ,,יוגורט סימפלי פרוט ב,מיליליטרים,150.00,"100 מ""ל",false,,4.80,0.0320,true,1,800080
7290102393176,false,סימפלי פרוט יוגורט אפרסק 3% שומן 150 ג' מולר,*החברה המרכזית להפצת משקאותבעמ,,מולר סימפלי פרוט אפר,מיליליטרים,150.00,"100 מ""ל",false,,4.80,0.0320,true,1,800081
7290102393190,false,"יוגורט סימפלי פרוט בטעם פירות יער 3% מולר 150 מ""ל",*החברה המרכזית להפצת משקאותבעמ,,יוגורט סימפלי פרוט ב,מיליליטרים,150.00,"100 מ""ל",false,,4.80,0.0320,true,1,800083
7290102393268,false,"גבינה לבנה 5% שומן, רכיבים טבעיים 750 גרם",*החברה המרכזית להפצת משקאותבעמ,,גבינה לבנה 5% טרה 75,גרמים,750.00,100 גרם,false,,14.50,0.0193,true,1,800086
7290102393299,false,יוגורט עיזים לשתייה 3% משק צוריאל 500 גרם,*החברה המרכזית להפצת משקאותבעמ,,יוגורט עיזים 3% משק,מיליליטרים,500.00,"100 מ""ל",false,,11.70,0.0234,true,1,800087
7290102393848,false,יוגורט עיזים 2.4% עם תות משק צוריאל 150 גרם,*החברה המרכזית להפצת משקאותבעמ,,יוגורט עיזים בטעם תו,מיליליטרים,150.00,"100 מ""ל",false,,5.80,0.0387,true,1,800102
7290102393855,false,יוגורט עיזים 2.5% עם אפרסק משק צוריאל 150 גרם,*החברה המרכזית להפצת משקאותבעמ,,יוגורט עיזים בטעם אפ,מיליליטרים,150.00,"100 מ""ל",false,,5.80,0.0387,true,1,800103
7290102393947,false,סימפלי פרוט יוגורט בטעם קיווי 3% שומן 150 ג' מולר,*החברה המרכזית להפצת משקאותבעמ,,יוגורט ביו קיווי 3%,מיליליטרים,150.00,"100 מ""ל",false,,4.80,0.0320,true,1,800110
7290102394081,false,"יוגורט ביו קרמי מיקס קורנפלקס מצופה שוקולד מולר 170 מ""ל",*החברה המרכזית להפצת משקאותבעמ,,יוגורט ביו קרמי מיקס,מיליליטרים,170.00,"100 מ""ל",false,,5.50,0.0324,true,1,800122
7290102394258,false,גליל גבינת עיזים מה עז 9% משק צוריאל 180 גרם,*החברה המרכזית להפצת משקאותבעמ,,גליל גבינת עיזים מה,גרמים,180.00,100 גרם,false,,20.90,0.1161,true,1,800132
7290102394463,false,נעם גבינה צהובה פרוסה ואקום 28% טרה 500 גרם,החברה המרכזית טלהפצת משקאות בע,,נעם גבינה צהובה פרוס,גרמים,500.00,100 גרם,false,,23.90,0.0478,true,1,858532
7290102394821,false,גבינה צהובה 28% דק דק לפתיחה חוזרת 200,החברה המרכזית טלהפצת משקאות בע,,נעם גבינה צהובה פרוס,גרמים,200.00,100 גרם,false,,15.20,0.0760,true,1,800147
7290102394845,false,נעם גבינה צהובה לייט פרוסה דק דק 9% טרה 200 גרם,*החברה המרכזית להפצת משקאותבעמ,,נעם גבינה צהובה לייט,גרמים,200.00,100 גרם,false,,16.30,0.0815,true,1,800148
7290102395217,false,"יוגורט ביאנקו 2% במתיקות מעודנת מולר 1.2 ק""ג",החברה המרכזית טלהפצת משקאות בע,,מאגדת שמיניית מולר מ,קילוגרמים,1.20,"ק""ג",false,,17.90,14.9167,true,1,833106
7290102395224,false,שמיניית יוגורט ביו ביאנקו 1.7% מולר 150 גרם,*החברה המרכזית להפצת משקאותבעמ,,יוגורט 1.7% מולר 8*1,ליטרים,1.20,ליטר,false,,15.90,13.2500,true,1,831876
7290102395231,false,שמיניית יוגורט ביו ביאנקו 2.8% מולר 150 גרם,*החברה המרכזית להפצת משקאותבעמ,,יוגורט 2.8% מולר 8*1,ליטרים,1.20,ליטר,false,,15.90,13.2500,true,1,831877
7290102395262,false,מארז 8 גביעים יוגורט בטעם תות שדה ואפרסק 3% Simply Fruit,החברה המרכזית טלהפצת משקאות בע,,יוגורט בטעם תות ואפר,ליטרים,1.20,ליטר,false,,28.90,24.0833,true,1,834581
7290102395347,false,"יוגורט 6% בכד 3 ק""ג רבנות",טרה,,יוגורט כד 6% 3קג,יח',1.00,יח',false,,29.90,29.9000,true,1,833108
7290102395378,false,נעם גבינה צהובה פרוסה ואקום 28% טרה 360 גרם,*החברה המרכזית להפצת משקאותבעמ,,נעם גבינה צהובה פרוס,גרמים,360.00,100 גרם,false,,19.90,0.0553,true,1,833109
7290102395408,false,נעם גבינה צהובה 28% במשקל,*החברה המרכזית להפצת משקאותבעמ,,ג. צהובה 28% נעם,קילוגרמים,1.00,"ק""ג",true,,44.70,44.7000,true,1,866106
7290102395415,false,נועם גב.צהובה9%חריץ משקל,החברה המרכזית טלהפצת משקאות בע,,ג. צהובה 9% נעם,קילוגרמים,1.00,"ק""ג",true,,71.00,71.0000,true,1,866175
7290102395422,false,נעם גבינה צהובה 22% במשקל,החברה המרכזית להפצה,,ג.צהובה 22% נעם,קילוגרמים,1.00,"ק""ג",true,,42.50,42.5000,true,1,866176
7290102395439,false,מארז 8 גביעים יוגורט בטעם פירות יער וקיווי 3% Simply Fruit,*החברה המרכזית להפצת משקאותבעמ,,מולר שמינייה פירות י,קילוגרמים,1.20,"ק""ג",false,,28.90,24.0833,true,1,834572
7290102395446,false,מעדן חלב בטעם וניל עם קצפת 123 ג' טרה,*החברה המרכזית להפצת משקאותבעמ,,מעדן מוו וניל קצפת,גרמים,123.00,100 גרם,false,,2.80,0.0228,true,1,833111
7290102395477,false,מעדן חלב בטעם שוקולד עם קצפת 123 ג' טרה,*החברה המרכזית להפצת משקאותבעמ,,מעדן מוו שוקולד קצפת,גרמים,123.00,100 גרם,false,,2.80,0.0228,true,1,833114
7290102395521,false,"שמנת לבישול 15% שומן 500 מ""ל טרה",החברה המרכזית טלהפצת משקאות בע,,שמנת לבישול 15% 500,מיליליטרים,500.00,"100 מ""ל",false,,15.90,0.0318,true,1,931692
7290102396399,false,מארז 8 יחידות מעדן חלב בטעם שוקולד 1.5%,*החברה המרכזית להפצת משקאותבעמ,,מאגדת שמינייה מעדן ש,מיליליטרים,800.00,"100 מ""ל",false,,11.90,0.0149,true,1,961005
7290102396405,false,מארז 8 יחידות מעדן חלב בטעם וניל 1.5%,החברה המרכזית טלהפצת משקאות בע,,מאגדת שמינייה מעדן ו,מיליליטרים,800.00,"100 מ""ל",false,,11.90,0.0149,true,1,961006
7290102396436,false,מעדן בטעם שוקולד 1.5% שומן מוו (125 גרם),*החברה המרכזית להפצת משקאותבעמ,,מעדן מוו שוקולד 125,גרמים,125.00,100 גרם,false,,2.70,0.0216,true,1,954372
7290102396443,false,מעדן בטעם וניל 1.5% שומן מוו (125 גרם),*החברה המרכזית להפצת משקאותבעמ,,מעדן מוו וניל 125 גר,גרמים,125.00,100 גרם,false,,2.70,0.0216,true,1,954373
7290102396580,false,מעדן מוו שוקולד ומוס שוקולד טרה 118 גרם,החברה המרכזית טלהפצת משקאות בע,,מעדן מוו שוקלד ומוס,גרמים,118.00,100 גרם,false,,2.80,0.0237,true,1,961007
7290102396597,false,מעדן מוו וניל ומוס שוקולד טרה 118 גרם,*החברה המרכזית להפצת משקאותבעמ,,מעדן מוו וניל ומוס 1,גרמים,118.00,100 גרם,false,,2.80,0.0237,true,1,961008
7290102396665,false,צהובה פרוסות דקדק פתח סגור 15% 200 גר`,*החברה המרכזית להפצת משקאותבעמ,IL,נעם גבינה צהובה דק ד,גרמים,200.00,100 גרם,false,,15.20,0.0760,true,1,1070046
7290102396672,false,גבינה צהובה נעם דק דק 9% פתח סגור 360 ג,*החברה המרכזית להפצת משקאותבעמ,IL,נעם גבינה צהובה דק ד,גרמים,360.00,100 גרם,false,,25.90,0.0719,true,1,1070047
7290102396726,false,יוגורט 0% אפרסק סימפלי מולר (150 גרם),*החברה המרכזית להפצת משקאותבעמ,,מולר סימפלי פרוט אפר,גרמים,150.00,100 גרם,false,,4.80,0.0320,true,1,991189
7290102396740,false,מארז 8 גביעים יוגורט בטעם תות שדה ואפרסק 0% Simply Fruit,החברה המרכזית טלהפצת משקאות בע,,מאגדת שמינייה מולר ס,קילוגרמים,1.20,"ק""ג",false,,28.90,24.0833,true,1,991191
7290102397204,false,גבינה צהובה נעם דק דק פתח סגור 200 גר,*החברה המרכזית להפצת משקאותבעמ,IL,נעם גבינה צהובה דק ד,גרמים,200.00,100 גרם,false,,15.20,0.0760,true,1,1070048
7290102397310,false,מעדן מיני בטעם שוקולד קצפת מוו מאגדת 8 יח' * 70 ג',החברה המרכזית טלהפצת משקאות בע,IL,מאגדת שמינייה מיני מ,מיליליטרים,944.00,"100 מ""ל",false,,11.30,0.0120,true,1,1172719
7290102397334,false,גבינה בולגרית גלילית 5% משק צוריאל 250 גרם,החברה המרכזית טלהפצת משקאות בע,,בולגרית 5% 250 גר,גרמים,250.00,100 גרם,false,,19.70,0.0788,true,1,1155821
7290102397464,false,יוגורט ביו בתוספת גרעינים אגוזים וחמוציות 170 ג' מולר,החברה המרכזית טלהפצת משקאות בע,,מולר נטורל 102 גר,גרמים,102.00,100 גרם,false,,5.50,0.0539,true,1,2628746
7290102397600,false,מיקס יוגורט בתוספת שקדים ובוטנים מקורמלים 170 ג' מולר,החברה המרכזית טלהפצת משקאות בע,,מולר שקדים בוטנים בק,מיליליטרים,170.00,"100 מ""ל",false,,5.50,0.0324,true,1,1512700
7290102397617,false,יוגורט ביו קרמי עם כדורים מצופים שוקולד חום לבן,*החברה המרכזית להפצת משקאותבעמ,,מולר מיקס קליק,יח',1.00,יח',false,,5.50,5.5000,true,1,1512701
7290102397679,false,קוטג' וחצי טרה 5% מרכיבים טבעיים,*החברה המרכזית להפצת משקאותבעמ,,קוטג' 5% 375 גר,גרמים,375.00,100 גרם,false,,6.90,0.0184,true,1,2387265
7290102397730,false,פרוסות גבינה אמנטל חצי קשה 30% שומן 200 ג' נעם,*החברה המרכזית להפצת משקאותבעמ,,אמנטל נעם פתיחה חוזר,גרמים,200.00,100 גרם,false,,16.90,0.0845,true,1,2885671
7290102397747,false,פרוסות גבינת מוצרלה נעם מחלב בקר 22%,*החברה המרכזית להפצת משקאותבעמ,,מוצרלה נעם 200 גר,גרמים,200.00,100 גרם,false,,17.90,0.0895,true,1,3634792
7290102397891,false,גבינה ניו יורק מותכת %16 4*25 גרם,החברה המרכזית טלהפצת משקאות בע,,גבינה מותכת 100 ג צו,גרמים,25.00,100 גרם,false,,6.90,0.2760,true,1,2628729
7290102398065,false,חלב טרה בקרטון 2 ליטר מהדרין 3% - מוצר בפיקוח,*החברה המרכזית להפצת משקאותבעמ,,חלב 3% טרה 2 ליטר,ליטרים,2.00,ליטר,false,,12.30,6.1500,true,1,3177640
7290102398331,false,חלב מועשר דל לקטוז 2% שומן טרה 1 ליטר,*החברה המרכזית להפצת משקאותבעמ,,חלב מועשר דל לקטוז 1,ליטרים,1.00,ליטר,false,,6.90,6.9000,true,1,3899156
7290102398478,false,לאבנה 9% שומן 500 ג' טרה,החברה המרכזית טלהפצת משקאות בע,,לאבנה 9% 500 גר,גרמים,500.00,100 גרם,false,,16.90,0.0338,true,1,4692610
7290102398553,false,משקה שוקו בקבוק 1.5 ליטר בבקבוק,*החברה המרכזית להפצת משקאותבעמ,,שוקו טרה 1.5ליט,יח',1.00,יח',false,,15.90,15.9000,true,1,6274880
7290102398560,false,משקה שוקו מועשר בבקבוק 1 ליטר טרה,החברה המרכזית טלהפצת משקאות בע,,שוקו מועשר בבקבוק 1,ליטרים,1.00,ליטר,false,,10.90,10.9000,true,1,4692611
7290102398577,false,משקה חלב בטעם שוקו 2% בבקבוק אישי,החברה המרכזית טלהפצת משקאות בע,,שוקו טרה מועשר בבקבו,מיליליטרים,250.00,"100 מ""ל",false,,4.90,0.0196,true,1,4692612
7290102398614,false,משקה חלב טרה ט. בננה 1ליטר בקבוק,*החברה המרכזית להפצת משקאותבעמ,,משקה חלב בטעם בננה 1,ליטרים,1.00,ליטר,false,,10.90,10.9000,true,1,4692615
7290102398638,false,משקה חלב טרה ט.מוקה 1ליטר בקבוק,החברה המרכזית טלהפצת משקאות בע,,משקה חלב בטעם מוקה 1,ליטרים,1.00,ליטר,false,,10.90,10.9000,true,1,4692616
7290102398669,false,משקה חלב אייס קפוצ'ינו טרה 1 ליטר,החברה המרכזית טלהפצת משקאות בע,,אייס קפוצינו בבקבוק,ליטרים,1.00,ליטר,false,,10.90,10.9000,true,1,6304336
7290102398782,false,.משקה סויה קלאסי 1ל בקבוק משק צוריא,*החברה המרכזית להפצת משקאותבעמ,,משקה סויה קלאסי 1 לי,יח',1.00,יח',false,,9.90,9.9000,true,1,6173239
7290102398799,false,משקה סויה במתיקות מופחתת משק צוריאל 1 ליטר,החברה המרכזית טלהפצת משקאות בע,,משקה סויה במתיקות מו,יח',1.00,יח',false,,9.90,9.9000,true,1,6101624
7290102398805,false,משקה סויה בטעם וניל 1ל בקבוק משק צוריא,החברה המרכזית טלהפצת משקאות בע,,משקה סויה וניל 1 ליט,יח',1.00,יח',false,,9.90,9.9000,true,1,6101625
7290102398836,false,משקה שקדים קלאסי 1 ליטר משק צוריאל,החברה המרכזית טלהפצת משקאות בע,,משקה שקדים קלאסי 1 ל,יח',1.00,יח',false,,11.90,11.9000,true,1,6101627
7290102399048,false,פרוסות גבינת קשקבל נעם 200 ג' טרה,*החברה המרכזית להפצת משקאותבעמ,,קשקבל נעם 200 גר,גרמים,200.00,100 גרם,false,,21.90,0.1095,true,1,5570011
7290102399772,false,מולר ספרדבל-ממרח חמאת מולר במליחות עדינה 250 גרם,החברה המרכזית טלהפצת משקאות בע,,ממרח חמאה מולר במליח,גרמים,250.00,100 גרם,false,,15.70,0.0628,true,1,6302424
7290102399789,false,מולר ספרדבל-ממרח חמאת מולר ללא מלח 250 גרם,החברה המרכזית טלהפצת משקאות בע,,ממרח חמאה מולר ללא ת,גרמים,250.00,100 גרם,false,,15.70,0.0628,true,1,6309214
7290102399796,false,מעדן יוגורט לבן מועשר בחלבון 200 ג' מולר אקטיב,*החברה המרכזית להפצת משקאותבעמ,,יוגורט מולר אקטיב 25,גרמים,200.00,100 גרם,false,,5.40,0.0270,true,1,6304337
7290102399802,false,יוגורט עם תות מולר אקטיב מועשר בחלבון 200 גר',החברה המרכזית טלהפצת משקאות בע,,יוגורט מולר אקטיב תו,גרמים,200.00,100 גרם,false,,5.50,0.0275,true,1,6304317
7290102399819,false,יוגורט עם פירות יער מולר אקטיב מועשר בחלבון 200 גר',החברה המרכזית טלהפצת משקאות בע,,יוגורט מולר פירות יע,גרמים,200.00,100 גרם,false,,5.50,0.0275,true,1,6254541
7290102399857,false,מולר אקטיב לייט 20 גרם חלבון 0% שומן עם תות 200 גרם,החברה המרכזית טלהפצת משקאות בע,,מולר יוגורט מועשר חל,גרמים,200.00,100 גרם,false,,5.50,0.0275,true,1,6312906
7290103120658,false,דאודורנט ספיד סטיק גל שחור 85 גרם,הנסיך- מפעל לייצור ט,,ספיד סטיק 24/7 גל שח,גרמים,85.00,100 גרם,false,,16.90,0.1988,true,1,805013
7290103124588,false,"סבון נוזלי ארומה בניחוח לבנדר פטצ'ולי פלמוליב 750 מ""ל",הנסיך- מפעל לייצור ט,,סבון נוזלי ארומה בני,מיליליטרים,750.00,"100 מ""ל",false,,19.90,0.0265,true,1,805037
7290103124601,false,"תחליב רחצה נוזל חלב ודבש משאבה 750מ""ל פלמוליב",הנסיך- מפעל לייצור ט,,תחליב רחצה מזין חלב,מיליליטרים,750.00,"100 מ""ל",false,,19.90,0.0265,true,1,805039
7290103126797,false,"משחת שיניים סנסטיב פרו ריליף קולגייט 75 מ""ל",הנסיך- מפעל לייצור ט,,משחת שיניים סנסטיב פ,גרמים,110.00,100 גרם,false,,21.90,0.1991,true,1,805065
7290103129378,false,ספיד סטיק - דאודורנט ג'ל לגבר איקס 5 85 גרם,הנסיך- מפעל לייצור ט,,ספיד סטיק גל 5X,גרמים,51.00,100 גרם,false,,15.90,0.3118,true,1,805082
7290103129637,false,בלונס פדים אובליים להסרת איפור 40 יחידות,הנסיך- מפעל לייצור ט,,בלונס פדים אובליים ל,יח',40.00,יח',false,,6.90,0.1725,true,1,805084
7290103243296,false,עוגה שוקו ציפס 450 גרם נוסטלגיה,בני פאוזי שמשום (2009) בעמ,,עוגה שוקו ציפס 450 ג,גרמים,450.00,100 גרם,false,,8.80,0.0196,true,1,1553016
7290103243302,false,עוגת שוקולד 450 גרם נוסטלגיה,בני פאוזי שמשום (2009) בעמ,,עוגת שוקולד 450 גרם,גרמים,450.00,100 גרם,false,,8.80,0.0196,true,1,1553017
7290103243319,false,עוגה אנגלית 450 גרם נוסטלגיה,,,עוגה אנגלית 450 גרם,גרמים,450.00,100 גרם,false,,8.80,0.0196,true,1,1553018
7290103243326,false,עוגת שיש 450 גרם נוסטלגיה,,,עוגת שיש 450 גרם נוס,גרמים,450.00,100 גרם,false,,8.80,0.0196,true,1,1553019
7290103243333,false,עוגה בטעם תפוז 450 ג נוסטלגיה,בני פאוזי שמשום (2009) בעמ,,עוגה בטעם תפוז 450 ג,גרמים,450.00,100 גרם,false,,8.80,0.0196,true,1,1553020
7290103400194,false,כרוב לבן 400 ג בדצ ירקות שטראוס טעם הטבע,שטראוס בריאות ירקות טריי,,כרוב לבן 400 ג בדצ י,גרמים,400.00,100 גרם,false,,8.50,0.0213,true,1,818462
7290103400231,false,גזר גוליאן 400גר שטראוס טעם הטבע,ביכורי השדה הצפון בעמ` 1964,,גזר גוליאן בדצ 400גר,גרמים,400.00,100 גרם,false,,8.50,0.0213,true,1,818464
7290103401429,false,קפה קצב ברזילאי אוריגינס 200 גר,הנסיך- מפעל לייצור ט,,קפה פליטנום ברזילאי,גרמים,200.00,100 גרם,false,,24.90,0.1245,true,1,805625
7290103404758,false,סלט כרוב אדום במיונז אחלה 120 גרם,שטראוס גרופ בעמ/מצונן,,סלט כרוב אדום אחלה 1,גרמים,120.00,100 גרם,false,,4.70,0.0392,true,1,818480
7290103408206,false,עלי חסה ערבית שטופים 250 גר טעם הטבע,ביכורי השדה הצפון בעמ` 1964,,עלי חסה ערבית שטופים,גרמים,250.00,100 גרם,false,,9.90,0.0396,true,1,818491
7290103702533,false,מגבות נייר כפול 6 יח רמילוי,,,מגבות נייר כפול 6 יח,יח',1.00,יח',false,,18.90,18.9000,true,1,5869021
7290103702540,false,נייר טואלט מהדרות כדור פורח 30 גלילים טאצ',שניב תעשיות נייר בעמ,,נייר טואלט 30 יח כדו,יחידה,0.00,יחידה,false,,22.90,0.0000,true,1,6510678
7290103702878,false,מפיות עבות וחזקות 150יח,,,מפיות עבות וחזקות 15,יח',1.00,יח',false,,6.90,6.9000,true,1,2498354
7290103702939,false,נייר טואלט גליל כפול 16 רמילוי,,,נייר טואלט גליל כפול,יח',16.00,יח',false,,28.90,1.8062,true,1,2560667
7290103702946,false,נייר טואלט רמי לוי כפול 24יח,,,נייר טואלט רמי לוי כ,יח',24.00,יח',false,,42.90,1.7875,true,1,2290901
7290103704063,false,נייר טואלט טאצ מהדורת כדור פורח 48 יחי,שניב תעשיות נייר בעמ,,נייר טואלט 48 יח כדו,יחידה,0.00,יחידה,false,,36.50,0.0000,true,1,6511568
7290104061417,false,סלט חומוס עם טחינה אחלה 400 גרם,שטראוס גרופ בעמ/מצונן,,סלט חומוס עם טחינה א,גרמים,400.00,100 גרם,false,,9.90,0.0248,true,1,818508
7290104061424,false,סלט חומוס עם זעתר אחלה 400 גרם,שטראוס גרופ בעמ/מצונן,,סלט חומוס עם זעתר אח,גרמים,400.00,100 גרם,false,,9.90,0.0248,true,1,818509
7290104061431,false,סלט חומוס עם צנובר אחלה 400 גרם,שטראוס גרופ בעמ/מצונן,,סלט חומוס עם צנובר א,גרמים,400.00,100 גרם,false,,9.90,0.0248,true,1,818510
7290104061448,false,סלט חומוס עם חריף אחלה 400 גרם,שטראוס גרופ בעמ/מצונן,,סלט חומוס עם חריף אח,גרמים,400.00,100 גרם,false,,9.90,0.0248,true,1,818511
7290104062599,false,מארז 8 יחידות מעדן גמדים בטעמי תות ובננה,שטראוס גרופ בעמ/מצונן,,מעדן גמדים תות בננה,מיליליטרים,800.00,"100 מ""ל",false,,17.90,0.0224,true,1,818514
7290104065187,false,אבקה להכנת משקה קפה בטעם מוקה,"שטראוס גרופ בע""מ",,קפה נמס מוקה 200 גרם,גרמים,200.00,100 גרם,false,,19.90,0.0995,true,1,805700
7290104065934,false,עלי רוקט שטראוס 150 גר`-טעם הטבע,ביכורי השדה הצפון בעמ` 1964,,עלי רוקט שטראוס 150,גרמים,150.00,100 גרם,false,,9.90,0.0660,true,1,818527
7290104066566,false,סלט טחינה שומשום מלא 500גר אחלה,שטראוס גרופ בעמ/מצונן,,טחינה 500 גרם,גרמים,500.00,100 גרם,false,,13.90,0.0278,true,1,818531
7290104068539,false,מאסט פליפטופ מלון ואבטיח ללא גרעינים,שטראוס גרופ בע`מ,,מסטיק MUST בטעם אבטי,גרמים,28.00,100 גרם,false,,4.00,0.1429,true,1,805730
7290104068546,false,גומי מאסט בטעם לימון קולה ללא סוכר 28 ג' עלית,שטראוס גרופ בע`מ,,מסטיק MUST בטעם קולה,גרמים,28.00,100 גרם,false,,3.90,0.1393,true,1,805731
7290104501661,false,אינסטנט פודינג בטעם וניל צרפתי אסם 80 גרם,קבוצת אוסם סחר-שות.מוגבלת,,אינסטנט פודינג בטעם,גרמים,80.00,100 גרם,false,,4.90,0.0613,true,1,807474
7290104503184,false,הבית עוגת שבת בראוניס טעם שוקולד ריבת חלב 380 גרם,קבוצת אוסם סחר-שות.מוגבלת,,עוגת שבת בראוניס ריב,גרמים,380.00,100 גרם,false,,14.90,0.0392,true,1,807494
7290104508943,false,במבה חטיף בוטנים אסם 200 גרם,קבוצת אוסם סחר-שות.מוגבלת,,במבה חטיף בוטנים אסם,גרמים,200.00,100 גרם,false,,8.90,0.0445,true,1,807535
7290104570131,false,תמר מג'הול ששון ושות,,,"תמר מג'הול 1 ק""ג",יח',1.00,יח',false,,19.90,19.9000,true,1,1202051
7290104570162,false,תמרים ללא חרצנים בואקום 500 גרם,מ.ד אטיאס סוכנויות מזון בע`מ,,תמרים כבושים 500גרם,גרמים,500.00,100 גרם,false,,6.90,0.0138,true,1,852505
7290104721533,false,רצועות פלפלים קלויים אחלה (400 גרם),שטראוס גרופ בעמ/מצונן,,פלפלים קלויים 400 גר,גרמים,400.00,100 גרם,false,,14.90,0.0373,true,1,818557
7290104721953,false,לקט מסולסלים 350 גרם שטראוס טעם הטבע,שטראוס בריאות ירקות טריי,,לקט מסולסלים ירקות ש,גרמים,350.00,100 גרם,false,,12.90,0.0369,true,1,818561
7290104722530,false,תפוצ'יפס בטעם שמנת בצל עלית 200 גרם,"שטראוס פריטו ליי בע""\מ )",,תפוצ'יפס בטעם שמנת ב,גרמים,200.00,100 גרם,false,,9.90,0.0495,true,1,812872
7290104726262,false,רביעייה מעדן דני שוקולד דיסני לבנים 125 גרם,שטראוס גרופ בעמ/מצונן,,דני בטעם שוקולד לשתי,מיליליטרים,500.00,"100 מ""ל",false,,10.90,0.0218,true,1,818596
7290104726712,false,מארז 8 יחידות מעדן מילקי בטעם שוקולד עם קצפת,שטראוס גרופ בעמ/מצונן,,מארז מילקי שוקולד שמ,קילוגרמים,1.06,"ק""ג",false,,19.90,18.7736,true,1,818604
7290104728310,false,"שמנת מתוקה עמידה 38% שומן ""יטבתה"" -מוצר בפיקוח",שטראוס גרופ בעמ/מצונן,,שמנת להקצפה 38% 250,מיליליטרים,250.00,"100 מ""ל",false,,5.60,0.0224,true,1,818615
7290104729010,false,"לבן בטעם תות יטבתה 100 מ""ל מהדרין",שטראוס גרופ בעמ (ח),,"לבן בטעם תות 100 מ""ל",מטרים,100.00,100 מ'ל,false,,1.40,0.0140,true,1,818628
7290104960239,false,תחליב רחצה בניחוח קמומיל נקה (7507 מל),טרופיקל דגיל תעשיות קוסמ,,נקה 7 תחליב רחצה קמו,מיליליטרים,750.00,"100 מ""ל",false,,9.90,0.0132,true,1,1085384
7290104960246,false,נקה 7 ארומה תחליב רחצה ורד יסמין 750 מ,טרופיקל דגיל תעשיות קוסמ,,נקה 7 תחליב רחצה ארו,מיליליטרים,750.00,"100 מ""ל",false,,9.90,0.0132,true,1,828998
7290104960253,false,נקה 7 ארומה תחליב רחצה לבנדר ענוג 750,החברה הדרומית לשיווק בעמ,,נקה 7 תחליב רחצה לבנ,מיליליטרים,750.00,"100 מ""ל",false,,9.90,0.0132,true,1,828999
7290104960338,false,"נקה 7 תחליב רחצה ארומה אלוורה ותה ירוק 750מ""ל",טרופיקל דגיל תעשיות קוסמ,,נקה 7 תחליב רחצה אלו,מיליליטרים,750.00,"100 מ""ל",false,,9.90,0.0132,true,1,1085385
7290104960352,false,"נקה 7 תחליב רחצה ארומה שקד וניל 750מ""ל",החברה הדרומית לשיווק בעמ,,נקה 7 תחליב רחצה וני,מיליליטרים,750.00,"100 מ""ל",false,,9.90,0.0132,true,1,1085386
7290104960970,false,דאודורנט ספריי טיטניום מטאל Titanium Metal,אמיליה קוסמטיקס בעמ,,דאו טיטניום ספריי 18,מיליליטרים,180.00,"100 מ""ל",false,,14.90,0.0828,true,1,829005
7290104961205,false,"נקה 7 תחליב רחצה מגע קטיפה מ""לפפון קיווי 750 מ""ל",טרופיקל דגיל תעשיות קוסמ,,תחליב רחצה מלפפון ול,מיליליטרים,750.00,"100 מ""ל",false,,9.90,0.0132,true,1,829006
7290104961526,false,דאודורנט ספריי גוף טיטניום קלאסיק Titanium Classic,החברה הדרומית לשיווק בעמ,,טיטניום ספריי גוף 15,מיליליטרים,150.00,"100 מ""ל",false,,9.90,0.0660,true,1,829015
7290104961533,false,דאודורנט ספריי גוף טיטניום בלק Titanium Black,החברה הדרומית לשיווק בעמ,,טיטניום ספריי גוף 15,מיליליטרים,150.00,"100 מ""ל",false,,9.90,0.0660,true,1,829016
7290104961540,false,דאודורנט ספריי גוף טיטניום מטאל Titanium Metal,החברה הדרומית לשיווק בעמ,,טיטניום ספריי גוף 15,מיליליטרים,150.00,"100 מ""ל",false,,9.90,0.0660,true,1,829017
7290104961878,false,"שמפו לשיער קרטין אינטנס פורמולה 400 מ""ל נטורל",החברה הדרומית לשיווק בעמ,,שמפו קרטין לשיער שעב,מיליליטרים,400.00,"100 מ""ל",false,,29.90,0.0747,true,1,833929
7290104961885,false,מרכך קרטין טהור לשיער שעבר החלקה או עיצוב בחום,החברה הדרומית לשיווק בעמ,,מרכך קרטין לשיער שעב,מיליליטרים,400.00,"100 מ""ל",false,,29.90,0.0747,true,1,833930
7290104961892,false,מסכת קרטין טהור לשיער שעבר החלקה או עיצוב בחום,החברה הדרומית לשיווק בעמ,,מסיכת קרטין לשיער שע,מיליליטרים,350.00,"100 מ""ל",false,,39.90,0.1140,true,1,833931
7290104963162,false,"סופטקר - קרם גוף לתינוקות 500 מ""ל",החברה הדרומית לשיווק בעמ,IL,סופטקר קרם גוף 500 מ,מיליליטרים,500.00,"100 מ""ל",false,,24.90,0.0498,true,1,1457229
7290104963216,false,סופטקר - אל סבון עדין לתינוק לעור רגיש 1 ליטר,החברה הדרומית לשיווק בעמ,IL,סופטקר אלסבון עדין ל,ליטרים,1.00,ליטר,false,,14.90,14.9000,true,1,1457232
7290104963223,false,סופטקר - אל סבון עדין לתינוק לעור רגיש 1 ליטר,החברה הדרומית לשיווק בעמ,IL,סופטקר אלסבון לתינוק,ליטרים,1.00,ליטר,false,,14.90,14.9000,true,1,1457233
7290104963650,false,נקה 7 שמפו אל דמע סופטקר 1 ליטר,החברה הדרומית לשיווק בעמ,IL,סופטקר שמפו אלדמע 1ל,ליטרים,1.00,ליטר,false,,14.90,14.9000,true,1,1457234
7290104963667,false,שמפו ותחליב רחצה אל דמע סופט קר 1 ליטר,החברה הדרומית לשיווק בעמ,IL,סופטקר 2ב1 אלסבון שמ,ליטרים,1.00,ליטר,false,,14.90,14.9000,true,1,1457235
7290104964350,false,אל סבון עשיר בלחות בניחוח פרחי מים - מארז 3 יח',החב. הדרומית לשיווק,,סבון נוזלי כחול נקה,ליטרים,1.50,ליטר,false,,19.90,13.2667,true,1,1550030
7290104964398,false,"שלשיית אלסבון מפנק נקה 7 וניל רענן 3* 500 מ""ל",נקה 7,,סבון נוזלי כחול נקה,ליטרים,1.50,ליטר,false,,19.90,13.2667,true,1,3045044
7290105360250,false,קפסולות 09 עשיר וארומטי למכונת נספרסו עלית 10יח',הנסיך- מפעל לייצור ט,,קפסולות קפה אספרסו 9,יח',1.00,יח',false,,15.90,15.9000,true,1,833231
7290105360328,false,קפסולות אספרסו חזק למכונות נספרסו 10 יח',הנסיך- מפעל לייצור ט,,קפסולות קפה אספרסו 1,יח',1.00,יח',false,,15.90,15.9000,true,1,833232
7290105360335,false,קפסולות אספרסו למכונות נספרסו 50 גר,הנסיך- מפעל לייצור ט,,קפסולות קפה אספרסו 7,יח',1.00,יח',false,,15.90,15.9000,true,1,833233
7290105360755,false,"שמן זית 3 חזק 750 מ""ל יד מרדכי",מכוורת יד מרדכי שטראוס ב,,"שמן זית 3 חזק 750 מ""",מיליליטרים,750.00,"100 מ""ל",false,,29.90,0.0399,true,1,805835
7290105362339,false,"שמנת לבישול 15% 250 מ""ל יטבתה מהדרין",שטראוס גרופ בעמ/מצונן,,שמנת לבישול 15% מהדר,מיליליטרים,250.00,"100 מ""ל",false,,7.60,0.0304,true,1,818652
7290105363602,false,מקלות כיף כף קלאסי עלית (40 גרם),שולן צ'\יקולטה גידה סאן.,,מקלות כיף כף קלאסי ע,גרמים,40.00,100 גרם,false,,4.70,0.1175,true,1,805856
7290105364289,false,מקלות כיף כף פצפוצים עלית 40 גרם,שולן צ'\יקולטה גידה סאן.,,מקלות כיף כף פצפוצים,גרמים,40.00,100 גרם,false,,4.70,0.1175,true,1,805858
7290105364302,false,"עלית חטיף שוקולד כיף כף מקלות אגוזים, 40 גרם",שולן צ'\יקולטה גידה סאן.,,מקלות כיף כף אגוזים,גרמים,42.00,100 גרם,false,,4.70,0.1119,true,1,805859
7290105364678,false,"אקטיביה משקה יוגורט בטעם אפרסק שטראוס 250 מ""ל",שטראוס גרופ בעמ/מצונן,,אקטיביה משקה יוגורט,מיליליטרים,250.00,"100 מ""ל",false,,4.80,0.0192,true,1,818673
7290105366023,false,סלט חצילים בטעם כבד אחלה 400 גרם,שטראוס גרופ בעמ/מצונן,,סלט חצילים בטעם כבד,גרמים,400.00,100 גרם,false,,14.90,0.0373,true,1,818688
7290105366993,false,סימפוניה גבינת שמנת פלפל שיפקה 5% שטראוס 200 גרם,שטראוס גרופ בעמ/מצונן,,סימפוניה גבינת שמנת,גרמים,200.00,100 גרם,false,,10.40,0.0520,true,1,902937
7290105368331,false,מעדן מילקי בטעם תות עם קצפת,שטראוס גרופ בעמ/מצונן,,מילקי תות שטראוס 133,מיליליטרים,133.00,"100 מ""ל",false,,2.70,0.0203,true,1,818720
7290105368904,false,"שמנת מתוקה להקצפה 32% שומן 250 מ""ל יוטבתה",שטראוס גרופ בעמ/מצונן,,שמנת מתוקה להקצפה 32,מיליליטרים,250.00,"100 מ""ל",false,,6.90,0.0276,true,1,818727
7290105368928,false,שמנת חמוצה יטבתה %9 200 מל גביע מהדרין,שטראוס גרופ בעמ/מצונן,,"שמנת חמוצה 9% 200 מ""",מיליליטרים,200.00,"100 מ""ל",false,,2.90,0.0145,true,1,818729
7290105369130,false,סימפוניה גבינת שמנת בצל ירוק 5% שטראוס 200 גרם,שטראוס גרופ בעמ/מצונן,,סימפוניה גבינת שמנת,גרמים,200.00,100 גרם,false,,10.40,0.0520,true,1,833531
7290105430441,false,פלמוליב ס.נוזלי סחלב שחור 750 מל משאבה,הנסיך- מפעל לייצור ט,,פלמוליב סבון נוזלי ס,מיליליטרים,750.00,"100 מ""ל",false,,19.90,0.0265,true,1,840377
7290105430458,false,"פלמוליב - תחליב רחצה נטורלס שקדים 750 מ""ל",הנסיך- מפעל לייצור ט,,פלמוליב סבון נוזלי ש,מיליליטרים,750.00,"100 מ""ל",false,,19.90,0.0265,true,1,840378
7290105431516,false,מארז חטיף פריי תמרים ובוטנים ללא גלוטן ותוספת סוכר 125 גרם,טבעית מוצרים מן הטבע בעמ,,מארז חטיף פריי תמרים,גרמים,125.00,100 גרם,false,,15.90,0.1272,true,1,840819
7290105431868,false,"פלמוליב ספא קוקוס גרגרים נוזלי 500 מ""ל",הנסיך- מפעל לייצור ט,,פלמוליב ספא קוקוס גר,מיליליטרים,500.00,"100 מ""ל",false,,15.90,0.0318,true,1,900649
7290105433961,false,"ליידי ספיד סטיק לסס פרש אסנס ספריי דובדבן, 150 מ""ל",קולגייט פלמוליב,,ליידי ספיד סטיק פרש,מיליליטרים,150.00,"100 מ""ל",false,,13.90,0.0927,true,1,934897
7290105434050,false,ספיד סטיק - דאודורנט סטיק לגבר XL ירוק רגיולר 85 גרם,קולגייט פלמוליב,,ספיד סטיק ירוק רגיל,גרמים,85.00,100 גרם,false,,16.90,0.1988,true,1,1071090
7290105436382,false,חטיף פרי תמרים קשיו ללא תוספת סוכר וגלוטן 5 יח,טבעית מוצרים מן הטבע בעמ,,חטיף פרי תמרים קשיו,גרמים,100.00,100 גרם,false,,15.90,0.1590,true,1,975503
7290105438539,false,קוקי נייר אפייה 40 דפים,ש. שסטוביץ בע`מ,,קוקי נייר אפייה,יח',40.00,יח',false,,9.90,0.2475,true,1,999640
7290105439499,false,מאסטר שף מאסטר שף מיונז 480 גר כשלפ,רמיה סי.וי. הולנד,NL,מאסטר שף מיונז 483 ג,גרמים,483.00,100 גרם,false,,11.90,0.0246,true,1,1147482
7290105439505,false,מאסטר שף קרם בטעם מיונז לייט 479 גר כשלפ,רמיה סי.וי. הולנד,,מאסטר שף מיונז לייט,גרמים,479.00,100 גרם,false,,11.90,0.0248,true,1,2087461
7290105439581,false,מנה מאסטר שף חרדל דיזיון צרפתי 370 גר,רמיה סי.וי.הולנד,FR,מנה מאסטר שף חרדל די,גרמים,370.00,100 גרם,false,,9.90,0.0268,true,1,1147499
7290105473950,false,"חול מתגבש לחתולים 5ק""ג",דיפלומט מפיצים (1968) בעמ**,TR,"יורוקיטי מתגבש 5 ק""ג בקרט",קילוגרמים,5.00,"ק""ג",false,,34.90,6.9800,true,1,966760
7290105474124,false,"מזון לכלבים בונזו מזון כלבים בשר 12 ק""ג מחולק",דיפלומט מפיצים (1968) בעמ**,IL,"בונזו בשר 12 ק""ג מחולק",קילוגרמים,12.00,"ק""ג",false,,118.00,9.8333,true,1,902087
7290105500151,false,וודקה פינלנדיה רגיל 700,"אלטיה קורפ, הלסינקי,",,וודקה פינלנדיה 700 מ,מיליליטרים,700.00,"100 מ""ל",false,,58.90,0.0841,true,1,816298
7290105500984,false,ליקר בוכא בוקובזה 700 מל,סייבה,,ערק בוכא בוקובזה 700,מיליליטרים,700.00,"100 מ""ל",false,,124.90,0.1784,true,1,3999445
7290105691224,false,אסם חטיפי פריכונים טורטייה שום בצל 60 גרם,קבוצת אוסם סחר-שות.מוגבלת,,חטיפי טורטיה שום בצל,גרמים,60.00,100 גרם,false,,6.90,0.1150,true,1,807567
7290105691248,false,אסם חטיפי פריכונים טורטייה תירס 60 גרם,קבוצת אוסם סחר שותפות מוגבלת,,חטיפי טורטיה תירס אס,גרמים,60.00,100 גרם,false,,6.90,0.1150,true,1,807568
7290105691712,false,אסם עוגיות הפסקת קפה דגנים מלאים 230 גרם,קבוצת אוסם סחר שותפות מוגבלת,,עוגיות הפסקת קפה חיט,גרמים,230.00,100 גרם,false,,10.90,0.0474,true,1,807575
7290105691934,false,קמח שמרים אסם 1 קילו,קבוצת אוסם סחר שותפות מוגבלת,,"קמח שמרים אסם 1 ק""ג",גרמים,1000.00,100 גרם,false,,7.90,0.0079,true,1,807582
7290105693341,false,מארז עשיריית במבה אסם 25*10 גרם,קבוצת אוסם סחר שותפות מוגבלת,,במבה חטיף בוטנים אסם,גרמים,250.00,100 גרם,false,,13.90,0.0556,true,1,906122
7290105693457,false,עוגת הבית דמקה שוקו וניל 320 גר`בחושות,קבוצת אוסם סחר שותפות מוגבלת,,עוגת הבית דמקה שוקו,גרמים,320.00,100 גרם,false,,10.90,0.0341,true,1,807607
7290105695024,false,פתיתים אפויים אורז עם אטריות אסם 500 גרם,קבוצת אוסם סחר שותפות מוגבלת,,פתיתים אפויים אורז ע,גרמים,500.00,100 גרם,false,,4.90,0.0098,true,1,833286
7290105695321,false,עוגת הבית בראוניז פאדג' אסם 380 גרם,קבוצת אוסם סחר שותפות מוגבלת,,עוגת הבית בראוניס פא,גרמים,380.00,100 גרם,false,,14.90,0.0392,true,1,807649
7290105962331,false,סחוג תימני אדום חריף מאוד זהבי הכרם 220 גרם,שטראוס גרופ בעמ/מצונן,,סחוג אדום תימני חריף,גרמים,220.00,100 גרם,false,,9.90,0.0450,true,1,818745
7290105965738,false,יוגורט לשתיה בטעם תות בננה267 ג' דנונה,שטראוס גרופ בעמ/מצונן,,משקה יוגורט דנונה תו,גרמים,267.00,100 גרם,false,,4.50,0.0169,true,1,927010
7290105966469,false,חומץ בלסמי ממודנה יד מרדכי (250 מל),אצטייה ג'וזפה קרמוני,,חומץ בלסמי יד מרדכי,מיליליטרים,250.00,"100 מ""ל",false,,13.90,0.0556,true,1,834759
7290105968098,false,"סלט קולסלאו 500 גרם ""אחלה""",שטראוס גרופ בעמ/מצונן,,קולסלאו אחלה 500 גרם,גרמים,500.00,100 גרם,false,,14.90,0.0298,true,1,818761
7290105968654,false,רביולי עם בטטה פרווה שטראוס (400 גרם),שטראוס גרופ בעמ/מצונן,,פסטה רביולי בטטה פרו,גרמים,400.00,100 גרם,false,,19.80,0.0495,true,1,818762
7290105968777,false,פריכיות 5 דגנים עם תחתית שוקולד מריר 70 גרם,"טחנת האבן תעשיות בע""",,פריכיות 5 דגנים עם ת,גרמים,70.00,100 גרם,false,,7.50,0.1071,true,1,853377
7290106520066,false,"רבע לשבע שוקולד חלב במילוי אגוזים עלית 160 גרם בד""צ","הגביע מוצרי וופלים בע""\מ",,רבע לשבע במילוי קרם,גרמים,160.00,100 גרם,false,,9.90,0.0619,true,1,805947
7290106520288,false,יוגורט פרו חלבון עם תות 2.4% שומן 150 ג' דנונה,שטראוס גרופ בעמ/מצונן,IL,דנונה WOW תות 2.4%,גרמים,150.00,100 גרם,false,,4.50,0.0300,true,1,1147146
7290106520905,false,סלט טורקי אחלה (400 גרם),שטראוס גרופ בעמ/מצונן,,סלט טורקי 400 גרם,גרמים,400.00,100 גרם,false,,14.90,0.0373,true,1,834775
7290106520912,false,שמנת לבישול 9% שומן 258גר מהדרין יטבתה,שטראוס גרופ בעמ/מצונן,,שמנת לבישול 9% 250 מ,מיליליטרים,250.00,"100 מ""ל",false,,7.60,0.0304,true,1,853329
7290106521049,false,אחלה טעמי השוק קוביות סלק 400 גר,שטראוס גרופ בעמ/מצונן,,קוביות סלק 400 גרם,גרמים,400.00,100 גרם,false,,14.90,0.0373,true,1,885112
7290106525320,false,אבקת שוקולית לאפייה קופסא 500ג' עלית,הנסיך- מפעל לייצור ט,,שוקולית לאפייה 500 ג,גרמים,500.00,100 גרם,false,,14.90,0.0298,true,1,967824
7290106525375,false,קפה מארז טורקי שלישייה 3*125 גר עלית,עלית,,קפה מארז טורקי שלישי,גרמים,375.00,100 גרם,false,,25.90,0.0691,true,1,927013
7290106525382,false,קפה טורקי עלית 125 גר,עלית,,קפה טורקי 125 גר,גרמים,125.00,100 גרם,false,,9.90,0.0792,true,1,927014
7290106525399,false,קפסולות 06 ברזיל למכונות נספרסו עלית 10יח',הנסיך- מפעל לייצור ט,,קפסולות ברזיל למכונת,יח',1.00,יח',false,,15.90,15.9000,true,1,1413465
7290106525405,false,קפסולות קפה עלית נטול קפאין אספרסו) (10,שטראוס קפה בי.וי.,,קפסולות קפה אספרסו נ,100 יח',1.00,100 יח',false,,15.90,15.9000,true,1,955949
7290106526822,false,פריכיות אורז חום מלא תחתית שוקולד חלב 80 גרם,"טחנת האבן תעשיות בע""",,פריכיות אורז חום מלא,גרמים,80.00,100 גרם,false,,7.50,0.0938,true,1,923017
7290106528567,false,חטיף תירס גריל דוריטוס (185 גרם),"שטראוס פריטו ליי בע""\מ )",IL,דוריטוס בטעם גריל 18,גרמים,185.00,100 גרם,false,,6.90,0.0373,true,1,1274449
7290106528628,false,חטיף תירס בטעם טבעי דוריטוס (185 גרם),"שטראוס פריטו ליי בע""\מ )",IL,דוריטוס בטעם טבעי 18,גרמים,185.00,100 גרם,false,,6.90,0.0373,true,1,1274450
7290106528949,false,סלט ערוגות שטראוס 450 גר`-טעם הטבע,ביכורי השדה הצפון בעמ` 1964,,לקט ערוגות 450 גרם ש,גרמים,450.00,100 גרם,false,,10.80,0.0240,true,1,940495
7290106572027,false,קרקר לחמית חמישה דגנים אסם (190 גרם),קבוצת אוסם סחר-שות.מוגבלת,,לחמית חמישה דגנים אס,גרמים,190.00,100 גרם,false,,7.90,0.0416,true,1,833299
7290106572065,false,חטיפי טורטיה בטעם חמוץ מתוק אסם (60 גרם),קבוצת אוסם סחר שותפות מוגבלת,,חטיפי טורטיה חמוץ מת,גרמים,60.00,100 גרם,false,,6.90,0.1150,true,1,833300
7290106572959,false,אפרופו חטיף קלאסי 5חי*25גר,קבוצת אוסם סחר שותפות מוגבלת,,מארז אפרופו 5*25 גרם,גרמים,75.00,100 גרם,false,,12.50,0.1667,true,1,848464
7290106573024,false,סירופ דיאט אננס 1 ליטר עסיס,קבוצת אוסם סחר שותפות מוגבלת,,עסיס אננס דיאט 1לי,ליטרים,1.00,ליטר,false,,17.90,17.9000,true,1,853414
7290106573598,false,חומוס לבנוני צבר (400 גרם),קבוצת אוסם סחר שותפות מוגבלת,,חומוס לבנוני צבר 400,גרמים,400.00,100 גרם,false,,11.90,0.0298,true,1,861552
7290106573628,false,חומוס עם טחינה צבר (400 גרם),קבוצת אוסם סחר שותפות מוגבלת,,חומוס עם טחינה צבר 4,גרמים,400.00,100 גרם,false,,11.90,0.0298,true,1,861553
7290106574793,false,עוגת הבית בטעם שוקו-שוקוצ'יפס 350 ג' אסם,קבוצת אוסם סחר שותפות מוגבלת,,עוגת שוקו שוקוציפס,גרמים,330.00,100 גרם,false,,10.90,0.0330,true,1,876457
7290106574953,false,בייגלה שטוחים כעכים שטוחים עם שומשום,קבוצת אוסם סחר שותפות מוגבלת,,בייגלה שטוחים שומשום,גרמים,300.00,100 גרם,false,,9.90,0.0330,true,1,872302
7290106574977,false,בייגלה שטוחים טבעות עם מלח אסם (300 גרם),קבוצת אוסם סחר שותפות מוגבלת,,בייגלה שטוחים מלח אס,גרמים,300.00,100 גרם,false,,9.90,0.0330,true,1,872303
7290106575011,false,פתיתים אפויים קוסקוס מחיטה מלאה אסם 400 גרם,קבוצת אוסם סחר שותפות מוגבלת,,פתיתים אפויים קוסקוס,גרמים,400.00,100 גרם,false,,4.90,0.0123,true,1,880891
7290106575257,false,עוגת הבית סופלה בטעם שוקולד 340 ג' אסם,קבוצת אוסם סחר שותפות מוגבלת,,עוגת סופלה בטעם שוקו,גרמים,340.00,100 גרם,false,,10.90,0.0321,true,1,890232
7290106575431,false,עוגת הבית סופלה בטעם שוקולד וניל 340 ג',קבוצת אוסם סחר-שות.מוגבלת,,עוגת סופלה בטעם שוקו,גרמים,340.00,100 גרם,false,,10.90,0.0321,true,1,890235
7290106576223,false,אפרופו מצופה שוקולד 40 ג'!,קבוצת אוסם סחר שותפות מוגבלת,IL,אפרופו שוקולד 40 גר,גרמים,40.00,100 גרם,false,,3.90,0.0975,true,1,1827045
7290106576513,false,סלט רק חומוס צבר 400 גרם,קבוצת אוסם סחר שותפות מוגבלת,,חומוס חלק 400 ג,גרמים,400.00,100 גרם,false,,8.90,0.0223,true,1,925792
7290106576537,false,חומוס מסעדה צבר (700 גרם),קבוצת אוסם סחר שותפות מוגבלת,,חומוס מסעדות צבר 700,גרמים,700.00,100 גרם,false,,10.80,0.0154,true,1,885823
7290106577282,false,טחינה אמיתית מרובע 400 ג' צבר,קבוצת אוסם סחר-שות.מוגבלת,,סלט טחינה צבר 400 ג,גרמים,400.00,100 גרם,false,,11.90,0.0298,true,1,890253
7290106577527,false,סלט קולסלאו כרוב לבן וגזר 400 ג' צבר,קבוצת אוסם סחר-שות.מוגבלת,,סלט קולסלאו צבר 400,גרמים,400.00,100 גרם,false,,11.90,0.0298,true,1,890260
7290106577541,false,צבר כרוב אדום מרובע 400גרם,קבוצת אוסם סחר-שות.מוגבלת,,כרוב אדום מרובע 400,גרמים,400.00,100 גרם,false,,10.90,0.0273,true,1,890261
7290106577572,false,מטבוחה אמיתית מרובע 400 ג' צבר,קבוצת אוסם סחר-שות.מוגבלת,,סלט מטבוחה צבר 400 ג,גרמים,400.00,100 גרם,false,,11.90,0.0298,true,1,890262
7290106578692,false,ביסלי במבה מיקס מהדורת אליפות אסם 80 גרם,קבוצת אוסם סחר שותפות מוגבלת,,ביסלי במבה מיקס 80 ג,גרמים,80.00,100 גרם,false,,3.90,0.0487,true,1,934734
7290106578821,false,הבית עוגת שמרים קלאסית בטעם שוקולד 350גר.,קבוצת אוסם סחר שותפות מוגבלת,,עוגת שמרים שוקולד קל,גרמים,350.00,100 גרם,false,,14.90,0.0426,true,1,935643
7290106652996,false,כיף כף מקלות קוקוס חלבי 40 גר',סולן בעבור שטראוס,,מקלות כיף כף קוקוס ע,יחידה,0.00,יחידה,false,,4.90,0.0000,true,1,6503202
7290106653689,false,לקט לסלט אסייתי 350 גר`-טעם הטבע,ביכורי השדה הצפון בעמ` 1964,,לקט לסלט אסיאתי 350,גרמים,350.00,100 גרם,false,,10.90,0.0311,true,1,2565577
7290106654099,false,מילקי CAKE עוגות אישיות במילוי קרם חלב,בובארד איטליה אס.פי.איי,IT,מארז מילקי קייק שמינ,גרמים,272.00,100 גרם,false,,19.90,0.0732,true,1,1147147
7290106663091,false,"לאבנה 9 % עם שמן זית 500 גר' ""שטראוס""",שטראוס גרופ בעמ/מצונן,IL,גבינת לאבנה 9% שומן,גרמים,500.00,100 גרם,false,,16.90,0.0338,true,1,1107870
7290106663558,false,"רוטב טריאקי ורימון יד מרדכי 280מ""ל",אף.סי תבליני בגליל ב,,רוטב טריאקי 320 גרם,גרמים,320.00,100 גרם,false,,11.90,0.0372,true,1,1052280
7290106664067,false,לאבנה עם שמן זית וזעתר 10% שטראוס 400 ג',שטראוס גרופ בעמ/מצונן,IL,לאבנה שמן זית וזעתר,גרמים,400.00,100 גרם,false,,13.90,0.0348,true,1,1107890
7290106664555,false,"רוטב שמנת עם עגבניות 9% שומן 250 מ""ל יוטבתה",שטראוס גרופ בעמ/מצונן,IL,רוטב שמנת עם עגבניות,מיליליטרים,250.00,"100 מ""ל",false,,9.80,0.0392,true,1,1098540
7290106664562,false,רוטב שמנת עם פטריות 9% שומן 258 ג' יוטבתה,שטראוס גרופ בעמ/מצונן,,רוטב שמנת עם פטריות,מיליליטרים,250.00,"100 מ""ל",false,,9.80,0.0392,true,1,1026581
7290106666788,false,עלית - סוכריות נוסטלגיה דבש ממולאות 80 גרם,"שטראוס גרופ בע""מ",,סוכריות דבש ממולאות,גרמים,80.00,100 גרם,false,,4.80,0.0600,true,1,1040716
7290106667266,false,חטיף תירס חמוץ חריף דוריטוס (185 גרם),"שטראוס פריטו ליי בע""\מ )",IL,דוריטוס חמוץ חריף 18,גרמים,185.00,100 גרם,false,,6.90,0.0373,true,1,1274455
7290106668577,false,"מיץ לימון טבעי 250 מ""ל ""יד מרדכי""",האי נאם סי או אל.טי.,,"מיץ לימון 250 מ""ל",מיליליטרים,250.00,"100 מ""ל",false,,7.80,0.0312,true,1,1052282
7290106668713,false,יוגורט עם פירות יער 3% שומן 150 ג' דנונה,שטראוס גרופ בעמ/מצונן,IL,יוגורט דנונה פירות י,מיליליטרים,150.00,"100 מ""ל",false,,3.50,0.0233,true,1,1062348
7290106669857,false,קפסולות אספרסו בטעם וניל עלית 10 יחידות,הנסיך- מפעל לייצור ט,,קפסולות אספרסו בטעם,100 יח',1.00,100 יח',false,,15.90,15.9000,true,1,2578321
7290106714144,false,חוברת לימוד לומדים ונהנים צורות,,,חוברת לימוד לומדים ו,יח',1.00,יח',false,,10.00,10.0000,true,1,5853423
7290106714151,false,חוברת לימוד לומדים ונהנים מספרים,,,חוברת לימוד לומדים ו,יח',1.00,יח',false,,10.00,10.0000,true,1,5853424
7290106720626,false,חטיף תירס בטעם גבינה צ`יטוס (80 גרם),"שטראוס פריטו ליי בע""\מ )",,ציטוס גבינה 80 גר,גרמים,80.00,גרם,false,,4.20,0.0525,true,1,2683226
7290106721913,false,מסטיק מאסט MUST ללא סוכר בטעם מנטה מרעננת,שטראוס גרופ בע`מ,,מסטיק MUST בטעם מנטה,גרמים,66.00,100 גרם,false,,8.90,0.1348,true,1,1040718
7290106721920,false,צנצנת מסטיק מאסט בטעם ספירמינט עדין 66 ג' עלית,"שטראוס גרופ בע""\מ.",,מאסט בוקס,גרמים,66.00,100 גרם,false,,8.90,0.1348,true,1,1040719
7290106723689,false,עלי תרד בייבי 200 גר`שטראוס טעם הטבע,ביכורי השדה הצפון בעמ` 1964,,עלי תרד בייבי 200 גר,גרמים,200.00,100 גרם,false,,10.90,0.0545,true,1,989437
7290106725867,false,סירופ מייפל טהור ללס יד מרדכי 189 גר,"שטראוס גרופ בע""מ",CA,"סירופ מייפל 189 מ""ל",מיליליטרים,189.00,"100 מ""ל",false,,29.90,0.1582,true,1,1119000
7290106726178,false,יוגורט PRO עם פירות יער 2.4% 10 גרם חלבון בגביע,שטראוס גרופ בעמ/מצונן,IL,דנונה WOW פירות יער,גרמים,150.00,100 גרם,false,,4.50,0.0300,true,1,1107892
7290106727984,false,"כיף כף פצפצים בגביע 135 גרם ""עלית""",שולן צ'\יקולטה גידה סאן.,,גביע כיף כף פצפצים 1,גרמים,135.00,100 גרם,false,,9.90,0.0733,true,1,1742429
7290106729650,false,יוגורט עם תות מאגדת 8 יח' * 150ג' דנונה,שטראוס גרופ בעמ/מצונן,,מארז דנונה 8 יח 1.2,ליטרים,1.20,ליטר,false,,23.90,19.9167,true,1,1340702
7290107280020,false,שלישיית מטליות לחות לניקוי כללי סנו סושי 50 יחידות,החברה הדרומית לשיווק בעמ,,שלישיית מגבונים סנו,יח',3.00,יח',false,,16.90,5.6333,true,1,868257
7290107280037,false,50 מטליות לחות לניקוי כללי גדולות ועבות,החברה הדרומית לשיווק בעמ,,סנו מטליות עבות גדול,יח',1.00,יח',false,,8.90,8.9000,true,1,913806
7290107280075,false,סנו סושי תבנית אלומיניום לארג 4יח,החברה הדרומית לשיווק בעמ,,סנו סושי תבנית אלומי,יח',1.00,יח',false,,7.50,7.5000,true,1,3882372
7290107280099,false,שלישיית מגובנים נשטפים באסלה סופט סוד 48 יחידות,החברה הדרומית לשיווק בעמ,,שלישיית מגבוני טואלט,יח',48.00,יח',false,,14.90,0.3104,true,1,983053
7290107280129,false,סנו סושי 20 שקיות אשפה חזקות גדולות XXL,החברה הדרומית לשיווק בעמ,,סנו סושי 20 שקיות אש,יח',1.00,יח',false,,22.90,22.9000,true,1,1031980
7290107280341,false,ריצפז מטליות לחות לניקוי הרצפה בניחוח מלון מפנק,החברה הדרומית לשיווק בעמ,,מטליות ריצפז הום פרש,יח',1.00,יח',false,,10.90,10.9000,true,1,6159253
7290107280389,false,"סנו - ג'ט מרסס לניקוי בחדר האמבטיה 750 מ""ל",החברה הדרומית לשיווק בעמ,,"סנו ג'ט לאמבט 750 מ""",מיליליטרים,750.00,"100 מ""ל",false,,11.90,0.0159,true,1,906000
7290107280563,false,סנו אוקסיג`ן ג`ל לכביסה בייבי 3 ל`,החברה הדרומית לשיווק בעמ,,סנו אוקסיג'ן בייבי 3,ליטרים,3.00,ליטר,false,,28.90,9.6333,true,1,983412
7290107280570,false,סנו - מקסימה ג'ל כביסה מרוכז לכביסה צבעונית 3 ליטר,החברה הדרומית לשיווק בעמ,,סנו מקסימה ג'ל לכביס,ליטרים,3.00,ליטר,false,,28.90,9.6333,true,1,983413
7290107280600,false,טבליות למדיח סנו ספארק 100 טבליות במארז,החברה הדרומית לשיווק בעמ,,סנו ספארק טבל 100 יח,קילוגרמים,2.00,"ק""ג",false,,47.90,23.9500,true,1,3828650
7290107280709,false,ספארק נוזל הברקה למדיח סנו (700 מל),החברה הדרומית לשיווק בעמ,,סנו ספארק נוזל הברקה,מיליליטרים,700.00,"100 מ""ל",false,,10.90,0.0156,true,1,998149
7290107280716,false,מלח למדיח להגנה מפני אבנית סנו ספארק Spark,החברה הדרומית לשיווק בעמ,,סנו ספארק מלח למדיח,קילוגרמים,2.00,"ק""ג",false,,9.90,4.9500,true,1,998150
7290107280723,false,נוזל לניקוי כלים סנו ספארק Spark בניחוח לימון רענן,החברה הדרומית לשיווק בעמ,,סנו ספארק נוזל לכלים,מיליליטרים,700.00,"100 מ""ל",false,,7.90,0.0113,true,1,1005366
7290107280730,false,נוזל לניקוי כלים סנו ספארק Spark בניחוח לבנדר,החברה הדרומית לשיווק בעמ,,סנו ספארק נוזל לכלים,מיליליטרים,700.00,"100 מ""ל",false,,7.90,0.0113,true,1,1005367
7290107280747,false,נוזל לניקוי כלים סנו ספארק Spark קלאסי,החברה הדרומית לשיווק בעמ,,סנו ספארק נוזל לכלים,מיליליטרים,700.00,"100 מ""ל",false,,7.90,0.0113,true,1,1005368
7290107280754,false,נוזל כלים סנו ספארק Spark היפואלרגני פריחת השקד,החברה הדרומית לשיווק בעמ,,סנו ספארק נוזל לכלים,מיליליטרים,700.00,"100 מ""ל",false,,7.90,0.0113,true,1,1005369
7290107280761,false,נוזל לניקוי כלים בניחוח לימון רענן סנו ספארק Spark,החברה הדרומית לשיווק בעמ,,סנו ספארק נוזל לכלים,ליטרים,1.00,ליטר,false,,10.70,10.7000,true,1,1005370
7290107280822,false,סנו ריצפז פרש הום 2 ליטר בניחוח ספא,החברה הדרומית לשיווק בעמ,,ריצפז פרש הום 2לי,ליטרים,2.00,ליטר,false,,19.80,9.9000,true,1,1034850
7290107544481,false,אורנה 19קרם להסרת שיער קלאסי 80 מל,אלפא קוסמטיקה,,קרם להסרת שיער,גרמים,80.00,100 גרם,false,,14.50,0.1813,true,1,6386655
7290107645584,false,אבקת מרק עוף אמיתי רכיבים טבעיים 400 גרם - רבנות,יוניליוור ישראל שיווק בע`מ,,מרק 400 עוף אמיתי 10,גרמים,400.00,100 גרם,false,,19.90,0.0497,true,1,4130869
7290107646062,false,אבקת מרק בצל רכיבים טבעיים קנור 400 ג',יוניליוור ישראל שיווק בע`מ,,מרק 400 בצל 100% רכב,גרמים,400.00,100 גרם,false,,18.90,0.0472,true,1,4130872
7290107646154,false,"חטיף קוקומן פצפוצים תלמה 126 גרם מארז 6 יחידות בד""צ","יוניליוור ישראל שיווק בע""מ",,מאגדת חטיפי קוקומן פ,יח',1.00,יח',false,,12.80,12.8000,true,1,4139487
7290107646383,false,סיף מטליות לחות לניקוי רצפות בניחוח לימו,יוניליוור ישראל שיווק בעמ,,סיף מטליות לחות לניק,יח',1.00,יח',false,,9.90,9.9000,true,1,3044629
7290107646826,false,"חטיף שוגי שוקו תלמה 156 גרם מארז 6 יחידות בד""צ","יוניליוור ישראל שיווק בע""מ",,מאגדת חטיפי שוגי שוק,יח',1.00,יח',false,,12.80,12.8000,true,1,4139488
7290107646895,false,קנור - רוטב פסטה נפוליטנה 415 גרם חתם סופר,יוניליוור ישראל שיווק בע`מ,,קנור רוטב עגבניות לפ,גרמים,415.00,100 גרם,false,,9.90,0.0239,true,1,3395625
7290107646963,false,מיונז מתובל עם פלפל צ`ילי 250 גרם,יוניליוור ישראל שיווק בע`מ,,מיונז תלמה טעם ספייס,גרמים,273.00,100 גרם,false,,7.90,0.0289,true,1,6448843
7290107646970,false,"מיונז תלמה איולי שום 273 גר בד""ץ",יוניליוור ישראל שיווק בע`מ,,מיונז תלמה איולי שו,גרמים,273.00,100 גרם,false,,7.90,0.0289,true,1,6448844
7290107647656,false,סולרו פרוט בוסט - קוקוס אננס (פרווה),"מיוצר ע""\י גלידת שטראוס",,קרחון שרבט קוקוס ואנ,גרמים,290.00,100 גרם,false,,19.50,0.0672,true,1,5245136
7290107648943,false,"ברנפלקס קרנצ'ים מייפל תלמה 375 גרם בד""צ","יוניליוור ישראלשיווק בע""מ",,ברנפלקס קרנצ'ים מייפ,גרמים,375.00,100 גרם,false,,19.90,0.0531,true,1,4521959
7290107649100,false,בייגלה טבעות שומשום 300 גרם.,"יוניליוור ישראל שיווק בע""מ",,בייגלה טבעות שומשום,גרמים,300.00,100 גרם,false,,8.90,0.0297,true,1,5197427
7290107649728,false,גלידה פרווה שוקולד ופרורי עוגיות שטראוס,"גלידת שטראוס בע""\מ, רחוב",,גלידה פרווה שוקולד ו,ליטרים,2.00,ליטר,false,,19.80,9.9000,true,1,5488783
7290107649735,false,"גלידה 5 טעמים תות, לימון, בננה, משמש, פטל 2ל'","גלידת שטראוס בע""\מ, רחוב",,גלידה 5 טעמים שטראוס,ליטרים,2.00,ליטר,false,,19.80,9.9000,true,1,5488784
7290107871990,false,פסטה צינורות מהדרין אסם (500 גרם),קבוצת אוסם סחר שותפות מוגבלת,,פסטה צינורות אסם 500,גרמים,500.00,100 גרם,false,,4.90,0.0098,true,1,964336
7290107874502,false,ביסלי גריל קדמ. מארז אחיד 10 4*55 גרם,קבוצת אוסם סחר שותפות מוגבלת,GB,ביסלי גריל 4*55גרם,גרמים,220.00,100 גרם,false,,12.50,0.0568,true,1,1457219
7290107875004,false,פופקורן חמאה ודבש מארז12*20גר',קבוצת אסם סחר שות. מוגבלת,,פופקו חמאה ודבש מארז,יח',1.00,יח',false,,16.90,16.9000,true,1,5165425
7290107875271,false,ביסלי ברביקיו קדמ. מארז אחיד10 4*55 גרם,קבוצת אוסם סחר שותפות מוגבלת,GB,ביסלי ברביקיו 4*55גר,גרמים,220.00,100 גרם,false,,12.50,0.0568,true,1,1457221
7290107875820,false,קרוטונים אפויים בתיבול ביתי אוסם 180 ג',קבוצת אוסם סחר שותפות מוגבלת,,קרוטונים אפויים בתיב,גרמים,180.00,100 גרם,false,,10.90,0.0606,true,1,1021489
7290107877619,false,מארז במבה במילוי קרם נוגט 5*30ג' אסם,קבוצת אוסם סחר שותפות מוגבלת,IL,במבה במילוי קרם נוגט,גרמים,150.00,100 גרם,false,,13.90,0.0927,true,1,1106347
7290107908450,false,קופסא לסנדוויץ גבינה,ד.ג.ש ייבוא ושיווק בעמ,,קופסא מעוצבת,יח',1.00,יח',false,,6.90,6.9000,true,1,6335116
7290107909013,false,סיר מיקרוגל 3 ליטר א,,,סיר מקושט 3ל אותנטי,יח',1.00,יח',false,,12.90,12.9000,true,1,6368931
7290107930321,false,קונפיטורת דובדבן יד מרדכי (340 גרם),"שטראוס גרופ בע""מ",IL,קונפיטורה דובדבן 340,גרמים,340.00,100 גרם,false,,10.90,0.0321,true,1,1078982
7290107931397,false,כיף כף פצפוצים במילוי שוקולד 40 גרם,שולן צ'\יקולטה גידה סאן.,TR,כיף כף פצפצים,גרמים,40.00,100 גרם,false,,4.70,0.1175,true,1,1328986
7290107932080,false,חלב 3% מועשר בבקבוק יטבתה (1 ליטר),שטראוס גרופ בעמ/מצונן,,חלב בבקבוק 3% מועשר,ליטרים,1.00,ליטר,false,,7.20,7.2000,true,1,1116065
7290107933155,false,לקט סלנובה 200 גר ירקות שטראוס טעם הטבע,שטראוס בריאות ירקות טריי,,לקט סלנובה 200 ג,גרמים,200.00,100 גרם,false,,11.90,0.0595,true,1,1158586
7290107934473,false,שמינייה יוגורט לבן אקטיביה 1.5% דנונה 150 גרם,שטראוס גרופ בעמ/מצונן,IL,יוגורט אקטיביה לבן 1,ליטרים,1.20,ליטר,false,,19.90,16.5833,true,1,1087903
7290107936309,false,דנונה יוגורט 7% יווני לבן 130 ג',שטראוס גרופ בעמ/מצונן,,דנונה יווני לבן 130,גרמים,130.00,100 גרם,false,,3.20,0.0246,true,1,2133002
7290107936460,false,מארז 8 יח' דנכול משקה יוגורט בטעם מעודן,שטראוס גרופ בעמ/מצונן,IL,דנכול בטעם מעודן שמי,גרמים,800.00,100 גרם,false,,28.90,0.0361,true,1,1228919
7290107936958,false,עד חצות ביסקוויט אצבעות שוקולד 125 גרם,ביסקוויטס טור ד'\אלבון,,עד חצות אצבעות 125 ג,גרמים,125.00,100 גרם,false,,9.90,0.0792,true,1,3488632
7290107936965,false,עיגולים עד חצות עם שוקולד חלב 225 גר,ביסקווטרי עוגיות סנט,,עד חצות עיגולים 225,גרמים,225.00,100 גרם,false,,11.90,0.0529,true,1,3488633
7290107937542,false,משקה יוגורט אקטיביה עם תות 1.2% שומן,שטראוס גרופ בעמ/מצונן,IL,משקה אקטיביה תות 1.2,מיליליטרים,265.00,"100 מ""ל",false,,4.80,0.0181,true,1,1481325
7290107937627,false,מסטיק מאסט Must קוביות ללא סוכר בטעם מנטה עדינה,שטראוס גרופ בע`מ,,מאסט קוביות מסטיק ספ,גרמים,58.00,100 גרם,false,,9.90,0.1707,true,1,2087371
7290107937634,false,צנצנית מסטיק מאסט קוביות פפירמינט 58 ג' עלית,"שטראוס גרופ בע""מ",,מאסט קוביות מסטיק פפ,גרמים,58.00,100 גרם,false,,9.90,0.1707,true,1,2087372
7290107937641,false,צנצנת קוביות בזוקה גומי לעיסה 58גר,אסקום קונפקשיין,,צנצנת מסטיק בזוקה 58,גרמים,58.00,100 גרם,false,,7.80,0.1345,true,1,2087373
7290107937856,false,קפסולות 11חזק למכונות נספרסו עלית 10יח',הנסיך- מפעל לייצור ט,,קפסולות למכונה עלית,יח',1.00,יח',false,,15.90,15.9000,true,1,1942794
7290107938396,false,שמיניית אקטימל תות דיסני בנים 108 גרם,שטראוס גרופ בעמ/מצונן,IL,אקטימל שמינייה תות,גרמים,864.00,100 גרם,false,,19.90,0.0230,true,1,1635196
7290107939027,false,גזר דק דק 250 גר שטראוס ירקות טעם הטבע,ביכורי השדה הצפון בעמ` 1964,,גזר דק דק 250 גרם שט,גרמים,250.00,100 גרם,false,,5.90,0.0236,true,1,2133028
7290107940467,false,אקטיביה יוגורט קרמי 1.5% דנונה (200 גרם),שטראוס גרופ בעמ/מצונן,IL,אקטיביה 200גר 1.5%,גרמים,200.00,100 גרם,false,,3.70,0.0185,true,1,1635199
7290107941259,false,עדשים ירוקות מבושלות 475 גר ירקות שטראוס,ביכורי השדה הצפון בעמ` 1964,,עדשים ירוקים מבושלים,גרמים,475.00,100 גרם,false,,10.90,0.0229,true,1,2198873
7290107941273,false,טעם הטבע חומוס מבושל שטראוס (475 גרם),ביכורי השדה הצפון בעמ` 1964,,חומוס מבושל 475 גר ש,גרמים,475.00,100 גרם,false,,10.90,0.0229,true,1,2198874
7290107943192,false,"שמנת חמוצה מהערבה 27% שומן 200 מ""ל יטבתה",שטראוס גרופ בעמ/מצונן,,שמנת חמוצה מהערבה 27,מיליליטרים,200.00,"100 מ""ל",false,,3.90,0.0195,true,1,3455618
7290107943369,false,קוואקר שיבולת שועל ללא גלוטן 511 גר'.,שטראוס פריטו ליי בע`מ,,קוואקר שיבולת שועל ל,גרמים,511.00,100 גרם,false,,17.90,0.0350,true,1,3219032
7290107944243,false,אפיפיות בטעם שוקולד 200 גרם כשר לפסח,"שטראוס גרופ בע""\מ",,וופל אפיפית 200ג ללא,גרמים,200.00,100 גרם,false,,7.90,0.0395,true,1,3325458
7290107944472,false,סימפוניה גבינה במרקם שמנת 5% שום שמיר,שטראוס גרופ בעמ/מצונן,,סימפוניה שום שמיר 5%,גרמים,200.00,100 גרם,false,,10.40,0.0520,true,1,2198908
7290107945165,false,קונפיטורת משמש יד מרדכי 340 גרם,אף.סי תבליני בגליל ב,,קונפיטורת משמש 340 ג,גרמים,340.00,100 גרם,false,,10.90,0.0321,true,1,2578279
7290107950190,false,מעדן חלב דל קלוריות בטעם שוקולד מריר 0.5% שומן,שטראוס גרופ בעמ/מצונן,,מעדן שטראוס דיאט שוק,גרמים,130.00,100 גרם,false,,3.20,0.0246,true,1,2132963
7290107950206,false,מעדן דיאט שוקולד שטראוס 130 גרם,שטראוס גרופ בעמ/מצונן,,מעדן שטראוס דיאט שוק,גרמים,130.00,100 גרם,false,,3.20,0.0246,true,1,2132964
7290107951104,false,בפלות ופלים ארוכים בטעם שוקולד,"שטראוס גרופ בע""\מ",,בפלות שוקולד 200 גר,גרמים,200.00,100 גרם,false,,3.90,0.0195,true,1,2198967
7290107951111,false,בפלות ופלים ארוכים בטעם לימון,שטראוס גרופ בע`מ,,בפלות לימון 200 גר ב,גרמים,200.00,100 גרם,false,,3.90,0.0195,true,1,2198968
7290107951715,false,צנצנת מסטיק מאסט קוביות בטעם ענבים 58 ג' עלית,"שטראוס גרופ בע""מ",,מאסט צנצנת קוביות ענ,גרמים,58.00,100 גרם,false,,9.90,0.1707,true,1,2578284
7290107953559,false,"מארז קפה טורקי עלית לדרך כשל""פ 168 גרם",הנסיך- מפעל לייצור ט,IL,מארז קפה טורקי לדרך,גרמים,168.00,100 גרם,false,,16.90,0.1006,true,1,2324925
7290107954709,false,"קונפיטורת פירות יער ""יד מרדכי"" 340 גר'",שטראוס גרופ בע`מ,,קונפיטורת פירות יער,גרמים,340.00,100 גרם,false,,11.90,0.0350,true,1,3016574
7290107956642,false,"תרסיס שמן זית 150 מ""ל יד מרדכי כשלפ",פארייפאבה אגרואינדוס,,תרסיס שמן זית 150 מל,מיליליטרים,150.00,"100 מ""ל",false,,17.90,0.1193,true,1,3899177
7290107956895,false,קפסולות טעם קרמל למכונות נספרסו 50גר,שטראוס קפה בי.וי.,,קפסולות אספרסו טעם ק,100 יח',1.00,100 יח',false,,15.90,15.9000,true,1,4378589
7290107956901,false,קפסולות בטעם אגוזים למכונת נספרסו עלית 10 יחידות,שטראוס קפה בי.וי.,,קפסולות אספרסו בטעם,יח',1.00,יח',false,,15.90,15.9000,true,1,3836625
7290107956925,false,קפסולות 13 אוגנדה למכונת נספרסו עלית 10יח',שטראוס קפה בי.וי.,,קפסולות אוגנדה 13 50,יח',1.00,יח',false,,15.90,15.9000,true,1,5102674
7290107956932,false,קפסולות אינדונזיה מס 12 למכונת אספרסו,שטראוס קפה בי.וי.,,קפסולות קפה אינדונזי,יח',1.00,יח',false,,15.90,15.9000,true,1,3488638
7290107957069,false,"מסטיק ע""למה ""בטעם אוכניות 66 גרם צנצנת ""עלית""","שטראוס גרופ בע""\מ",,צנצנת עלמה אוכמניות,גרמים,66.00,100 גרם,false,,9.90,0.1500,true,1,3488639
7290107957076,false,"מסטיק ""עלמה"" בטעם ספירמנט 66 גרם צנצנת ""עלית""","שטראוס גרופ בע""\מ",,צנצנת עלמה ספירמינט,גרמים,66.00,100 גרם,false,,9.90,0.1500,true,1,3488640
7290107971522,false,חטיף בוטנים ושקדים עם שוקולד מריר ופיסטוק,אמקו סאם מילס ספול.,CZ,פרי חטיף בוטנים שקדי,גרמים,140.00,100 גרם,false,,15.90,0.1136,true,1,1423426
7290107971539,false,חטיף בוטנים וקשיו עם שוקולד מריר ללא גלוטן,אמקו סאם מילס ספול.,CZ,פרי חטיף בוטנים וקשי,גרמים,140.00,100 גרם,false,,15.90,0.1136,true,1,1423427
7290107971744,false,"קולגייט - מי פה טוטל ירוק ספרמינט 500 מ""ל",יבואן ומשווק: ש. שסט,PL,קולגייט מי פה טוטל י,מיליליטרים,500.00,"100 מ""ל",false,,19.90,0.0398,true,1,1328978
7290107971751,false,מי פה קולגייט טוטל ללא אלכוהול פפרמינט,יבואן ומשווק: ש. שסט,PL,קולגייט מי פה טוטל כ,מיליליטרים,500.00,"100 מ""ל",false,,19.90,0.0398,true,1,1328979
7290107973014,false,"סבון ידיים משאבה פלמוליב חלב ודבש 300 מ""ל",הנסיך- מפעל לייצור ט,IT,פלמוליב סבון ידיים 3,מיליליטרים,300.00,"100 מ""ל",false,,10.90,0.0363,true,1,1615483
7290107973038,false,"סבון ידיים משאבה פלמוליב אקווריום 300 מ""ל",הנסיך- מפעל לייצור ט,IT,פלמוליב סבון ידיים 3,מיליליטרים,300.00,"100 מ""ל",false,,10.90,0.0363,true,1,1615485
7290107973311,false,קולגייט מברשת שיניים 360 פחם זהב זוג,הנסיך- מפעל לייצור ט,CN,קולגייט מברשת 360 פח,יח',1.00,יח',false,,24.90,24.9000,true,1,1328980
7290107973861,false,מאסטר שף עגבניות קצוצות דק שלישיה 400ג*3 כשלפ,קונסרזיו קאסאלאסקו ד,,מנה עגבניות קצוצות ד,קילוגרמים,1.20,"ק""ג",false,,15.90,13.2500,true,1,1747222
7290107974073,false,מנה עלי טורטיה קמח לבן מ.שף 20 סמ 320 גר,אלקאטי קורביישיסי גי,TR,מאסטר שף עלי טורטיה,מיליליטרים,320.00,"100 מ""ל",false,,7.90,0.0247,true,1,1423450
7290107974080,false,עלי טורטיה קמח לבן 744 גר`מנה מאסטר שף,אלקאטי קורביישיסי גי,TR,מאסטר שף עלי טורטיה,גרמים,744.00,100 גרם,false,,15.90,0.0214,true,1,1423451
7290107974301,false,ליידי ספיד סטיק - דאודורנט ג'ל לאישה אלוורה 45 גרם,ליידי ספיד סטיק Lady Speed Stick,,ליידי ספיד סטיק אלוו,גרמים,65.00,100 גרם,false,,14.90,0.2292,true,1,2885305
7290107974646,false,מרידול נשימה רעננה שטיפת פה 400 מל,הנסיך- מפעל לייצור ט,,מרידול מי פה נשימה ר,מיליליטרים,400.00,"100 מ""ל",false,,32.90,0.0822,true,1,1942784
7290107974837,false,ממרח מתובל שום 253 גר מנה מאסטר שף,רמיה סי.וי.הולנד,,מאסטר שף מיונז מתובל,גרמים,253.00,100 גרם,false,,7.90,0.0312,true,1,2087463
7290107975292,false,ליידי ספיד סטיק - דאודורנט סטיק נערות ורוד 65 גרם,ליידי ספיד סטיק Lady Speed Stick,,ליידי ספיד סטיק נערו,גרמים,65.00,100 גרם,false,,16.90,0.2600,true,1,3335668
7290107975346,false,ספיד סטיק - דאודורנט ג'ל לגבר כוח הטבע 85 גרם,קולגייט-פלמוליב,,ספיד סטיק כוח הטבע א,גרמים,85.00,100 גרם,false,,15.90,0.1871,true,1,3001882
7290107975360,false,ליידי ספיד סטיק פיור פרשנס ג'ל נשים 65ג',ליידי ספיד סטיק Lady Speed Stick,,ליידי ספיד סטיק פיור,גרמים,65.00,100 גרם,false,,14.90,0.2292,true,1,3001861
7290107975544,false,"קולגייט משחת שיניים סמיילס ברבי לגילאי 6 50מ""ל",קולגייט- פלמוליב,,קולגייט סמיילס ברבי,מיליליטרים,50.00,"100 מ""ל",false,,11.90,0.2380,true,1,2973665
7290107977456,false,"פלמוליב - ג'ל רחצה ושמפו ספורט לגבר 750 מ""ל",קולגייט פלמוליב,,פלמוליב לגבר ג'ל רחצ,מיליליטרים,750.00,"100 מ""ל",false,,19.90,0.0265,true,1,6032096
7290107977753,false,"משחת שיניים פרודונט אקספרס 75 מ""ל ""מרידול""",קולגייט פלמוליב,,מרידול שיניים פרודונ,גרמים,75.00,100 גרם,false,,24.90,0.3320,true,1,3533449
7290107978132,false,מברשת שיניים קולגייט זיגזג שישייה,קולגייט פלמוליב,,קולגייט מברשת זיגזג,יח',1.00,יח',false,,17.90,17.9000,true,1,5266859
7290108201284,false,איירוויק מקלות ריחניים בניחוח לבנדר מתוק,רקיט בנקיזר (ניר איסט) בעמ,,אירוויק מקלות לבנדר,יח',1.00,יח',false,,14.80,14.8000,true,1,2378143
7290108201437,false,"אבקת כביסה קולון 101 2.5 ק""ג",רקיט בנקיזר (ניר איסט) בעמ,,אבקת קולון 101 2.5 ק,קילוגרמים,2.50,"ק""ג",false,,24.90,9.9600,true,1,2612016
7290108201864,false,קולון קפסולות גל לכביסה 28 יחידות,רקיט בנקיזר (ניר איסט) בעמ,,קולון קפסולות לכביסה,יח',1.00,יח',false,,24.90,24.9000,true,1,3564995
7290108270013,false,לפתניה זהב 25 יחידות,חגיגית,,לפתניה זהב 25 יחידות,יח',25.00,יח',false,,4.90,0.1960,true,1,993129
7290108270020,false,לפתניה כסף 25 יחידות,חגיגית,,לפתניה כסף 25 יחידות,יח',25.00,יח',false,,4.90,0.1960,true,1,993130
7290108270136,false,קערית אובלי קטן זהב 25 יחידות,חגיגית,,קערית אובלי קטן זהב,יח',1.00,יח',false,,5.50,5.5000,true,1,993141
7290108270143,false,קערית אובלי קטן כסף 25 יחידות,חגיגית,,קערית אובלי קטן כסף,יח',1.00,יח',false,,5.50,5.5000,true,1,993142
7290108270433,false,כוסות שתיה קרה רמי לוי 150 יח,חגיגית,,כוסות שתיה קרה רמי ל,יח',1.00,יח',false,,18.90,18.9000,true,1,993171
7290108270693,false,קערה מרובעת גדולה,חגיגית,,קערה מרובעת גדולה,יח',1.00,יח',false,,9.90,9.9000,true,1,993197
7290108270730,false,מגש מרובע,חגיגית,,מגש מרובע,יח',1.00,יח',false,,3.90,3.9000,true,1,993201
7290108271164,false,מגשית אלומיניום קטנה עם מכסה R29 (5 יח'),ב.ה. דבליו,,מגשיות אלומיניום קטנ,5 יח',1.00,5 יח',false,,6.90,6.9000,true,1,993272
7290108271171,false,מגשית אלומיניום גדול עם מכסה R2 (3 יח'),חגיגית,,מגשיות אלומיניום קטנ,3 יח',1.00,3 יח',false,,6.90,6.9000,true,1,993273
7290108271331,false,נייר אפייה 50 יחידות,חגיגית,,נייר אפייה 50 יחידות,יח',50.00,יח',false,,8.90,0.1780,true,1,1047131
7290108271416,false,שקיות אשפה 52/65 עם שרוך רמי לוי,רמי לוי,,שקיות אשפה 52/65 עם,יח',60.00,יח',false,,16.90,0.2817,true,1,1058612
7290108271423,false,שקיות אשפה 52/65 עם שרוך רמי לוי 100 יח,רמי לוי,,שקיות אשפה 52/65 עם,יח',100.00,יח',false,,25.90,0.2590,true,1,1058613
7290108271430,false,שקיות אשפה עם שרוך 2*10 רמי לוי,רמי לוי,,שקיות אשפה עם שרוך 2,יח',20.00,יח',false,,13.90,0.6950,true,1,1058614
7290108271447,false,שקית אשפה 90*75 גליל רמי לוי,רמי לוי,,שקית אשפה 90*75 גליל,יח',50.00,יח',false,,9.90,0.1980,true,1,1058640
7290108271454,false,שקיות מזון בקופסא רמי לוי 300 יח,רמי לוי,,שקיות מזון בקופסא רמ,יח',300.00,יח',false,,9.50,0.0317,true,1,1058641
7290108271461,false,שקיות רב שימושיות (הקפאה) 200 יחידות,רמי לוי,,שקיות רב שימושיות (ה,יח',200.00,יח',false,,7.90,0.0395,true,1,1058642
7290108271478,false,שקיות גופייה 50/70 רמי לוי 40 יח,איכותית,IL,שקיות גופייה 50/70 ר,יח',40.00,יח',false,,13.90,0.3475,true,1,1058643
7290108271485,false,שקיות גופייה 75/90 רמי לוי 25 יח,איכותית,IL,שקיות גופייה 75/90 ר,יח',25.00,יח',false,,13.90,0.5560,true,1,1058644
7290108271492,false,נייר אפייה רמי לוי 37*42,רמי לוי,,נייר אפייה רמי לוי 3,יח',50.00,יח',false,,7.90,0.1580,true,1,1058645
7290108271577,false,כוסות עם מכסה רמי לוי 30 יח,רמי לוי,,כוסות עם מכסה רמי לו,יח',30.00,יח',false,,15.90,0.5300,true,1,1073757
7290108271607,false,"רדיד אלומיניום זוגות רמי לוי 30 ס""מ",רמי לוי,,רדיד אלומיניום זוגות,אורך,7.50,אורך,false,,10.90,1.4533,true,1,1058647
7290108271614,false,"רדיד אלומיניום זוגות רמי לוי 45 ס""מ",רמי לוי,,רדיד אלומיניום זוגות,2 יח',7.50,2 יח',false,,13.90,1.8533,true,1,1058648
7290108271621,false,רדיד אלומיניום רמי לוי 60 מ',רמי לוי,,רדיד אלומיניום רמי ל,אורך,60.00,אורך,false,,22.90,0.3817,true,1,1058649
7290108271676,false,צמרוני עץ רמי לוי 400 יח,רמי לוי,,צמרוני עץ רמי לוי 40,יח',400.00,יח',false,,4.50,0.0113,true,1,1058617
7290108271683,false,צמרוני פלסטיק מרובע רמי לוי 200 יח,רמי לוי,,צמרוני פלסטיק מרובע,יח',200.00,יח',false,,3.90,0.0195,true,1,1058618
7290108271690,false,צמרוני פלסטיק רמי לוי 300 עגול,רמי לוי,,צמרוני פלסטיק רמי לו,יח',300.00,יח',false,,4.50,0.0150,true,1,1058619
7290108271706,false,צמרוני תינוקות רמי לוי 55 יח,רמי לוי,,צמרוני תינוקות רמי ל,יח',55.00,יח',false,,4.90,0.0891,true,1,1058620
7290108271812,false,קופסאות אחסון 2 ליטר,חגיגית,,קופסאת אחסון 2 ליטר,ליטרים,2.00,ליטר,false,,8.90,4.4500,true,1,1011658
7290108271829,false,קופסאות אחסון 1 ליטר,חגיגית,,קופסאות אחסון 1 ליטר,5 יח',1.00,5 יח',false,,8.90,8.9000,true,1,1011659
7290108271911,false,מפות 1/6 עבה במיוחד,חגיגית,,מפות 1/6 עבה במיוחד,יח',25.00,יח',false,,9.90,0.3960,true,1,1012838
7290108271928,false,חגיגית - מפה ניילון עבה 8 יח',חגיגית,,מפות 1/8 עבה במיוחד,8 יח',1.00,8 יח',false,,9.90,9.9000,true,1,1012839
7290108271942,false,גליל ניילון עבה וחזק במיוחד רמי לוי 45 מטר,רמי לוי,,גליל ניילון עבה וחזק,אורך,45.00,אורך,false,,29.90,0.6644,true,1,1007676
7290108271959,false,גליל ניילון שולחן עבה 45 מ',חגיגית,,גליל ניילון שולחן עב,אורך,45.00,אורך,false,,19.90,0.4422,true,1,1007677
7290108271980,false,כוסיות חד פעמי קטנים 50 יחידות,חגיגית,,כוסיות חד פעמי קטנים,יח',50.00,יח',false,,4.90,0.0980,true,1,1020948
7290108272079,false,מגבונים לניקוי כללי 400 יח דלי,רמי לוי,,מגבונים לניקוי כללי,יח',400.00,יח',false,,18.90,0.0472,true,1,1149847
7290108272130,false,נייר סנדויץ 25*35 רמי לוי 100 יח,רמי לוי,,נייר סנדויץ 25*35 רמ,יח',100.00,יח',false,,7.90,0.0790,true,1,1058658
7290108272147,false,לפתניה לבן 25 יחידות,חגיגית,,לפתניה לבן 25 יחידות,יח',25.00,יח',false,,3.90,0.1560,true,1,1058796
7290108272161,false,קערית אובלית קטן רמי לוי 25 יח,רמי לוי,,קערית אובלית קטן רמי,יח',25.00,יח',false,,4.90,0.1960,true,1,1059057
7290108272185,false,צלחת בינוני רמי לוי 50 יח,רמי לוי,,צלחת בינוני רמי לוי,יח',50.00,יח',false,,11.90,0.2380,true,1,1059059
7290108272192,false,חגיגית - זוג מפות אלבד לבן,רמי לוי,,זוג מפות אלבד לבן חג,יח',2.00,יח',false,,8.90,4.4500,true,1,1058659
7290108272321,false,מפות שולחן 240*135 (,ב.ה. דבליו,,מפות איכותיות,8 יח',1.00,8 יח',false,,6.90,6.9000,true,1,1058504
7290108272338,false,מפות עבות ואיכותיות 10 יחידות,ב.ה. דבליו,,מפות עבות ואיכותיות,יח',10.00,יח',false,,10.90,1.0900,true,1,1058505
7290108272376,false,צלחות אובליות קרם רמי לוי 25 יח,חגיגית,,צלחות אובליות קרם רמ,יח',1.00,יח',false,,5.50,5.5000,true,1,1069110
7290108272420,false,מרקיה זהוב רמי לוי 25 יח,,,מרקיה זהוב רמי לוי 2,יח',25.00,יח',false,,7.50,0.3000,true,1,1105342
7290108272437,false,מרקיה כסף רמי לוי 25 יח,,,מרקיה כסף רמי לוי 25,יח',25.00,יח',false,,7.50,0.3000,true,1,1105343
7290108272451,false,מרקיה קרם רמי לוי 25 יח,,,מרקיה קרם רמי לוי 25,יח',25.00,יח',false,,7.50,0.3000,true,1,1116264
7290108272468,false,מנגטים צבעוניים מס 1,,,מנגטים צבעוניים מס 1,יח',1.00,יח',false,,3.50,3.5000,true,1,1316467
7290108272659,false,שקיות מזון רמי לוי 200 יח,,,שקיות מזון רמי לוי 2,200 יח',1.00,200 יח',false,,3.50,3.5000,true,1,1733352
7290108272673,false,שקיות קרח רמי לוי 12,,,שקיות קרח,יח',1.00,יח',false,,2.90,2.9000,true,1,1916211
7290108272703,false,נייר אפייה אקולוגי (40 יח') רמי לוי,,,נייר אפיה,יח',1.00,יח',false,,9.90,9.9000,true,1,2033756
7290108272895,false,"סבון ידיים 3*500 מ""ל רמי לוי",,,"סבון ידיים 3*500 מ""ל",ליטרים,1.50,ליטר,false,,11.50,7.6667,true,1,3413235
7290108272901,false,"סבון ידיים 3*500 מ""ל רמי לוי",,,"סבון ידיים 3*500 מ""ל",ליטרים,1.50,ליטר,false,,11.50,7.6667,true,1,3413236
7290108272918,false,"סבון ידיים 3*500 מ""ל רמי לוי",,,"סבון ידיים 3*500 מ""ל",ליטרים,1.50,ליטר,false,,11.50,7.6667,true,1,3413237
7290108272925,false,"סבון ידיים 3*500 מ""ל רמי לוי",,,"סבון ידיים 3*500 מ""ל",ליטרים,1.50,ליטר,false,,11.50,7.6667,true,1,3413238
7290108273083,false,צלחת קטנה איכותית קרם רמי לוי 25 יח,רמי לוי,,צלחת קטנה איכותית קר,יח',25.00,יח',false,,5.90,0.2360,true,1,1062537
7290108273090,false,צלחת קטנה איכותית זהב רמי לוי 25 יח,רמי לוי,,צלחת קטנה איכותית זה,יח',25.00,יח',false,,5.90,0.2360,true,1,1062538
7290108273106,false,צלחת קטנה איכותית כסף רמי לוי 25 יח,רמי לוי,,צלחת קטנה איכותית כס,יח',25.00,יח',false,,5.90,0.2360,true,1,1062539
7290108273175,false,צלחת בינונית איכותית זהב רמי לוי 25 יח,רמי לוי,,צלחת בינונית איכותית,יח',25.00,יח',false,,11.90,0.4760,true,1,1062542
7290108273410,false,ניילון נצמד זוגות 2*30 רמי לוי,רמי לוי,,ניילון נצמד זוגות 2*,אורך,30.00,אורך,false,,7.50,0.2500,true,1,1058672
7290108273441,false,שקיות צליה 35/50 רמי לוי 5 יח,רמי לוי,,שקיות צליה 35/50 רמי,יח',5.00,יח',false,,2.90,0.5800,true,1,1058675
7290108273595,false,קשים רמי לוי 40 יח,רמי לוי,,קשים רמי לוי 40 יח,יח',40.00,יח',false,,1.90,0.0475,true,1,1058676
7290108273601,false,קשים צבעוניים רמי לוי 225 יח,רמי לוי,,קשים צבעוניים רמי לו,יח',225.00,יח',false,,9.90,0.0440,true,1,1058677
7290108273618,false,קיסמי שניים מארז מלחייה רמי לוי,רמי לוי,,קיסמי שניים מארז מלח,יח',1.00,יח',false,,2.50,2.5000,true,1,1058621
7290108273632,false,שיפודי עץ רמי לוי 100 יח,רמי לוי,,שיפודי עץ רמי לוי 10,יח',100.00,יח',false,,2.90,0.0290,true,1,1058623
7290108273649,false,שיפודי עץ עבים רמי לוי 75 יח,רמי לוי,,שיפודי עץ עבים רמי ל,יח',75.00,יח',false,,2.90,0.0387,true,1,1058624
7290108273656,false,תבניות אלומניום צרות רמי לוי 5 יח,רמי לוי,,תבניות אלומניום צרות,יח',5.00,יח',false,,6.90,1.3800,true,1,1059282
7290108273663,false,מגשיות אלומיניום גדולות (5 יח') R33 רמי,רמי לוי,,תבניות אלומניום גדול,יח',5.00,יח',false,,6.90,1.3800,true,1,1059283
7290108273670,false,מגשיות אלומיניום ענקיות (3 יח') R99 רמי,רמי לוי,,תבניות אלומניום ענקי,יח',3.00,יח',false,,7.90,2.6333,true,1,1059284
7290108273687,false,תבנית אלומניום עגולה רמי לוי 5 יח,רמי לוי,,תבנית אלומניום עגולה,יח',5.00,יח',false,,5.90,1.1800,true,1,1059288
7290108273694,false,מגשיות אלומיניום אינגליש (10 יח') R88 רמ,רמי לוי,,תבנית אינגליש קייק ר,יח',10.00,יח',false,,6.90,0.6900,true,1,1059285
7290108273755,false,כפפות לטקס S רמי לוי,רמי לוי,,כפפות לטקס S רמי לוי,100 יח',1.00,100 יח',false,,19.90,19.9000,true,1,1058678
7290108273779,false,כפפות לטקס L רמי לוי,רמי לוי,,כפפות לטקס L רמי לוי,100 יח',1.00,100 יח',false,,19.90,19.9000,true,1,1058680
7290108273793,false,כפפות ניטריל כחולות S רמי לוי,רמי לוי,,כפפות ניטריל כחולות,יח',100.00,יח',false,,21.90,0.2190,true,1,1058682
7290108273809,false,כפפות ניטריל כחולות M רמי לוי,רמי לוי,,כפפות ניטריל כחולות,יח',1.00,יח',false,,21.90,21.9000,true,1,1058683
7290108273816,false,כפפות ניטריל כחולות L רמי לוי,רמי לוי,,כפפות ניטריל כחולות,יח',1.00,יח',false,,21.90,21.9000,true,1,1058684
7290108273823,false,כפפות ניטריל כחולות XL רמי לוי,רמי לוי,,כפפות ניטריל כחולות,יח',1.00,יח',false,,21.90,21.9000,true,1,1058685
7290108273847,false,תבנית מאפין אישית 50 יח,חגיגית,,תבנית מאפין אישית 50,יח',50.00,יח',false,,8.90,0.1780,true,1,1069147
7290108273892,false,פלסטר עור אחיד רמי לוי 100 יח,רמי לוי,,פלסטר עור אחיד רמי ל,יח',100.00,יח',false,,5.90,0.0590,true,1,1058687
7290108273908,false,פלסטר עור מיקס רמי לוי 100 יח,רמי לוי,,פלסטר עור מיקס רמי ל,יח',100.00,יח',false,,5.90,0.0590,true,1,1058688
7290108273915,false,פלסטר ילדים 50 יח רמי לוי,רמי לוי,,פלסטר ילדים 50 יח רמ,יח',50.00,יח',false,,5.90,0.1180,true,1,1058689
7290108274042,false,מגש 4 תאים,,,מגש 4 תאים,יח',1.00,יח',false,,6.90,6.9000,true,1,1100050
7290108274059,false,מגשיות אלומיניום קטנות (8 יח') R29 רמי ל,,,מגשיות אלומניום קטנו,יח',1.00,יח',false,,6.90,6.9000,true,1,1100052
7290108274103,false,רדיד אלומניום רחב רמי לוי 30 מטר,,,רדיד אלומניום רחב רמ,אורך,30.00,אורך,false,,19.90,0.6633,true,1,1674427
7290108274158,false,צמרוני פלסטיק,,,צמרוני פלסטיק,יח',1.00,יח',false,,5.90,5.9000,true,1,1352288
7290108274608,false,לפתניה 25 יח לבן,,,לפתניה 25 יח לבן,יח',1.00,יח',false,,4.50,4.5000,true,1,5185322
7290108274615,false,קעריות אובליות לבן 25 יחידות,,,קעריות אובליות לבן 2,יח',1.00,יח',false,,4.90,4.9000,true,1,2361827
7290108274707,false,קרם צלחת 9' (25 יח') בסט וליו,,,צלחת 9 קרם 25 יחידות,יח',25.00,יח',false,,11.90,0.4760,true,1,5061756
7290108275063,false,שקיות ענקיות רמי לוי 40 יחידות,,,שקיות ענקיות רמי לוי,יח',40.00,יח',false,,13.90,0.3475,true,1,1989737
7290108275070,false,כפפות משק מידה 7,,,כפפות משק מידה 7,יח',1.00,יח',false,,7.90,7.9000,true,1,2033758
7290108275087,false,כפפות משק מידה 8,,,כפפות משק מידה 8,יח',1.00,יח',false,,7.90,7.9000,true,1,2033759
7290108275100,false,כפפות משק מידה S,,,כפפות משק מידה S,יח',1.00,יח',false,,4.90,4.9000,true,1,2033761
7290108275124,false,כפפות גומי (L) רמי ל,,,כפפות משק מידה L,יח',1.00,יח',false,,4.90,4.9000,true,1,2033763
7290108275254,false,קינוחיות 24 גביעי קרמבל,חגיגית,,קינוחיות 24 גביעי קר,יח',1.00,יח',false,,14.90,14.9000,true,1,2145349
7290108275407,false,כוס שתייה קרה 100 יח-חגיגית,כוסות שתיה קרה 4 ב 1,,כוס שתייה קרה 100 יח,יח',100.00,יח',false,,5.90,0.0590,true,1,2683399
7290108275537,false,סכין לבן (100 יח') ב,,,סכין לבן 100 יח,יח',100.00,יח',false,,6.90,0.0690,true,1,3283840
7290108275544,false,מזלג לבן (100 יח') ב,,,מזלג 100 יח לבן,יח',1.00,יח',false,,7.90,7.9000,true,1,3283841
7290108275551,false,כף לבנה 100 יחידות,,,כף לבנה 100 יחידות,יח',100.00,יח',false,,7.90,0.0790,true,1,3239634
7290108275568,false,כפית לבן 100 יחידות,,,כפית לבן 100 יחידות,יח',100.00,יח',false,,6.90,0.0690,true,1,3283822
7290108275704,false,ניילון נצמד 45/150,,,ניילון נצמד 45/150,אורך,150.00,אורך,false,,24.90,0.1660,true,1,3034148
7290108276343,false,מטליות רצפה זיגזג רמי לוי,,,מטליות רצפה זיגזג רמ,יח',1.00,יח',false,,6.90,6.9000,true,1,3712630
7290108277234,false,100יח קשים לשתיה רמי לוי,,,100יח קשים לשתיה רמי,יח',100.00,יח',false,,7.90,0.0790,true,1,4898387
7290108277258,false,אקולוגית צלחת 7' (25 יח') בסט וליו,,,אקולוגית צלחת 7' (25,יח',1.00,יח',false,,8.90,8.9000,true,1,5638720
7290108277265,false,אקולוגית צלחת 9' (25 יח') בסט וליו,,,אקולוגית צלחת 9' (25,יח',1.00,יח',false,,15.90,15.9000,true,1,5638721
7290108277272,false,אקולוגית צלחת 10' (25 יח') בסט וליו,,,אקולוגית צלחת 10' (2,יח',1.00,יח',false,,18.90,18.9000,true,1,5638722
7290108277401,false,קסרול 25 יחידות,,,קסרול 25 יחידות,יח',1.00,יח',false,,5.90,5.9000,true,1,6310311
7290108277555,false,שקיות אשפה 90*75 רמי לוי,,,שקיות אשפה 90*75 רמי,קילו,100.00,קילו,false,,18.90,0.1890,true,1,4670215
7290108277562,false,שקיות הקפאה רמי לוי,,,שקיות הקפאה רמי לוי,יח',1.00,יח',false,,8.90,8.9000,true,1,4675676
7290108277579,false,שקיות אשפה 50*50 רמי לוי,,,שקיות אשפה 50*50 רמי,קילו,100.00,קילו,false,,9.90,0.0990,true,1,4675677
7290108277746,false,שקיות זיפר 28*26,,,שקיות זיפר 28*26,יח',1.00,יח',false,,8.90,8.9000,true,1,5185209
7290108277753,false,"שקיות זיפר 19*18 ס""מ",,,שקיות זיפר 18*19,יח',1.00,יח',false,,7.90,7.9000,true,1,5185210
7290108277937,false,"מפות פירנצה חתוכות לבן 1.2*2.4 ס""מ (1יח')",,,מפות פירנצה חתוכות ל,יח',1.00,יח',false,,7.90,7.9000,true,1,5113062
7290108278057,false,כסף צלחת 9' (25יח') בסט וליו,,,צלחת כסף 25 יחידות,יח',1.00,יח',false,,11.90,11.9000,true,1,5972006
7290108278132,false,צלחת בורדו 25 יחידות,,,צלחת בורדו 25 יחידות,יח',1.00,יח',false,,5.90,5.9000,true,1,6307607
7290108278156,false,צלחת 25 יחידות,,,צלחת 25 יחידות,יח',1.00,יח',false,,15.90,15.9000,true,1,5720051
7290108278378,false,צלחת קרם 50 יחידות,,,צלחת קרם 50 יחידות,יח',1.00,יח',false,,12.90,12.9000,true,1,6331553
7290108278538,false,מיני מזלג לבן 50 יח,,,מיני מזלג לבן 50 יח,יח',1.00,יח',false,,8.90,8.9000,true,1,5538178
7290108278583,false,קערה עמוקה,,,קערה עמוקה,יח',1.00,יח',false,,6.90,6.9000,true,1,5118480
7290108278590,false,קערה עמוקה,,,קערה עמוקה,קילו,100.00,קילו,false,,8.90,0.0890,true,1,5118481
7290108278606,false,זוגרדיד אלומניום רמילוי,,,זוגרדיד אלומניום רמי,קילו,100.00,קילו,false,,11.90,0.1190,true,1,5406670
7290108278675,false,כוסות נייר לשתיה חמה 2.5 אוז (50יחידות ),,,כוסות נייר לשתיה חמה,יח',1.00,יח',false,,4.90,4.9000,true,1,6208942
7290108350128,false,סנו סושי שקיות אשפה חזקות במיוחד 40 יח',החברה הדרומית לשיווק בעמ,,סנו סושי 40 שקיות אש,יח',40.00,יח',false,,22.90,0.5725,true,1,1031981
7290108350142,false,"שקיות רב שימושיות גדולות 25*35 ס""מ סנו סושי 270 יחידות",החברה הדרומית לשיווק בעמ,,סנו סושי שקיות רב שי,יח',270.00,יח',false,,11.90,0.0441,true,1,1031982
7290108350203,false,"סנו סושי כריות קרצוף+ספוג מקציף 6 יחידות 12X9 ס""מ",החברה הדרומית לשיווק בעמ,IT,סושי כריות קרצוף עם,יח',6.00,יח',false,,9.50,1.5833,true,1,1569366
7290108350210,false,סנו סושי 30 שקיות אשפה XL חזקות במיוחד,החברה הדרומית לשיווק בעמ,,סושי שקיות חזקות 65*,יח',30.00,יח',false,,22.90,0.7633,true,1,1144617
7290108350524,false,ארון פרש בניחוח לוונדר סנו,"סנו מפעלי ברונוס בע""",,פרש טבליות מטהר אויר,יחידו,4.00,יחידו,false,,20.80,5.2000,true,1,2003793
7290108350531,false,סנו ספארק נוזל כלים בניחוח קלאסי עם משאבה 1 ל',מיוצר עי קונדיטוריית,,נוזל כלים סנו ספארק,יח',1.00,יח',false,,9.90,9.9000,true,1,1051434
7290108350548,false,סנו ספארק נוזל כלים בניחוח לבנדר עם משאבה 1 ל',החברה הדרומית לשיווק בעמ,,נוזל כלים סנו ספארק,יח',1.00,יח',false,,9.90,9.9000,true,1,1051435
7290108350555,false,נוזל כלים סנו ספארק Spark היפואלרגני פריחת השקד,החברה הדרומית לשיווק בעמ,,נוזל כלים סנו ספארק,ליטרים,1.00,ליטר,false,,9.90,9.9000,true,1,1051436
7290108350586,false,נוזל לניקוי כלים סנו ספארק Spark בניחוח לימון רענן,החברה הדרומית לשיווק בעמ,,ספארק נוזל לכלים בני,ליטרים,1.50,ליטר,false,,13.90,9.2667,true,1,1086409
7290108350616,false,סנו - מקסימה מרכך כביסה מרוכז פריחה כחולה 1 ליטר,החברה הדרומית לשיווק בעמ,,מקסימה מרכך כביסה מר,ליטרים,1.00,ליטר,false,,17.50,17.5000,true,1,1538463
7290108350623,false,מרכך כביסה סופר מרוכז סופט סילק מקסימה 1 ל' סנו,החברה הדרומית לשיווק בעמ,,מקסימה מרכך כביסה מר,ליטרים,1.00,ליטר,false,,17.50,17.5000,true,1,1538464
7290108350685,false,"מנקה למדיח כלים סנו ספארק 250 מ""ל",סנו,,סנו ספארק מנקה למדיח,מיליליטרים,250.00,"100 מ""ל",false,,12.90,0.0516,true,1,4031624
7290108350722,false,אורביטול גוניור משחת שיניים בוב ספוג 70ג,החברה הדרומית לשיווק בעמ,,משחת שיניים ילדים בו,יח',1.00,יח',false,,7.90,7.9000,true,1,6353334
7290108350739,false,משחת שיניים אורביטול קידס סטעם סוכריות ג'לי 70 גרם,טרופיקל דגיל תעשיות קוסמ,,אורביטול קידס 70 גר,גרמים,70.00,גרם,false,,7.90,0.1129,true,1,5247983
7290108351118,false,K4000 קוטל זבובים/יתושים,החברה הדרומית לשיווק בעמ,,"קוטל מעופפים 750 מ""ל",מיליליטרים,750.00,"100 מ""ל",false,,29.90,0.0399,true,1,2366432
7290108351149,false,ג'ל ניקוי כללי בתוספת אבקת סודה ריח כביסה סנו ג'ט 1.5 ליטר,החברה הדרומית לשיווק בעמ,,סנו ג'ט פלוס לניקוי,ליטרים,1.50,ליטר,false,,11.90,7.9333,true,1,2418285
7290108351156,false,ג'ל ניקוי כללי בתוספת חומץ בריח לבנדר סנו ג'ט 1.5 ליטר,החברה הדרומית לשיווק בעמ,,סנו ג'ט פלוס לניקוי,מיליליטרים,750.00,"100 מ""ל",false,,11.90,0.0159,true,1,2418286
7290108351507,false,מרכך כביסה אינספרישיין סנו מקסימה 4 ליטר,החברה הדרומית לשיווק בעמ,,מרכך מקסימה 4 לי,ליטרים,4.00,ליטר,false,,21.50,5.3750,true,1,2279188
7290108351514,false,מרכך כביסה בלו בלוסום סנו מקסימה 4 ליטר,החברה הדרומית לשיווק בעמ,,מרכך מקסימה 4 לי,ליטרים,4.00,ליטר,false,,21.50,5.3750,true,1,2279189
7290108351538,false,סנופרש הום מבשם לבית בניחוח מרכך כביסה ב,סנו מפעלי ברונוס בעמn,,מבשם לבית - בריח מרכ,מיליליטרים,200.00,"100 מ""ל",false,,10.90,0.0545,true,1,4618579
7290108351545,false,מטהר אוויר סנו פרש הום בניחוח מרכך,סנו מפעלי ברונוס בעמn,,מבשם לבית - בניחוח מ,מיליליטרים,200.00,"100 מ""ל",false,,10.90,0.0545,true,1,4725397
7290108351552,false,"סנו - ג'ט לניקוי כללי בתוספת חומץ בניחוח לבנדר 750 מ""ל",החברה הדרומית לשיווק בעמ,,מתז לניקוי כללי ג'ט+,מיליליטרים,750.00,"100 מ""ל",false,,11.90,0.0159,true,1,3712508
7290108351583,false,"סנו - ג'ט פלוס חומץ ג'ל לניקוי אסלות לבנדר 750 מ""ל",החברה הדרומית לשיווק בעמ,,סנו ג'ט+ניקוי אסלות,מיליליטרים,750.00,"100 מ""ל",false,,8.90,0.0119,true,1,4443967
7290108351590,false,"סנופרש הום בלו בלוסון בניחוח מרכך כביסה 350 מ""ל",החברה הדרומית לשיווק בעמ,,מבשם אויר סנו פרש הו,מיליליטרים,350.00,"100 מ""ל",false,,9.90,0.0283,true,1,3044556
7290108351606,false,מטהר אוויר בלו בלוסום סנו פרש הום 350 מל,החברה הדרומית לשיווק בעמ,,מבשם אויר סנו פרש הו,מיליליטרים,350.00,"100 מ""ל",false,,9.90,0.0283,true,1,3044557
7290108351613,false,סנו ריצפז פרש הום 2 ליטר בניחוח מלון חלומי,החברה הדרומית לשיווק בעמ,,ריצפז פרש הום 2 לי,ליטרים,2.00,ליטר,false,,19.80,9.9000,true,1,3044558
7290108351699,false,סנו - ג'ט מטליות לחות לניקוי כללי בתוספת חומץ לבנדר שלישיה,החברה הדרומית לשיווק בעמ,,מארז שלישייה מגבונים,יח',50.00,יח',false,,19.90,0.3980,true,1,4942052
7290108351705,false,פניני בישום לכביסה275 גר` fresh linen,החברה הדרומית לשיווק בעמ,,סנו פניני בישום לכבי,יח',1.00,יח',false,,19.90,19.9000,true,1,5943605
7290108351712,false,פניני בישום לכביסה 275 ג' מקסימה,החברה הדרומית לשיווק בעמ,,סנו פניני בישום לכבי,יח',1.00,יח',false,,19.90,19.9000,true,1,5943606
7290108351736,false,"סנו נוזל לניקוי חלונות אקולוגי 750 מ""ל GREEN POWER",סנו מפעלי ברונוס בעמ,,סנו גרין פאוור ניקוי,יח',1.00,יח',false,,9.90,9.9000,true,1,6292030
7290108351767,false,מטהר אוויר חשמלי סנו פרש +מילוי בלו אייר,החברה הדרומית לשיווק בעמ,,מכשיר אוטומטי לבישום,יח',1.00,יח',false,,44.90,44.9000,true,1,5085311
7290108351774,false,מרסס סנו לניקוי וטיפול במוצרי עור 500 מל,החברה הדרומית לשיווק בעמ,,סנו ניקוי וטיפול במ,מיליליטרים,500.00,"100 מ""ל",false,,29.90,0.0598,true,1,5247985
7290108351804,false,מרכך כביסה סופר מרוכז Gentl Breeze סנו מקסימה 1 ליטר,החברה הדרומית לשיווק בעמ,,מקסימה מרכך סופר מרו,מטרים,1000.00,100 מ'ל,false,,17.50,0.0175,true,1,5868829
7290108351811,false,מרכך כביסה סופר מרוכז Floral touch סנו מקסימה 1 ליטר,החברה הדרומית לשיווק בעמ,,מקסימה מרכךסופר מרוכ,מטרים,1000.00,100 מ'ל,false,,17.50,0.0175,true,1,5868830
7290108351835,false,מרכך כביסה Pure Sensation סנו מקסימה 4 ליטר,החברה הדרומית לשיווק בעמ,,מקסימה מרכך כביסה סנ,ליטרים,4.00,ליטר,false,,21.50,5.3750,true,1,6061904
7290108351842,false,"סנו מקסימה בושם מרוכז לכביסה FOREVER כחול 600 מ""ל",החברה הדרומית לשיווק בעמ,,מקסימה בושם מרוכז מר,מיליליטרים,600.00,"100 מ""ל",false,,19.90,0.0332,true,1,5305392
7290108351910,false,סנו ספארק טבליות למדיח 30 יחידות,החברה הדרומית לשיווק בעמ,,ספארק 30 טבליות למדי,גרמים,600.00,100 גרם,false,,19.90,0.0332,true,1,5343251
7290108351927,false,סנו ספארק טבליות למדיח 70 יחידות,החברה הדרומית לשיווק בעמ,,סנו ספארק 70 טבליות,קילוגרמים,1.40,"ק""ג",false,,39.90,28.5000,true,1,5343252
7290108351972,false,סנופרש הום מבשם לבית בניחוח מלון בוטיק,החברה הדרומית לשיווק בעמ,,מבשם אויר הום יבש מל,יח',1.00,יח',false,,11.90,11.9000,true,1,6061832
7290108351989,false,"מטהר אוויר סנו פרש הום מלון מפנק 200 מ""ל",החברה הדרומית לשיווק בעמ,,מבשם אויר הום יבש בו,יח',1.00,יח',false,,11.90,11.9000,true,1,6061833
7290108351996,false,"חיטוי בייבי 99.9% לחיטוי וניקוי בסביבת תינוקות 750 מ""ל",החברה הדרומית לשיווק בעמ,,מתז בייבי לחיטי וניק,מיליליטרים,750.00,"100 מ""ל",false,,11.90,0.0159,true,1,5657324
7290108352047,false,אורביטול - צמד מברשות שיניים 808 + חוט דנטלי במתנה,החברה הדרומית לשיווק בעמ,,מברשת שיניים לחניכיי,יח',1.00,יח',false,,18.90,18.9000,true,1,6435308
7290108352061,false,משחת שיניים Go White אורביט 145 גרם עם פחם,טרופיקל דגיל תעשיות קוסמ,,אורביטול משחת שיניים,מטרים,145.00,100 מ'ל,false,,14.90,0.1028,true,1,6481839
7290108352146,false,"סנובון נוזלי בניחוח מנגוליה ונרולי סנו 750 מ""ל",החברה הדרומית לשיווק בעמ,,סנובון נוזלי סנסוריי,יח',1.00,יח',false,,8.90,8.9000,true,1,6293768
7290108352153,false,"סנובון נוזלי בניחוח לוטוס וסחלב סנו 750 מ""ל",החברה הדרומית לשיווק בעמ,,סנובון נוזלי סנסוריי,יח',1.00,יח',false,,8.90,8.9000,true,1,6293769
7290108352207,false,מקסימה 40 קפסולות לכביסה בניחוח fresh burst,החברה הדרומית לשיווק בעמ,,סנו מקסימה קפסולות ל,יח',1.00,יח',false,,28.90,28.9000,true,1,6292549
7290108352214,false,סנו - מקסימה קפסולות כביסה בניחוח בריזה מרעננת 40 יח',החברה הדרומית לשיווק בעמ,,סנו מקסימה קפסולות ל,יח',1.00,יח',false,,28.90,28.9000,true,1,6292550
7290108352252,false,נוזל לניקוי כלים מתאים לניקוי ירקות ופירות סנו ספארק,החברה הדרומית לשיווק בעמ,,סנו ספארק נוזל לכלים,ליטרים,1.00,ליטר,false,,9.90,9.9000,true,1,6314177
7290108352283,false,נוזל לחיטוי וניקוי רצפות- סדרת 99.9% סנו 2 ליטר,החברה הדרומית לשיווק בעמ,,נוזל שטיפה 2לי חיטוי,יח',1.00,יח',false,,17.90,17.9000,true,1,6285203
7290108352290,false,שלישיית מטליות לחיטוי ולניקוי יסודי לחדר האמבטיה סדרת 99.9%,החברה הדרומית לשיווק בעמ,,סנו שלישיית מטליות ל,יח',1.00,יח',false,,19.90,19.9000,true,1,6285204
7290108352337,false,"מטהר אויר פרש הום אוטומטיק מלון מפנק 250 מ""ל",החברה הדרומית לשיווק בעמ,,סנו פרש אוטומטיק,יח',1.00,יח',false,,12.90,12.9000,true,1,6297688
7290108352344,false,"פרש מבשם אויר אוטומטי בניחוח לבנדר סנו 250 מ""ל",החברה הדרומית לשיווק בעמ,,פרש מבשם אויר אוטומט,מיליליטרים,250.00,"100 מ""ל",false,,12.90,0.0516,true,1,6299060
7290108352368,false,תוסף לחיטוי כביסה 99.9% סנו מקסימה 3 ל',החברה הדרומית לשיווק בעמ,,תוסף לחיטוי כביסה 3ל,יח',1.00,יח',false,,29.90,29.9000,true,1,6385259
7290108352399,false,ריצפז פרש הום בניחוח מרכך כביסה פלורל טאצ',החברה הדרומית לשיווק בעמ,,ריצפז פרש הום בניחוח,מטרים,2000.00,100 מ'ל,false,,19.80,0.0099,true,1,6414868
7290108352405,false,מטהר אוויר סנו פרש הום נוזלי ירוק ארומטי,סנו מפעלי ברונוס בעמ,,מטהר אוויר ארומטי,יח',1.00,יח',false,,11.90,11.9000,true,1,6320934
7290108352429,false,מטהר אוויר סנו פרש הום נוזלי כחול ארומטי,סנו מפעלי ברונוס בעמ,,מטהר אוויר ארומטי,יח',1.00,יח',false,,11.90,11.9000,true,1,6320936
7290108352436,false,סנובון מוצק בניחוח נגוליה ונרולי שלישייה,החברה הדרומית לשיווק בעמ,,סנובון מוצק לניקוי א,יח',3.00,יח',false,,14.90,4.9667,true,1,6329695
7290108352450,false,ריצפז פרש הום בניחוח מרכך כביסה בלו בלוסום,החברה הדרומית לשיווק בעמ,,ריצפז פרש הום 2 לי,ליטרים,2.00,ליטר,false,,19.80,9.9000,true,1,6343192
7290108352474,false,"סנומוד מטהר אוויר ליידי קוקו סנו 150 מ""ל",החברה הדרומית לשיווק בעמ,,סנומוד מטהר אוויר לי,מיליליטרים,150.00,"100 מ""ל",false,,9.90,0.0660,true,1,6355372
7290108352498,false,מכשיר אוטומטי מעוצב ואלגנטי עם מילוי מלון בוטיק סנו פרש,החברה הדרומית לשיווק בעמ,,סנו פרש מכשיר אוטומט,יח',1.00,יח',false,,39.90,39.9000,true,1,6389666
7290108352511,false,"מקסימה לניקוי וחיטוי מכונת כביסה שקית 500 מ""ל",החברה הדרומית לשיווק בעמ,,מקסימה לניקוי וחיטוי,מיליליטרים,500.00,"100 מ""ל",false,,11.90,0.0238,true,1,6373135
7290108352528,false,"מתז לחיטוי וניקוי חדר האמבטיה 99.9% 750 מ""ל",החברה הדרומית לשיווק בעמ,,99.9 מתז לניקוי וחיט,מיליליטרים,750.00,"100 מ""ל",false,,11.90,0.0159,true,1,6374270
7290108352535,false,דפי בישום לחים למייבש הכביסה בניחוח מרכך כביסה 20 יח' מקסימה,החברה הדרומית לשיווק בעמ,,מקסימה דפי בישום לחי,יח',1.00,יח',false,,12.90,12.9000,true,1,6403950
7290108352566,false,מרכך כביסה בבישום עוצמתי 4 ל' סנו מקסינה,החברה הדרומית לשיווק בעמ,,מקסימה מרכך כביסה 4,מטרים,4000.00,100 מ'ל,false,,21.90,0.0055,true,1,6407475
7290108352573,false,מרכך כביסה סנו מקסימה בבישום עוצמתי 4 ליטר,החברה הדרומית לשיווק בעמ,,מקסימה מרכך כביסה 4,מטרים,4000.00,100 מ'ל,false,,21.50,0.0054,true,1,6453274
7290108352641,false,סנו סושי מטלית הפלא לניקוי כללי במארז שלישייה,החברה הדרומית לשיווק בעמ,,מטלית הפלא סנו סושי,יח',3.00,יח',false,,14.90,4.9667,true,1,3159552
7290108352689,false,כריות קרצוף ללכלוך קשה סנו סושי 9 יחידות,החברה הדרומית לשיווק בעמ,IT,סושי כריות קרצוף ללכ,יח',9.00,יח',false,,9.50,1.0556,true,1,1569367
7290108352696,false,"סנו סושי- ניילון נצמד+ רחב במיוחד 45 ס""מ",החברה הדרומית לשיווק בעמ,,סנו סושי- ניילון נצמ,אורך,100.00,אורך,false,,29.90,0.2990,true,1,5085249
7290108352702,false,סנו סופט שלישיית מגבוני טואלט נשטפים בוב ספוג 48 יחידות,החברה הדרומית לשיווק בעמ,,סופט מגבוני טואלט בו,יח',3.00,יח',false,,14.90,4.9667,true,1,1282772
7290108352795,false,שקיות זיפר 50 יח`במידה M סנו סושי,החברה הדרומית לשיווק בעמ,,סנו סושי שקיות זיפר,יח',50.00,יח',false,,9.90,0.1980,true,1,5343192
7290108352818,false,מטלית במבוק לניקוי דוחה ריחות רעים,החברה הדרומית לשיווק בעמ,,סנו סושי מטלית במבוק,יח',1.00,יח',false,,7.90,7.9000,true,1,5364473
7290108352825,false,ספוג הפלא נירוסטה סנו סושי 3יח',החברה הדרומית לשיווק בעמ,,סנו סושי - ספוג הפלא,יח',1.00,יח',false,,9.90,9.9000,true,1,4706320
7290108352849,false,שלישיית מטליות הפלא לניקוי כללי דקור סנו סושי,החברה הדרומית לשיווק בעמ,,מטלית הפלא סנו סושי,יח',3.00,יח',false,,14.90,4.9667,true,1,6338133
7290108352863,false,סנו סושי שקיות צלייה 20יח' מידה L,החברה הדרומית לשיווק בעמ,,סנו סושי שקיות צלייה,יח',20.00,יח',false,,7.90,0.3950,true,1,5085251
7290108352870,false,סנו סושי שקיות צלייה 10יח' מידה XL,החברה הדרומית לשיווק בעמ,,סנו סושי שקיות צלייה,יח',10.00,יח',false,,7.90,0.7900,true,1,5085252
7290108353006,false,סנו סושי - שקיות אוכל נקשרות 250 יחידות XL,החברה הדרומית לשיווק בעמ,,סנו סושי - שקיות אוכ,יח',1.00,יח',false,,11.90,11.9000,true,1,5657325
7290108353020,false,4 תבניות אפייה מנייר מלבנית גדולה סנו סו,החברה הדרומית לשיווק בעמ,,סנו סושי 4 תבניות אפ,יח',1.00,יח',false,,11.90,11.9000,true,1,5902057
7290108353037,false,"תבניות אפיה עגולות מנייר קוטר 21 ס""מ",החברה הדרומית לשיווק בעמ,,סנו סושי 4 תבניות אפ,יח',1.00,יח',false,,11.90,11.9000,true,1,5902058
7290108353044,false,תב.אפייה מנייר סנו סושי מאפינס גדול 24 י,החברה הדרומית לשיווק בעמ,,סנו סושי 4 תבניות אפ,יח',1.00,יח',false,,9.90,9.9000,true,1,5902059
7290108353068,false,ספוג הפלא נירוסטה עם סיבי קירצוף סנו סושי 2 יח',החברה הדרומית לשיווק בעמ,,כרית קרצוף עם סיבי נ,יח',1.00,יח',false,,8.90,8.9000,true,1,5868831
7290108353099,false,ממחטות אף במארז ניילון סנו סופט 5 יח' * 100 דף,החברה הדרומית לשיווק בעמ,,מארז נייר ממחטות אף,יח',1.00,יח',false,,11.50,11.5000,true,1,5868833
7290108353488,false,סנו - סנובון מעוצב בניחוח סחלב פראי,החברה הדרומית לשיווק בעמ,,סנובון מוצק דיזיין ב,יח',1.00,יח',false,,5.90,5.9000,true,1,5893500
7290108353501,false,"שקיות אשפה ענקיות עם ידיות ענקיות 75*90 ס""מ סנו סושי 25 יחידות",החברה הדרומית לשיווק בעמ,,סנו סושי 25שקיות אטו,יח',1.00,יח',false,,19.90,19.9000,true,1,6151299
7290108353532,false,"שקיות אשפה חזקות עם שרוך לארג' 54 * 65 ס""מ סנו סושי 100 יחידות",החברה הדרומית לשיווק בעמ,,סנו סושי שקיות 100 י,יח',1.00,יח',false,,29.90,29.9000,true,1,6151353
7290108353549,false,נייר אפיה 100 דפים סנו סושי,החברה הדרומית לשיווק בעמ,,סנו סושי נייר אפייה,יח',1.00,יח',false,,19.90,19.9000,true,1,6151300
7290108353648,false,סנו סושי - שקיות אוכל מנייר 70 יחידות,החברה הדרומית לשיווק בעמ,,סנו סושי שקיות אוכל,יח',1.00,יח',false,,10.90,10.9000,true,1,6314206
7290108353679,false,מפות ניילוון שקופות סנו סושי 10 יח,החברה הדרומית לשיווק בעמ,,סנו סושי מפות ניילון,יח',1.00,יח',false,,14.90,14.9000,true,1,6290286
7290108353723,false,"קרמה - תחליב רחצה חימר תה ירוק 500 מ""ל",החברה הדרומית לשיווק בעמ,,קרמה תחליב חימר 500מ,מטרים,500.00,100 מ'ל,false,,12.90,0.0258,true,1,6437386
7290108353730,false,"קרמה - תחליב רחצה חימר אוכמניות כחולות 500 מ""ל",החברה הדרומית לשיווק בעמ,,קרמה תחליב חימר 500מ,מטרים,500.00,100 מ'ל,false,,12.90,0.0258,true,1,6437387
7290108353778,false,"נקה 7 - תחליב רחצה שוודיה בניחוח פיטנגו 750 מ""ל",החברה הדרומית לשיווק בעמ,,נקה 7 תחליב רחצה ניח,מיליליטרים,750.00,"100 מ""ל",false,,9.90,0.0132,true,1,6326144
7290108353785,false,תחליב רחצה נקה 7 מרוקו בניחוח טונקה 750,החברה הדרומית לשיווק בעמ,,נקה 7 תחליב רחצה ניח,מיליליטרים,750.00,"100 מ""ל",false,,9.90,0.0132,true,1,6335586
7290108353792,false,"נקה 7 - תחליב רחצה יפן בניחוח פריחת הדובדבן 750 מ""ל",החברה הדרומית לשיווק בעמ,,נקה 7 תחליב רחצה פרי,מיליליטרים,750.00,"100 מ""ל",false,,9.90,0.0132,true,1,6326145
7290108353808,false,"תחליב רחצה מדגסקר נקה 7 בניחוח אמבר 750 מ""ל",החברה הדרומית לשיווק בעמ,,נקה 7 תחליב רחצה ניח,מיליליטרים,750.00,"100 מ""ל",false,,9.90,0.0132,true,1,6326146
7290108353815,false,"תחליב רחצה מדיטציה בניחוח פצ'ולי לבנדר+משאבה 600 מ""ל",החב. הדרומית לשיווק,,קרמה תחליב ספא מדיטצ,מטרים,600.00,100 מ'ל,false,,17.90,0.0298,true,1,6473917
7290108353983,false,"קרמה - קרם גוף קרמה קלאסי 500 מ""ל",החברה הדרומית לשיווק בעמ,,קרם גוף קלאסי קרמה 5,מיליליטרים,500.00,"100 מ""ל",false,,21.90,0.0438,true,1,6326171
7290108353990,false,"קרמה - קרם גוף קרמה מאסק 500 מ""ל",החברה הדרומית לשיווק בעמ,,קרם גוף מאסק קרמה 50,מיליליטרים,500.00,"100 מ""ל",false,,21.90,0.0438,true,1,6326172
7290108354263,false,אורביטול גוניור משחת שיניים חד קרן 70גרם,החברה הדרומית לשיווק בעמ,,משחת שיניים ילדים חד,יח',1.00,יח',false,,7.90,7.9000,true,1,6353335
7290108354270,false,מרכך כביסה מרוכז בבישום עוצמתי 1 ל' סנו מקסימה,החברה הדרומית לשיווק בעמ,,מקסימה מרכך כביסה מר,מטרים,1000.00,100 מ'ל,false,,17.50,0.0175,true,1,6407457
7290108354416,false,"תחליב רחצה יוגה, בניחוח ברגמוט 600מ""ל קרימה",החברה הדרומית לשיווק בעמ,,קרמה תחליב ספא יוגה,מטרים,600.00,100 מ'ל,false,,17.90,0.0298,true,1,6473918
7290108354591,false,"תחליב רחצה בניחוח מי קקטוס ושמן באבאסו 750 מ""ל נקה 7",החברה הדרומית לשיווק בעמ,,נקה 7 תחליב רחצה 750,מטרים,750.00,100 מ'ל,false,,9.90,0.0132,true,1,6465912
7290108354614,false,"מרכך בניחוח מי קקטוס ושמן באבאסו 750 מ""ל נקה 7",החברה הדרומית לשיווק בעמ,,נקה 7 מרכך 750מל ביו,מטרים,750.00,100 מ'ל,false,,9.90,0.0132,true,1,6465914
7290108354621,false,"מסיכה לשיער לחות מוגברת עם אפרסק וחמאת מורומורו 500 מ""ל כיף",החברה הדרומית לשיווק בעמ,,כיף מסיכה לשיער אפרס,מטרים,500.00,100 מ'ל,false,,26.90,0.0538,true,1,6481862
7290108354706,false,"קרמה - תחליב רחצה מאסק 500 מ""ל",החברה הדרומית לשיווק בעמ,,קרמה תחליב רחצה מאסק,מטרים,500.00,100 מ'ל,false,,12.90,0.0258,true,1,6410256
7290108354713,false,"קרמה - תחליב רחצה קלאסי 500 מ""ל",החברה הדרומית לשיווק בעמ,,קרמה תחליב רחצה קלאס,מטרים,500.00,100 מ'ל,false,,12.90,0.0258,true,1,6410257
7290108354751,false,"סנו - ג'ט מרסס לניקוי כללי בתוספת אבקת סודה 750 מ""ל",החברה הדרומית לשיווק בעמ,,מתז לניקוי כללי ג'ט+,מיליליטרים,750.00,"100 מ""ל",false,,11.90,0.0159,true,1,5203847
7290108354911,false,"שמפו, ג'ל רחצה וגילוח מועשר בתמצית אלוורה",החברה הדרומית לשיווק בעמ,,"קרמה מן 3ב1 500 מ""ל",מיליליטרים,500.00,"100 מ""ל",false,,14.90,0.0298,true,1,6286902
7290108355000,false,שמפו לילדים מיניונים נקה 7 (750 מל),החברה הדרומית לשיווק בעמ,IL,שמפו מיניונים נקה 7,מיליליטרים,750.00,"100 מ""ל",false,,9.90,0.0132,true,1,1228747
7290108355017,false,מרכך לילדים מיניונים נקה 7 (750 מל),החברה הדרומית לשיווק בעמ,IL,מרכך מיניונים נקה 7,מיליליטרים,750.00,"100 מ""ל",false,,9.90,0.0132,true,1,1228748
7290108355024,false,"נקה 7 שמפו ומרכך לילדים מיניונים 750 מ""ל",החברה הדרומית לשיווק בעמ,IL,מרכך+שמפו מיניונים נ,מיליליטרים,750.00,"100 מ""ל",false,,9.90,0.0132,true,1,1228749
7290108355031,false,"נקה 7 אל סבון לילדים מיניונים 750 מ""ל",החברה הדרומית לשיווק בעמ,IL,אל סבון מיניונים נקה,מיליליטרים,750.00,"100 מ""ל",false,,9.90,0.0132,true,1,1228750
7290108355055,false,לחו.לשיער מקצועי גלייז נטורל פורמולה 400,החברה הדרומית לשיווק בעמ,,לחות לשיער מקצועית ע,מיליליטרים,400.00,"100 מ""ל",false,,29.90,0.0747,true,1,3025642
7290108355062,false,לחו.לשיער מקצועי קרטין נטורל פורמולה 400,החברה הדרומית לשיווק בעמ,,לחות מקצועית עם קרטי,מיליליטרים,400.00,"100 מ""ל",false,,29.90,0.0747,true,1,3025619
7290108355147,false,תחליב רחצה שמנהי הזנה נקה (7507 מל),טרופיקל דגיל תעשיות קוסמ,,תחליב רחצה שמני הזנה,מיליליטרים,750.00,"100 מ""ל",false,,9.90,0.0132,true,1,4544859
7290108355154,false,נקה 7 שמפו לשיער שמני הזנה 750 מל,החברה הדרומית לשיווק בעמ,,שמפו שמני הזנה נקה 7,מיליליטרים,750.00,"100 מ""ל",false,,9.90,0.0132,true,1,4544838
7290108355185,false,"נטורל מסיכת קרטין אינטנס למניעת קשקשים 350 מ""ל",החברה הדרומית לשיווק בעמ,,מסכה קרטין 350 מל,מיליליטרים,350.00,"100 מ""ל",false,,39.90,0.1140,true,1,3882612
7290108355192,false,"מרכך קרטין אינטנס למניעת קשקשים נטורל פורמולה 400 מ""ל",החברה הדרומית לשיווק בעמ,,מרכך קרטין 400 מל,מיליליטרים,400.00,"100 מ""ל",false,,29.90,0.0747,true,1,3882613
7290108355208,false,"שמפו קרטין אינטנס למניעת קשקשים נטורל 400 מ""ל",החברה הדרומית לשיווק בעמ,,שמפו קרטין 400 מל,מיליליטרים,400.00,"100 מ""ל",false,,29.90,0.0747,true,1,3882614
7290108355260,false,"נקה 7-שמפו 3ב1 שמפו ג'ל רחצה וסבון פנים לגבר 750 מ""ל",החברה הדרומית לשיווק בעמ,,נקה 7 שמפו ג'ל רחצה,מיליליטרים,750.00,"100 מ""ל",false,,9.90,0.0132,true,1,5085254
7290108355307,false,"נקה 7 - שמפו סירוק קל רוזמרין 750 מ""ל",החברה הדרומית לשיווק בעמ,,שמפו נקה 7 סירוק קל,מיליליטרים,750.00,"100 מ""ל",false,,10.90,0.0145,true,1,5705986
7290108355314,false,מרכך לסירוק קל בתוספת רוזמרין,החברה הדרומית לשיווק בעמ,,מרכך נקה 7 סירוק קל,מיליליטרים,750.00,"100 מ""ל",false,,10.90,0.0145,true,1,5705987
7290108356045,false,"כיף תחליב רחצה בניחוח גלידת סוכריות ג'לי 700 מ""ל",החברה הדרומית לשיווק בעמ,,כיף תחליב רחצה 700 מ,מיליליטרים,700.00,"100 מ""ל",false,,9.90,0.0141,true,1,5364391
7290108356106,false,כיף תחליב רחצה חלב שקדים 700 מל,החברה הדרומית לשיווק בעמ,,כייף תחליב רחצה שקד,מיליליטרים,700.00,"100 מ""ל",false,,9.90,0.0141,true,1,5182091
7290108356113,false,תחליב רחצה כיף ניחוח דבש 700 מל,החברה הדרומית לשיווק בעמ,,כייף תחליב רחצה 700,מיליליטרים,700.00,"100 מ""ל",false,,9.90,0.0141,true,1,5182021
7290108356120,false,תחליב רחצה כיף ניחוח קוקוס וניל700 מל,החברה הדרומית לשיווק בעמ,,כייף תחליב רחצה קוקו,מיליליטרים,700.00,"100 מ""ל",false,,9.90,0.0141,true,1,5182092
7290108356137,false,תחליב רחצה כיף ניחוח לבנדר 700 מל,החברה הדרומית לשיווק בעמ,,כייף תחליב רחצה לבנד,מיליליטרים,700.00,"100 מ""ל",false,,9.90,0.0141,true,1,5182093
7290108356151,false,תחליב רחצה כיף ניחוחמאסק יסמין 700 מל,החברה הדרומית לשיווק בעמ,,כייף תחליב רחצה מאסק,מיליליטרים,700.00,"100 מ""ל",false,,9.90,0.0141,true,1,5182094
7290108356168,false,תחליב רחצה כיף ניחוח אוקיינס700 מל,החברה הדרומית לשיווק בעמ,,כייף תחליב רחצה אוקי,מיליליטרים,700.00,"100 מ""ל",false,,9.90,0.0141,true,1,5182095
7290108356489,false,"כיף - תחליב רחצה אפרסק וחמאת מורומורו 700 מ""ל",החברה הדרומית לשיווק בעמ,,כיף תחליב אפרסק וחמא,מטרים,700.00,100 מ'ל,false,,9.90,0.0141,true,1,6435314
7290108356526,false,"קרליין - שמפו 10 לשיער יבש 700 מ""ל",החברה הדרומית לשיווק בעמ,,קרליין שמפו 10לשיער,מטרים,700.00,100 מ'ל,false,,10.90,0.0156,true,1,6425699
7290108356533,false,קרוליין 10 שמפו לשיער מתולתל 700 מל,החברה הדרומית לשיווק בעמ,,קרליין שמפו 10לשיער,מטרים,700.00,100 מ'ל,false,,10.90,0.0156,true,1,6425700
7290108356540,false,קרוליין 10 שמפו לשיער צבוע 700 מל,החברה הדרומית לשיווק בעמ,,קרליין שמפו 10לשיער,מטרים,700.00,100 מ'ל,false,,10.90,0.0156,true,1,6425701
7290108356557,false,"שמפו 10 לשיער למניעת קשקשים 700 מ""ל קרליין",החברה הדרומית לשיווק בעמ,,קרליין שמפו 10לשיער,מטרים,700.00,100 מ'ל,false,,10.90,0.0156,true,1,6425702
7290108356564,false,"קרליין - מרכך 10 לשיער רגיל 700 מ""ל",החברה הדרומית לשיווק בעמ,,קרליין מרכך 10לשיער,מטרים,700.00,100 מ'ל,false,,10.90,0.0156,true,1,6425703
7290108356571,false,"קרליין - מרכך 10 לשיער יבש 700 מ""ל",החברה הדרומית לשיווק בעמ,,קרליין מרכך 10לשיער,מטרים,700.00,100 מ'ל,false,,10.90,0.0156,true,1,6425704
7290108356588,false,קרוליין 10 מרכך לשיער מתולתל 700 מל,החברה הדרומית לשיווק בעמ,,קרליין מרכך 10לשיער,מטרים,700.00,100 מ'ל,false,,10.90,0.0156,true,1,6425705
7290108356595,false,קרוליין 10 מרכך לשיער צבוע 700 מל,החברה הדרומית לשיווק בעמ,,קרליין מרכך 10לשיער,מטרים,700.00,100 מ'ל,false,,10.90,0.0156,true,1,6425706
7290108356816,false,"סבון בוטני גרניום ופטצ'ולי לניקוי וטיפוח הידיים, טבעוני 1 ל' כיף",החברה הדרומית לשיווק בעמ,,כיף אל סבון בוטני 1ל,מטרים,1000.00,100 מ'ל,false,,14.90,0.0149,true,1,6435316
7290108357028,false,"תחליב רחצה כיף ורד ושמן קוקוי 700 מ""ל",החברה הדרומית לשיווק בעמ,,כייף תחליב רחצה שמן,מיליליטרים,700.00,"100 מ""ל",false,,9.90,0.0141,true,1,6193961
7290108357042,false,"קרליין - נושם ביו דאודורנט רול און 75 מ""ל Citrus Blossoms לאישה",החברה הדרומית לשיווק בעמ,,קרליין דיאודורנט נוש,מטרים,75.00,100 מ'ל,false,,11.90,0.1587,true,1,6435317
7290108357073,false,"קרליין - נושם ביו דאודורנט ספריי 150 מ""ל Blossoms Citrus לאישה",החברה הדרומית לשיווק בעמ,,קרליין ביו נושם ספרי,מטרים,150.00,100 מ'ל,false,,11.90,0.0793,true,1,6435319
7290108357097,false,"קרליין - נושם ביו דאודורנט ספריי 150 מ""ל Velvet Rose לאישה",החברה הדרומית לשיווק בעמ,,קרליין ביו נושם ספרי,מטרים,150.00,100 מ'ל,false,,11.90,0.0793,true,1,6435321
7290108357110,false,"קרליין - נושם ביו דאודורנט רול און 75 מ""ל Valvet Rose לאישה",החברה הדרומית לשיווק בעמ,,קרליין דיאודורנט ביו,מטרים,75.00,100 מ'ל,false,,11.90,0.1587,true,1,6435322
7290108357189,false,"מבשם ומרכך למייבש הכביסה מקסימה פלורל 750 מ""ל סנו",החברה הדרומית לשיווק בעמ,,מקסימה למייבש בניחוח,מיליליטרים,750.00,"100 מ""ל",false,,16.30,0.0217,true,1,6215377
7290108357202,false,סנוקליר לניקוי בניחוח בלו בלוסום 1 ליטר,החברה הדרומית לשיווק בעמ,,סנוקליר בניחוח בלו ב,ליטרים,1.00,ליטר,false,,9.90,9.9000,true,1,6356850
7290108357233,false,סנו קליר מטליות לחות לניקוי והברקה 50 יח,החברה הדרומית לשיווק בעמ,,סנוקליר מטליות לחות,יח',1.00,יח',false,,11.90,11.9000,true,1,6435323
7290108357264,false,"פרש אוטומטי מילוי בניחוח מרכך הכביסה אולטרה 375 מ""ל סנו",החברה הדרומית לשיווק בעמ,,פרש אוטומטי מילוי או,מטרים,375.00,100 מ'ל,false,,12.90,0.0344,true,1,6465888
7290108357271,false,סנובון ג'ל לניקוי אסלות עם חמצן פעיל לניקוי עוצמתי,החברה הדרומית לשיווק בעמ,,סנובון אוקסי עם חמצן,מטרים,750.00,100 מ'ל,false,,8.90,0.0119,true,1,6448788
7290108357295,false,"מרסס אוקסיג'ן מסיר כתמים סנו לכביסה לבנה 750 מ""ל",החברה הדרומית לשיווק בעמ,,סנו אוקסיג'ן ספריי פ,מיליליטרים,750.00,"100 מ""ל",false,,17.70,0.0236,true,1,6465915
7290108357301,false,"סנו - K300 קוטל חרקים תיקנים ונמלים 300 מ""ל",החברה הדרומית לשיווק בעמ,,קיי 300 קטן 300מל,מטרים,300.00,100 מ'ל,false,,9.90,0.0330,true,1,6448789
7290108357400,false,"תחליב רחצה קרמה לבנדר ואקליפטוס 700 מ""ל",החברה הדרומית לשיווק בעמ,,תחליב רחצה קרמה 700,מיליליטרים,700.00,"100 מ""ל",false,,16.90,0.0241,true,1,6321137
7290108357417,false,"קרמה - קרם גוף קרמה ורד ווניל 500 מ""ל",החברה הדרומית לשיווק בעמ,,קרם גוף קרמה ורד וונ,מיליליטרים,500.00,"100 מ""ל",false,,21.90,0.0438,true,1,6326148
7290108357509,false,"קרם גוף קרמה וניל ופלפל ורוד 500 מ""ל",החברה הדרומית לשיווק בעמ,,קרם גוף קרמה וניל פל,מיליליטרים,500.00,"100 מ""ל",false,,21.90,0.0438,true,1,6356853
7290108357653,false,סנובון ג'ל לאסלה שלישיה בניחוח אוקיינוס,החברה הדרומית לשיווק בעמ,,סנובון באבלס סנו 3 י,יח',3.00,יח',false,,14.90,4.9667,true,1,6501689
7290108357660,false,סנובון Bubbles שלישיית כדוריות ג'ל אסלה ניחוח לבנדר,החברה הדרומית לשיווק בעמ,,סנובון באבלס סנו 3 י,יח',3.00,יח',false,,14.90,4.9667,true,1,6501690
7290108357769,false,"מרכך לשיער רגיל תפוח וזרעי צ'יה 700 מ""ל כיף",החברה הדרומית לשיווק בעמ,,כיף מרכך לשיער רגיל,מיליליטרים,700.00,"100 מ""ל",false,,9.90,0.0141,true,1,5364399
7290108357837,false,כיף אל סבון 1 ליטר ג'נסינג שקית מילוי + פקק,החברה הדרומית לשיווק בעמ,,כיף אל סבון שקית מיל,מטרים,1000.00,100 מ'ל,false,,8.90,0.0089,true,1,6435324
7290108357844,false,כיף אל סבון 1 ליטר אצות ים שקית מילוי + פקק,החברה הדרומית לשיווק בעמ,,כיף אל סבון שקית מיל,מטרים,1000.00,100 מ'ל,false,,8.90,0.0089,true,1,6435325
7290108357851,false,"כיף - ג'ל רחצה אליקסיר אוילס מועשר בשמן קוקוס 700 מ""ל",החברה הדרומית לשיווק בעמ,,כיף ג'ל רחצה מועשר ב,מטרים,700.00,100 מ'ל,false,,9.90,0.0141,true,1,6414869
7290108358100,false,"פרש הום מקלות ריחניים לבית בניחוח בייבי 100 מ""ל",החברה הדרומית לשיווק בעמ,,סנו פרש הום מקלות רי,מטרים,100.00,100 מ'ל,false,,19.90,0.1990,true,1,6427063
7290108358124,false,דפי בישום לחים למייבש הכביסה בניחוח מרכך כביסה 20 יח' מקסימה,טרופיגל דגיל תעשיות קוסמ,,מקסימה דפי בישום לחי,יח',1.00,יח',false,,12.90,12.9000,true,1,6497271
7290108359008,false,סושי שקיות זיפר עם סליידר 15 יח לארג',החברה הדרומית לשיווק בעמ,,סושי שקיות זיפר עם ס,יח',1.00,יח',false,,14.90,14.9000,true,1,6414871
7290108359015,false,סושי שקיות זיפר עם סליידר 20 יח מדיום,החברה הדרומית לשיווק בעמ,,סושי שקיות זיפר עם ס,יח',1.00,יח',false,,14.90,14.9000,true,1,6414872
7290108359060,false,סנו סושי כריות הפלא רב תכלתיות *4 לשבת,החברה הדרומית לשיווק בעמ,,סנו כריות ניקוי לשבת,יח',1.00,יח',false,,9.90,9.9000,true,1,6401213
7290108359084,false,סנו סושי כיסוי ניילון עם גומי 30 יחידות M,החברה הדרומית לשיווק בעמ,,סושי כיסוי ניילון עם,יחידה,0.00,יחידה,false,,8.90,0.0000,true,1,6503704
7290108359091,false,סנו סושי כיסוי ניילון עם גומי 30 יחידות L,החברה הדרומית לשיווק בעמ,,סושי כיסוי ניילון עם,יחידה,0.00,יחידה,false,,8.90,0.0000,true,1,6503705
7290108359114,false,סנו סושי – 10 חמגשית אלומיניום עם מכסה,החברה הדרומית לשיווק בעמ,,סושי חמגשית אלומיניו,יח',10.00,יח',false,,9.90,0.9900,true,1,6437388
7290108359145,false,סנו סושי דפי ספוג הפלא 12 יח`,החברה הדרומית לשיווק בעמ,,סושי דפי ספוג הפלא,יחידה,0.00,יחידה,false,,9.90,0.0000,true,1,6503388
7290108359169,false,"תבנית אלומיניום עגולה 628 ס""מ יחי סנו סושי",החברה הדרומית לשיווק בעמ,,סושי תבניות עגולות ק,יח',6.00,יח',false,,9.90,1.6500,true,1,6484175
7290108359183,false,שקית אשפה חזקות 70*50 60 יח' סנו סושי,החברה הדרומית לשיווק בעמ,,סושי 60 שקיות אשפה ע,יח',60.00,יח',false,,19.90,0.3317,true,1,6503389
7290108359824,false,"כיף - בייבי כיף קרם 500 מ""ל",החברה הדרומית לשיווק בעמ,,קרם גוף בייבי כיף 50,מיליליטרים,750.00,"100 מ""ל",false,,19.90,0.0265,true,1,5126374
7290108359831,false,בייבי שמן לתינוק לעור עדין כיף (500 מל),החברה הדרומית לשיווק בעמ,,שמן גוף בייבי כיף 50,מיליליטרים,500.00,"100 מ""ל",false,,19.90,0.0398,true,1,5126375
7290108359848,false,בייבי כיף שמפו אל דמע (1 ליטר),החברה הדרומית לשיווק בעמ,,שמפו אלדמע בייבי כיף,ליטרים,1.00,ליטר,false,,17.90,17.9000,true,1,5126376
7290108359862,false,בייבי כיף אל סבון 1 ליטר,החברה הדרומית לשיווק בעמ,,אלסבון בייבי כיף 1 ל,ליטרים,1.00,ליטר,false,,17.90,17.9000,true,1,5126378
7290108359879,false,"אלסבון בייבי כיף+משאבה 750 מ""ל",החברה הדרומית לשיווק בעמ,,אלסבון בייבי כיף 750,מיליליטרים,750.00,"100 מ""ל",false,,13.90,0.0185,true,1,5126379
7290108359893,false,"תחליב רחצה בייבי כיף+משאבה 750 מ""ל",החברה הדרומית לשיווק בעמ,,תחליב רחצה בייבי כיף,מיליליטרים,750.00,"100 מ""ל",false,,13.90,0.0185,true,1,5126381
7290108359985,false,סנו - ז'אוול מרסס קצף לניקוי וחינו בניחוח פריחה לבנה 1 ליטר,החברה הדרומית לשיווק בעמ,,קצף לניקוי כללי פריח,100 מל,750.00,100 מל,false,,16.90,0.0225,true,1,6434666
7290108468939,false,גרבי בריאות (3) גבר LEE COOPER,,,גרביי בריאות (3) גבר,יח',1.00,יח',false,,20.00,20.0000,true,1,2866212
7290108500677,false,כבד דג שיבוט בשמן דג וילי פוד 115 גרם,ג. וילי-פוד אינטרנשיונל בע`מ,,כבד דג שיבוט בשמן דג,גרמים,115.00,100 גרם,false,,8.90,0.0774,true,1,1728758
7290108501087,false,גרעיני תירס 285 גר רמילוי,,,גרעיני תירס 285 גר ר,גרמים,285.00,100 גרם,false,,4.50,0.0158,true,1,2483548
7290108501353,false,פילה אנשובי אמיתי ארוך בשמן וילי פוד 45,ג. וילי-פוד אינטרנשיונל בע`מ,,פילה אנשובי ארוך 23,גרמים,45.00,100 גרם,false,,5.90,0.1311,true,1,3618797
7290108501391,false,גבינת חצי קשה מחלב עיזים פרוסות 150 גר`,ג. וילי-פוד אינטרנשיונל בע`מ,,גבינה חצי קשה חלב עי,גרמים,150.00,100 גרם,false,,14.90,0.0993,true,1,3882590
7290108501490,false,גבינת מוצרלה פרוסות 150 גר`וילי פוד,ג.וילי-פוד אינטרנשיונל **גבינו,,גבינת מוצרלה פרוסות,גרמים,150.00,100 גרם,false,,12.90,0.0860,true,1,3882627
7290108501827,false,קדאיף שערות בצק ויליפוד 450 גרם,ג.וילי-פוד אינטרנשיונל **גבינו,,קדאיף שערות בצק 450,גרמים,450.00,100 גרם,false,,19.90,0.0442,true,1,4307708
7290108502305,false,גבינת גרדה פדנו משולש 150 גר` וילי פוד,ג.וילי-פוד אינטרנשיונל **גבינו,,גבינת גרנה פדנו משול,גרמים,150.00,100 גרם,false,,16.90,0.1127,true,1,5248311
7290108502329,false,רביעיית טונה בשמן זית ויליפוד 4*160 גרם,ג. וילי-פוד אינטרנשיונל בע`מ,,רביעיית נתחי טונה בש,גרמים,160.00,100 גרם,false,,26.90,0.1681,true,1,4988147
7290108502336,false,גבינה גורגונזולה איטלקית 150 גרם 29% שומן,ג. וילי-פוד אינטרנשיונל בע`מ,,גבינת גורגונזולה איט,גרמים,150.00,100 גרם,false,,19.80,0.1320,true,1,6473919
7290108502381,false,בסיסים להכנת פיצה קוטר 26 וילי פוד 480ג',ג. וילי-פוד אינטרנשיונל בע`מ,,תחתיות לפיצה 480 גר,גרמים,480.00,100 גרם,false,,12.90,0.0269,true,1,5153786
7290108502541,false,גבינת שמנת טעם טבעי ויליפוד 200 גרם,ג.וילי-פוד אינטרנשיונל **גבינו,,גבינת שמנת 200 גר,גרמים,200.00,100 גרם,false,,10.90,0.0545,true,1,4941986
7290108502725,false,גבינת גאודה פרוסות ויליפוד 400 גרם,ג.וילי-פוד אינטרנשיונל **גבינו,,גבינת גאודה 400 גר,גרמים,400.00,100 גרם,false,,19.90,0.0497,true,1,4964428
7290108502862,false,מלפפונים כבושים במלח 18-25 קטנים ויליפוד 600 גרם,ג. וילי-פוד אינטרנשיונל בע`מ,,מלפפונים קטנים 18-25,גרמים,600.00,100 גרם,false,,8.90,0.0148,true,1,6377980
7290108503043,false,תפוחונים חטיף פלחים מיובשים מארז 22X4ג',ג. וילי-פוד אינטרנשיונל בע`מ,,מארז תפוחונים מיובשי,יח',1.00,יח',false,,14.20,14.2000,true,1,5153788
7290108503159,false,גבינה כחולה עם עובש 31% ויליפוד 100 גרם,ג.וילי-פוד אינטרנשיונל **גבינו,,גבינה כחולה עם עובש,גרמים,100.00,100 גרם,false,,9.90,0.0990,true,1,5157108
7290108503647,false,"DAAWAT אורז בסמטי מהדרין ויליפוד 1 ק""ג",ג.וילי-פוד אינטרנשיונל בעמ,,אורז בסמטי 1קג מהדרי,קילוגרמים,1.00,"ק""ג",false,,11.90,11.9000,true,1,5433030
7290108503791,false,ניוקי תפוח אדמה 3 צבעים 500 גרם (ללא גלוטן),ג. וילי-פוד אינטרנשיונל בע`מ,,ניוקי תפוא 3 צבעים ל,גרמים,500.00,100 גרם,false,,11.90,0.0238,true,1,6349161
7290108503999,false,פרוסות גבינה בטעם גאודה לכריכים וטוסטים ויליפוד 150 גרם,ג.וילי-פוד אינטרנשיונל **גבינו,,פרוסות גבינת גאודה 1,גרמים,150.00,100 גרם,false,,9.90,0.0660,true,1,5748753
7290108504279,false,קשקבל \איבריקו\ מנצ'גו צ'אנק 150 גרם,ג. וילי-פוד אינטרנשיונל בע`מ,,קשקבל צ'אנק 150 גר,יח',1.00,יח',false,,16.90,16.9000,true,1,5720107
7290108504293,false,מנצ`גו צ`אנק 150 גרם ויליפוד,ג.וילי-פוד אינטרנשיונל **גבינו,,מנצ'גו צ'אנק 150 גר,יח',1.00,יח',false,,16.90,16.9000,true,1,5720109
7290108504385,false,גבינת שמנת עם חלפיניו ויליפוד 200 גרם,ג.וילי-פוד אינטרנשיונל **גבינו,,גבינת שמנת עם חלפיני,גרמים,200.00,100 גרם,false,,10.90,0.0545,true,1,6257896
7290108505689,false,גבינת גרנה פדנו מגורדת ויליפוד 100 גרם,ג.וילי-פוד אינטרנשיונל **גבינו,,גבינת גרנה פדנו קשה,גרמים,90.00,100 גרם,false,,9.90,0.1100,true,1,6257900
7290108505719,false,גבינת מוצרלה מגורדת EURO CHEESE ויליפוד 200 גרם,ג.וילי-פוד אינטרנשיונל **גבינו,,גבינת מוצרלה מגורדת,גרמים,200.00,100 גרם,false,,12.90,0.0645,true,1,6299061
7290108505726,false,אצבעות גבינת חצי קשה EURO CHEESE ויליפוד 200 גרם,ג.וילי-פוד אינטרנשיונל **גבינו,,אצבעות גבינה חצי קשה,גרמים,200.00,100 גרם,false,,12.90,0.0645,true,1,6293834
7290108505733,false,צמות -גבינה חצי קשה 25% שומן ( 200 גר) ו,ג.וילי-פוד אינטרנשיונל **גבינו,,צמות גבינה חצי קשה 2,גרמים,200.00,100 גרם,false,,12.90,0.0645,true,1,6293835
7290108505740,false,קשקבל גבינה חצי קשה EURO CHEESE ויליפוד 200 גרם,ג.וילי-פוד אינטרנשיונל **גבינו,,גבינת קשקבל חצי קשה,גרמים,200.00,100 גרם,false,,12.90,0.0645,true,1,6293836
7290108506488,false,סופלה שוקולד קפוא 200 גר` וילי פוד,ג.וילי-פוד אינטרנשיונל **גבינו,,סופלה שוקולד קפוא,גרמים,200.00,100 גרם,false,,14.90,0.0745,true,1,6287932
7290108506495,false,"כנאפה מאפה בצק ""שערות"" קדאיף וגבינה",ג.וילי-פוד אינטרנשיונל **גבינו,,כנאפה קפוא,גרמים,192.00,100 גרם,false,,12.90,0.0672,true,1,6287933
7290108506501,false,אצבעות בצק פילו ממולאות גבינה 500 ג' ויליפוד,ג.וילי-פוד אינטרנשיונל **גבינו,,אצבעות בצק פילו ממול,גרמים,500.00,100 גרם,false,,15.50,0.0310,true,1,6414031
7290108506709,false,גבינת פרמג`אנו ר`גיאנו 150 גר וילי פוד,ג.וילי-פוד אינטרנשיונל **גבינו,,גבינת פרמג'נו רג'יאנ,גרמים,150.00,100 גרם,false,,17.90,0.1193,true,1,6290696
7290108506969,false,מאפה בורקס מים תורכי גבינה ויליפוד 300 גרם,ג.וילי-פוד אינטרנשיונל **גבינו,,מאפה בורקס תורכי גבי,גרמים,300.00,100 גרם,false,,12.90,0.0430,true,1,6297505
7290108507010,false,מאפה בורקס מים תורכי תרד וגבינה ויליפוד 300 גרם,ג.וילי-פוד אינטרנשיונל **גבינו,,מאפה בורקס תורכי תרד,גרמים,300.00,100 גרם,false,,12.90,0.0430,true,1,6297506
7290108507065,false,גבינת פרמג'אנו רגיאנו מגורדת ויליפוד 100 גרם,ג.וילי-פוד אינטרנשיונל **גבינו,,גבינת פרמג'אנו מגורד,גרמים,100.00,100 גרם,false,,13.90,0.1390,true,1,6358540
7290108507188,false,כנאפה קפוא אריזה משפחתית 657.5 גרם,ג.וילי-פוד אינטרנשיונל **גבינו,,כנאפה אריזה משפחתית,גרמים,657.00,100 גרם,false,,27.70,0.0422,true,1,6323380
7290108507300,false,יאסו יוגורט יווני טע,,,יאסו יוגורט יווני טע,גרמים,150.00,100 גרם,false,,4.80,0.0320,true,1,6364225
7290108507317,false,יאסו יוגורט יווני ושבבי שוקולד רמילוי,,,יאסו יוגורט יווני וש,גרמים,150.00,100 גרם,false,,4.80,0.0320,true,1,6364226
7290108507331,false,יאסו יוגורט יווני טעם קוקוס רמילוי,,,יאסו יוגורט יווני טע,גרמים,150.00,100 גרם,false,,4.80,0.0320,true,1,6364228
7290108507348,false,יאסו יוגורט יווני טעם אוכמניות רמילוי,,,יאסו יוגורט יווני טע,גרמים,150.00,100 גרם,false,,4.80,0.0320,true,1,6364229
7290108507386,false,יאסו יוגורט יווני טעם טבעי רמילוי,,,יאסו יוגורט יווני טע,גרמים,150.00,100 גרם,false,,4.80,0.0320,true,1,6364233
7290108507492,false,קרקרים עם שומשום 105ג רמילוי,,,קרקרים עם שומשום 105,גרמים,105.00,100 גרם,false,,4.90,0.0467,true,1,6350589
7290108507607,false,גבינת פרמז'ן קשה 27% רמילוי 200גר,,,גבינת פרמז'ן קשה 27%,גרמים,200.00,100 גרם,false,,22.90,0.1145,true,1,6327157
7290108507911,false,קינואה עם טונה וירקות - מוכן לאכילה,ג. וילי-פוד אינטרנשיונל בע`מ,,קינואה עם טונה וירקו,גרמים,160.00,100 גרם,false,,11.90,0.0744,true,1,6377981
7290108508031,false,אננס שלם 830 גרם ויליפוד,ג. וילי-פוד אינטרנשיונל בע`מ,,אננס שלם 830 גר וילי,גרמים,830.00,100 גרם,false,,10.90,0.0131,true,1,6433879
7290108508369,false,גבינת CHEESE LONG ויליפוד 200 גרם,ג. וילי-פוד אינטרנשיונל בע`מ,,גבינת צייז לונג 200,גרמים,200.00,100 גרם,false,,14.90,0.0745,true,1,6357362
7290108508499,false,"איירן משקה יוגורט בסגנון טורקי יורו 293 מ""ל",ג.וילי-פוד אינטרנשיונל **גבינו,,איירן משקה יוגורט סג,מיליליטרים,293.00,"100 מ""ל",false,,4.90,0.0167,true,1,6367898
7290108508765,false,קונכיות פתיתים 400 גרם וילי פוד,ג. וילי-פוד אינטרנשיונל בע`מ,,קונכיות פתיתים 400 ג,גרמים,400.00,100 גרם,false,,4.90,0.0123,true,1,6379398
7290108508772,false,קונכיות פתיתים עם תרד 400 גרם וילי פוד,ג. וילי-פוד אינטרנשיונל בע`מ,,קונכיות פתיתים עם תר,גרמים,400.00,100 גרם,false,,4.90,0.0123,true,1,6379399
7290108508864,false,בישקוטים 200ג רמילוי,,,בישקוטים 200ג רמילוי,גרמים,200.00,100 גרם,false,,6.90,0.0345,true,1,6444885
7290108509045,false,גבינת מוצרלה מגורדת 300ג רמילוי,,,גבינת מוצרלה מגורדת,גרמים,300.00,100 גרם,false,,14.90,0.0497,true,1,6386624
7290108509090,false,גבינה מותכת משולשים EUROויליפוד 200 גרם,ג.וילי-פוד אינטרנשיונל **גבינו,,גבינה מותכת משולשים,גרמים,200.00,100 גרם,false,,14.50,0.0725,true,1,6383725
7290108509113,false,"גבינה בולגרית מעודנת 18% שומן 250 גרם חת""ס פ""ת",ג.וילי-פוד אינטרנשיונל **גבינו,,גבינה בולגרית 18% מע,גרמים,250.00,100 גרם,false,,11.90,0.0476,true,1,6383727
7290108509137,false,"גבינה בולגרית מעודנת 5% שומן 250 גרם חת""ס פ""ת",ג.וילי-פוד אינטרנשיונל **גבינו,,גבינה בולגרית מעודנת,גרמים,250.00,100 גרם,false,,11.90,0.0476,true,1,6383729
7290108509182,false,גבינה פטה 17% EUROויליפוד 250 גרם,ג.וילי-פוד אינטרנשיונל **גבינו,,גבינה פטה 17% 250 גר,גרמים,250.00,100 גרם,false,,12.90,0.0516,true,1,6383730
7290108509250,false,"אנטיפסטי ארטישוק+עגבניות מיובשות וצלפים בשמן חמניות 380 מ""ל",ג. וילי-פוד אינטרנשיונל בע`מ,,אנטיפסטי ארטישוק,גרמים,380.00,100 גרם,false,,22.90,0.0603,true,1,6377937
7290108509267,false,ארוחת פסטה עם רוטב גבינה ויליפוד 206 גרם,ג. וילי-פוד אינטרנשיונל בע`מ,,ארוחת פסטה רוטב גבינ,גרמים,206.00,100 גרם,false,,7.90,0.0383,true,1,6383722
7290108509403,false,חלבה טורקית קלאסית 350 גרם ג.ויליפוד,ג.וילי פוד אינטרנשיונל בעמ,,חלבה טורקית קלאסית 3,גרמים,350.00,100 גרם,false,,10.90,0.0311,true,1,6377985
7290108509410,false,חלבה טורקית עם קקאו 350 גרם ויליפוד,ג.וילי פוד אינטרנשיונל בעמ,,חלבה טורקית עם קקאו,גרמים,350.00,100 גרם,false,,10.90,0.0311,true,1,6377986
7290108509540,false,רוטב ברביקיו ויליפוד 350 גרם,וילי פוד,,רוטב ברביקיו 350 גר,גרמים,350.00,100 גרם,false,,8.90,0.0254,true,1,6392398
7290108509595,false,גבינה פטה 24% עגבניות מיובשות וריחן 153 גרם ויליפוד,ג.וילי-פוד אינטרנשיונל **גבינו,,גבינה מלוחה עם עגבני,גרמים,153.00,100 גרם,false,,15.90,0.1039,true,1,6511012
7290108509656,false,מיקס זיתים פרוסות 800 גר,,,מיקס זיתים פרוסות 80,גרמים,800.00,100 גרם,false,,13.90,0.0174,true,1,6388032
7290108509700,false,אורז פרסי 1 קג`DAAWAT וילי פוד,ג. וילי-פוד אינטרנשיונל בע`מ,,אורז פרסי 1 לי דאווט,קילוגרמים,1.00,"ק""ג",false,,9.90,9.9000,true,1,6410581
7290108509816,false,גבינת בייבי מוצרלה EURO CHEESE ויליפוד 200 גרם,ג.וילי-פוד אינטרנשיונל **גבינו,,גבינה בייבי מוצרלה 2,גרמים,200.00,100 גרם,false,,13.90,0.0695,true,1,6392401
7290108509946,false,"טורטיה (15 ס""מ קוטר) 250 גרם",ג.וילי פוד אינטרנשיונל בעמ,,טורטיה 250 גר,גרמים,250.00,100 גרם,false,,4.90,0.0196,true,1,6410582
7290108620054,false,יין אסטייט קברנה סובניון יבש אדום 750 מל,יקבי ציון (1982) בעמ,,יין אסטייט קברנה סוב,מיליליטרים,750.00,"100 מ""ל",false,,39.90,0.0532,true,1,6317531
7290108620061,false,יין אסטייט שיראז יבש אדום 750 מל,יקבי ציון (1982) בעמ,,יין אסטייט שיראז יבש,מיליליטרים,750.00,"100 מ""ל",false,,39.90,0.0532,true,1,6317532
7290108620078,false,יין אסטייט מרלו יבש אדום 750 מל,יקבי ציון (1982) בעמ,,יין אסטייט מרלו יבש,מיליליטרים,750.00,"100 מ""ל",false,,39.90,0.0532,true,1,6317533
7290108620108,false,יין אימפריאל קברנה סובניון אדום 750 מל,יקבי ציון (1982) בעמ,,יין אימפריאל קברנה ס,מיליליטרים,750.00,"100 מ""ל",false,,29.90,0.0399,true,1,6317509
7290108620115,false,יין אימפריאל מרלו אדום יבש 750 מל,יקבי ציון (1982) בעמ,,יין אימפריאל מרלו אד,מיליליטרים,750.00,"100 מ""ל",false,,29.90,0.0399,true,1,6317535
7290108620153,false,יין אסטייט קברנה סמי חצי מתוק אדום 750 מל,יקבי ציון,,יין אסטייט קברנה סמי,מיליליטרים,750.00,"100 מ""ל",false,,39.90,0.0532,true,1,6317537
7290108620177,false,"יין בלנד אדום פאלאס 750 מ""ל",יקבי ציון,,יין פאלאס בלנד אדום,מיליליטרים,750.00,"100 מ""ל",false,,24.90,0.0332,true,1,6317510
7290108620191,false,יין אסטייט מוסקט מתוק רוזה 750 מל,יקבי ציון,,יין אסטייט מוסקט מתו,מיליליטרים,750.00,"100 מ""ל",false,,39.90,0.0532,true,1,6317539
7290108620207,false,"יין אימפריאל ריזלינג גוורצטרמינר 750 מ""ל",יקבי ציון,,יין אימפריאל ריזלינג,מיליליטרים,750.00,"100 מ""ל",false,,29.90,0.0399,true,1,6319388
7290108620245,false,מיץ ענבים מובחר לבן 100% טבעי 1 ליטר,יקבי ציון,,תירוש לבן מובחר 100%,יח,1.00,יח,false,,16.90,16.9000,true,1,6446879
7290108620306,false,"יין אימפריאל קברנה סובניון 375 מ""ל",יקב ציון,,אימפריאל קברנה סובני,מטרים,375.00,100 מ'ל,false,,16.90,0.0451,true,1,6414044
7290109351025,false,מלך החומוס חומוסטחינה 40% טחינה גולמית,קבוצת אוסם סחר שותפות מוגבלת,IL,צבר חומוס טחינה 400,גרמים,400.00,100 גרם,false,,13.90,0.0348,true,1,1137962
7290109351957,false,פריכיות פיטנס מיני גדולות שוקולד חלב 100ג',קבוצת אוסם סחר שותפות מוגבלת,,פיטנס פריכיות גדולות,גרמים,100.00,100 גרם,false,,8.50,0.0850,true,1,2087297
7290109351971,false,פריכיות דגנים פיטנס מצופות שוקולד חלב,קבוצת אוסם סחר שותפות מוגבלת,IL,פיטנס בר פריכיות שוק,גרמים,84.00,100 גרם,false,,11.90,0.1417,true,1,1626007
7290109352916,false,פריכיות דגנים פיטנס מצופות שוקולד לבן,קבוצת אוסם סחר שותפות מוגבלת,IL,פיטנס בר פריכיות שוק,גרמים,84.00,100 גרם,false,,11.90,0.1417,true,1,1626008
7290109354101,false,קרקר לחמית ללא גלוטן 200 גר אסם,קבוצת אוסם סחר שותפות מוגבלת,,לחמית ללא גלוטן 200,גרמים,200.00,100 גרם,false,,6.90,0.0345,true,1,2917491
7290109358284,false,"שניצל תירס עם חלבון 664 גר' ""טבעול""",קבוצת אוסם סחר שותפות מוגבלת,,טבעול שניצל תירס עם,גרמים,664.00,100 גרם,false,,24.90,0.0375,true,1,3029957
7290109358482,false,עוגיות קרמוגית במילוי קרם בטעם חלבה,קבוצת אוסם סחר שותפות מוגבלת,,אסם קרמוגית במילוי ק,גרמים,200.00,100 גרם,false,,9.90,0.0495,true,1,5364516
7290109580043,false,"שניצל תירס קלאסי זוגלובק 1.75 ק""ג",נקניק זוגלובק נהריה,,שניצל תירס 1.75קג בד,קילוגרמים,1.75,"ק""ג",false,,49.90,28.5143,true,1,6320126
7290109580050,false,נקניקיות צ'וריסוס וונדרס 0% בשר טבעוני ללא גלוטן,זוגלובק שיווק בעמ ו/או וונדרס,,נקניקיות צ'וריסוס 22,גרמים,226.00,100 גרם,false,,26.90,0.1190,true,1,6362502
7290109580067,false,וונדרס טחון מן הצומח 340 גר`,זוגלובק שיווק בעמ ו/או וונדרס,,טחון 340גר וונדרס,גרמים,340.00,100 גרם,false,,26.90,0.0791,true,1,6362503
7290109580104,false,זוגלובק פרימיום רוסטביף 150 גרם,נקניק זוגלובק נהריה,,רוסטביף,יח',1.00,יח',false,,22.80,22.8000,true,1,6358544
7290109580111,false,צלעות אסאדו מעושנות פרימיום זוגלובק 120 גרם,נקניק זוגלובק נהריה,,צלעות אסאדו מעושנות,גרמים,120.00,100 גרם,false,,22.80,0.1900,true,1,6426197
7290109580135,false,זוגלובק פרימיום קורנדביף 180 גרם,נקניק זוגלובק נהריה,,זוגלובק פרימיום קורנ,גרמים,180.00,100 גרם,false,,22.80,0.1267,true,1,6366882
7290109580159,false,פסטרמה בנוסח טוסקנה פרימיום זוגלובק 180 גרם,נקניק זוגלובק נהריה,,פסטרמה נוסח טוסקנה,יח',1.00,יח',false,,22.80,22.8000,true,1,6358546
7290109580166,false,סרוולד קלאסי פרימיום 150 גרם זוגלובק,נקניק זוגלובק נהריה,,סרוולד קלאסי,יח',1.00,יח',false,,22.80,22.8000,true,1,6358547
7290109580227,false,נקניקיות עוף ובקר בסגנון ברלינאי קאריוורסט,נקניק זוגלובק נהריה,,נקניקיות ריינהולד'ס,גרמים,300.00,100 גרם,false,,19.90,0.0663,true,1,6404421
7290109580234,false,"נקניקיות מרגז חריפות וונדרס 0% בשר, טבעוני",זוגלובק שיווק בעמ ו/או וונדרס,,נקניקיות מרגז 226גר,גרמים,280.00,100 גרם,false,,26.90,0.0961,true,1,6414226
7290109580241,false,נאגטס מן הצומח זוגלובק 500 גרם,נקניק זוגלובק נהריה,,נאגטס מן הצומח 500 ג,גרמים,500.00,100 גרם,false,,22.50,0.0450,true,1,6448582
7290109580265,false,זוג חזה הודו בדבש+בקביקיו 600ג רמילוי,,,זוג חזה הודו בדבש+בק,גרמים,600.00,100 גרם,false,,21.90,0.0365,true,1,6464649
7290109580302,false,מארז זוג תה מעושן 350+חזה עוף 350 זוגלובק,זוגלובק שיווק בעמ,,זוג תה מעושן 350גר+ע,גרמים,700.00,100 גרם,false,,29.90,0.0427,true,1,6481061
7290109580319,false,"בורגר וונדרס 0% בשר , טבעוני",זוגלובק שיווק בעמ ו/או וונדרס,,בורגר 280גר וונדרס,גרמים,280.00,100 גרם,false,,26.90,0.0961,true,1,6414227
7290109580326,false,נקניקיות עוף זוגלובק 800 גרם בית יוסף,זוגלובק שיווק בעמ,,נקניקיות עוף 800 גרם,גרמים,800.00,100 גרם,false,,22.90,0.0286,true,1,6481032
7290109580333,false,סלמי קוניאק רמילוי,,,סלמי קוניאק רמילוי,יחידה,0.00,יחידה,false,,21.90,0.0000,true,1,6464650
7290109580357,false,מארז זוג חרמון 300 +חרמון ברביקיו 300 גרם זוגלובק,זוגלובק שיווק בעמ,,זוג חרמון 300גר+ברבי,גרמים,600.00,100 גרם,false,,29.90,0.0498,true,1,6481062
7290109580432,false,פסטרמה חזה הודו מעושן דק דק זוגלובק 120 גרם,נקניק זוגלובק נהריה,,פסטרמה מעושנת דק דק,גרמים,120.00,100 גרם,false,,12.90,0.1075,true,1,6456972
7290109580449,false,סלמי בטעם כמהין פרימיום זוגלובק 180 גרם,נקניק זוגלובק נהריה,,סלמי טעם כמהין פרמיו,גרמים,180.00,100 גרם,false,,22.80,0.1267,true,1,6456939
7290109640020,false,גוש טבעוני בטעם מוצרלה 18% שומן 300 גרם - משומשו,וי גרדן,,משומשו טבעוני בטעם מ,גרמים,300.00,100 גרם,false,,18.90,0.0630,true,1,1423313
7290109640396,false,ממרח שום שמיר על בסיס קוקוס 9% שומן 200 גרם - משומשו,קפוא זן תעשיות מזון בעמ,,משומשו ממרח שום שמיר,גרמים,200.00,100 גרם,false,,14.90,0.0745,true,1,6364879
7290109640402,false,ממרח על בסיס קוקוס 9% שומן 200 גרם - משומשו,קפוא זן תעשיות מזון בעמ,,משומשו ממרח טעם טבעי,גרמים,200.00,100 גרם,false,,14.90,0.0745,true,1,6364880
7290109640631,false,לבנה על בסיס קוקוס 9% שומן 200 גרם - משומשו,קפוא זן תעשיות מזון בעמ,,לאבנה טבעונית 200 גר,גרמים,200.00,100 גרם,false,,14.90,0.0745,true,1,6364881
7290109640648,false,ממרח בטעם חמאה 150 גרם - משומשו,קפוא זן תעשיות מזון בעמ,,משומשו ממרח טעם חמאה,גרמים,150.00,100 גרם,false,,11.90,0.0793,true,1,6364882
7290109920146,false,"דורגול מסיר אבנית מקומקומים 750 מ""ל",יעקב יעקבי ובניו בע`מ,,דורגול מסיר אבנית 75,מיליליטרים,750.00,"100 מ""ל",false,,17.90,0.0239,true,1,1937818
7290109920313,false,"אסטוניש מרסס לניקוי חלונות 750 מ""ל","יעקב יעקבי ובניו בע""מ",,אסטוניש מרסס שמשות 7,מיליליטרים,750.00,"100 מ""ל",false,,11.90,0.0159,true,1,3709670
7290109920627,false,"אסטוניש קרם ואקונומיקה לניקוי אמבטיות 500 מ""ל","יעקב יעקבי ובניו בע""מ",,אסטוניש קרם אמבט,מיליליטרים,500.00,"100 מ""ל",false,,10.90,0.0218,true,1,4102211
7290109920665,false,אסטוניש מרסס מסיר אוכל שרוף במטבח יעקובי,יעקב יעקבי ובניו בע`מ,,אסטוניש מרסס למטבח 7,מיליליטרים,750.00,"100 מ""ל",false,,11.90,0.0159,true,1,3709692
7290109920870,false,גל כביסה הפי מיוחד לכביסה שחורה וכהה,יעקובי הפי,,הפי ג'ל לכביסה שחורה,ליטרים,1.00,ליטר,false,,14.90,14.9000,true,1,4544862
7290109920917,false,"ג'ל לניקוי אסלה עם כלור הפי 750 מ""ל","יעקב יעקבי ובניו בע""מ",,ג'ל לניקוי האסלה עם,מיליליטרים,750.00,"100 מ""ל",false,,7.80,0.0104,true,1,4720895
7290109921303,false,טורבול SLIM סופג לחות 2 מגשיות יעקבי,יעקב יעקבי ובניו בעמ,,טורבולן סופג לחות,יח',1.00,יח',false,,29.90,29.9000,true,1,5248180
7290109921372,false,אסטוניש משחה לניקוי תנורים וגריל+ספוג 250 גרם,"יעקב יעקבי ובניו בע""מ",,אסטוניש לתנורים+פרש,יח',1.00,יח',false,,15.90,15.9000,true,1,5602756
7290109921389,false,נוזל מקצועי לניקוי רצפות השיפוצניק יעקבי,יעקובי,,שטיפת רצפות לאחר שיפ,יח',1.00,יח',false,,19.90,19.9000,true,1,6324446
7290109921587,false,רצפות גרניט פורצלן ייבוש מהיר ללא סימנים,"יעקב יעקבי ובניו בע""מ",,נוזל לשיטפת רצפה גרנ,ליטרים,1.25,ליטר,false,,12.90,10.3200,true,1,6082195
7290109921723,false,"דורגול ג'ל לאסלה 750 מ""ל","יעקב יעקבי ובניו בע""מ",,דורגול ג'ל אסלה 750,מיליליטרים,750.00,"100 מ""ל",false,,19.90,0.0265,true,1,6324449
7290109922867,false,2 in 1 - סופרו - ג'ל כביסה מרוכז עם מרכך יעקבי,"יעקב יעקבי ובניו בע""מ",,ג'ל כביסה סופרו 2ב1,ליטרים,2.50,ליטר,false,,22.90,9.1600,true,1,6437823
7290109922881,false,דורגול מרסס מרוכז למטבח 600 מל,יעקב יעקבי ובניו בעמ,,דורגול מרסס למטבח 67,גרמים,670.00,100 גרם,false,,23.90,0.0357,true,1,6503390
7290109923093,false,"אסטוניש - קרם כיריים הלוגן ומיקרו 500 מ""ל","יעקב יעקבי ובניו בע""מ",,אסטוניש קרם כיריים ה,גרמים,500.00,100 גרם,false,,14.90,0.0298,true,1,6461229
7290109923130,false,מדליק לפחמים קוביות הפי 24 יח',"יעקב יעקבי ובניו בע""מ",,הפי מדליק פחמים קובי,גרמים,250.00,100 גרם,false,,9.80,0.0392,true,1,6461647
7290109923147,false,אסטוניש מהדורה פרימיום פלא של אקונומיקה,יעקב יעקבי ובניו בע`מ,,אסטוניש מרסס פלא ואק,מטרים,750.00,100 מ'ל,false,,14.90,0.0199,true,1,6461231
7290110110277,false,"סומרסבי סיידר תפוחים אלכוהולי 4*300 מ""ל",החברה המרכזית להפצת משקאות בעמ,,סומרסבי סיידר 4 בק 3,מיליליטרים,330.00,"100 מ""ל",false,,30.90,0.0936,true,1,4532316
7290110110369,false,"שישייה בירה קרלסברג LUMA בקבוק 330 מ""ל",החברה המרכזית להפצת משקאות בעמ,,קרלסברג לומה שישייה,יח',1.00,יח',false,,39.90,39.9000,true,1,6303816
7290110110703,false,מארז ספרייט שישייה פחיות FRIDGE PACK,החברה המרכזית להפצת משקאות בעמ,,מארז ספרייט 6 פחיות,ליטרים,1.98,ליטר,false,,21.90,11.0606,true,1,4204947
7290110111809,false,"מארז פחיות פאנטה אורנג' שישייה 330 מ""ל",החברה המרכזית לייצור משק,,פאנטה אורנג' מארז פח,יח',1.00,יח',false,,21.90,21.9000,true,1,5646384
7290110113261,false,נקטר חמוציות 19 קלוריות SPRAY OCEAN פריגת 1 ליטר,החברה המרכזית להפצת משקאות בעמ,,נקטר חמוציות אושן ספ,ליטרים,1.00,ליטר,false,,11.00,11.0000,true,1,6409683
7290110113476,false,בירה קרלסברג ללא אלכוהול - שישייה,החברה המרכזית להפצת משקאות בעמ,,"קרלסברג 0.0 330 מ""ל",ליטרים,1.98,ליטר,false,,26.90,13.5859,true,1,6277322
7290110114787,false,נביעות+ מים מינרליים בטעם תפוח 1.5 ליטר,החברה המרכזית להפצת משקאות בעמ,,נביעות+ מים מינרליים,ליטרים,1.50,ליטר,false,,8.00,5.3333,true,1,6408911
7290110114794,false,נביעות+ מים מינרליים בטעם אפרסק 1.5 ליטר,החברה המרכזית להפצת משקאות בעמ,,נביעות+ מים מינרליים,ליטרים,1.50,ליטר,false,,8.00,5.3333,true,1,6408912
7290110114800,false,נביעות+ מים מינרליים בטעם ענבים 1.5 ליטר,החברה המרכזית להפצת משקאות בעמ,,נביעות+ מים מינרליים,ליטרים,1.50,ליטר,false,,8.00,5.3333,true,1,6408913
7290110114855,false,"נביעות מים מינרליים, שישיה 6 * 1.5 ליטר פקדון",החברה המרכזית להפצת משקאות בעמ,,מים מינרליים נביעות,ליטרים,1.50,ליטר,false,,12.70,8.4667,true,1,6408969
7290110114893,false,מיץ תפוזים מפוסטר סחוט 2 ליטר,*החברה המרכזית להפצת משקאותבעמ,,סחוט תפוז 2לי,ליטרים,2.00,ליטר,false,,27.90,13.9500,true,1,6411417
7290110114954,false,מיץ תפוזים מתקתקים פריגת 2 ליטר,*החברה המרכזית להפצת משקאותבעמ,,תפוזים מתקתק 100% 2ל,ליטרים,2.00,ליטר,false,,21.90,10.9500,true,1,6411421
7290110114961,false,משקה קל בטעם תפוזים פריגת (1.5 ליטר),החברה המרכזית להפצת משקאות בעמ,,משקה קל תפוזים פריגת,ליטרים,1.50,ליטר,false,,8.50,5.6667,true,1,6408971
7290110114985,false,משקה קל בטעם אשכוליות פריגת (1.5 ליטר),החברה המרכזית להפצת משקאות בעמ,,משקה קל אשכולית פריג,ליטרים,1.50,ליטר,false,,8.80,5.8667,true,1,6408991
7290110114992,false,משקה קל בטעם אשכוליות לייט פריגת (1.5 לי,החברה המרכזית להפצת משקאות בעמ,,משקה קל לייט אשכולית,ליטרים,1.50,ליטר,false,,8.30,5.5333,true,1,6408992
7290110115005,false,משקה קל בטעם ענבים פריגת (1.5 ליטר),החברה המרכזית להפצת משקאות בעמ,,משקה קל ענבים פריגת,ליטרים,1.50,ליטר,false,,8.80,5.8667,true,1,6408993
7290110115036,false,משקה קל בטעם מנגו פריגת (1.5 ליטר),החברה המרכזית להפצת משקאות בעמ,,משקה פריגת מנגו 1.5,ליטרים,1.50,ליטר,false,,8.80,5.8667,true,1,6408996
7290110115043,false,משקה קל בטעם לימונענע פריגת (1.5 ליטר),החברה המרכזית להפצת משקאות בעמ,,משקה לימונענע פריגת,ליטרים,1.50,ליטר,false,,8.80,5.8667,true,1,6413984
7290110115050,false,משקה קל בטעם תות בננה פריגת (1.5 ליטר),החברה המרכזית להפצת משקאות בעמ,,משקה פריגת מיקס תות,ליטרים,1.50,ליטר,false,,8.80,5.8667,true,1,6408997
7290110115081,false,פריגת צלול ענבים 1.5 ליטר פיקדון,החברה המרכזית להפצת משקאות בעמ,,פריגת צלול ענבים 1.5,ליטרים,1.50,ליטר,false,,8.20,5.4667,true,1,6409000
7290110115104,false,פריגת צלול אפרסק 1.5 ליטר פיקדון,החברה המרכזית להפצת משקאות בעמ,,פריגת צלול אפרסק 1.5,ליטרים,1.50,ליטר,false,,8.20,5.4667,true,1,6409002
7290110115111,false,פריגת צלול אננס 1.5 ליטר פיקדון,החברה המרכזית להפצת משקאות בעמ,,פריגת צלול אננס 1.5,ליטרים,1.50,ליטר,false,,8.20,5.4667,true,1,6409003
7290110115128,false,פריגת צלול בטעם לימונענע 1.5 ליטר פיקדון,החברה המרכזית להפצת משקאות בעמ,,פריגת צלול לימונענע,ליטרים,1.50,ליטר,false,,8.50,5.6667,true,1,6409004
7290110115180,false,נביעות מים מינרלים שקט 1.5 ליטר פיקדון,החברה המרכזית להפצת משקאות בעמ,,מים מינרליים נביעות,ליטרים,1.50,ליטר,false,,3.10,2.0667,true,1,6407567
7290110115203,false,קוקה קולה 1.5 ליטר פיקדון,החברה המרכזית להפצת משקאות בעמ,,קוקה-קולה בקבוק 1.5,ליטרים,1.50,ליטר,false,,8.60,5.7333,true,1,6409030
7290110115210,false,קוקה קולה דיאט 1.5 ליטר פיקדון,החברה המרכזית להפצת משקאות בעמ,,קוקה-קולה דיאט בקבוק,ליטרים,1.50,ליטר,false,,8.20,5.4667,true,1,6409031
7290110115227,false,קוקה קולה Zero בקבוק 1.5 ליטר פיקדון,החברה המרכזית להפצת משקאות בעמ,,קוקה-קולה זירו בקבוק,ליטרים,1.50,ליטר,false,,8.20,5.4667,true,1,6409032
7290110115234,false,קוקה קולה דיאט זירו 1.5 ליטר פיקדון,החברה המרכזית להפצת משקאות בעמ,,קוקה-קולה זירו נטול,ליטרים,1.50,ליטר,false,,8.30,5.5333,true,1,6409033
7290110115241,false,קוקה קולה דיאט לימון 1.5 ליטר פיקדון,החברה המרכזית להפצת משקאות בעמ,,קוקה-קולה זירו לימון,ליטרים,1.50,ליטר,false,,8.30,5.5333,true,1,6409034
7290110115265,false,ספרייט לימון ליים 1.5 ליטר-,החברה המרכזית להפצת משקאות בעמ,,ספרייט ליים 1.5 ליטר,ליטרים,1.50,ליטר,false,,8.90,5.9333,true,1,6409056
7290110115272,false,ZERO ספרייט 1.5 ליטר פיקדון,החברה המרכזית להפצת משקאות בעמ,,ספרייט זירו 1.5ליטר,ליטרים,1.50,ליטר,false,,8.30,5.5333,true,1,6409057
7290110115289,false,ספרייט 19 קל' לימון-נענע 1.5 ליטר פיקדון,החברה המרכזית להפצת משקאות בעמ,,ספרייט לימון נענע 1.,ליטרים,1.50,ליטר,false,,8.30,5.5333,true,1,6409078
7290110115302,false,משקה מוגז אורנג' זירו פאנטה 1.5 ליטר,החברה המרכזית להפצת משקאות בעמ,,משקה מוגז אורנג' זיר,ליטרים,1.50,ליטר,false,,8.20,5.4667,true,1,6409080
7290110115319,false,פאנטה אקזוטי פירות טרופיים 1.5ל פיקדון,החברה המרכזית להפצת משקאות בעמ,,פאנטה אקזוטיק 1.5 לי,ליטרים,1.50,ליטר,false,,8.20,5.4667,true,1,6409081
7290110115333,false,גזוז בטעם תות פאנטה 1.5 ליטר פיקדון,החברה המרכזית להפצת משקאות בעמ,,פאנטה תות 1.5 ליטר,ליטרים,1.50,ליטר,false,,8.20,5.4667,true,1,6409083
7290110115340,false,פאנטה ענבים 1.5 ליטר פיקדון,החברה המרכזית להפצת משקאות בעמ,,פאנטה ענבים 1.5 ליטר,ליטרים,1.50,ליטר,false,,8.20,5.4667,true,1,6409084
7290110115357,false,קינלי סודה 1.5 ליטר פיקדון,החברה המרכזית להפצת משקאות בעמ,,סודה קינלי 1.5 ליטר,ליטרים,1.50,ליטר,false,,3.30,2.2000,true,1,6409085
7290110115364,false,קוקה קולה שישיות 1.5 ליטר פיקדון,החברה המרכזית להפצת משקאות בעמ,,קוקה קולה 6*1.5 ליטר,ליטרים,9.00,ליטר,false,,49.30,5.4778,true,1,6409036
7290110115388,false,ספרייט לימון ליים 1.5 ליטר מארז שישייה,החברה המרכזית להפצת משקאות בעמ,,ספרייט ליים שישייה 1,ליטרים,9.00,ליטר,false,,44.90,4.9889,true,1,6409058
7290110115395,false,ספרייט זירו שישיות 1.5 ליטר פיקדון,החברה המרכזית להפצת משקאות בעמ,,ספרייט זירו שישייה 1,ליטרים,9.00,ליטר,false,,42.90,4.7667,true,1,6409059
7290110115401,false,קינלי סודה שישייה 1.5 ליטר פיקדון,החברה המרכזית להפצת משקאות בעמ,,קינלי סודה שישייה 1.,ליטרים,9.00,ליטר,false,,14.70,1.6333,true,1,6409086
7290110115418,false,קוקה קולה זירו 1.5 ליטר מארז שישייה,החברה המרכזית להפצת משקאות בעמ,,קוקה קולה זירו 6*1.5,ליטרים,9.00,ליטר,false,,46.10,5.1222,true,1,6409037
7290110115449,false,פיוז-טי תה מנגו אננס 1.5 ליטר פיקדון,החברה המרכזית להפצת משקאות בעמ,,פיוז-טי בטעם מנגו אנ,ליטרים,1.50,ליטר,false,,8.90,5.9333,true,1,6409089
7290110115456,false,פיוז-טי תה אפרסק 1.5 ליטר 19 קל פיקדון,החברה המרכזית להפצת משקאות בעמ,,פיוז-טי בטעם אפרסק 1,ליטרים,1.50,ליטר,false,,8.90,5.9333,true,1,6409090
7290110115463,false,פיוז-טי תה אפרסק 1.5 ליטר פיקדון,החברה המרכזית להפצת משקאות בעמ,,פיוז-טי בטעם אפרסק 1,ליטרים,1.50,ליטר,false,,8.60,5.7333,true,1,6409091
7290110115494,false,תה קר בטעם ענבים פיוז טי 1.5 ליטר,החברה המרכזית להפצת משקאות בעמ,,תה קר בטעם ענבים פיו,ליטרים,1.50,ליטר,false,,8.90,5.9333,true,1,6409112
7290110115623,false,פיוז-טי תה אפרסק זירו 1.5 ליטר פיקדון,החברה המרכזית להפצת משקאות בעמ,,פיוז-טי זירו אפרסק 1,ליטרים,1.50,ליטר,false,,8.90,5.9333,true,1,6415402
7290110115838,false,"ספרייט זירו, 1.5 ליטר פקדון","אינסטנטה בע""מ",,ספרייט זירו 1.5ליטר,ליטרים,1.50,ליטר,false,,8.30,5.5333,true,1,6482206
7290110115845,false,קוקה קולה 1.5 ליטר פיקדון,"אינסטנטה בע""מ",,קוקה-קולה בקבוק 1.5,ליטרים,1.50,ליטר,false,,8.60,5.7333,true,1,6447872
7290110115869,false,קוקה קולה זירו 1.5 ליטר פיקדון,תות תעשיות מזון (201,,קוקה קולה זירו 1.5 ל,מטרים,1500.00,100 מ'ל,false,,8.20,0.0055,true,1,6418546
7290110116064,false,פאנטה זירו בטעם פירות ירוק 1.5 ל פיקדון,החברה המרכזית להפצת משקאות בעמ,,זירו פאנטה 1.5 ליטר,ליטרים,1.50,ליטר,false,,8.20,5.4667,true,1,6463343
7290110116125,false,"סירופ פריגת בטעם פטל 750 מ""ל פיקדון",החברה המרכזית להפצת משקאות בעמ,,סירופ פטל 750 מל,מטרים,750.00,100 מ'ל,false,,22.90,0.0305,true,1,6482666
7290110116149,false,"סירופ פריגת בטעם ענבים 750 מ""ל פיקדון",החברה המרכזית להפצת משקאות בעמ,,סירופ ענבים 750 מל,מטרים,750.00,100 מ'ל,false,,22.90,0.0305,true,1,6482668
7290110116194,false,נביעות+ סדרת 0 קלוריות לימון-ליים 1.5 ליטר,החברה המרכזית להפצת משקאות בעמ,,נביעות+ סדרת 0 קלורי,ליטרים,1.50,ליטר,false,,8.60,5.7333,true,1,6483371
7290110116217,false,נביעות+ סדרת 0 קלוריות אשכוליות 1.5 ליטר,החברה המרכזית להפצת משקאות בעמ,,נביעות+ סדרת 0 קלורי,ליטרים,1.50,ליטר,false,,8.60,5.7333,true,1,6483372
7290110116392,false,"סירופ פריגת בטעם תפוזים 750 מ""ל פיקדון",החברה המרכזית להפצת משקאות בעמ,,סירופ תפוזים 750 מל,מטרים,750.00,100 מ'ל,false,,22.90,0.0305,true,1,6482669
7290110116507,false,פריגת סחוט מיקס אננס בננה אגס 1ליטר,*החברה המרכזית להפצת משקאותבעמ,,פריגת מיקס אננס בננה,ליטרים,1.00,ליטר,false,,15.40,15.4000,true,1,6475281
7290110116552,false,ספרייט לימון היט 1.5 ליטר LIME פיקדון,החברה המרכזית להפצת משקאות בעמ,,ספרייט למון היט 1.5,ליטרים,1.50,ליטר,false,,8.90,5.9333,true,1,6505586
7290110116569,false,ספרייט זירו 1.5 ליטר LEMON HIT פיקדון,החברה המרכזית להפצת משקאות בעמ,,זירו ספרייט למון היט,ליטרים,1.50,ליטר,false,,8.30,5.5333,true,1,6505587
7290110320591,false,גבינה בולגרית במרקם מעודן 16% פיראוס,"תנובה בע""מ ***",,בולגרית מעודנת 16% 2,גרמים,250.00,100 גרם,false,,19.90,0.0796,true,1,2735643
7290110320683,false,שמיניית משקה יוגורט 1.5% טעם תות יופלה 107 גרם,מיוצר עי קונדיטוריית,,משקה יופלה שמינייה,מיליליטרים,856.00,"100 מ""ל",false,,15.90,0.0186,true,1,3488614
7290110320867,false,פתיתים גבינה חצי קשה מגורדת 28% שומן,תנובה מרכז שיתופי לש,,פתיתי עמק 28% שומן,גרמים,500.00,100 גרם,false,,28.90,0.0578,true,1,2997051
7290110320935,false,פרוסות מוצרלה 150 גר`קולקשיין תנובה,תנובה מרכז שיתופי לש,,פרוסות מוצרלה 150 גר,גרמים,150.00,100 גרם,false,,15.90,0.1060,true,1,3344736
7290110321277,false,קוטג בקטנה 5%. 100 גרם מהדרין תנובה,פארייפאבה אגרואינדוס,,קוטג' בקטנה 100 גרם,גרמים,100.00,100 גרם,false,,2.30,0.0230,true,1,3718042
7290110321284,false,קוטג' בקטנה 9% תנובה 100 גרם מהדרין,פארייפאבה אגרואינדוס,,קוטג' בקטנה 100 גרם,גרמים,100.00,100 גרם,false,,2.30,0.0230,true,1,3718043
7290110321604,false,קוביות פיראוס בולגרית מעודנת 5% 200 גרם - רבנות,"תנובה בע""מ ***",,קוביות בולגרית מעודנ,גרמים,230.00,100 גרם,false,,19.90,0.0865,true,1,4575469
7290110321680,false,יוגורט GO בטעם תות 20 גרם חלבון בגביע,מיוצר עי קונדיטוריית,,יופלה GO יוגורט מועש,מיליליטרים,200.00,"100 מ""ל",false,,5.50,0.0275,true,1,3910347
7290110321697,false,יוגורט GO בטעם אפרסק 20 גרם חלבון בגביע,מיוצר עי קונדיטוריית,,יופלה GO יוגורט מועש,מיליליטרים,200.00,"100 מ""ל",false,,5.50,0.0275,true,1,3910348
7290110321703,false,יוגורט עם פירות יער בתוספת חלבוני חלב 2% שומן,מיוצר עי קונדיטוריית,,יופלה גו פירות יער,מיליליטרים,200.00,"100 מ""ל",false,,5.50,0.0275,true,1,4544959
7290110321789,false,גבינת מסקרפונה 38% שומן 250 גר`השף הלבן,"תנובה בע""מ ***",,גבינת מסקרפונה 38% 2,גרמים,250.00,100 גרם,false,,19.90,0.0796,true,1,4302364
7290110322014,false,טופו בטעם טבעי תנובה ALTERNATIVE,שוורצקוף& הנקל דיסלד,,טופו טבעי,גרמים,300.00,100 גרם,false,,11.80,0.0393,true,1,4544960
7290110322021,false,"תנובה טופו בזיליקום 300 גר' בד""צ",שוורצקוף& הנקל דיסלד,,טופו בזיליקום,גרמים,300.00,100 גרם,false,,11.80,0.0393,true,1,4544961
7290110322038,false,טופו בטעם פיקנטי 300 גר`תנובה,תנובה Alternative,,טופו פיקנטי,גרמים,300.00,100 גרם,false,,11.80,0.0393,true,1,4544962
7290110322946,false,יופלה טיוב יוגורט במרקם חלק בטעם תות בננה כשרות רבנות 348 ג',תנובה - חלב,,יופלה טיוב יוגורט במ,גרמים,348.00,100 גרם,false,,9.90,0.0284,true,1,5102551
7290110323097,false,מעדן גבינה עם מחית תות-תאומים 80 גר`,תנובה בעמ ***,,תאומים גביע - 80 גר',יח',1.00,יח',false,,1.80,1.8000,true,1,5256337
7290110323301,false,טל העמק בסגנון אמנטל 32% שומן 200 גרם,"תנובה בע""מ ***",,גבינת טל העמק 32% 20,גרמים,200.00,100 גרם,false,,17.90,0.0895,true,1,5325449
7290110323585,false,יופלה יוגורט עם דובדבן מופחת קלוריות 200 ג' GO,"תנובה בע""מ ***",,יוגורט גו דובדבן 200,מיליליטרים,200.00,"100 מ""ל",false,,5.50,0.0275,true,1,5245172
7290110323592,false,יוגורט GO לייט בטעם אפרסק 20 גרם חלבון בגביע,תנובה בעמ ***,,יוגורט גו 200 מל,מיליליטרים,200.00,"100 מ""ל",false,,5.50,0.0275,true,1,5245173
7290110323714,false,משקה קוקוס שקדים תנובה E אלטרנטיב,מיוצר עי קונדיטוריית,,משקה קוקוס שקדים,יח',1.00,יח',false,,11.60,11.6000,true,1,5325452
7290110324070,false,גבינת חלומי מחלב בקר (30% 200 גר`)פירא,תנובה - חלב,,גבינת חלומי מחלב בקר,גרמים,200.00,100 גרם,false,,16.90,0.0845,true,1,5457723
7290110324353,false,יוגורט GO לייט בטעם אננס 20 גרם חלבון בגביע,מיוצר עי קונדיטוריית,,יופלה גו לייט אננס,יח',1.00,יח',false,,5.50,5.5000,true,1,5662806
7290110324551,false,יופלה טיוב יוגורט במרקם חלק תות כשרות מהדרין,"תנובה בע""מ ***",,יופלה טיוב יוגורט תו,גרמים,348.00,100 גרם,false,,9.90,0.0284,true,1,5556138
7290110324711,false,ממרח סויה 9% שומן בטעם טבעי תנובה 250 גרם,מיוצר עי קונדיטוריית,,ממרח סויה 9% טבעי,גרמים,250.00,100 גרם,false,,7.90,0.0316,true,1,5733769
7290110324728,false,ממרח סויה 9% שומן עם שום שמיר תנובה 250 גרם,מיוצר עי קונדיטוריית,,ממרח סויה 9% שום שמי,גרמים,250.00,100 גרם,false,,7.90,0.0316,true,1,5733770
7290110324872,false,גבינה צהובה גלבוע (5% 200 גר`)תנובה,גלבוע - תנובה,,גלבוע 5% 200 גרם.,גרמים,200.00,100 גרם,false,,17.90,0.0895,true,1,6225683
7290110324926,false,משקה סויה ללא תוספת סוכר E אלטרנטיב,תנובה מרכז שיתופי לש,,"משקה סויה לל""ס",ליטרים,1.00,ליטר,false,,9.90,9.9000,true,1,6077419
7290110325084,false,מאגדת שמינייה מיני קרלו שוניל 8*100גרם,"תנובה בע""מ ***",,מאגדת שמינייה מיני ק,מיליליטרים,800.00,"100 מ""ל",false,,13.90,0.0174,true,1,5935523
7290110325169,false,פרוסות גאודה 170 גר` קולקשיין תנובה,תנובה בעמ ***,,פרוסות גאודה 170 גר,גרמים,170.00,100 גרם,false,,16.90,0.0994,true,1,6287865
7290110325305,false,יופלה GO סויה 20 גרם חלבון במתיקות מעודנת תנובה 200 גרם,מיוצר עי קונדיטוריית,,מעדן סויה גו 20% חלב,מיליליטרים,200.00,"100 מ""ל",false,,5.50,0.0275,true,1,6145580
7290110325312,false,יופלה GO סויה 20 גרם חלבון בטעם תות תנובה 200 גרם,תנובה בעמ ***,,מעדן סויה גו 20% חלב,מיליליטרים,200.00,"100 מ""ל",false,,5.50,0.0275,true,1,6145581
7290110325510,false,יופלה טיוב יוגורט במרקם חלק בטעם וניל-יוניקור,"תנובה בע""מ ***",,יופלה יוגורט טעם וני,גרמים,348.00,100 גרם,false,,9.90,0.0284,true,1,6198846
7290110325619,false,משקה שיבולת שועל תנובה E אלטרנטיב,מיוצר עי קונדיטוריית,,משקה שיבולת שועל 1 ל,מטרים,1000.00,100 מ'ל,false,,11.60,0.0116,true,1,6270407
7290110325893,false,משקה חלב GO מועשר בחלבון בטעם אייס קפה,מיוצר עי קונדיטוריית,,תנובה GO אייס קפה 34,מיליליטרים,340.00,"100 מ""ל",false,,6.90,0.0203,true,1,6276642
7290110326210,false,יופלה און טופ פצפוצים תנובה 157 גרם,מיוצר עי קונדיטוריית,,יופלה און טופ פצפוצי,גרמים,157.00,100 גרם,false,,4.70,0.0299,true,1,6287867
7290110326227,false,יופלה און טופ קורנפלקס תנובה 157 גרם,מיוצר עי קונדיטוריית,,יופלה און טופ קורנפל,גרמים,157.00,100 גרם,false,,4.70,0.0299,true,1,6287868
7290110326234,false,יופלה און טופ כוכבים תנובה 157 גרם,מיוצר עי קונדיטוריית,,יופלה און טופ כוכבים,גרמים,157.00,100 גרם,false,,4.70,0.0299,true,1,6287869
7290110326333,false,פרוסות גבינה סקנדינבית 170 גר`קולקשיין,"תנובה בע""מ ***",,פרוסות גבינה סקנדינב,גרמים,200.00,100 גרם,false,,17.50,0.0875,true,1,6327888
7290110327545,false,יופלה און טופ בטעם תות בתוספת פצפוצים מצופים שוקולד 157 גרם,מיוצר עי קונדיטוריית,,יופלה און טופ תות ופ,גרמים,157.00,100 גרם,false,,4.70,0.0299,true,1,6342621
7290110327798,false,חטיף חלבון GO - שוקולד 60 ג' חלב נוכרי - רבנות,"בלמונט קונפקציות בע""\מ.",,חטיף חלבון גו שוקולד,יח',1.00,יח',false,,11.90,11.9000,true,1,6382110
7290110327804,false,חטיף חלבון GO - עוגיות 60 ג' חלב נוכרי - רבנות,"בלמונט קונפקציות בע""\מ.",,חטיף חלבון גו עוגיות,יח',1.00,יח',false,,11.90,11.9000,true,1,6382111
7290110327811,false,חטיף חלבון GO בטעם בצק קוקוס 20 גר`חלבו,"בלמונט קונפקציות בע""\מ.",,חטיף חלבון גו קוקוס,יח',1.00,יח',false,,11.90,11.9000,true,1,6382112
7290110327828,false,חטיף חלבון GO - חמאת בוטנים 60 ג' חלב נוכרי - רבנות,"בלמונט קונפקציות בע""\מ.",,חטיף חלבון גו חמאת ב,יח',1.00,יח',false,,11.90,11.9000,true,1,6382113
7290110328016,false,משקה סויה מועשר בחלבון בטעם אגוזי לוז 250 גרם,שוורצקוף& הנקל דיסלד,,משקה סויה מועשר חלבו,מיליליטרים,250.00,"100 מ""ל",false,,5.90,0.0236,true,1,6359068
7290110328092,false,פיראוס פטה יוונית קוביות 21% שומן 150 גרם,דודוני תעשיית החלב החקלא,,פיראוס פטה יוונית קו,יח',1.00,יח',false,,16.90,16.9000,true,1,6383216
7290110328474,false,פלח פרמג`יאנו רג`יאנו 150 גר`קולקשיין ת,מנדלז סי.אר. פרודקשן,,פלח פרמג'נו רג'יאנו,גרמים,150.00,100 גרם,false,,25.90,0.1727,true,1,6368923
7290110328481,false,פתיתי פרמג'יאנו רג'יאנו מחלב בקר 30%,ברטינלי גיאני א.,,פתיתי פרמג'נו רג'יאנ,גרמים,100.00,100 גרם,false,,13.80,0.1380,true,1,6368924
7290110328504,false,טריו - מיקס גבינות מוצרלה סקנדינבית וגאודה 300 גרם,מיוצר עי קונדיטוריית,,מיקס מוצרלה סדנדינבי,גרמים,300.00,100 גרם,false,,25.90,0.0863,true,1,6368925
7290110328627,false,יוגורט יופלה GO במרקם סמיך בטעם בננה קרמל 0%,מיוצר עי קונדיטוריית,,יופלה GO יוגורט סמיך,מיליליטרים,200.00,"100 מ""ל",false,,5.50,0.0275,true,1,6383155
7290110328771,false,יוגורט יופלה GO במרקם סמיך עם פירות יער 0%,מיוצר עי קונדיטוריית,,יופלה יוגורט גו קרמי,מיליליטרים,200.00,"100 מ""ל",false,,5.50,0.0275,true,1,6383157
7290110328788,false,יוגורט יופלה GO במרקם סמיך בטעם אפרסק 0%,תנובה מרכז שיתופי לש,,יופלה יוגורט גו קרמי,מיליליטרים,200.00,"100 מ""ל",false,,5.50,0.0275,true,1,6383158
7290110328955,false,קוביות גבינת עזים בשמן מתובל פיראוס 350 גרם,דודוני תעשיית החלב החקלא,,קוביות גבינת עיזים ב,גרמים,350.00,100 גרם,false,,23.90,0.0683,true,1,6448840
7290110329136,false,מעדן חלב מעושר בחלבון בטעם שוקולד 120 ג' GO,תנובה מרכז שיתופי לש,,מעדן גו טעם שוקולד 1,גרמים,120.00,100 גרם,false,,4.50,0.0375,true,1,6408441
7290110329143,false,מעדן חלב מעושר בחלבון בטעם וניל גביע 120 ג' GO,תנובה מרכז שיתופי לש,,מעדן גו טעם וניל 12ג,גרמים,120.00,100 גרם,false,,4.50,0.0375,true,1,6408442
7290110329266,false,יוגורט תנובה מחלב עיזים מלא תנובה 140 ג',תנובה בעמ ***,,יוגורט מחלב עיזים מל,גרמים,140.00,100 גרם,false,,4.90,0.0350,true,1,6391222
7290110329273,false,יוגורט מחלב עיזים מלא 750 גרם תנובה,תנובה בעמ ***,,יוגורט מחלב עיזים מל,גרמים,750.00,100 גרם,false,,18.90,0.0252,true,1,6391223
7290110329686,false,משקה GO חלב בטעם עוגיות 27 גר`חלבון,מיוצר עי קונדיטוריית,,תנובה GO טעם עוגיות,מיליליטרים,340.00,"100 מ""ל",false,,6.90,0.0203,true,1,6408410
7290110329716,false,משקה חלב קר בטעם קפוצ'ינו 230 גרם תנובה,תנובה מרכז שיתופי לש,,משקה קפה קר בטעם קפו,מטרים,230.00,100 מ'ל,false,,6.90,0.0300,true,1,6455565
7290110329723,false,משקה חלב קר בטעם לאטה 230 גרם תנובה,תנובה מרכז שיתופי לש,,משקה קפה קר בטעם לאט,מטרים,230.00,100 מ'ל,false,,6.90,0.0300,true,1,6455566
7290110329730,false,"משקה חלב עם שוקולד וקפה בסגנון לאטה 2.7%  230 מ""ל תנובה",תנובה מרכז שיתופי לש,,משקה קפה קר שוקולד ו,מטרים,230.00,100 מ'ל,false,,6.90,0.0300,true,1,6455567
7290110329792,false,יוגורט סויה BIO Alternative אפרסק 150 ג' תנובה,מיוצר עי קונדיטוריית,,סויה ביו אפרסק גביע,גרמים,150.00,100 גרם,false,,4.20,0.0280,true,1,6423021
7290110329808,false,יוגורט סויה BIO Alternative תות 150 ג' תנובה,מיוצר עי קונדיטוריית,,סויה ביו תות גביע 15,גרמים,150.00,100 גרם,false,,4.20,0.0280,true,1,6423022
7290110329815,false,סויה BIO מתיקות מעודנת גביע 150 גרם אלטרנטיב,מיוצר עי קונדיטוריית,,סויה ביו מתיקות מעוד,גרמים,150.00,100 גרם,false,,4.20,0.0280,true,1,6423023
7290110329822,false,יוגורט סויה BIO Alternative פירות יער 150 ג' תנובה,מיוצר עי קונדיטוריית,,סויה ביו פירות יער ג,גרמים,150.00,100 גרם,false,,4.20,0.0280,true,1,6423024
7290110475413,false,אוזניות מיקרופון עם חיבור טייפ סי,Unknown,,אוזניות מיקרופון עם,יח',1.00,יח',false,,44.90,44.9000,true,1,6365543
7290110476601,false,כבל מטאל טייפ סי,Unknown,,כבל מטאל טייפ סי,יח',1.00,יח',false,,29.90,29.9000,true,1,6372370
7290110550219,false,מטבעות שוקולד לבן לאפיה 400 גרם עלית,"שטראוס גרופ בע""מ",,מטבעות שוקולד לבן לא,גרמים,400.00,100 גרם,false,,24.90,0.0622,true,1,6503147
7290110550226,false,מטבעות שוקולד מריר לאפיה 400 גרם עלית,שטראוס גרופ בע`מ,,מטבעות שוקולד מריר ל,גרמים,400.00,100 גרם,false,,24.90,0.0622,true,1,6448609
7290110550363,false,"פריכיות משולשות תירס, אורז שיבולת שועל, קינואה",אנרג'י Energy - שטראוס,,פריכיות משולשות קינו,גרמים,65.00,100 גרם,false,,8.90,0.1369,true,1,6429846
7290110550370,false,פריכיות משולשות קינואה ופלפל שחור 65 גרם,"שטראוס גרופ בע""מ",,משולשות קינואה ופלפל,גרמים,65.00,100 גרם,false,,8.90,0.1369,true,1,6495714
7290110551254,false,נשנושי תירס 600 גרם טעם הטבע שטראוס,"מיוצר ע""\י או.וי אינטרנש",,טעם הטבע נשנושי תיר,גרמים,600.00,100 גרם,false,,16.90,0.0282,true,1,6492567
7290110552121,false,יוגורט 5% בתוספת סידן וויטמין D היוגורט הראשון שלי,שטראוס גרופ בעמ/מצונן,,דנונה היוגורט הראשון,מיליליטרים,100.00,"100 מ""ל",false,,2.20,0.0220,true,1,6443015
7290110552220,false,יוגורט PRO בטעם תות 0% סוכר לבן 20 גרם חלבון בגביע,שטראוס גרופ בעמ/מצונן,,דנונה פרו 20 גרם ללא,מטרים,200.00,100 מ'ל,false,,5.90,0.0295,true,1,6422518
7290110552237,false,יוגורט פרו בטעם אפרסק מנגו ללא סוכר 200 ג' דנונה,שטראוס גרופ בעמ/מצונן,,"דנונה פרו 20 גרם לל""",מטרים,200.00,100 מ'ל,false,,5.90,0.0295,true,1,6422519
7290110553104,false,נסקפה קפוצ'ינו סטיק קלאסי 130 ג' עלית,שטראוס גרופ בע`מ,,קפוצ'ינו סטיק קלאסי,גרמים,130.00,100 גרם,false,,15.90,0.1223,true,1,6508191
7290110553135,false,נסקפה קפוצ'ינו סטיק וניל 130 ג' עלית,שטראוס גרופ בע`מ,,קפוצ'ינו סטיק וניל 1,גרמים,130.00,100 גרם,false,,15.90,0.1223,true,1,6508192
7290110553173,false,אנרגי פריכיות אורז בטעם קרמל 50 גרם,סאנורייס בלגיום,,אנרגי פריכיות בטעם ק,גרמים,40.00,100 גרם,false,,5.90,0.1475,true,1,6495715
7290110553180,false,אנרגי פריכיות אורז בטעם תפוח קינמון 50 ג,שטראוס גרופ בע`מ,,אנרגי פריכיות בטעם ת,גרמים,40.00,100 גרם,false,,5.90,0.1475,true,1,6495716
7290110553623,false,צ'יטוס קראנצ'י בטעם צ'דר חלפיניו - חלבי,"שטראוס פריטו ליי בע""\מ )",,ציטוס קראנצ צ'דר חלפ,גרמים,80.00,גרם,false,,4.20,0.0525,true,1,6459890
7290110554101,false,"סירופ מייפל בפאוץ' יד מרדכי 125 מ""ל",שטראוס גרופ בע`מ,,מייפל בפאוץ 125 מל,מטרים,125.00,100 מ'ל,false,,17.90,0.1432,true,1,6470980
7290110554262,false,חלבית מלבין קפה חלבי 350 ג' עלית,שטראוס גרופ בע`מ,,חלבית חדש 350 גר,גרמים,350.00,100 גרם,false,,19.90,0.0569,true,1,6436264
7290110554477,false,קפסולת אספרסו לאפוגטו טעם מייפל פקאן 50 ג' עלית,שטראוס קפה בי.וי.,,קפסולות אספרסו טעם,יח',1.00,יח',false,,15.90,15.9000,true,1,6465281
7290110554514,false,קפה טורקי איתיופי שקית 100 גרם,שטראוס קפה בי.וי.,,קפה טורקי אתיופי 100,גרמים,100.00,100 גרם,false,,7.60,0.0760,true,1,6465283
7290110554545,false,קפסולת אספרסו לאפוגטו טעם קוקוס 50 ג' עלית,שטראוס קפה בי.וי.,,קפסולות אספרסו טעם,יח',1.00,יח',false,,15.90,15.9000,true,1,6465284
7290110554583,false,מארז חטיפי צ'יטוס פאפס בטעם גבינה - 10 יחידות,"שטראוס פריטו ליי בע""\מ )",,מארז ציטוס טעם גבינה,גרמים,236.00,100 גרם,false,,12.90,0.0547,true,1,6420802
7290110554699,false,"קפה עולה קפסולות אספרסו קלייה איטית וכהה מאוד, 10 * 50 ג'",שטראוס קפה בי.וי.,,קפה עלית קפסולות קפה,גרמים,50.00,100 גרם,false,,16.90,0.3380,true,1,6503069
7290110554705,false,קפסולות נספרסו לקפה יוניקו סדרת בתי הקלייה 10יח,שטראוס קפה בי.וי.,,קפה עלית קפסולות קפה,גרמים,50.00,100 גרם,false,,16.90,0.3380,true,1,6503070
7290110554712,false,"קפסולות קפה אספרסו קלייה איטית ובהירה, 10 * 50 ג'",שטראוס קפה בי.וי.,,קפה עלית קפסולות קפה,גרמים,50.00,100 גרם,false,,16.90,0.3380,true,1,6503071
7290110554729,false,קפסולות עלית אספרסו 04 תואמות למכונות NESPRESSO,שטראוס קפה בי.וי.,,עלית קפסולות אספרסו,גרמים,50.00,100 גרם,false,,15.90,0.3180,true,1,6445619
7290110555603,false,ספלנדיד אבקה להכנת משקה בטעם שוקולטה,"שטראוס גרופ בע""מ",,שוקולטה ספנדיד 360 ג,גרמים,360.00,100 גרם,false,,19.90,0.0553,true,1,6508193
7290110555665,false,קקאו דל שומן עלית בקופסא 220 גרם,"שטראוס גרופ בע""מ",,קקאו דל שומן קופסא,גרמים,200.00,100 גרם,false,,17.90,0.0895,true,1,6508194
7290110556242,false,"שוקולד מריר פרווה 100 גר' בד""ץ תוצרת חוץ","שטראוס גרופ בע""מ.",,שוקולד מריר פרווה בד,גרמים,100.00,100 גרם,false,,5.90,0.0590,true,1,6503148
7290110557027,false,חומוס עשיר 50% טחינה גולמית 400 ג' אחלה,שטראוס גרופ בעמ/מצונן,,חומוס 50% טחינה 400,גרמים,400.00,100 גרם,false,,12.90,0.0323,true,1,6411315
7290110557102,false,מעדן חלב עם שוקולד מועשר בחלבון 150 ג' שטראוס,שטראוס גרופ בעמ/מצונן,,מעדן חלב עם שוקולד מ,גרמים,150.00,100 גרם,false,,4.70,0.0313,true,1,6395788
7290110557133,false,מעדן הגולן וניל 125 ג' שטראוס,שטראוס גרופ בעמ/מצונן,,מעדן הגולן וניל 125,גרמים,125.00,100 גרם,false,,2.80,0.0224,true,1,6410726
7290110557317,false,יוגורט בתוספת סידן וויטמין ד עם שיבולת שועל 100 ג' דנונה,שטראוס גרופ בעמ/מצונן,,היוגורט הראשון שלי ש,מיליליטרים,100.00,"100 מ""ל",false,,2.20,0.0220,true,1,6443019
7290110557478,false,חומוס גלילי במרקם מעודן 600 גרם,שטראוס גרופ בעמ/מצונן,,חומוס גלילי אחלה 600,גרמים,600.00,100 גרם,false,,11.90,0.0198,true,1,6434071
7290110557645,false,מאגדת חטיפים אנרג'י מיקס צימוקים חמוציות 100X4 גרם,"שטראוס גרופ בע""מ",,אנרג'י צימוקים חמוצי,גרמים,100.00,100 גרם,false,,12.90,0.1290,true,1,6482766
7290110558130,false,יוגורט אקטיביה עם שיבולת שועל ודבש 150 גרם,שטראוס גרופ בעמ/מצונן,,אקטיביה עם שיבולת שו,גרמים,150.00,100 גרם,false,,4.30,0.0287,true,1,6455622
7290110558154,false,דנונה לייט אנד פרי עוגת תפוחים 150ג דנונה,שטראוס גרופ בעמ/מצונן,,דנונה לייט אנד פרי,מטרים,150.00,100 מ'ל,false,,4.30,0.0287,true,1,6479336
7290110558222,false,"וואו יוגורט עם שכבה בטעם בנופי פאי 5.4%, 150ג דנונה",שטראוס גרופ בעמ/מצונן,,דנונה וואו בנופי 150,מטרים,150.00,100 מ'ל,false,,4.50,0.0300,true,1,6479338
7290110558239,false,"וואו יוגורט עם שכבה בטעם קראק פאי 5.4%, 150 ג דנונה",שטראוס גרופ בעמ/מצונן,,דנונה וואו קראק פאי,מטרים,150.00,100 מ'ל,false,,4.50,0.0300,true,1,6479339
7290110558253,false,דנונה שייק נונה ריפרש בננה אננס וצ'יה,שטראוס גרופ בעמ/מצונן,,דנונה ריפרש בננה אננ,גרמים,250.00,100 גרם,false,,4.90,0.0196,true,1,6455645
7290110558284,false,דנונה ביו מולטי שטראוס 200 גרם,שטראוס גרופ בעמ/מצונן,,דנונה ביו מולטי 200,גרמים,200.00,100 גרם,false,,3.90,0.0195,true,1,6468394
7290110558307,false,יוגורט דנונה PRO עם שיבולת שועל במתיקות מעודנת,שטראוס גרופ בעמ/מצונן,,דנונה פרו 20גר ושיבו,גרמים,200.00,100 גרם,false,,6.20,0.0310,true,1,6442992
7290110558314,false,דנונה פרו 20 גרם חלבון ללא סוכר פיסטוק 200 גרם,שטראוס גרופ בעמ/מצונן,,דנונה פרו 20 גרם פי,מטרים,200.00,100 מ'ל,false,,5.90,0.0295,true,1,6481571
7290110558338,false,דנונה פרו 25 ג' חלבון 200 ג' שטראוס,שטראוס גרופ בעמ/מצונן,,דנונה פרו 25גר חלבון,גרמים,200.00,100 גרם,false,,5.90,0.0295,true,1,6443020
7290110558666,false,מעדן גבינה בטעם תפוח 88 ג' דניאלה,שטראוס גרופ בעמ/מצונן,,דניאלה בטעם תפוח 88,מיליליטרים,88.00,"100 מ""ל",false,,3.90,0.0443,true,1,6501026
7290110558918,false,עלי חסה קראנצ`שטופים 150 גר`טעם הטבע ש,ביכורי השדה הצפון בעמ` 1964,,עלי חסה קראנץ 150,גרמים,220.00,100 גרם,false,,10.90,0.0495,true,1,6479180
7290110559007,false,"שועועית חומה טעם הטבע קופסה, 380 גרם",שטראוס גרופ בע`מ,,שעועית חומה 380גר טע,גרמים,380.00,100 גרם,false,,6.90,0.0182,true,1,6482767
7290110559748,false,ריל מאגדת שקדים קוקוס ושוקולד מריר שטראוס 105 גרם,"ואמואליס פודס אס.איי,",,ריל שקדים קוקוס ושוק,גרמים,105.00,100 גרם,false,,12.90,0.1229,true,1,6465255
7290110559755,false,ריל מאגדת בוטנים פיסטוק וחמוציות שטראוס 105 גרם,"ואמואליס פודס אס.איי,",,ריל בוטנים פיסטוק וח,גרמים,105.00,100 גרם,false,,12.90,0.1229,true,1,6465256
7290110559762,false,ריל מאגדת אגוזים תמרים קוקוס שטראוס 105 גרם,"ואמואליס פודס אס.איי,",,ריל מאגדת תמרים וקוק,גרמים,105.00,100 גרם,false,,12.90,0.1229,true,1,6465257
7290110560300,false,"הפריכיות הטעימות חומוס, עדשים שחורות, קינואה ופלפל שחור",אנרג'י Energy - שטראוס,,פריכיות משולשות פלפל,גרמים,30.00,100 גרם,false,,4.90,0.1633,true,1,5255505
7290110560317,false,"הפריכיות הטעימות חומוס, עדשים שחורות, קינואה ומלח ים","פרח תעשיו מזון בע""מ",,פריכיות משולשות מלח,גרמים,30.00,100 גרם,false,,4.90,0.1633,true,1,5255506
7290110560324,false,"הפריכיות הטעימות תפו""א, אורז, אפונה ומלח ים","פרח תעשיו מזון בע""מ",,פריכיות משולשות אפונ,גרמים,30.00,100 גרם,false,,4.90,0.1633,true,1,5255507
7290110561352,false,דנונה יוגורט ביו פרוביוטי 3% דל לקטוז 150ג',שטראוס גרופ בעמ/מצונן,,דנונה ביו דל לקטוז 2,מיליליטרים,200.00,"100 מ""ל",false,,3.40,0.0170,true,1,4444016
7290110561604,false,מארז 8 יחידות מעדן גמדים בטעם תות בננה,שטראוס גרופ בעמ/מצונן,,מעדן גמדים תות בננה,מיליליטרים,800.00,"100 מ""ל",false,,17.90,0.0224,true,1,4009131
7290110563431,false,"משקה קפה קר בסגנון קלאסי 230 מ""ל 1.6% יוטבתה",שטראוס גרופ בעמ/מצונן,,משקה קפה קר קלאסי 1.,גרמים,230.00,100 גרם,false,,7.50,0.0326,true,1,5429267
7290110563448,false,"משקה קפה קר בסגנון מעודן 230 מ""ל 1.6% יוטבתה",שטראוס גרופ בעמ/מצונן,,משקה קפה קר מעודן 1.,גרמים,230.00,100 גרם,false,,7.50,0.0326,true,1,5429268
7290110563462,false,חלב 2% דל לקטוז בבקבוק יטבתה 1 ליטר.,שטראוס גרופ בעמ/מצונן,,חלב בק' נטול לקטוז 2,ליטרים,1.00,ליטר,false,,7.80,7.8000,true,1,5515620
7290110564339,false,חומוס אחלה הסידרה המובחר 30% טחינה 400 גר',שטראוס גרופ בעמ/מצונן,,החומוס של אבי עם תטב,גרמים,400.00,100 גרם,false,,12.90,0.0323,true,1,4009133
7290110564360,false,חומוס אחלה הסידרה המובחר 40% טחינה 400 גר',שטראוס גרופ בעמ/מצונן,,החומוס סדרה מובחרת 4,גרמים,400.00,100 גרם,false,,12.90,0.0323,true,1,4009134
7290110564414,false,חומוס אחלה הסידרה המובחר 30% טחינה 600 גר',שטראוס גרופ בעמ/מצונן,,החומוס סדרה מבוחרת 6,גרמים,600.00,100 גרם,false,,14.90,0.0248,true,1,4009211
7290110565435,false,מעדן ג`לי בטעם פטל חלבי שטראוס (125 גרם,שטראוס גרופ בעמ/מצונן,,"לימבו פטל 125 מ""ל",מיליליטרים,125.00,"100 מ""ל",false,,2.00,0.0160,true,1,3894937
7290110565527,false,יוגורט PRO פרו 1.5% 20 גרם חלבון בגביע,שטראוס גרופ בעמ/מצונן,,דנונה פרו 20ג חלבון,גרמים,200.00,100 גרם,false,,5.90,0.0295,true,1,3634967
7290110566623,false,קפסולות קולומביה עלית 08 למכונת נספרסו מארז 5X10ג',שטראוס קפה בי.וי.,,קפסולות למכונה עלית,יח',1.00,יח',false,,15.90,15.9000,true,1,4803334
7290110566975,false,דנונה פרו יוגורט 0% תות עשיר בחלבון 200ג',שטראוס גרופ בעמ/מצונן,,דנונה פרו 20ג תות,גרמים,200.00,100 גרם,false,,5.90,0.0295,true,1,4444043
7290110568238,false,"קצפת צמחית 21% שומן 250 מ""ל יוטבתה",שטראוס גרופ בעמ/מצונן,,קצפת צמחית 21% שומן,מיליליטרים,250.00,"100 מ""ל",false,,7.50,0.0300,true,1,4771974
7290110568559,false,דוריטוס עלית מארז חמוץ חריף 10 יח' *25 ג',"שטראוס פריטו ליי בע""מ )פ",,מארז דוריטוס חמוץ חר,גרמים,250.00,100 גרם,false,,10.90,0.0436,true,1,4720777
7290110570224,false,משקה קפה קר בטעם עוגיות (230 גר`) יטבתה,שטראוס גרופ בעמ/מצונן,,משקה קפה קר טעם עוגי,גרמים,230.00,100 גרם,false,,7.50,0.0326,true,1,6479370
7290110571184,false,עדשים חומות 380 גר` טעם הטבע שטראוס,"שטראוס גרופ בע""מ",,עדשים חומות 380גר טע,גרמים,380.00,100 גרם,false,,6.90,0.0182,true,1,6482769
7290110571375,false,"אנרג'י מיקס תערובת צימוקים, תמרים, טופי ושברי פקאן",אנרג'י Energy - שטראוס,,אנרג'י צימוקים תמרים,גרמים,100.00,100 גרם,false,,12.90,0.1290,true,1,6482770
7290110571382,false,מעדן חלב בטעם וניל מעושר בחלבון 150 ג' שטראוס,שטראוס גרופ בעמ/מצונן,,מעדן חלב טעם וניל מו,גרמים,150.00,100 גרם,false,,4.70,0.0313,true,1,6434075
7290110571405,false,עלית - מיני פינוקיות בגביע פסק זמן 180 גרם,שטראוס גרופ בע`מ,,מיני פינוקיות בגביע,גרמים,400.00,100 גרם,false,,9.90,0.0248,true,1,6503203
7290110571412,false,מיני פינוקיות - פאדג' שוקולד בגביע 180 גרם,"שטראוס גרופ בע""מ",,מיני פינוקיות בגביע,גרמים,400.00,100 גרם,false,,9.90,0.0248,true,1,6503204
7290110571535,false,מארז קפה טורקי הל עלית 300 גרם,שטראוס קפה בי.וי.,,מארז טורקי הל,גרמים,300.00,100 גרם,false,,24.80,0.0827,true,1,6448646
7290110572129,false,כיף כף מקלות שוקולד לבן 40 ג' עלית,סולן בעבור שטראוס,,כיף כף מקלות שוקולד,יחידה,0.00,יחידה,false,,4.90,0.0000,true,1,6503230
7290110572884,false,"קפסולות קפה מספר 20 למכונת אספרס אספרסו, 50 גרם",שטראוס קפה בי.וי.,,קפסולות 20 למכונת נס,יח',1.00,יח',false,,16.90,16.9000,true,1,6510139
7290110572969,false,כיף כף פצפצים עלית קרם לבן (40 גר`),שולן צ'\יקולטה גידה סאן.,,כיף כף פצפצים קרם לב,גרמים,40.00,100 גרם,false,,4.90,0.1225,true,1,6482739
7290110572976,false,כיף כף גביע פצפוצים קרם לבן 135 גרם,שולן צ'יקולטה גידה ס,,כיף כף פצפצים קרם לב,גרמים,135.00,100 גרם,false,,9.90,0.0733,true,1,6482740
7290110576318,false,מאגדת שלישיית שוקולד אגוז לבן 300 ג' עלית,"שטראוס גרופ בע""מ",,עלית שוקולד אגוז לבן,גרמים,300.00,100 גרם,false,,21.90,0.0730,true,1,6503149
7290110576356,false,"שוקולד ספלנדיד מריר 64% - חלבי , מפולי קקאו מפרו",שטראוס גרופ בע`מ,,ספלנדיד שוקולד מריר,גרמים,100.00,100 גרם,false,,7.90,0.0790,true,1,6470983
7290110576363,false,"שוקולד ספלנדיד מריר 80% חלבי ,פולי קקאו מאוגנדה",שטראוס גרופ בע`מ,,ספלנדיד שוקולד מריר,גרמים,100.00,100 גרם,false,,7.90,0.0790,true,1,6470984
7290110576370,false,מארז שלישייה שוקולד מריר חלבי עם אגוזי לוז,שטראוס גרופ בע`מ,,עלית שוקולד אגוז מרי,גרמים,300.00,100 גרם,false,,21.90,0.0730,true,1,6503150
7290110576387,false,מאגדת שלישיית שוקולד אגוז חלב 300 ג' עלית,שטראוס גרופ בע`מ,,עלית שוקולד אגוז חלב,גרמים,300.00,100 גרם,false,,21.90,0.0730,true,1,6503151
7290110576752,false,טבלאות שוקולד ספלנדיד מריר 70% 100 ג' עלית,"שטראוס גרופ בע""מ",,ספלנדיד מריר 70% 22,גרמים,100.00,100 גרם,false,,9.90,0.0990,true,1,6503233
7290110576776,false,טבלאות שוקולד ספלנדיד מריר 85% 100 ג' עלית,שטראוס גרופ בע`מ,,ספלנדיד מריר 85% 22,גרמים,100.00,100 גרם,false,,9.90,0.0990,true,1,6503234
7290110576790,false,סקי בטעם מוקה 3% (125 גר`) דנונה,שטראוס גרופ בעמ/מצונן,,סקי טעם מוקה 3% 125,גרמים,125.00,100 גרם,false,,3.70,0.0296,true,1,6501028
7290110577230,false,משקה חלב בטעם פיסטוק בבקבוק יטבתה 1 ליטר,שטראוס גרופ בעמ/מצונן,,משקה חלב טעם פיסטוק,ליטרים,1.00,ליטר,false,,11.50,11.5000,true,1,6501031
7290110730109,false,נוטרילון קומפורט תרכובת מזון מגיל לידה,דיפלומט מפיצים (1968) בעמ**,,נוטרילון קומפורט 900,גרמים,900.00,100 גרם,false,,89.90,0.0999,true,1,3263467
7290111092985,false,מארז מגבונים לחים בייביסיטר ללא בישום רביעייה,שקד תבל בע`מ,,מגב' בייביסיטר 66יח,יחידה,0.00,יחידה,false,,14.90,0.0000,true,1,6466939
7290111094248,false,"קוויק שקית אשפה חזקה וגדולה במיוחד (90*78), 20 יח'",שקד תבל בע`מ,,קוויק שקיות אשפה XL,יח',1.00,יח',false,,18.90,18.9000,true,1,6343348
7290111094576,false,חיתולי בייבי סופרים 3 רמילוי,,,חיתולי בייבי סופרים,יח',1.00,יח',false,,27.90,27.9000,true,1,6422355
7290111094866,false,חיתולי בייבי סופרים 4 רמילוי,,,חיתולי בייבי סופרים,יח',1.00,יח',false,,27.90,27.9000,true,1,6422356
7290111095276,false,חיתולי בייבי סופרים 4+ רמילוי,,,חיתולי בייבי סופרים,יח',1.00,יח',false,,27.90,27.9000,true,1,6422357
7290111095566,false,חיתולי בייבי סופרים 5 מילוי,,,חיתולי בייבי סופרים,יח',1.00,יח',false,,27.90,27.9000,true,1,6422358
7290111095856,false,חיתולי בייבי סופרים 6 מילוי,,,חיתולי בייבי סופרים,יח',1.00,יח',false,,27.90,27.9000,true,1,6422359
7290111340109,false,דיפנד - מגן תחתון לנשים אקטיב 22 יח',קימברלי קלארק ישראל שיווק בעמ,,דיפנד מגן תחתון לברי,יח',1.00,יח',false,,16.90,16.9000,true,1,5291344
7290111340178,false,מטליות לחות לניקוי כללי בניחוח מרכך כביסה 50 יח' ניקול,קימברלי קלארק ישראל שיווק בעמ,,מטליות לחות לניקוי 5,יח',50.00,יח',false,,9.90,0.1980,true,1,3101103
7290111340185,false,מטליות לחות רצפה ניחוח מרכך כביסה ניקול 10 יחידות,קימברלי קלארק ישראל שיווק בעמ,,מטליות לחות לרצפה 10,יח',10.00,יח',false,,9.90,0.9900,true,1,3101104
7290111341984,false,לילי - מגבוני נייר טואלט לח פיור רביעייה,קימברלי קלארק ישראל שיווק בעמ,,מארז ניר לח רביעייה,יח',12.00,יח',false,,19.90,1.6583,true,1,5902250
7290111342042,false,כריות יפניות ניקול לניקוי אנטיבקטריאלי 4,קימברלי קלארק ישראל שיווק בעמ,,כריות יפניות אנטיבקט,יח',1.00,יח',false,,9.90,9.9000,true,1,6269217
7290111342059,false,50 מטליות מיקרופייבר לשטחים אנטיבקטריאלי ניקול,קימברלי קלארק ישראל שיווק בעמ,,מטליות לחות אנטיבקטר,יח',1.00,יח',false,,9.90,9.9000,true,1,6269218
7290111342073,false,מטליות מקרופייבר למשטחים אנטיבקטריאלי ניקול,קימברלי קלארק ישראל שיווק בעמ,,מטליות מיקרופייבר אנ,יח',1.00,יח',false,,14.90,14.9000,true,1,6269219
7290111343841,false,ניקול ספוגית הקסם נירוסטה 3 יחידות,קימברלי קלארק ישראל שיווק בעמ,,ספוגית הקסם נירוסטה,יח',1.00,יח',false,,9.90,9.9000,true,1,6315819
7290111344916,false,ניקול שישיית כריות יפניות אנטיבקטריאליות,קימברלי קלארק ישראל שיווק בעמ,,ניקול כריות יפניות א,יח',1.00,יח',false,,13.90,13.9000,true,1,6374585
7290111344930,false,מטליות לחות לרצפה בניחוח כביסה ארומתרפיה ניקול 10 יח',קימברלי קלארק ישראל שיווק בעמ,,מטליות לחות לרצפה בנ,יח',1.00,יח',false,,9.90,9.9000,true,1,6417577
7290111344978,false,ניקול רדיד אלומיניום חסכוני 61 מטר עבה ב,קימברלי קלארק ישראל שיווק בעמ,,ניקול רדיד אלומניום,יח',1.00,יח',false,,36.90,36.9000,true,1,6374586
7290111345722,false,ניקול שקיות לשמירה על הטריות 5 יחידות,קימברלי קלארק ישראל שיווק בעמ,,שקיות לשמירת הטריות,יחידה,0.00,יחידה,false,,14.90,0.0000,true,1,6470954
7290111345982,false,ניקול דפי ספוגית הקסם 10 יחידות,קימברלי קלארק ישראל שיווק בעמ,,ניקול דפי ספוגית הקס,יח',1.00,יח',false,,9.90,9.9000,true,1,6437796
7290111345999,false,מארז זוג מטליות לחות לרצפה בניחוח מרכך כביסה 2*10 יח' ניקול,קימברלי קלארק ישראל שיווק בעמ,,זוג מטליות לחות לרצפ,יח',1.00,יח',false,,19.90,19.9000,true,1,6437797
7290111346118,false,האגיס מגבונים בישום עדין רביעייה מהדורה,קימברלי קלארק ישראל שיווק בעמ,,מגבוני האגיס נטורל ק,יח',1.00,יח',false,,18.90,18.9000,true,1,6476383
7290111350030,false,רסק תפוחי עץ טבעי בצנצנת 670 גרם קלית גת,ליימן שליסל בעמ,,רסק תפוחי עץ טבעי 67,גרמים,670.00,100 גרם,false,,10.70,0.0160,true,1,2349161
7290111350047,false,תמרים מזן מגהול ללא חרצנים 500 גרם,ליימן שליסל בע`מ,,תמרים מגולענים 500 ג,גרמים,500.00,100 גרם,false,,11.90,0.0238,true,1,2408160
7290111350665,false,קליית גת דבש לחיץ טהור מפרחי בר 350 גרם,חקלאות עין חרוד מאוח,,דבש לחיץ 350 גרם,גרמים,350.00,100 גרם,false,,19.90,0.0569,true,1,4734858
7290111350672,false,"דבש טהור מפרחי בר ""קליית גת"" 700 גרם",חקלאות עין חרוד מאוח,,דבש צנצנת 700 גר,גרמים,700.00,100 גרם,false,,29.90,0.0427,true,1,4734859
7290111350719,false,חטיף נאצוס הוטפופ בסגנון מסעדות 322 גר,ליימן שליסל בע`מ,,נאצוס מסעדות 322 גר,גרמים,322.00,100 גרם,false,,15.70,0.0488,true,1,5561988
7290111350726,false,חטיף נאצוס הוטפופ בסגנון מקסיקני 322 גר,ליימן שליסל בע`מ,,נאצוס מקסיקני 322 גר,גרמים,322.00,100 גרם,false,,15.70,0.0488,true,1,5561989
7290111351747,false,טורטיה מקמח חיטה צ'וקטה 320 גרם,ליימן שליסל,,צ'וקטה טורטיה מקמח ח,גרמים,320.00,100 גרם,false,,5.90,0.0184,true,1,6173325
7290111352508,false,סילאן טבעי לחיץ קליית גת 840 גרם,ליימן שליסל בע`מ,,סילאן טבעי לחיץ 840,מיליליטרים,840.00,"100 מ""ל",false,,19.90,0.0237,true,1,6278132
7290111352966,false,יוגטה סוכריות ממולאות בטעם פירות 250 גרם ללא ג'לטין,ליימן שליסל בע`מ,,סוכריות גומי ממולאות,גרמים,250.00,100 גרם,false,,5.90,0.0236,true,1,6315385
7290111352973,false,יוגוטה קוביות חמוצות ממולאות בטעם פירות,ליימן שליסל בע`מ,,יוגטה קוביות חמוצות,גרמים,220.00,100 גרם,false,,5.90,0.0268,true,1,6315386
7290111353109,false,"גומי נחש מבריק 200 גר' וסטהיים (כש""לפ בית יוסף).",אפגאם תעשיות ממתקים,,יוגטה סוכריות גומי נ,גרמים,200.00,100 גרם,false,,7.90,0.0395,true,1,6333959
7290111353123,false,"גומי נחש מסוכר 200 גר' וסטהיים (כש""לפ בית יוסף)",טופגם תעשיות ממתקים,,יוגטה סוכריות גומי נ,גרמים,200.00,100 גרם,false,,7.90,0.0395,true,1,6333961
7290111353376,false,שקית מנטוס 100 סוכריות בטעם מנטה,פרפטי ואן מלה ברדה,,סוכריות מנטוס שמחות,גרמים,250.00,100 גרם,false,,13.90,0.0556,true,1,6343382
7290111353383,false,שקית סוכריות מנטוס בטעם תות 100 יח',פרפטי ואן מלה ברדה,,סוכריות מנטוס שמחות,גרמים,250.00,100 גרם,false,,13.90,0.0556,true,1,6343383
7290111353437,false,חטיף בטטה ומלח ים 120 גרם הוט פופ,איץ.סיי גרופ אס.דה א,,חטיף בטטה ומלח ים 13,גרמים,135.00,100 גרם,false,,13.90,0.1030,true,1,6349303
7290111353451,false,חטיף בירקות שורש ומלח ים הוטפופ 120 גרם,איץ.סיי גרופ אס.דה א,,חטיף ירקות שורש ומלח,גרמים,135.00,100 גרם,false,,13.90,0.1030,true,1,6349305
7290111353482,false,מקלות חמוצים ממולאות בטעמי פירות יוגטה 200 גרם,ליימן שליסל בע`מ,,מקלות חמוצים טעמי פי,גרמים,200.00,100 גרם,false,,5.90,0.0295,true,1,6357164
7290111353550,false,חמאת בוטנים טבעית קליית גת 300 גרם,ליימן שליסל בע`מ,,חמאת בוטנים טבעית 30,גרמים,300.00,100 גרם,false,,14.90,0.0497,true,1,6363580
7290111353567,false,ממרח שקדים טבעי קליית גת 300 גרם,ליימן שליסל בע`מ,,ממרח שקדים טבעי 300,גרמים,300.00,100 גרם,false,,32.90,0.1097,true,1,6353341
7290111354038,false,מארז שלישיית עגבניות חתוכות דק מרקדו טייסט 400 גרם,ליימן שליסל בעמ,,עגבניות תמר איטלקיות,גרמים,1200.00,100 גרם,false,,14.90,0.0124,true,1,6436955
7290111354045,false,מארז שלישיית עגבניות קצוצות מרקדו טייסט 400 גרם,ליימן שליסל בעמ,,עגבניות תמר איטלקיות,גרמים,1200.00,100 גרם,false,,14.90,0.0124,true,1,6436956
7290111354144,false,ממרח קוקוס מקורמל קליית גת 200 גרם,ליימן שליסל בעמ,,ממרח קוקוס מקורמל 20,גרמים,200.00,100 גרם,false,,15.70,0.0785,true,1,6448129
7290111354151,false,ממרח אגוזי לוז קליית גת 200 גר,ליימן שליסל בעמ,,ממרח אגוזים 200 גר,גרמים,200.00,100 גרם,false,,15.70,0.0785,true,1,6448130
7290111354526,false,הוטפופ פופקורן במיקרוגל טעם טבעי,,,הוטפופ פופקורן במיקר,קילוגרמים,1.00,"ק""ג",false,,17.90,17.9000,true,1,6481057
7290111354687,false,מיני מרשמלו בטעם תות וניל 500 גרם,ליימן שליסל בעמ,,יוגטה מיני מרשמלו 50,גרמים,500.00,100 גרם,false,,24.70,0.0494,true,1,6495624
7290111354915,false,תינוקלין סל כביסה לתינוק,ליימן שליסל,,תינוקלין סל כביסה לת,יחידה,0.00,יחידה,false,,14.90,0.0000,true,1,6501769
7290111531255,false,"עוגיות מרוקאיות לל""ס 350 גר רמי לוי",,,"עוגיות מרוקאיות לל""ס",גרמים,350.00,100 גרם,false,,14.90,0.0426,true,1,5935526
7290111531323,false,עוגיות רוגלך טעם וניל 400גרם.,שיבולים יצור ושיווק מוצרי מאפה,,עוגיות רוגלך וניל 40,גרמים,400.00,100 גרם,false,,8.90,0.0223,true,1,6225659
7290111531392,false,עוגיות סגנון מרוקאי 350 גר רמי לוי,,,עוגיות סגנון מרוקאי,גרמים,350.00,100 גרם,false,,14.90,0.0426,true,1,5935527
7290111531415,false,עוגיות ריפאת 350 גר רמי לוי,,,עוגיות ריפאת 350 גר,גרמים,350.00,100 גרם,false,,14.90,0.0426,true,1,5935528
7290111531439,false,עוגיות לקפה 350 גר רמי לוי,,,עוגיות לקפה 350 גר ר,גרמים,350.00,100 גרם,false,,14.90,0.0426,true,1,5935530
7290111532702,false,"עוגיות ריפאת לל""ס 350 גר רמי לוי",,,"עוגיות ריפאת לל""ס 35",גרמים,350.00,100 גרם,false,,14.90,0.0426,true,1,5935534
7290111534010,false,פס גבינה שמנת פירורים קפולסקי 400 גרם,תופינים מקבוצת קפולסקי,,גבינה שמנת ופירורים,גרמים,400.00,100 גרם,false,,35.90,0.0897,true,1,2762804
7290111563492,false,סלטי צבר מטבוחה חריפה מרובע 6*400גרם,קבוצת אוסם סחר-שות.מוגבלת,,צבר סלט מטבוחה חריפה,גרמים,400.00,100 גרם,false,,11.50,0.0288,true,1,4328227
7290111564277,false,פריכיות דקות ונימוחות 3 דגנים פיטנס Fitness,קבוצת אוסם סחר שותפות מוגבלת,,פיטנס פריכיות דקות 3,גרמים,120.00,100 גרם,false,,9.90,0.0825,true,1,3029960
7290111564291,false,פריכיות דקות ונימוחות 3 דגנים וקינואה פיטנס Fitness,קבוצת אוסם סחר שותפות מוגבלת,,פיטנס פריכיות דקות ו,גרמים,120.00,100 גרם,false,,9.90,0.0825,true,1,3029961
7290111564956,false,"ביסלי במבה מיקס 200 גרם ""אסם""",קבוצת אוסם סחר שותפות מוגבלת,,ביסלי במבה מיקס 200,גרמים,200.00,100 גרם,false,,8.90,0.0445,true,1,4328262
7290111566103,false,טבעול פלאפל מרכיבים ביתיים בלבד 590 גרם,קבוצת אוסם סחר שותפות מוגבלת,,טבעול פלאפל ביתי 590,גרמים,590.00,100 גרם,false,,29.90,0.0507,true,1,3882331
7290111566226,false,שניצל ברוקולי טבעול 667 גרם,קבוצת אוסם סחר-שות.מוגבלת,,טבעול שניצל ברוקולי,גרמים,667.00,100 גרם,false,,29.90,0.0448,true,1,3882255
7290111566240,false,שניצל דק מן הצומח בטעם צ'ילי חריף 700 גרם,קבוצת אוסם סחר שותפות מוגבלת,,טבעול שניצל דק צ'לי,גרמים,564.00,100 גרם,false,,29.90,0.0530,true,1,3882256
7290111566271,false,טבעול חטיפי תירס 657 גרם קפוא,קבוצת אוסם סחר שותפות מוגבלת,,טבעול חטיפי תירס 657,גרמים,657.00,100 גרם,false,,29.90,0.0455,true,1,3882257
7290111566318,false,שניצל דק מן הצומח בטעם ביתי 700 גרם,קבוצת אוסם סחר שותפות מוגבלת,,טבעול שניצל דק מהצומ,גרמים,564.00,100 גרם,false,,29.90,0.0530,true,1,3882258
7290111566332,false,"נקניקיות וינר מן הצומח 680 גרם ""טבעול""",קבוצת אוסם סחר שותפות מוגבלת,,טבעול נקניקיות וינר,גרמים,680.00,100 גרם,false,,29.90,0.0440,true,1,3882259
7290111566417,false,טבעול טחון מן הצומח משופר 400 גרם,קבוצת אוסם סחר שותפות מוגבלת,,טבעול טחון צמחוני 50,גרמים,500.00,100 גרם,false,,29.90,0.0598,true,1,3882424
7290111566547,false,טבעול חזה בגריל צמחוני 99 קלוריות 560ג',קבוצת אוסם סחר-שות.מוגבלת,,טבעול חזה בגריל צמחו,גרמים,560.00,100 גרם,false,,29.90,0.0534,true,1,3882426
7290111566561,false,"שניצל ברוקולי 99 קלוריות 560 גר' ""טבעול""",קבוצת אוסם סחר שותפות מוגבלת,,טבעול שניצל ברוקולי,גרמים,560.00,100 גרם,false,,29.90,0.0534,true,1,3882332
7290111566585,false,"שניצל צמחוני 99 קלוריות 650 גר' ""טבעול""",קבוצת אוסם סחר שותפות מוגבלת,,טבעול שניצל צמחוני 9,גרמים,650.00,100 גרם,false,,29.90,0.0460,true,1,3882333
7290111566660,false,טבעול קציצות עדשים כתומות 525 גרם,קבוצת אוסם סחר שותפות מוגבלת,,טבעול קציצות עדשים כ,גרמים,530.00,100 גרם,false,,29.90,0.0564,true,1,3882260
7290111566691,false,"שניצל תרד 99 קלוריות 560 גרם ""טבעול""",קבוצת אוסם סחר-שות.מוגבלת,,טבעול שניצל תרד 99 ק,גרמים,560.00,100 גרם,false,,29.90,0.0534,true,1,3882334
7290111566714,false,טבעול המבורגר צמחוני 99 קלוריות 600 גרם,קבוצת אוסם סחר שותפות מוגבלת,,טבעול המבורגר צמחוני,גרמים,600.00,100 גרם,false,,29.90,0.0498,true,1,3882335
7290111566752,false,טבעול שניצל תירס 99 קלוריות 693 גרם,קבוצת אוסם סחר שותפות מוגבלת,,טבעול שניצל תירס 99,גרמים,693.00,100 גרם,false,,29.90,0.0431,true,1,3882336
7290111566776,false,"נקניקיות קוקטייל מן הצומח 680 גרם ""טבעול""",קבוצת אוסם סחר שותפות מוגבלת,,טבעול נקניקיות קוקטי,גרמים,680.00,100 גרם,false,,29.90,0.0440,true,1,3882262
7290111568206,false,ביסלי פארטי מיקס אסם 150 גר',קבוצת אוסם סחר שותפות מוגבלת,,ביסלי פארטי מיקס 150,גרמים,150.00,100 גרם,false,,6.90,0.0460,true,1,4328267
7290111568251,false,אטריות נודלס להקפצה אסם אסייתי 350 גר',קבוצת אוסם סחר שותפות מוגבלת,,נודלס אטריות להקפצה,גרמים,350.00,100 גרם,false,,8.90,0.0254,true,1,4637046
7290111568275,false,אטריות נודלס אורז רחבות אסם אסייתי 300גרם,קבוצת אוסם סחר שותפות מוגבלת,,נודלס אטריות אורז רח,גרמים,300.00,100 גרם,false,,8.90,0.0297,true,1,4492409
7290111568961,false,אסם בייגלה טבעות מלוח 400 גר`,קבוצת אוסם סחר שותפות מוגבלת,,בייגלה טבעות מלח 400,גרמים,400.00,100 גרם,false,,9.90,0.0248,true,1,4661446
7290111738869,false,חמישית תחתוני נשים S,,,חמישית תחתוני נשים S,יח',1.00,יח',false,,35.00,35.0000,true,1,5856422
7290111738876,false,חמישית תחתוני נשים M,,,חמישית תחתוני נשים M,יח',1.00,יח',false,,35.00,35.0000,true,1,5856423
7290111738883,false,חמישית תחתוני נשים L,,,חמישית תחתוני נשים L,יח',1.00,יח',false,,35.00,35.0000,true,1,5856424
7290111738890,false,חמישית תחתוני נשים XL,,,חמישית תחתוני נשים X,יח',1.00,יח',false,,35.00,35.0000,true,1,5856425
7290111739071,false,שלישיית בוקסר (M) לייקרה UMBRO,,,שלישיית בוקסר לייקרה,יח',1.00,יח',false,,49.90,49.9000,true,1,5669221
7290111739095,false,שלישיית בוקסר (XL) לייקרה UMBRO,,,שלישיית בוקסר לייקרה,יח',1.00,יח',false,,49.90,49.9000,true,1,5669223
7290111739149,false,בוקסר כותנה חלק XL,,,בוקסר כותנה חלק XL,יח',1.00,יח',false,,19.90,19.9000,true,1,5669228
7290111739200,false,בוקסר כותנה מודפס XX,,,בוקסר כותנה מודפס XX,יח',1.00,יח',false,,19.90,19.9000,true,1,5669234
7290111739286,false,זוגות בוקסר בנים 8-10,,,זוגות בוקסר בנים 8-1,יח',1.00,יח',false,,19.90,19.9000,true,1,5669237
7290111739293,false,זוגות בוקסר בנים 12-14,,,זוגות בוקסר בנים 12-,יח',1.00,יח',false,,19.90,19.9000,true,1,5669238
7290111739309,false,זוגות בוקסר בנים 16-18,,,זוגות בוקסר בנים 16-,יח',1.00,יח',false,,19.90,19.9000,true,1,5669239
7290111873621,false,צלחת במבוק כח פי ג'יי '9,שמחה זה אנחנו בע`מ,,צלחת במבוק 23 כח פי,יח',1.00,יח',false,,9.90,9.9000,true,1,5165710
7290111874130,false,שקית 10 מודפס,,,שקית 10 מודפס,יח',1.00,יח',false,,7.90,7.9000,true,1,5868762
7290111930898,false,חטיף פוף כוכבים גריל אמריקאי 40 גרם,ש. שסטוביץ בע`מ,,פוף כוכבים גריל אמרי,גרמים,40.00,100 גרם,false,,2.90,0.0725,true,1,3533450
7290111930904,false,חטיף פוף כוכבים בצל 40 גרם,ש. שסטוביץ בע`מ,,פוף כוכבים בצל 40 גר,גרמים,40.00,100 גרם,false,,2.90,0.0725,true,1,3533451
7290111930911,false,חטיף פוף לבבות קלאסי 40 גרם,ש. שסטוביץ בע`מ,,פוף לבבות קלאסי 40 ג,גרמים,40.00,100 גרם,false,,2.90,0.0725,true,1,3533452
7290111930928,false,חטיף פוף לבבות גריל 40 גרם,ש. שסטוביץ בע`מ,,פוף לבבות גריל 40 גר,גרמים,40.00,100 גרם,false,,2.90,0.0725,true,1,3533453
7290111931321,false,"קולגייט מיניונים משחת שיניים ילדים 6+ 50 מ""ל",קולגייט- פלמוליב,,קולגייט ילדים מיניונ,מטרים,50.00,100 מ'ל,false,,11.90,0.2380,true,1,4618576
7290111931338,false,סבון רחצה פלמוליב לומינוס מועשר בשמנים טבעיים,קולגייט פלמוליב,,פלמוליב סבון לומינוס,מיליליטרים,500.00,"100 מ""ל",false,,15.90,0.0318,true,1,4463697
7290111932380,false,"מרידול משחת שיניים מארז 75X2מ""ל כשל""פ",ש.שסטוביץ בעמ,,זוג משחת שיניים מריד,מטרים,75.00,100 מ'ל,false,,31.90,0.4253,true,1,4031722
7290111932502,false,"משחת שיניים קולגייט אופטיק וייט אקספרט וויט 75 מ""ל",ש.שסטוביץ בעמ,,קולגייט אופטיק וויט,מטרים,75.00,100 מ'ל,false,,29.90,0.3987,true,1,5011559
7290111933462,false,"רוטב צ'ילי מתוק מאסטר שף 300 מ""ל",ש. שסטוביץ בע`מ,,מאסטר שף רוטב צ'ילי,מיליליטרים,300.00,"100 מ""ל",false,,7.90,0.0263,true,1,4345046
7290111933554,false,שלישייה עגבניות קוביות מאסטר שף 400 גרם,קונסוריזיו קאסאלסקו,,מאסטר שף עגבניות קוב,קילוגרמים,1.20,"ק""ג",false,,15.90,13.2500,true,1,5085205
7290111933998,false,קוקי תבנית אינגליקייק עם נייר אפיה 4יח,ש.שסטוביץ בעמ,,קוקי תבנית אינגליקיי,יח',1.00,יח',false,,9.90,9.9000,true,1,5561885
7290111934827,false,"סבון ידיים היגיינה 300 מ""ל פלמוליב",ש.שסטוביץ בעמ,,פלמוליב סבון ידיים 3,מיליליטרים,300.00,"100 מ""ל",false,,10.90,0.0363,true,1,5561886
7290111935527,false,"מ. שיניים קולגייט טוטל קלין מיניט -זוג כשל""פ2*100 גרם",קולגייט פלמוליב,,זוג קולגייט טוטל קלי,מיליליטרים,200.00,"100 מ""ל",false,,28.90,0.1445,true,1,5433360
7290111935961,false,מאסטר שף מחית עגבניות 690 גרם,פראנו אנריקו ופיגלי,,מאסטר שף מחית עגבניו,גרמים,690.00,100 גרם,false,,9.90,0.0143,true,1,5662998
7290111936203,false,"ליידי ספיד סטיק דרמה ספריי ויטמין אי 150 מ""ל",ליידי ספיד סטיק Lady Speed Stick,,ליידי ספיד סטיק דרמה,מיליליטרים,150.00,"100 מ""ל",false,,13.90,0.0927,true,1,5744403
7290111936296,false,"פלמוליב סבון נוזלי בניחוח סנסיישן מסאז' ,750 מ""ל",קולגייט פלמוליב,,פלמוליב ארומה סנסייש,מיליליטרים,750.00,"100 מ""ל",false,,19.90,0.0265,true,1,5702958
7290111936784,false,מארז חמישיית חטיפי תמרים ואגוזי לוז פרי 125 גרם,"טבעית מוצרים מהטבע בע""\מ",,פרי מארז 5 חטיפים תמ,גרמים,125.00,100 גרם,false,,14.90,0.1192,true,1,5433472
7290111937231,false,פרי מארז חטיפים 5 יחידות תמרים וקוקוס כשלפ,"טבעית מוצרים מהטבע בע""\מ",,פרי מארז 5 חטיפים תמ,גרמים,125.00,100 גרם,false,,14.90,0.1192,true,1,5433474
7290111937248,false,פרי מארז חטיפים 5 יחידות תמרים קשיו ונגיעות לוז כשלפ,"טבעית מוצרים מהטבע בע""\מ",,פרי מארז 5 חטיפים תמ,גרמים,125.00,100 גרם,false,,14.90,0.1192,true,1,5433475
7290111937255,false,מארז חמישיית חטיפי תמרים בוטנים ואגוזי לוז פרי 125 גרם,"טבעית מוצרים מהטבע בע""\מ",,פרי מארז 5 חטיפים תמ,גרמים,125.00,100 גרם,false,,14.90,0.1192,true,1,5433476
7290111937262,false,מארז חמישיית חטיפי תמרים אגוזים ושברי קקאו פרי 125 גרם,"טבעית מוצרים מהטבע בע""\מ",,פרי מארז 5 חטיפים תמ,גרמים,125.00,100 גרם,false,,14.90,0.1192,true,1,5433477
7290111937644,false,פצצת אמבט קוקוס לכל סוגי העור,בלונס Balloons,,בלונס פצצת אמבט קוקו,מטרים,100.00,100 מ'ל,false,,9.90,0.0990,true,1,6387109
7290111937651,false,פצצת אמבט מנגו לכל סוגי העור,בלונס Balloons,,בלונס פצצת אמבט מנגו,מטרים,100.00,100 מ'ל,false,,9.90,0.0990,true,1,6387110
7290111937668,false,פצצת אמבט תפוח לכל סוגי העור,בלונס Balloons,,בלונס פצצת אמבט תפוח,מטרים,100.00,100 מ'ל,false,,9.90,0.0990,true,1,6387111
7290111938481,false,"מאזטר שף רוטב סויה בהירה 300 מ""ל",ש. שסטוביץ בע`מ,,מאסטר שף רוטב סויה ב,מיליליטרים,300.00,"100 מ""ל",false,,8.90,0.0297,true,1,6281471
7290112000149,false,אירוויק מפיץ אדים אוטמטי מכשיר +מחלוי יסמין,רקיט בנקיזר (ניר איסט) בעמ,,אירוויק מפיץ אדים קו,יח',1.00,יח',false,,39.90,39.9000,true,1,4443970
7290112000293,false,"סיליט באנג ג'ל לחיטוי וניקוי האסלה פרש, 750 מ""ל",רקיט בנקיזר (ניר איסט) בעמ,,סיליט באנג ג'ל לניקו,מיליליטרים,750.00,"100 מ""ל",false,,9.90,0.0132,true,1,3899209
7290112000385,false,מנקה ומחטא עוצמתי למטבח ללא אקונומיקה,רקיט בנקיזר (ניר איסט) בעמ,,דטול תרסיס למטבח 750,מיליליטרים,750.00,"100 מ""ל",false,,9.90,0.0132,true,1,5045320
7290112000392,false,מנקה ומחטא עוצמתי לחדר האמבטיה ללא אקונומיקה,רקיט בנקיזר (ניר איסט) בעמ,,דטול תרסיס לאמבטיה 7,מיליליטרים,750.00,"100 מ""ל",false,,9.90,0.0132,true,1,5045321
7290112000408,false,מנקה ומחטא עוצמתי לניקוי כללי בניחוח לימון,רקיט בנקיזר (ניר איסט) בעמ,,דטול תרסיס לניקוי כל,מיליליטרים,750.00,"100 מ""ל",false,,9.90,0.0132,true,1,5045322
7290112000736,false,פיניש טבליות AIO 80 יח` אריזת חיסכון,רקיט בנקיזר (ניר איסט) בעמ,,פיניש טבליות 80יח 1,קילוגרמים,1.28,"ק""ג",false,,54.90,42.8906,true,1,4584371
7290112000798,false,"דיטול תרסיסי חיטוי וניקוי אנטי בקטריאלי 750 מ""ל",רקיט בנקיזר (ניר איסט) בעמ,,דטול תרסיס חיטוי אנט,מיליליטרים,750.00,"100 מ""ל",false,,9.90,0.0132,true,1,5045323
7290112000828,false,דטול - מגבונים חיטוי וניקוי אנטי בקטריאלי 60 יח',רקיט בנקיזר (ניר איסט) בעמ,,דטול מגבונים חיטוי א,יח',60.00,יח',false,,7.90,0.1317,true,1,5045324
7290112000842,false,דטול מגבונים לניקוי כללי בניחות לימון 60 יח',רקיט בנקיזר (ניר איסט) בעמ,,דטול מגבונים לניקוי,יח',60.00,יח',false,,7.90,0.1317,true,1,5045325
7290112000873,false,מטליות לחות לחדר האמבטיה מנקה ומחטא עוצמתי,רקיט בנקיזר (ניר איסט) בעמ,,דטול מגבונים לאמבטיה,יח',60.00,יח',false,,7.90,0.1317,true,1,5045326
7290112001023,false,"אירוויק ספרי אוטמטי מילוי תענוגות האביב 250 מ""ל",רקיט בנקיזר (ניר איסט) בעמ,,אירוויק מילוי מכשיר,מיליליטרים,250.00,"100 מ""ל",false,,14.90,0.0596,true,1,5045329
7290112001221,false,מנקה מכונת כביסה בניחוח נקי ורענן,רקיט בנקיזר (ניר איסט) בעמ,,קולון מנקה מכונה רגי,מיליליטרים,250.00,"100 מ""ל",false,,19.90,0.0796,true,1,5085066
7290112001238,false,"מנקה מכונת כביסה קולון לימון 250 מ""ל",רקיט בנקיזר (ניר איסט) בעמ,,קולון מנקה מכונה לימ,מיליליטרים,250.00,"100 מ""ל",false,,19.90,0.0796,true,1,5085067
7290112001436,false,"פיניש מנקה מדיח כלים בניחוח לימון 250 מ""ל",רקיט בנקיזר (ניר איסט) בעמ,,פיניש מנקה מדיח כלים,מיליליטרים,250.00,"100 מ""ל",false,,14.90,0.0596,true,1,6151018
7290112001870,false,"סיליט באנג ספריי ניקוי אמבטיה 750 מ""ל",רקיט בנקיזר (ניר איסט) בעמ,,סיליט באנג אמבטיות 7,מיליליטרים,750.00,"100 מ""ל",false,,12.50,0.0167,true,1,5890838
7290112001900,false,פיניש ג'ל למדיח אקולוגי 1 ליטר,רקיט בנקיזר (ניר איסט) בעמ,,פיניש ג'ל למדיח אקול,מטרים,1000.00,100 מ'ל,false,,42.50,0.0425,true,1,5824365
7290112002044,false,טבליות פיניש מנקה מדיח 3 יח,רקיט בנקיזר (ניר איסט) בעמ,,פיניש מנקה מדיח טבלי,מטרים,1000.00,100 מ'ל,false,,14.90,0.0149,true,1,5824367
7290112002099,false,קולון גל כביסה מרוכז 2.5 ליטר קלאסי,רקיט בנקיזר (ניר איסט) בעמ,,קולון ג'ל 2.5 לי רגי,יח',1.00,יח',false,,24.90,24.9000,true,1,6047402
7290112002105,false,קולון גל כביסה מרוכז 2.5 ליטר ניחוח לילך,רקיט בנקיזר (ניר איסט) בעמ,,קולון ג'ל 2.5 לי ניח,יח',1.00,יח',false,,24.90,24.9000,true,1,6047403
7290112002112,false,ג'ל כביסה מרוכז קולון 101 בניחוח ורדים,רקיט בנקיזר (ניר איסט) בעמ,,קולון ג'ל 2.5 לי ניח,יח',1.00,יח',false,,24.90,24.9000,true,1,6047404
7290112002129,false,ג'ל כביסה מרוכז קולון 101 בניחוח פריחה מרענן,רקיט בנקיזר (ניר איסט) בעמ,,קולון ג'ל 2.5 לי ניח,יח',1.00,יח',false,,24.90,24.9000,true,1,6047405
7290112002136,false,ג'ל כביסה מרוכז קולון 101 קלאסי,רקיט בנקיזר (ניר איסט) בעמ,,קולון ג'ל 4לי,יח',1.00,יח',false,,34.80,34.8000,true,1,6047406
7290112002143,false,ג'ל כביסה מרוכז קולון 101 בניחוח לילך,רקיט בנקיזר (ניר איסט) בעמ,,קולון ג'ל 4לי ניחוח,יח',1.00,יח',false,,34.80,34.8000,true,1,6047407
7290112002150,false,ג'ל כביסה מרוכז קולון 101 בניחוח ורדים,רקיט בנקיזר (ניר איסט) בעמ,,קולון ג'ל 4לי ורדים,יח',1.00,יח',false,,34.80,34.8000,true,1,6047408
7290112002167,false,קולון ג'ל כביסה בניחוח פריחה מרענן ירוק 4 ליטר,רקיט בנקיזר (ניר איסט) בעמ,,קולון ג'ל 4 לי,יח',1.00,יח',false,,34.80,34.8000,true,1,6047409
7290112002457,false,דטול - שלישיית מגבונים לניקוי וחיטוי בניחוח לימון,רקיט בנקיזר (ניר איסט) בעמ,,דטול מגבונים לניקוי,יח',1.00,יח',false,,19.90,19.9000,true,1,6047428
7290112002990,false,"סיליט ספריי אבקת סודה להסרת שומנים 750 מ""ל",רקיט בנקיזר (ניר איסט) בעמ,,סיליט ספריי אבקת סוד,מיליליטרים,750.00,"100 מ""ל",false,,13.90,0.0185,true,1,6307278
7290112003140,false,"אירוויק ספרי אוטמטי מילוי מנגו מרענן 250 מ""ל",RECKITT BENCKISER UK,,אירוויק פרשמטיק מילו,יח',1.00,יח',false,,14.90,14.9000,true,1,6299182
7290112003188,false,קולון קפסולות ג'ל 60 יח' אריזת חיסכון,רקיט בנקיזר (ניר איסט) בעמ,,קולון קאפס 60 טבליות,יח',1.00,יח',false,,53.80,53.8000,true,1,6333737
7290112003232,false,אבקת כביסה בניחוח לבנדר קולון 5 ק''ג,רקיט בנקיזר (ניר איסט) בעמ,,אבקת כביסה קולון לבנ,יח',1.00,יח',false,,38.90,38.9000,true,1,6313799
7290112003249,false,אבקת כביסה בניחוח מאסק קולון 5 ק''ג,רקיט בנקיזר (ניר איסט) בעמ,,אבקת כביסה קולון מאס,יח',1.00,יח',false,,38.90,38.9000,true,1,6313800
7290112003423,false,"איירוויק מקלות ריחניים אננס ורוזמרין 80 מ""ל",רקיט בנקיזר (ניר איסט) בעמ,,איירוויק בוטניקה מקל,יח',1.00,יח',false,,19.90,19.9000,true,1,6349588
7290112003508,false,"מבשם אוויר אירוויק ספריי יער ועשבי בר 236 מ""ל",רקיט בנקיזר (ניר איסט) בעמ,,איירוויק בוטניקה ספר,מיליליטרים,250.00,"100 מ""ל",false,,14.90,0.0596,true,1,6348760
7290112004024,false,ג'ל מסיר כתמים לכביסה לבנה וניש אוקסי אקשן,רקיט בנקיזר (ניר איסט) בעמ,,"וניש גולד ג'ל 940 מ""",מיליליטרים,940.00,"100 מ""ל",false,,19.90,0.0212,true,1,6414013
7290112004031,false,ג'ל מסיר כתמים לכביסה צבעונית וניש אוקסי אקשן,רקיט בנקיזר (ניר איסט) בעמ,,"וניש גולד ג'ל 940 מ""",מיליליטרים,940.00,"100 מ""ל",false,,19.90,0.0212,true,1,6414014
7290112004109,false,מטליות לחות לניקוי כללי וחיטוי בריח ליים ונענע- מארז,רקיט בנקיזר (ניר איסט) בעמ,,דטול מארז מגבונים לח,יח',1.00,יח',false,,19.90,19.9000,true,1,6351500
7290112004161,false,"ספריי אוטמטי מילוי בניחוח סנטורל 250 מ""ל אירוויק",רקיט בנקיזר (ניר איסט) בעמ,,איירוויק פרשמטיק מיל,מיליליטרים,250.00,"100 מ""ל",false,,14.90,0.0596,true,1,6348762
7290112004185,false,"פיניש נוזל הברקה אקולוגי למדיח 400 מ""ל",רקיט בנקיזר,,נוזל הברקה אקולוגי פ,מיליליטרים,400.00,"100 מ""ל",false,,14.90,0.0373,true,1,6385264
7290112004208,false,פיניש טבליות למדיח הכל ב 1 לימון 50 יחידות,רקיט בנקיזר (ניר איסט) בעמ,,פיניש טבליות 50יח לי,יח',1.00,יח',false,,34.90,34.9000,true,1,6385266
7290112004314,false,"דטול - תרסיס חיטוי וניקוי בניחוח לימון רימונים 750 מ""ל",רקיט בנקיזר (ניר איסט) בעמ,,דטול תרסיס מנקה ומחט,מיליליטרים,750.00,"100 מ""ל",false,,9.90,0.0132,true,1,6385267
7290112004321,false,מגבונים לניקוי כללי בניחוח רימונים וליים 60 יח' דטול,רקיט בנקיזר (ניר איסט) בעמ,,דטול מגבונים לניקוי,יח',60.00,יח',false,,7.90,0.1317,true,1,6385268
7290112004413,false,"ספריי וניש קליה להסרת כתמים לבגדים לבנים 750 מ""ל",רקיט בנקיזר (ניר איסט) בעמ,,וניש קליה ספריי להסר,מיליליטרים,750.00,"100 מ""ל",false,,16.80,0.0224,true,1,6439833
7290112004451,false,דטול - מחטא כביסה לספורט 1.50 ליטר,רקיט בנקיזר (ניר איסט) בעמ,,דטול מחטא כביסה לספו,מיליליטרים,1500.00,"100 מ""ל",false,,24.90,0.0166,true,1,6405561
7290112004604,false,דטול - שלישיית מגבונים לניקוי וחיטוי בניחוח לימון רימונים,רקיט בנקיזר (ניר איסט) בעמ,,דטו מגבונים שלישייה,יח',1.00,יח',false,,19.90,19.9000,true,1,6396668
7290112004611,false,"וניש קליה ג'ל מרוכז לטיפול נקודתי בכתמים 200 מ""ל",רקיט בנקיזר (ניר איסט) בעמ,,וניש גולד ג'ל עוצמתי,מטרים,200.00,100 מ'ל,false,,16.50,0.0825,true,1,6431681
7290112004703,false,וניש תוסף כביסה גל מרוכז-כביסה צבעונית,רקיט בנקיזר (ניר איסט) בעמ,,וניש ג'ליסימו ורוד 7,מטרים,750.00,100 מ'ל,false,,19.90,0.0265,true,1,6500695
7290112004710,false,וניש תוסף כביסה גל מרוכז-כביסה לבנה,רקיט בנקיזר (ניר איסט) בעמ,,וניש ג'ליסימו לבן 75,מטרים,750.00,100 מ'ל,false,,19.90,0.0265,true,1,6500696
7290112004772,false,אירוויק מילוי מבשם חשמלי כביסה באוויר,רקיט בנקיזר (ניר איסט) בעמ,,אלקטריק רפיל כביסה ב,מטרים,19.00,100 מ'ל,false,,13.80,0.7263,true,1,6469343
7290112004963,false,"פיניש אולטימייט קפסולות לניקוי כלים במדיח, 25 יחידות",רקיט בנקיזר (ניר איסט) בעמ,,פיניש אולטימייט 25,יח',1.00,יח',false,,39.90,39.9000,true,1,6474443
7290112004970,false,פיניש אולטימייט קוואנטום 50 טבליות למדיח,רקיט בנקיזר (ניר איסט) בעמ,,פיניש אולטימייט 50,יח',60.00,יח',false,,59.90,0.9983,true,1,6474444
7290112004987,false,אירוויק פרשמטיק מילוי בניחוח פצ`ולי ויער,רקיט בנקיזר (ניר איסט) בעמ,,אירוויק ספריי אוטומט,מיליליטרים,250.00,"100 מ""ל",false,,14.90,0.0596,true,1,6451514
7290112004994,false,איירוויק מילוי אוטומטי יסמין מבשם אויר אטומטי,רקיט בנקיזר (ניר איסט) בעמ,,אירוויק ספריי אוטומט,מיליליטרים,250.00,"100 מ""ל",false,,14.90,0.0596,true,1,6451515
7290112005045,false,וניש מסיר כתמים אבקה לכביסה לבנה 480 גרם,רקיט בנקיזר (ניר איסט) בעמ,,וניש אבקה לכביסה לבנ,גרמים,480.00,100 גרם,false,,16.90,0.0352,true,1,6470742
7290112005052,false,וניש תוסף כביסה רב תכליתי לבגדים לבנים,רקיט בנקיזר (ניר איסט) בעמ,,וניש אבקה לכביסה לבנ,גרמים,1500.00,100 גרם,false,,39.90,0.0266,true,1,6470768
7290112005076,false,וניש תוסף כביסה רב תכליתי צבעוני 480 גרם,רקיט בנקיזר (ניר איסט) בעמ,,וניש אבקה לכביסה צבע,גרמים,480.00,100 גרם,false,,16.90,0.0352,true,1,6470769
7290112005083,false,וניש תוסף כביסה רב תכליתי לכביסה צבעונית,רקיט בנקיזר (ניר איסט) בעמ,,וניש אבקה לכביסה צבע,קילוגרמים,1.50,"ק""ג",false,,39.90,26.6000,true,1,6470378
7290112005168,false,פיניש אולטימייט קוואנטום לימון 60 טבליות למדיח,רקיט בנקיזר (ניר איסט) בעמ,,פיניש קוואנטום 60 טב,יח',60.00,יח',false,,59.90,0.9983,true,1,6474445
7290112011930,false,רוטב סויה 550 גרם רמי לוי,,,רוטב סויה 550 גרם רמ,גרמים,550.00,100 גרם,false,,9.90,0.0180,true,1,5515691
7290112011985,false,רוטב טריאקי 560 גרם רמילוי,,,רוטב טריאקי 560 גרם,גרמים,560.00,100 גרם,false,,9.90,0.0177,true,1,5798580
7290112012845,false,רוטב מרינדה שום ודבש רמילוי,,,רוטב מרינדה שום ודבש,מטרים,570.00,100 מ'ל,false,,9.90,0.0174,true,1,6394808
7290112012869,false,רוטב טריאקי גינגר ושומשום רמילוי,,,רוטב טריאקי גינגר וש,גרמים,590.00,100 גרם,false,,9.90,0.0168,true,1,6394810
7290112013767,false,רמי לוי רוטב אלף האיים 500 גר' 6X,,,רמי לוי רוטב אלף האי,גרמים,500.00,100 גרם,false,,9.90,0.0198,true,1,3520623
7290112013774,false,רוטב אלף האיים לייט 500 ג רמילוי,,,רוטב אלף האיים לייט,גרמים,500.00,100 גרם,false,,9.90,0.0198,true,1,3520624
7290112013798,false,רמי לוי רוטב וינגרט לייט 500 גר',,,רמי לוי רוטב וינגרט,גרמים,500.00,100 גרם,false,,9.90,0.0198,true,1,3520626
7290112190437,false,פופקורן קלאסי 65ג רמ,,,פופקורן קלאסי 65ג רמ,גרמים,65.00,100 גרם,false,,3.90,0.0600,true,1,4214310
7290112190543,false,דקדקים קצח 200ג רמילוי,,,דקדקים קצח 200ג רמיל,גרמים,200.00,100 גרם,false,,6.50,0.0325,true,1,4345051
7290112190765,false,ספגטי 500 ג רמי לוי,,,ספגטי 500 ג רמי לוי,גרמים,500.00,100 גרם,false,,4.90,0.0098,true,1,4958494
7290112191069,false,טורטיה מזונות 320גר 8יח קוטר 20ס,א.ג בחירה חכמה בעמ,,טורטיה 8יח 20סמ,יח',1.00,יח',false,,7.90,7.9000,true,1,5085111
7290112191090,false,טורטיה עם קמח כוסמת מלא 320מלא גרם 8 יחי,א.ג בחירה חכמה בעמ,,טורטיה קמח כוסמת מלא,גרמים,320.00,100 גרם,false,,8.90,0.0278,true,1,5525793
7290112191113,false,טורטיות עם זרעי צ'יה 320 ג',א.ג בחירה חכמה בעמ,,טורטיה וזרעי צ'יה 32,גרמים,320.00,100 גרם,false,,7.90,0.0247,true,1,5525794
7290112191328,false,ניוקי 500 ג רמי לוי,,,ניוקי 500 ג רמי לוי,גרמים,500.00,100 גרם,false,,5.90,0.0118,true,1,5072665
7290112191335,false,מיני ניוקי 500 ג רמי לוי,,,מיני ניוקי 500 ג רמי,גרמים,500.00,100 גרם,false,,6.90,0.0138,true,1,5072666
7290112191861,false,פתיתים כוכבים 500גר רמילוי,,,פתיתים כוכבים 500גר,גרמים,500.00,100 גרם,false,,4.50,0.0090,true,1,5470658
7290112191878,false,פתיתים 50% קמח מלא 500גר רמילוי,,,פתיתים 50% קמח מלא 5,גרמים,500.00,100 גרם,false,,4.50,0.0090,true,1,5470659
7290112191984,false,מארז קפסולות אספרסו חזק 50יח רמילוי,,,מארז קפסולות אספרסו,יח',1.00,יח',false,,39.00,39.0000,true,1,5525812
7290112191991,false,מארז קפסולות קפוצינו 50יח רמילוי,,,מארז קפסולות קפוצינו,יח',1.00,יח',false,,39.00,39.0000,true,1,5525813
7290112192561,false,"משחת שיניים פרודונטקס הגנה מלאה מרעננת הלבנה 75 מ""ל",ג'י.אס.קיי קונסיומר,,פרודונטקס הלבנה 75 מ,מטרים,75.00,100 מ'ל,false,,34.90,0.4653,true,1,6005188
7290112192578,false,משחת שיניים פרודונטקס אקסטרה פרש הגנה מלאה,ג'י.אס.קיי קונסיומר,,פרודונטקס הגנה מלאה,מטרים,75.00,100 מ'ל,false,,34.90,0.4653,true,1,6005189
7290112192875,false,"סנסודיין - משחת שיניים רגישות וחניכיים 75 מ""ל",סנסודיין Sensodyne,,סנסודיין חניכיים רגי,יח',1.00,יח',false,,33.90,33.9000,true,1,6173467
7290112192882,false,"סנסודיין - משחת שיניים רגישות וחניכיים מלבינה 75 מ""ל",ג'י.אס.קיי קונסיומר,,סנסודיין מלבינה 75 מ,יח',1.00,יח',false,,33.90,33.9000,true,1,6173468
7290112192905,false,מברשת לשיניים רגישות ובעיות חניכיים סנסודיין,סנסודיין Sensodyne,,מברשת סנסודיין סופט,מטרים,100.00,100 מ'ל,false,,24.90,0.2490,true,1,6173469
7290112192998,false,סטייל מתולתלות קרם לחות לשיער מקורזל 400,גורי,,קרם לחות לשיער מקורז,מטרים,400.00,100 מ'ל,false,,27.90,0.0697,true,1,6457479
7290112193278,false,"סטייל - שמפו מתולתלות לניקוי יסודי 600 מ""ל",א.ל.ארמן ייצור תמרוקים ב,,שמפו מתולתלות 600 מל,מיליליטרים,600.00,"100 מ""ל",false,,20.90,0.0348,true,1,6300182
7290112193285,false,"סטייל - מרכך מתולתלות מגביר לחות 600 מ""ל",א.ל.ארמן ייצור תמרוקים ב,,מרכך מתולתלות 600 מל,מיליליטרים,600.00,"100 מ""ל",false,,20.90,0.0348,true,1,6300183
7290112193292,false,"סטייל - מתולתלות מסכה לטיפול עמוק 500 מ""ל",א.ל.ארמן ייצור תמרוקים ב,,מסכה מתולתלות 500 מל,מיליליטרים,500.00,"100 מ""ל",false,,25.90,0.0518,true,1,6300184
7290112193315,false,"סטייל - מתולתלות קרם לחות להורדת פריז 400 מ""ל",א.ל.ארמן ייצור תמרוקים ב,,קרם לחות מתותלות 400,מיליליטרים,400.00,"100 מ""ל",false,,25.90,0.0647,true,1,6303059
7290112194091,false,פתיבר ביסקויט קלאסי 500ג רמילוי,,,פתיבר ביסקויט קלאסי,גרמים,500.00,100 גרם,false,,6.90,0.0138,true,1,6032074
7290112194367,false,סכיני גילוח לאישה 10יח רמילוי,,,סכיני גילוח לאישה 10,יח',1.00,יח',false,,14.90,14.9000,true,1,6267187
7290112194398,false,סכיני גילוח 3 להבים לגבר 4יח רמילוי,,,סכיני גילוח 3 להבים,יח',1.00,יח',false,,14.90,14.9000,true,1,6267190
7290112194503,false,טורטיה חיטה 320 גר,,,טורטיה חיטה 320 גר,גרמים,320.00,100 גרם,false,,8.50,0.0266,true,1,6104196
7290112194510,false,טורטיה חיטה 450גר,,,טורטיה חיטה 450גר,גרמים,450.00,100 גרם,false,,9.90,0.0220,true,1,6104197
7290112194527,false,טורטיה חיטה 560 גר,,,טורטיה חיטה 560 גר,גרמים,560.00,100 גרם,false,,9.90,0.0177,true,1,6104198
7290112194534,false,טורטיה חיטה מלאה 320 גר,,,טורטיה חיטה מלאה 320,גרמים,320.00,100 גרם,false,,8.50,0.0266,true,1,6104199
7290112194909,false,דקדקים בייגלה שטוח וקימל 200 גר,,,דקדקים בייגלה שטוח ו,גרמים,200.00,100 גרם,false,,6.50,0.0325,true,1,6318953
7290112195104,false,חמאת בוטנים רמילוי,,,חמאת בוטנים רמילוי,גרמים,500.00,100 גרם,false,,10.90,0.0218,true,1,6341372
7290112195111,false,חמאת בוטנים עם שבבים רמי לוי,,,חמאת בוטנים עם שבבים,גרמים,500.00,100 גרם,false,,10.90,0.0218,true,1,6341373
7290112195227,false,איטריות ביצים ד`ע`ות 500 גר`,גורי מוצרי צריכה 1991 בעמ,,אטריות ביצים דקיקות,יח',1.00,יח',false,,13.90,13.9000,true,1,6373161
7290112195340,false,פרכיות 165 גרם,,,פרכיות 165 גרם,גרמים,165.00,100 גרם,false,,6.50,0.0394,true,1,6347798
7290112195425,false,משקה אורז 1לי רמי לוי,,,משקה אורז 1לי רמי לו,ליטרים,1.00,ליטר,false,,8.90,8.9000,true,1,6409694
7290112195432,false,משקה אורז ושקדים 1לי רמי לוי,,,משקה אורז ושקדים 1לי,ליטרים,1.00,ליטר,false,,9.90,9.9000,true,1,6409695
7290112195449,false,משקה סויה מועשר סידן 1לי רמי לוי,,,משקה סויה מועשר סידן,ליטרים,1.00,ליטר,false,,8.90,8.9000,true,1,6409696
7290112195463,false,משקה שיבולת שועל 1לי רמי לוי,,,משקה שיבולת שועל 1לי,ליטרים,1.00,ליטר,false,,11.90,11.9000,true,1,6409698
7290112195548,false,קוסקוס דורום 500ג רמילוי,,,קוסקוס דורום 500ג רמ,גרמים,500.00,100 גרם,false,,5.90,0.0118,true,1,6405686
7290112195685,false,חישוקים דגני בוקר טעם עוגיות 420גר,,,חישוקים דגני בוקר טע,גרמים,420.00,100 גרם,false,,9.90,0.0236,true,1,6437508
7290112196385,false,אטריות מקמח כוסמין מלא 400 גר,,,אטריות מקמח כוסמין מ,גרמים,400.00,100 גרם,false,,14.90,0.0373,true,1,6355961
7290112196514,false,חטיפי קרקר כוסמין 180 גר,גורי מוצרי צריכה (1991) בעמ,,חטיפי קרקר כוסמין 18,גרמים,180.00,100 גרם,false,,9.90,0.0550,true,1,6385105
7290112196781,false,קמח כוסמין בהיר מנופה 1 קג,,,קמח כוסמין בהיר מנופ,יח',1.00,יח',false,,16.90,16.9000,true,1,6392125
7290112196798,false,קמח כוסמין 8מלא מנופה 1קג,,,קמח כוסמין 8מלא מנופ,יח',1.00,יח',false,,16.90,16.9000,true,1,6391525
7290112196804,false,קמח כוסמין 80% מנופה 1קג,,,קמח כוסמין 80% מנופה,יח',1.00,יח',false,,16.90,16.9000,true,1,6385860
7290112197085,false,"סטייל - סבון מעוצב פריז 500 מ""ל",רנקסאן פלסטיק יאנגר,,סבון מעוצב פריז 500,מטרים,500.00,100 מ'ל,false,,9.90,0.0198,true,1,6467914
7290112197146,false,תחליף סוכר לכל מטרה טרוביה 360 גר*2,גורי ע.ע.ע. בעמ,,זוג טרוביה תחליף סוכ,גרמים,720.00,100 גרם,false,,54.90,0.0762,true,1,6448758
7290112197184,false,דגני בוקר במילוי קרם קרמל מלוח ללא גלוטן 375 ג' G FREE,גורי מוצרי צריכה (1991) בעמ,,דגני בוקר במילוי קרם,גרמים,395.00,100 גרם,false,,21.90,0.0554,true,1,6434600
7290112197191,false,דגני בוקר כהים במילוי קרם וניל ללא גלוטן 375 ג' G FREE,גורי מוצרי צריכה (1991) בעמ,,דגני בוקר כהים במילו,גרמים,395.00,100 גרם,false,,21.90,0.0554,true,1,6434601
7290112197252,false,סנסודיין - משחת שיניים מלבינה לשיקום והגנה כשר לפסח זוג,גורי,,סנסודיין שיקום והגנה,100 מל,150.00,100 מל,false,,34.90,0.2327,true,1,6433003
7290112197719,false,פיצה משפחתית  זיתים 330 ג' ללא גלוטן ג'י פרי,גורי מוצרי צריכה (1991) בעמ,,פיצה זיתים ללא גלוטן,גרמים,330.00,100 גרם,false,,24.90,0.0755,true,1,6489513
7290112198044,false,"שמן זית כתית מעולה רמי לוי 750 מ""ל",,,שמן זית כתית מעולה ר,מיליליטרים,750.00,"100 מ""ל",false,,13.90,0.0185,true,1,6496799
7290112330352,false,"יוגורט PRO בטעם וניל 0% , 20 גרם חלבון בגביע",שטראוס גרופ בעמ/מצונן,,דנונה פרו 20ג וניל 0,גרמים,200.00,100 גרם,false,,5.90,0.0295,true,1,5646410
7290112330390,false,דנונה פרו פירות יער 20 גרם חלבון 0% שומן 200 גרם,שטראוס גרופ בעמ/מצונן,,דנונה פרו 20ג פירות,גרמים,200.00,100 גרם,false,,5.90,0.0295,true,1,5646411
7290112330420,false,דנונה פרו לבן 2.9% שומן בודד 150גר,שטראוס גרופ בעמ/מצונן,,דנונה פרו לבן 2.9%,גרמים,150.00,100 גרם,false,,4.50,0.0300,true,1,5426558
7290112332585,false,פריכיות משולש תפוא אורז בתיבול סלק ומלח ים אנרג'י 30 גרם,"פרח תעשיו מזון בע""מ",,פריכיות תפוא אורז בת,גרמים,30.00,גרם,false,,4.90,0.1633,true,1,5767298
7290112332691,false,פינוקיות עוגיות קרם פסק זמן אגוזים 200 גרם,"הגביע מוצרי וופלים בע""\מ",,עוגיית קרם פסק אגוזי,גרמים,200.00,100 גרם,false,,9.90,0.0495,true,1,5866114
7290112334596,false,שוקולית אבקת שוקו עלית,שטראוס קפה בי.וי.,,שוקולית 850+10% גרם,גרמים,935.00,100 גרם,false,,14.90,0.0159,true,1,6330047
7290112335111,false,מסטיק מאסט קוביות בזוקה ללא גלוטן 86 גר,אסקום קונפקשיין,,מאסט קוביות בזוקה 86,גרמים,86.00,100 גרם,false,,12.90,0.1500,true,1,5683633
7290112335487,false,הפריכיות הטעימות קצח ודגנים אנרג'י 135 גרם,אנרג'י Energy - שטראוס,,פריכיות הטעימות קצח,גרמים,135.00,100 גרם,false,,9.90,0.0733,true,1,5821664
7290112335494,false,הפריכיות הטעימות תפוחי אדמה בטעם פוטטוס,"פרח תעשיות מזון בע""\מ",,פריכיות הטעימות פוטט,גרמים,135.00,100 גרם,false,,9.90,0.0733,true,1,5821665
7290112335500,false,"פרכיות אנרג'י חומוס,אורז,עדשים שחורות וקינואה 135 גרם","פרח תעשיות מזון בע""\מ",,פריכיות הטעימות חלבו,גרמים,135.00,100 גרם,false,,9.90,0.0733,true,1,5821666
7290112336637,false,סוכריות מאסט Must ללא סוכר יוגורט תות ואוכניות,"שטראוס גרופ בע""מ",,"סוכריות לל""ס יוגורט",גרמים,80.00,100 גרם,false,,6.90,0.0863,true,1,6040842
7290112336644,false,סוכריות מאסט ללא סוכר לימון 80 ג' עלית,"שטראוס גרופ בע""מ",,"סוכריות לל""ס לימון 8",גרמים,80.00,100 גרם,false,,6.90,0.0863,true,1,6040843
7290112336651,false,סוכריות מאסט ללא סוכר ריבת חלב 80 ג' עלית,"שטראוס גרופ בע""מ",,"סוכריות לל""ס ריבת חל",גרמים,80.00,100 גרם,false,,6.90,0.0863,true,1,6040844
7290112336712,false,יוגורט PRO לבן 0% 21 גרם חלבון בגביע,שטראוס גרופ בעמ/מצונן,,דנונה פרו 21 0%,גרמים,200.00,100 גרם,false,,5.90,0.0295,true,1,5515621
7290112337474,false,סוכריות מאסט ללא סוכר פטל לימון 80 ג' עלית,שטראוס גרופ בע`מ,,"סוכריות לל""ס פטל לימ",גרמים,80.00,100 גרם,false,,6.90,0.0863,true,1,6040845
7290112337481,false,סוכריות מאסט ללא סוכר קפצ''ינו 80 ג' עלית,שטראוס גרופ בע`מ,,"סוכריות לל""ס קפוצינו",גרמים,80.00,100 גרם,false,,6.90,0.0863,true,1,6040846
7290112338877,false,מעדן גבינה בטעם תות 3% 125ג' סקי,שטראוס גרופ בעמ/מצונן,,סקי תות 3% 125 גר,גרמים,125.00,100 גרם,false,,3.70,0.0296,true,1,5380923
7290112339362,false,דנונה לייט אנד פריי בטעם קפוצ'ינו 150 גרם,שטראוס גרופ בעמ/מצונן,,דנונה דיאט קפוצינו,גרמים,150.00,100 גרם,false,,4.30,0.0287,true,1,6168257
7290112339867,false,גמדים לדרך גבינה לבנה עם מחית תות,שטראוס גרופ בעמ/מצונן,,גמדים סקוויז לדרך תו,גרמים,100.00,100 גרם,false,,5.40,0.0540,true,1,5426560
7290112339874,false,גמדים לדרך גבינה לבנה עם מחיות תות ובננה,שטראוס גרופ בעמ/מצונן,,גמדים סקוויז לדרך תו,גרמים,100.00,100 גרם,false,,5.40,0.0540,true,1,5426561
7290112340122,false,הפריכיות הטעימות 3 דגנים אנרג'י 135 גרם,"פרח תעשיות מזון בע""\מ",,פריכיות הטעימות 3 דג,גרמים,135.00,100 גרם,false,,9.90,0.0733,true,1,5821667
7290112340245,false,מסטיק מאסט צנצנת בטעם דובדבן 66 גר` מגדי,"שטראוס גרופ בע""\מ",,מאסט דובדבן צנצנת 66,יח',1.00,יח',false,,8.90,8.9000,true,1,5603725
7290112340252,false,צנצנת מסטיק מאסט בטעם אבטיח מלון 66 ג' עלית,"שטראוס גרופ בע""\מ",,מאסט אבטיח מלון צנצנ,יח',1.00,יח',false,,8.90,8.9000,true,1,5603726
7290112340276,false,פינוקיות עוגיית קרם קפה נמס 200 גרם,"הגביע מוצרי וופלים בע""\מ",,עוגיית קרם קפה נמס 2,גרמים,200.00,100 גרם,false,,9.90,0.0495,true,1,5866116
7290112340900,false,קפה טורקי האג נטול קפאין 200 גרם,הנסיך- מפעל לייצור ט,,האג קפה טורקי 200 גר,גרמים,200.00,100 גרם,false,,24.90,0.1245,true,1,6323433
7290112341556,false,יוגורט אקטיביה עם צ'יה ותות 150 גרם,שטראוס גרופ בעמ/מצונן,,אקטיביה צ'יה ותות,גרמים,150.00,100 גרם,false,,4.50,0.0300,true,1,5988415
7290112341679,false,אקטיביה יוגורט 3% דנונה (200 גרם),שטראוס גרופ בעמ/מצונן,,אקטיביה 3% 200 גרם,גרמים,200.00,100 גרם,false,,3.70,0.0185,true,1,5988416
7290112341686,false,שמינייה יוגורט לבן אקטיביה 3% דנונה 150 גרם.,שטראוס גרופ בעמ/מצונן,,יוגורט אקטיביה 3% 15,ליטרים,1.20,ליטר,false,,19.90,16.5833,true,1,5988417
7290112342102,false,סימפוניה גבינה במרקם שמנת בצל מקורמל 5%,שטראוס גרופ בעמ/מצונן,,סימפוניה בצל מקורמל,גרמים,200.00,100 גרם,false,,10.40,0.0520,true,1,6254498
7290112342270,false,קפה פלטינום אינטנס מחוזק ב- 10% אספרסו,שטראוס קפה בי.וי,,קפה פלטינום אינטנס 1,גרמים,125.00,100 גרם,false,,15.90,0.1272,true,1,5935584
7290112343260,false,"יטבתה רוטב שמנת קלאסי 9% שומן 260 מ""ל",שטראוס גרופ בעמ/מצונן,,רוטב שמנת קלאסי 9%,מיליליטרים,260.00,"100 מ""ל",false,,9.80,0.0377,true,1,6178899
7290112343420,false,"משקה חלב עם דגנים מלאים ובננה פרו יטבתה 350מ""ל",שטראוס גרופ בעמ/מצונן,,יטבתה פרו ארוחת בוקר,מיליליטרים,350.00,"100 מ""ל",false,,6.90,0.0197,true,1,6267613
7290112343499,false,חטיף צ'יטוס פאפס אפוי בטעם גבינה,"שטראוס פריטו ליי בע""\מ )",,ציטוס פופס 55 גר,יח',1.00,יח',false,,3.10,3.1000,true,1,6400318
7290112343512,false,צ'יטוס puffs בטעם גבינה 180 גרם,"שטראוס פריטו ליי בע""\מ )",,ציטוס פופס 160 גר,100 יח,160.00,100 יח,false,,6.90,0.0431,true,1,6400319
7290112344564,false,רביולי גבינה קלאסי שטראוס 400 ג',שטראוס גרופ בעמ/מצונן,,רביולי גבינה,גרמים,300.00,100 גרם,false,,19.80,0.0660,true,1,5988460
7290112344724,false,מילקי בטעם שוקולד בלונדי עם קצפת 133גר,שטראוס גרופ בעמ/מצונן,,מילקי טעם שוקולד בלנ,גרמים,133.00,100 גרם,false,,3.30,0.0248,true,1,6178902
7290112344755,false,מילקי עם 26% פחות סוכר 135 גר}שטראוס{,שטראוס גרופ בעמ/מצונן,,מילקי 26% פחות סוכר,מיליליטרים,135.00,"100 מ""ל",false,,2.70,0.0200,true,1,6346340
7290112344786,false,קפה פלטינום קלאסיק עלית 200 גרם,הנסיך- מפעל לייצור ט,,פלטינום קלאסיק 200 ג,גרמים,200.00,100 גרם,false,,24.90,0.1245,true,1,6290204
7290112344953,false,סימפוניה חציל קלוי גבינה במקרם שמנת 5%,שטראוס גרופ בעמ/מצונן,,סימפוניה חציל קלוי 5,גרמים,200.00,100 גרם,false,,10.40,0.0520,true,1,6354405
7290112346360,false,בפלות אחת אחת בציפוי שוקולד חלב עלית 180 גרם,הגביע מוצרי וופלים ב,,בפלות אחת אחת בציפוי,גרמים,180.00,100 גרם,false,,11.90,0.0661,true,1,6269583
7290112346629,false,דנונה בר יוגורט+קורנפלקס מצופה שוקולד חלב ולבן 172 גרם,שטראוס גרופ בעמ/מצונן,,יוגורט דנונה קורנפלק,מיליליטרים,172.00,"100 מ""ל",false,,4.30,0.0250,true,1,6304216
7290112346773,false,יוגורט בטעם וניל 0% לייט אנד פרי 10 גרם חלבון בגביע,שטראוס גרופ בעמ/מצונן,,דנונה לייט אנד פריי,גרמים,150.00,100 גרם,false,,4.30,0.0287,true,1,6354406
7290112346797,false,יוגורט אקטיביה שיבולת שועל ושזיף 150 גרם,שטראוס גרופ בעמ/מצונן,,אקטיביה שיבולת שועל,גרמים,150.00,100 גרם,false,,4.50,0.0300,true,1,6290050
7290112346827,false,אקטימל ויטמין c פטל שמינייה 864 גרם,שטראוס גרופ בעמ/מצונן,,אקטימל ויטמין סי פטל,מיליליטרים,864.00,"100 מ""ל",false,,19.90,0.0230,true,1,6344438
7290112347008,false,גמדים לדרך גבינה לבנה עם מחית תות ושיבולת שועל,שטראוס גרופ בעמ/מצונן,,גמדים ארוחת בוקר עם,יח',1.00,יח',false,,5.40,5.4000,true,1,6178908
7290112348142,false,שעועית לבנה 380 גר' בקופסה טעם הטבע,שטראוס גרופ בע`מ,,שעועית לבנה 380גר קו,גרמים,380.00,100 גרם,false,,6.90,0.0182,true,1,6304279
7290112348616,false,עלית - קפה נמס אגוזי לוז 100 גרם,שטראוס גרופ בע`מ,,קפה נמס אגוזי לוז 10,גרמים,100.00,100 גרם,false,,14.80,0.1480,true,1,6334792
7290112348999,false,הפריכיות הטעימות תירס דקות אנרג'י 135 גרם,שטראוס גרופ בע`מ,,פריכיות הטעימות תירס,גרמים,135.00,100 גרם,false,,9.90,0.0733,true,1,6350559
7290112349316,false,מסטיק בזוקה פופים ממולא בטעם תות ללא סוכר,"שטראוס גרופ בע""מ",,בזוקה ביג פופים תות,יח',1.00,יח',false,,12.90,12.9000,true,1,6290210
7290112349606,false,מעדן גבינה ויוגורט תות בננה 88 ג' דניאלה,שטראוס גרופ בעמ/מצונן,,דניאלה תות בננה 88 ג,מיליליטרים,88.00,"100 מ""ל",false,,3.90,0.0443,true,1,6422525
7290112349705,false,פומודורו רוטב עגבניות קלאסי לפסטה יד מרדכי 350 גרם,אמיליאנה קונסרב סוסייטה,,פומודורו רוטב עגבניו,גרמים,350.00,100 גרם,false,,10.90,0.0311,true,1,6270369
7290112349736,false,בזיליקום רוטב עגבניות לפסטה יד מרדכי 350 גרם,אמיליאנה קונסרב סוסייטה,,בזיליקום רוטב עגבניו,גרמים,350.00,100 גרם,false,,10.90,0.0311,true,1,6270370
7290112349743,false,ארביאטה רוטב עגבניות פיקנטי לפסטה 350 ג' יד מרדכי,אמיליאנה קונסרב סוסייטה,,ארביאטה רוטב עגבניות,גרמים,350.00,100 גרם,false,,10.90,0.0311,true,1,6270371
7290112349750,false,פיצה רוטב עגבניות לפיצה יד מרדכי 350 גרם,אמיליאנה קונסרב סוסייטה,,רוטב עגבניות לפיצה 3,גרמים,350.00,100 גרם,false,,10.90,0.0311,true,1,6270372
7290112349897,false,מסטיק מאסט Must קוביות בטעם מנטה ללא סוכר,אסקום קונפקשיין,,מאסט קוביות מנטה 86,יח',1.00,יח',false,,13.90,13.9000,true,1,6290212
7290112350312,false,קפסולות 15 קפה יותר למכונות נספרסו עלית 10יח',הנסיך- מפעל לייצור ט,,קפסולות 15 למכונת נס,יח',1.00,יח',false,,15.90,15.9000,true,1,6330048
7290112350589,false,צ`יקו להכנת משקה צ`יקוריה עלית (65 גרם),שטראוס קפה בי.וי,,קפה צ'יקו 65 גר,גרמים,65.00,100 גרם,false,,9.90,0.1523,true,1,6314701
7290112351067,false,סילאן טבעי 100% תמר מג'הול ללא תוספת סוכר,שטראוס גרופ בע`מ,,סילאן טבעי לחיץ 630,מיליליטרים,630.00,"100 מ""ל",false,,23.90,0.0379,true,1,6290770
7290112351463,false,שלישיית סוכריות מאסט FRESH פטל לימון 45 ג' עלית,"הליקון גידה בע""\מ",,שלישיית סוכריות רפרש,יח',1.00,יח',false,,7.90,7.9000,true,1,6304237
7290112351470,false,סוכריות ללא סוכר בטעם תות רימון מאסט פרש,"הליקון גידה בע""\מ",,שלישיית סוכריות רפרש,יח',1.00,יח',false,,7.90,7.9000,true,1,6304238
7290112351524,false,עלי סלנובה 200 גר' שטראוס טעם הטבע,שטראוס בריאות ירקות טריי,,עלי סלנובה 200 גר' ש,גרמים,200.00,100 גרם,false,,11.90,0.0595,true,1,6315978
7290112353887,false,"משקה קפה קר בטעם אגוזים יטבתה 230 מ""ל",האי נאם סי או אל.טי.,,משקה קפה קר טעם אגוז,גרמים,230.00,100 גרם,false,,7.50,0.0326,true,1,6312283
7290112354174,false,"פסטה רוזה 280 ג""ר ""דלישס"" שטראוס",קפוא-זן תעשיות מזון בעמ - תפוג,,פסטה רוזה 280גרם,גרמים,280.00,100 גרם,false,,16.90,0.0604,true,1,6404670
7290112354945,false,תפוצ'יפס WAVY בטעם טבעי 50 גרם,שטראוס פריטו ליי בע`מ,,תפוצ'יפס בטעם טבעי 5,גרמים,50.00,100 גרם,false,,3.50,0.0700,true,1,6506452
7290112354952,false,תפוצ`יפס פפריקה (50 גרם)היתר מכירה,שטראוס פריטו ליי בע`מ,,תפוצ'יפס בטעם פפריקה,גרמים,50.00,100 גרם,false,,3.50,0.0700,true,1,6506453
7290112355027,false,דנונה פרו 20 גרם חלבון בטעם קרמל מלוח 200 גרם,שטראוס גרופ בעמ/מצונן,,דנונה פרו 20ג קרמל מ,גרמים,200.00,100 גרם,false,,5.90,0.0295,true,1,6346319
7290112355102,false,גמדים סקוויז 100 גרם פאוץ סלט פירות 100 גרם,שטראוס גרופ בעמ/מצונן,,גמדים פאוץ סלט פירות,גרמים,100.00,100 גרם,false,,5.40,0.0540,true,1,6354408
7290112355393,false,"יטבתה רוטב שמנת+בטטה 9% שומן 250 מ""ל",שטראוס גרופ בעמ/מצונן,,רוטב שמנת עם בטטה 9%,מיליליטרים,257.00,"100 מ""ל",false,,9.80,0.0381,true,1,6500997
7290112355812,false,מילקי טופ קורנפלקס 141 ג' שטראוס,שטראוס גרופ בעמ/מצונן,,מילקי טופ קורנפלקס 1,גרמים,141.00,100 גרם,false,,4.50,0.0319,true,1,6455670
7290112357076,false,קוביות עגבניות איטלקיות 390 גר' בקופסה טעם הטבע,"שטראוס גרופ בע""מ",,קוביות עגבניות איטלק,גרמים,390.00,100 גרם,false,,6.20,0.0159,true,1,6330049
7290112357113,false,גרגרי חומוס בקופסה 380 גר' טעם הטבע,"שטראוס גרופ בע""מ",,גרגירי חומוס 380 גר,גרמים,380.00,100 גרם,false,,6.90,0.0182,true,1,6304261
7290112357175,false,קפסולות BOOST למכונת נספרסו עלית 10 יחידות,שטראוס קפה בי.וי,,קפסולות בוסט למכונת,יח',1.00,יח',false,,15.90,15.9000,true,1,6277154
7290112357892,false,שלישיית סוכריות מאסט FRESH מנטה 45 גרם,"הליקון גידה בע""\מ",,שלישיית סוכריות רפרש,יח',1.00,יח',false,,7.90,7.9000,true,1,6304241
7290112358004,false,פסק זמן חטיף קראנץ עלית( 32 גר`),שולן צ'\יקולטה גידה סאן.,,פסק זמן קראנצ' עלית,גרמים,32.00,100 גרם,false,,4.90,0.1531,true,1,6343653
7290112358127,false,דנונה פרו חלבון+מגנזיום- וניל ועוגיות 200 גרם,שטראוס גרופ בעמ/מצונן,,דנונה פרו 20ג מגנזיו,גרמים,200.00,100 גרם,false,,6.20,0.0310,true,1,6344440
7290112358257,false,רוטב לעוף עם שזיפים יד מרדכי 300 גרם,שטראוס גרופ בע`מ,,רוטב לעוף עם שזיפים,גרמים,300.00,100 גרם,false,,11.90,0.0397,true,1,6295872
7290112358554,false,מארז קפה נמס מנות אישיות לדרך 50.4 גר,שטראוס גרופ בע`מ,,מארז נמס לדרך,יח',1.00,יח',false,,9.90,9.9000,true,1,6330050
7290112359384,false,עלית - קפה נמס אלפחורס ריבת חלב 100 גרם,שטראוס גרופ בע`מ,,קפה נמס אלפחורס ריבת,גרמים,100.00,100 גרם,false,,14.90,0.1490,true,1,6424927
7290112359902,false,"קפה פלטינום ברזיל עלית, 47 גרם",שטראוס גרופ בע`מ,,פלטינום ברזיל 47 גר,יח',1.00,יח',false,,5.90,5.9000,true,1,6355501
7290112490032,false,"נמס בכוס טעם תירס קנור 31 גרם מארז זוגי בד""צ",יוניליוור ישראל שיווק בע`מ,,"נמס בכוס תירס בד""ץ",גרמים,22.50,100 גרם,false,,6.50,0.2889,true,1,5084988
7290112490209,false,נמס בכוס מרק עגבניות עם קרוטונים רכיבים טבעיים,"יוניליוור ישראל שיווק בע""מ",,נמס בכוס 100% רכיבים,יח',1.00,יח',false,,5.90,5.9000,true,1,4929718
7290112490216,false,מרק נמס בכוס בטעם עוף קנור 100% רכיבים טבעיים,"יוניליוור ישראל שיווק בע""מ",,נמס בכוס טעם עוף וקר,גרמים,29.00,100 גרם,false,,5.90,0.2034,true,1,4929719
7290112490230,false,מרק נמס בכוס אפונה קנור 100% רכיבים טבעיים,"יוניליוור ישראל שיווק בע""מ",,נמס בכוס 100% אפונה,גרמים,25.00,100 גרם,false,,5.90,0.2360,true,1,4929720
7290112490582,false,חרדל דיג'וןן צרפתי הלמנס 350 גר,"יוניליוור ישראל שיווק בע""מ",,חרדל צרפתי דיז'ון 35,גרמים,350.00,100 גרם,false,,11.90,0.0340,true,1,4929721
7290112490650,false,קונפיטורה תות שדה 340 גרם-צנצנת,"יוניליוור ישראל שיווק בע""מ",,קונפיטורה תות 778 50,גרמים,340.00,100 גרם,false,,11.90,0.0350,true,1,4929723
7290112490674,false,קונפיטורה דובדבנים 778 50% פרי 340 גר-,יוניליוור ישראל שיווק בע`מ,,קונפיטורה דובדבנים 7,גרמים,340.00,100 גרם,false,,11.90,0.0350,true,1,4929725
7290112490728,false,מרק עשיר ירקות עם בורגול רכיבים טבעיים 95 ג' קנור,יוניליוור ישראל שיווק בע`מ,,מרק עשיר ירקות בורגו,גרמים,95.00,100 גרם,false,,11.90,0.1253,true,1,5085010
7290112490735,false,מרק עשיר עגבניות עם פסטה ר.טבעיים 105 גרם קנור,יוניליוור ישראל שיווק בע`מ,,קנור מרק עשיר עגבניו,גרמים,105.00,100 גרם,false,,11.90,0.1133,true,1,5085011
7290112490742,false,מרק עשיר פטריות עם גריסים רכיבים טבעיים 104 ג' קנור,"יוניליוור ישראל שיווק בע""מ",,קנור מרק עשיר פטריות,גרמים,104.00,100 גרם,false,,11.90,0.1144,true,1,5085012
7290112490759,false,מרק עשיר עוף עם אטריות רכיבים טבעיים 74 ג' קנור,"יוניליוור ישראל שיווק בע""מ",,קנור מרק עשיר עוף אט,יח',1.00,יח',false,,11.90,11.9000,true,1,5085013
7290112490896,false,"קנור רוטב צ'ילי חריף 370 מ""ל PAL","יוניליוור ישראל שיווק בע""מ",,רוטב צ'ילי חריף קנור,מיליליטרים,370.00,"100 מ""ל",false,,9.90,0.0268,true,1,5234389
7290112491701,false,ברנפלקס בטעם וניל מעודן 20% חלבון Extra Protein,"יוניליוור ישראל שיווק בע""מ",,ברנפלקס אקסטרא פרוטי,גרמים,375.00,100 גרם,false,,19.90,0.0531,true,1,5314019
7290112491770,false,בייגלה דקים דקים מלח ים בייגל בייגל 300 גרם.,יוניליוור ישראל שיווק בע`מ,,בייגלה דקים עם מלח 3,גרמים,300.00,100 גרם,false,,9.90,0.0330,true,1,5197428
7290112491787,false,בייגלה דקים דקים עם שומשום בייגל בייגל 300 גרם,יוניליוור ישראל שיווק בע`מ,,בייגלה דקים ושומשום,גרמים,300.00,100 גרם,false,,9.90,0.0330,true,1,5197429
7290112491794,false,בייגלה דקים דקים בטעם שמנת ובצל בייגל בייגל 300 גרם,"יוניליוור ישראל שיווק בע""מ",,בייגלה דקים שמנת בצל,גרמים,300.00,100 גרם,false,,9.90,0.0330,true,1,5363597
7290112492579,false,פינוק מרכך בתוספת שמן קוקוס 700 מל-חדש,יוניליוור ישראל שיווק בע`מ,,פינוק מרכך בתוספת שמ,מיליליטרים,700.00,"100 מ""ל",false,,11.90,0.0170,true,1,6145521
7290112492593,false,תחליב רחצה פינוק בניחוח פינוק קלאסי 700,יוניליוור ישראל שיווק בע`מ,,פינוק תחליב רחצה קלא,מיליליטרים,700.00,"100 מ""ל",false,,9.90,0.0141,true,1,6145522
7290112492609,false,"פינוק סבון נוזלי לבנדר ווניל 700 מ""ל","יוניליוור ישראל שיווק בע""מ",,פינוק תחליב רחצה לבנ,מיליליטרים,700.00,"100 מ""ל",false,,9.90,0.0141,true,1,6145523
7290112492678,false,פינוק שמפו לשיער רגיל אריזת נסיעות 100 מ,יוניליוור ישראל שיווק בעמ,,פינוק שפורפרת שמפו ק,מטרים,100.00,100 מ'ל,false,,4.90,0.0490,true,1,6293296
7290112492685,false,פינוק מרכך לשיער רגיל אריזת נסיעות 100 מ,יוניליוור ישראל שיווק בעמ,,פינוק שפורפרת מרכך ק,מטרים,100.00,100 מ'ל,false,,4.90,0.0490,true,1,6293297
7290112492692,false,פינוק תחליב רחצה קלאסי אריזת נסיעות 100,יוניליוור ישראל טיפוח אי,,פינוק שפורפרת תחליב,מטרים,100.00,100 מ'ל,false,,4.90,0.0490,true,1,6293298
7290112492722,false,"2ב-1 שמפו ומרכך פינוק אל דמע לסירוק קל לילדים 700 מ""ל",יוניליוור ישראל שיווק בע`מ,,פינוק ילדים 2-1שמפו+,גרמים,750.00,100 גרם,false,,11.90,0.0159,true,1,6307855
7290112492746,false,"פינוק מרכך ללא דמעות לסירוק קל לילדים 700 מ""ל",יוניליוור ישראל שיווק בע`מ,,פינוק מרכך לסירוק קל,מיליליטרים,750.00,"100 מ""ל",false,,11.90,0.0159,true,1,6307856
7290112492753,false,"פינוק לילדים אל סבון לרחצה 700 מ""ל","יוניליוור ישראל שיווק בע""מ",,פינוק אל סבון לילדים,מיליליטרים,750.00,"100 מ""ל",false,,11.90,0.0159,true,1,6307857
7290112492982,false,"אבקת מרק פטריות כשל""פ 100% רכיבים טבעיים 400 גרם",יוניליוור ישראל שיווק בע`מ,,קנור מרק פטריות רכיב,גרמים,400.00,100 גרם,false,,18.90,0.0472,true,1,6188517
7290112492999,false,קנור מרק עוף אמיתי 400 גרם פרווה,יוניליוור ישראל שיווק בע`מ,,קנור מרק טעם עוף 400,גרמים,400.00,100 גרם,false,,11.90,0.0298,true,1,6225718
7290112493088,false,נמס בכוס עדשים מרק רכיבים טבעיים קנור 54 ג',יוניליוור ישראל שיווק בע`מ,,נמס בכוס עדשים חריף,גרמים,24.00,2 גרם,false,,6.50,0.2708,true,1,6498502
7290112493095,false,נמס בכוס מרק עגבניות חריף רכיבים טבעיים קנור 48 ג',יוניליוור ישראל שיווק בע`מ,,נמס בכוס עגבניות חרי,גרמים,56.00,2 גרם,false,,6.50,0.1161,true,1,6498503
7290112493293,false,קנור - נמס ירקות וקרוטונים ר.טבעי 44 גרם,"יוניליוור ישראל שיווק בע""מ",,נמס בכוס ירקות קרוטו,גרמים,24.00,2 גרם,false,,5.90,0.2458,true,1,5798153
7290112493316,false,מרק היום אפונה 100% רכיבים טביעיים קנור,יוניליוור ישראל שיווק בע`מ,,מרק היום אפונה 100%,גרמים,117.00,100 גרם,false,,11.90,0.1017,true,1,5798154
7290112493927,false,גלידה בטעם ריבת חלב 1.33ל' קרמיסימו,"גלידת שטראוס בע""\מ, רחוב",,קרמיסימו ריבת חלב 1.,קילוגרמים,1.33,"ק""ג",false,,17.90,13.4586,true,1,6188613
7290112493934,false,גלידה קרמיסימו וניל צרפתי 1.33 ליטר,"גלידת שטראוס בע""\מ, רחוב",,קרמיסימו וניל צרפתי,קילוגרמים,1.33,"ק""ג",false,,17.90,13.4586,true,1,6188614
7290112493965,false,קרמיסימו חלבית בטעם מסטיק וניל 665 גר,"גלידת שטראוס בע""\מ, רחוב",,קרמיסימו מסטיגם 1.33,קילוגרמים,1.33,"ק""ג",false,,17.90,13.4586,true,1,6188615
7290112494153,false,תיבוליות ניחוח צלי קנור( 72 גרם),יוניליוור ישראל שיווק בע`מ,,תיבולית ניחוח צלי 72,גרמים,200.00,100 גרם,false,,7.40,0.0370,true,1,6270675
7290112494382,false,פירה בטעם ביתי 260 גרם-קופסא,יוניליוור ישראל שיווק בע`מ,,קנור פירה ביתי 260 ג,גרמים,260.00,100 גרם,false,,8.90,0.0342,true,1,6077420
7290112494610,false,קנור רוטב עגבניות פיקנטי לדג 415 גרם,יוניליוור ישראל שיווק בע`מ,,קנור רוטב עגבניות פי,גרמים,415.00,100 גרם,false,,9.90,0.0239,true,1,6225720
7290112494795,false,בדין-ג'ל לכביסה לבנה וצבעונית בניחוח עדין כחול 2.5 ליטר,"יוניליוור ישראל שיווק בע""מ",,בדין ג'ל לכביסה כחול,יח',1.00,יח',false,,27.90,27.9000,true,1,6145528
7290112494801,false,בדין-ג'ל לכביסה לבנה וצבעונית בניחוח עדין ורוד 2.5 ליטר,"יוניליוור ישראל שיווק בע""מ",,בדין ג'ל כביסה ורוד,יח',1.00,יח',false,,27.90,27.9000,true,1,6145529
7290112495037,false,דגני בוקר בטעם שוקולד כדורים 375 ג' קוקומן,יוניליוור ישראל שיווק בע`מ,,קוקומן כדורים בדצ 37,גרמים,375.00,100 גרם,false,,18.90,0.0504,true,1,6104261
7290112495044,false,דגני קוקומן פצפוצים תלמה (375 גרם),יוניליוור ישראל שיווק בע`מ,,"קוקומן פיצפוצים בד""ץ",גרמים,375.00,100 גרם,false,,18.90,0.0504,true,1,6104262
7290112495280,false,ברנפלקס ריבועי קינמון תלמה (400 גרם),יוניליוור ישראל שיווק בע`מ,,ריבועי ברנפלקס קינמו,גרמים,400.00,100 גרם,false,,19.90,0.0497,true,1,6274833
7290112495433,false,דגני דליפקאן תוספת אגוזי פקאן ושקדים 400 גר,יוניליוור ישראל שיווק בע`מ,,קורנפלקס דליפקאן 400,גרמים,400.00,100 גרם,false,,19.70,0.0492,true,1,5945976
7290112495488,false,קורנפלקס פתיתי תירס קלויים ללא גלוטן 500,יוניליוור ישראל שיווק בע`מ,,קורנפלקס ללא גלוטן ת,גרמים,500.00,100 גרם,false,,13.90,0.0278,true,1,6274786
7290112495662,false,קרקר חיטה מלאה ופשתן בייגל בייגל 300 גרם,יוניליוור ישראל שיווק בע`מ,,קרקר חיטה מלאה ופשתן,גרמים,300.00,100 גרם,false,,8.90,0.0297,true,1,6274788
7290112495761,false,רוטב לסלט אלף האיים לייט הלמנס (305 מל),"יוניליוור ישראל שיווק בע""מ",,הלמנס רוטב לחיץ אלף,מיליליטרים,290.00,"100 מ""ל",false,,9.90,0.0341,true,1,6272270
7290112495792,false,רוטב הלמנס שום לייט לסלט 305גר כשלפ,יוניליוור ישראל שיווק בע`מ,,הלמנס רוטב שום לייט,מיליליטרים,300.00,"100 מ""ל",false,,9.90,0.0330,true,1,6271490
7290112495815,false,רוטב לסלט חרדל ודבש לייט (305 גרם)הלמנס,יוניליוור ישראל שיווק בע`מ,,הלמנס רוטב חרדל ודבש,גרמים,305.00,100 גרם,false,,9.90,0.0325,true,1,6280411
7290112495938,false,"קרקר 6 דגנים בייגל בייגל 250 גרם בד""צ",יוניליוור ישראל שיווק בע`מ,,קרקר 6 דגנים בייגל ב,גרמים,250.00,100 גרם,false,,8.90,0.0356,true,1,6274791
7290112495976,false,פריכיות אורז מצופות שוקולד חלב מעולה פתי,יוניליוור ישראל שיווק בע`מ,,פריכיות אורז בציפוי,יח',1.00,יח',false,,3.90,3.9000,true,1,6291093
7290112495983,false,פרכיות פתיתבציפוי שוקולד חלב ושבבי קרמל מלוח 39 גר',יוניליוור ישראל שיווק בע`מ,,פריכיות אורז בציפוי,יח',1.00,יח',false,,3.90,3.9000,true,1,6291094
7290112496027,false,"סירופ שוקולד לחיץ 580 מ""ל כשל""פ אפיכל",יוניליוור ישראל שיווק בע`מ,,אפיכל סירופ שוקולד 5,מיליליטרים,580.00,"100 מ""ל",false,,11.90,0.0205,true,1,6274837
7290112496034,false,"סירופ מייפל לחיץ 580 מ""ל כשל""פ אפיכל",יוניליוור ישראל שיווק בע`מ,,אפיכל סירופ מייפל 58,מיליליטרים,580.00,"100 מ""ל",false,,11.90,0.0205,true,1,6274838
7290112496287,false,פתית - צ'יפס בטטה בטעם טבעי 21 גרם,יוניליוור ישראל שיווק בע`מ,,פתית ציפס בטטה טעם ט,יח',1.00,יח',false,,4.90,4.9000,true,1,6301807
7290112496430,false,קנור נמס בכוס אקסטרה עגבניות+איטריות 37 גרם - רבנות,יוניליוור ישראל שיווק בע`מ,,נמס בכוס אקסטרה עגבנ,יח',1.00,יח',false,,3.90,3.9000,true,1,6357519
7290112496447,false,נמס בכוס אקסטרה טעם עוף עם המון אטריות 27ג',"יוניליוור ישראל שיווק בע""מ",,נמס בכוס אקסטרה מרק,יח',1.00,יח',false,,3.90,3.9000,true,1,6357520
7290112496461,false,נמס בכוס אקסטרה מרק ירקות עם המון אטריות,"יוניליוור ישראל שיווק בע""מ",,קנור נמס בכוס אקסטרה,יח',1.00,יח',false,,3.90,3.9000,true,1,6382806
7290112497000,false,פנטסטיק תרכיז ניקוי רב תכליתי בניחוח לימון,יוניליוור ישראל שיווק בע`מ,,פנטסטיק סיף 1 ליטר-ח,יח',1.00,יח',false,,9.90,9.9000,true,1,6300427
7290112497123,false,סחלב תערובת להכנת מעדן בטעם סחלב 112גרם,יוניליוור ישראל שיווק בע`מ,,אבקת להכנת סחלב תלמה,גרמים,112.00,100 גרם,false,,9.90,0.0884,true,1,6342752
7290112497369,false,"דאב - דאודורנט רול און לאישה טלק סופט 50 מ""ל",יוניליוור ישראל שיווק בעמ,,דאב רולאון טאלק 50 מ,גרמים,50.00,100 גרם,false,,14.90,0.2980,true,1,6350751
7290112497505,false,"תחליב גוף וזלין ירוק עם אלוורה 600מ""ל",יוניליוור ישראל שיווק בע`מ,,וזלין תחליב גוף בתוס,מיליליטרים,618.00,"100 מ""ל",false,,19.90,0.0322,true,1,6309184
7290112497710,false,פינוק בייבי שמפו אל דמע לתינוקות 700 מל,יוניליוור ישראל שיווק בע`מ,,פינוק בייבי שמפו אל,מטרים,970.00,100 מ'ל,false,,14.90,0.0154,true,1,6476156
7290112497727,false,פינוק בייבי אל סבון אל דמע לתינוקות 700,"יוניליוור ישראל שיווק בע""מ",,פינוק בייבי אל סבון,מטרים,750.00,100 מ'ל,false,,14.90,0.0199,true,1,6476157
7290112497864,false,אבקת מרק בטעם עוף רכיבים טבעיים 33% פחות נתרן 400 גרם,"יוניליוור ישראל שיווק בע""מ",,מרק טעם עוף 33% פחות,גרמים,400.00,100 גרם,false,,19.90,0.0497,true,1,6351097
7290112498052,false,מארז פתית צ`יפס בטטה בטעם טבעי 84 ג`,יוניליוור ישראל שיווק בע`מ,,פתית ציפס עם בטטה מא,יח',1.00,יח',false,,14.90,14.9000,true,1,6377865
7290112498069,false,#קוקומן ללא גלוטן כשלפ 375ג - חדש,יוניליוור ישראל שיווק בע`מ,,קוקומן ללא גלוטן 375,גרמים,375.00,100 גרם,false,,17.90,0.0477,true,1,6357521
7290112498274,false,פינוק אלסבון לידיים לבנדר וניל 1ליטר+משא,יוניליוור ישראל שיווק בע`מ,,פינוק אלסבון לידיים,מטרים,1000.00,100 מ'ל,false,,11.80,0.0118,true,1,6382778
7290112498281,false,"אל סבון לידיים בתוספת שמן קוקוס פינוק 950 מ""ל",יוניליוור ישראל שיווק בע`מ,,פינוק אלסבון לידיים,מטרים,1000.00,100 מ'ל,false,,11.80,0.0118,true,1,6382779
7290112498298,false,"אל סבון ליידים בתוספת שמן מרוקאי פינוק 950 מ""ל","יוניליוור ישראל שיווק בע""מ",,פינוק אלסבון לידיים,מטרים,1000.00,100 מ'ל,false,,11.80,0.0118,true,1,6382780
7290112498748,false,מאגדת מיני סולרו וניל תות שדה 350 גר`,"מיוצר ע""\י גלידת שטראוס",,שטראוס מאגדת מיני סו,יח',1.00,יח',false,,19.50,19.5000,true,1,6357526
7290112498885,false,מאגדת גודי'ז תותים ושוקולד לבן 235 גרם,"גלידת שטראוס בע""\מ, רח'\",,מאגדת גודיז תותים וש,גרמים,240.00,100 גרם,false,,19.50,0.0813,true,1,6367922
7290112498922,false,מאגדת מיני מגנום לבן שטראוס 250 גרם,"מיוצר ע""\י גלידת שטראוס",,מאגדת מיני מגנום לבן,יח',1.00,יח',false,,24.90,24.9000,true,1,6382788
7290112499097,false,מאגדת מיני מגנום מריר Intense Dark! 240 גרם,"מיוצר ע""\י גלידת שטראוס",,מגנום מיני שוקולד מר,יח',1.00,יח',false,,24.90,24.9000,true,1,6427683
7290112499189,false,"גלידת קרמיסימו חד קרן וניל תות, 1.33 ליטר","גלידת שטראוס בע""\מ, רחוב",,קרמיסימו חד קרן,ליטרים,1.33,ליטר,false,,17.90,13.4586,true,1,6463140
7290112499196,false,גלידה בטעם החלב של הקורנפלקס 1.33 ל' קרמיסימו,"גלידת שטראוס בע""\מ, רחוב",,קרמיסימו חלב קורנפלק,ליטרים,1.33,ליטר,false,,17.90,13.4586,true,1,6463141
7290112499219,false,שלגון שמנת מופחת שומן וקלוריות בטעם פיסטוק עם ריפל בטעם שוקולד מריר וציפוי חלקי של שוקולד חלב מעולה,"גלידת שטראוס בע""\מ, רחוב",,מאגדת גודיז פיסטוק ש,גרמים,240.00,100 גרם,false,,19.90,0.0829,true,1,6442457
7290112499226,false,גלידונית פיסטוק ובננהבקלקר 60 יח 700 גרם,"גלידת שטראוס בע""\מ, רחוב",,גלידונית קרמיסימו פי,גרמים,630.00,100 גרם,false,,39.80,0.0632,true,1,6498476
7290112499455,false,פינוק תחליב רחצה 700 בתוספת שמן מרוקאי,"יוניליוור ישראל שיווק בע""מ",,פינוק תחליב רחצה שמן,מיליליטרים,700.00,"100 מ""ל",false,,9.90,0.0141,true,1,6378045
7290112499462,false,פינוק תחליב רחצה 700 בתוספת שמן קוקוס,יוניליוור ישראל שיווק בע`מ,,פינוק תחליב רחצה שמן,מיליליטרים,700.00,"100 מ""ל",false,,9.90,0.0141,true,1,6378046
7290112499493,false,"רקסונה - דאודורנט ספריי לאישה אלוורה 150 מ""ל","יוניליוור ישראל שיווק בע""מ",,רקסונה ספריי נשים במ,מיליליטרים,150.00,"100 מ""ל",false,,9.90,0.0660,true,1,6427678
7290112499509,false,"רקסונה - דאודורנט ספריי לאישה בניחוח אפרסק ולמון גראס 150 מ""ל","יוניליוור ישראל שיווק בע""מ",,רקסונה דאו אפרסק 150,מטרים,150.00,100 מ'ל,false,,9.90,0.0660,true,1,6476209
7290112499776,false,גלידת שמנת מופחתת שומן וקלוריות בטעם שוקולד לבן 240 גרם,"גלידת שטראוס בע""\מ, רח'\",,מאגדת גודיז 3 שוקולד,גרמים,240.00,100 גרם,false,,19.50,0.0813,true,1,6280421
7290112499844,false,מאגדת מיני מגנום דואט שוקולד עם נוגט שטראוס 310 גרם,"מיוצר ע""\י גלידת שטראוס",,מגנום מיני דואט שוקו,יח',1.00,יח',false,,24.90,24.9000,true,1,6243962
7290112499943,false,מיני מאגדת מיני מגנום טעמים שונים וניל+שוקו,"מיוצר ע""\י גלידת שטראוס",,מגנום מיני חוף השנהב,יח',1.00,יח',false,,24.90,24.9000,true,1,6243963
7290112703194,false,נר אותיות HB זהב,,,נר אותיות,יח',1.00,יח',false,,9.00,9.0000,true,1,5868610
7290112705426,false,צלחת במבוק 23 חד קרן,שמחה זה אנחנו בע`מ,,צלחת במבוק 23 חד קרן,יח',1.00,יח',false,,9.90,9.9000,true,1,5165516
7290112707482,false,זיקוק 15 סמ 6 יח 80 בקרטון 5גר כסף,,,זיקוק 15 סמ,יח',1.00,יח',false,,14.00,14.0000,true,1,5866198
7290112870124,false,ממרח עגבניות מיובשות 190ג רמילוי,,,ממרח עגבניות מיובשות,גרמים,190.00,100 גרם,false,,10.90,0.0574,true,1,4882379
7290112870148,false,ממרח טפנד זית מרינד 190ג רמילוי,,,ממרח טפנד זית מרינד,גרמים,190.00,100 גרם,false,,10.90,0.0574,true,1,4882381
7290112870155,false,ממרח טפנד זית ירוק 1,,,ממרח טפנד זית ירוק 1,גרמים,190.00,100 גרם,false,,10.90,0.0574,true,1,4882382
7290112870162,false,ממרח צ'מיצ'ורי 190ג,,,ממרח צ'מיצ'ורי 190ג,גרמים,190.00,100 גרם,false,,10.90,0.0574,true,1,4882383
7290112870179,false,ממרח פלפל אדום 190ג,,,ממרח פלפל אדום 190ג,גרמים,190.00,100 גרם,false,,10.90,0.0574,true,1,4882384
7290112870186,false,ממרח פסטו בזיליקום 190ג רמילוי,,,ממרח פסטו בזיליקום 1,גרמים,190.00,100 גרם,false,,10.90,0.0574,true,1,4882385
7290112870551,false,ממרח אריסה 190 ג רמילוי,,,ממרח אריסה 190 ג רמי,גרמים,190.00,100 גרם,false,,10.90,0.0574,true,1,5541464
7290112880802,false,כוס טרמית,,,כוס טרמית,יח',1.00,יח',false,,9.90,9.9000,true,1,6516260
7290112885074,false,סט 3 קופסאות מחולקת צבעוני,,,סט 3 קופסאות מחולקת,יח',1.00,יח',false,,9.90,9.9000,true,1,6482479
7290112961266,false,בייגלה כפיות פיזור איטלקי 300 גרם אסם,קבוצת אוסם סחר שותפות מוגבלת,,בייגלה כפיות איטלקי,יח',1.00,יח',false,,9.90,9.9000,true,1,5738928
7290112961372,false,פיטנס חטיפי פריכיות דקות קינמון 60 גרם,קבוצת אוסם סחר שותפות מוגבלת,,פיטנס חטיפי פריכיות,גרמים,60.00,100 גרם,false,,7.80,0.1300,true,1,5364521
7290112961440,false,פיטנס חטיפי פריכיות שוקולד מריר 84 גרם,קבוצת אוסם סחר שותפות מוגבלת,,פיטנס בר חטיפי פריכי,יח',1.00,יח',false,,11.90,11.9000,true,1,6277745
7290112961464,false,פיטנס חטיפי פריכיות דגנים וחומוס מתובלות,קבוצת אוסם סחר שותפות מוגבלת,,פיטנס חטיפי פריכיות,גרמים,60.00,100 גרם,false,,7.90,0.1317,true,1,5364522
7290112961754,false,עוגיות שוקולד ציפס עם קרם בטעם אגוזים 220 גר',קבוצת אוסם סחר שותפות מוגבלת,,אסם עוגיות במילוי קר,גרמים,220.00,100 גרם,false,,9.90,0.0450,true,1,5364524
7290112962287,false,טבעול שווארמה טבעונית 6*450 גרם,קבוצת אוסם סחר שותפות מוגבלת,,טבעול שווארמה טבעוני,גרמים,450.00,100 גרם,false,,29.90,0.0664,true,1,6294297
7290112963321,false,גריסיני בייגלה שטוח ללא גלוטן אסם 300גרם,קבוצת אוסם סחר שותפות מוגבלת,,בייגלה שטוח ללא גלוט,גרמים,300.00,100 גרם,false,,11.90,0.0397,true,1,6286900
7290112963918,false,פיטנס חטיפי קרקר דק רוזמרין 140 גרם,קבוצת אוסם סחר שותפות מוגבלת,,פיטנס קרקר דק רוזמרי,גרמים,140.00,100 גרם,false,,10.90,0.0779,true,1,5738799
7290112964410,false,אסם רוטב אלף האיים חדש לסלט 290 גרם,קבוצת אוסם סחר שותפות מוגבלת,,רוטב אלף האיים לסלט,מיליליטרים,290.00,"100 מ""ל",false,,8.90,0.0307,true,1,5943602
7290112964434,false,אסם רוטב קיסר חדש לסלט 295 גרם,קבוצת אוסם סחר שותפות מוגבלת,,רוטב קיסר לסלט 290 מ,מיליליטרים,290.00,"100 מ""ל",false,,8.90,0.0307,true,1,5738903
7290112964472,false,אסם רוטב שום חדש לסלט 290 גרם,קבוצת אוסם סחר שותפות מוגבלת,,"רוטב שום לסלט 290 מ""",מיליליטרים,290.00,"100 מ""ל",false,,8.90,0.0307,true,1,5738905
7290112964564,false,רוטב אלף האיים לייט לסלט אסם (295 מל),קבוצת אוסם סחר שותפות מוגבלת,,רוטב אלף האיים לייט,מיליליטרים,295.00,"100 מ""ל",false,,8.90,0.0302,true,1,5738906
7290112964601,false,רוטב בנוסח סצ'ואן הסדרה האסייתית,קבוצת אוסם סחר שותפות מוגבלת,,רוטב בנוסח סצואן אסם,מיליליטרים,290.00,"100 מ""ל",false,,10.90,0.0376,true,1,5657160
7290112964625,false,רוטב שום לייט לסלט 310 גרם אסם,קבוצת אוסם סחר שותפות מוגבלת,,רוטב שום לייט לסלט 3,מיליליטרים,310.00,"100 מ""ל",false,,8.90,0.0287,true,1,5738931
7290112964724,false,המבורגר צמחוני עם המון חלבון 580 גר,קבוצת אוסם סחר שותפות מוגבלת,,טבעול המבורגר טבעוני,גרמים,580.00,100 גרם,false,,29.90,0.0516,true,1,5919994
7290112965165,false,מרק נמס פטריות אסם בדצ 48 גרם מארז זוגי,קבוצת אוסם סחר שותפות מוגבלת,,זוג מרק נמס פטריות ב,יח',1.00,יח',false,,5.50,5.5000,true,1,6151205
7290112965264,false,אבקת מרק נמס אפונה אסם בדצ 52 גרם מארז זוגי,קבוצת אוסם סחר שותפות מוגבלת,,אסם זוג מרק נמס אפונ,יח',1.00,יח',false,,5.50,5.5000,true,1,6323372
7290112965288,false,מרק נמס ירקות אסם בדצ 56 גרם מארז זוגי,קבוצת אוסם סחר שותפות מוגבלת,,אסם זוג מרק נמס ירקו,יח',1.00,יח',false,,5.50,5.5000,true,1,6323373
7290112965325,false,אורז בסגנון ספרדי אסם 140 גרם,קבוצת אוסם סחר שותפות מוגבלת,,אורז ספרדי 140 גר,גרמים,140.00,100 גרם,false,,11.50,0.0821,true,1,6151296
7290112965660,false,חטיף מולטיגריין מלח פלפל ( 25 גר`) פיטנס,קבוצת אוסם סחר שותפות מוגבלת,,פיטנס חטיף מולטיגריי,יח',1.00,יח',false,,4.90,4.9000,true,1,6323405
7290112965684,false,פיטנס - חטיף מולטיגריין עשבי תיבול 25 גרם,קבוצת אוסם סחר שותפות מוגבלת,,פיטנס חטיף מולטיגריי,יח',1.00,יח',false,,4.90,4.9000,true,1,6323406
7290112965707,false,פיטנס - חטיף מולטיגריין צילי מעודן 25 גרם,קבוצת אוסם סחר שותפות מוגבלת,,פיטנס חטיף מולטיגריי,יח',1.00,יח',false,,4.90,4.9000,true,1,6323407
7290112965745,false,אוסם - ביסלי פריסטייל בצל מעושן 60 גרם,קבוצת אוסם סחר שותפות מוגבלת,,ביסלי פריסטייל בצל מ,גרמים,60.00,100 גרם,false,,3.90,0.0650,true,1,6382145
7290112965783,false,אוסם - ביסלי פריסטייל על האש 60 גרם,קבוצת אוסם סחר שותפות מוגבלת,,ביסלי פריסטייל על הא,גרמים,60.00,100 גרם,false,,3.90,0.0650,true,1,6382146
7290112965905,false,בייגלה שמיניות במליחות מעודנת אסם 400 גרם,קבוצת אוסם סחר שותפות מוגבלת,,בייגלה שמיניות מלח ב,גרמים,300.00,100 גרם,false,,9.90,0.0330,true,1,6198857
7290112966001,false,"טבעול גורמה ארוחת ירוקים, 450 גרם",קבוצת אוסם סחר שותפות מוגבלת,,טבעול גורמה ארוחת יר,גרמים,450.00,100 גרם,false,,29.90,0.0664,true,1,6429891
7290112966094,false,עוגת הבית בטעם תפוז מופחת סוכראסם (400 ג,קבוצת אוסם סחר שותפות מוגבלת,,עוגת תפוז פחות סוכר,גרמים,400.00,100 גרם,false,,10.90,0.0273,true,1,6266656
7290112966247,false,לחמית כוסמין 200 גרם אסם,קבוצת אוסם סחר שותפות מוגבלת,,לחמית כוסמין 200 גרם,גרמים,200.00,100 גרם,false,,8.90,0.0445,true,1,6286927
7290112966445,false,במבה מתוקה אריזה גדולה 100 גר`אסם,קבוצת אוסם סחר שותפות מוגבלת,,במבה מתוקה 100 גרם,גרמים,100.00,100 גרם,false,,8.90,0.0890,true,1,5919998
7290112966841,false,אינסטנט פודינג בטעם שוקולד מריר 95 גרם,קבוצת אוסם סחר שותפות מוגבלת,,אינסטנט פודינג בטעם,גרמים,95.00,100 גרם,false,,4.90,0.0516,true,1,6241173
7290112967114,false,פיטנס חטיפי פריכיות קטניות ופלפל 60 גרם,קבוצת אוסם סחר שותפות מוגבלת,,פיטנס חטיפי פריכיות,יח',1.00,יח',false,,7.90,7.9000,true,1,6277182
7290112967138,false,בייגלה שמיניות ללא גלוטן 250 גרם אסם,קבוצת אוסם סחר שותפות מוגבלת,,בייגלה שמיניות ללא ג,יח',1.00,יח',false,,9.90,9.9000,true,1,6198864
7290112967220,false,ביסלי מארז ברביקיו 20 גר'*10 יח' אסם,קבוצת אוסם סחר-שות.מוגבלת,,ביסלי ברבקיו מארז 10,גרמים,200.00,100 גרם,false,,13.90,0.0695,true,1,6286901
7290112967244,false,ביסלי גריל מארז 20 גר'*10 יח' אסם,,,ביסלי גריל מארז אחיד,גרמים,200.00,100 גרם,false,,13.90,0.0695,true,1,6313417
7290112967381,false,פיטנס חטיפי פריכיות קטניות ומלח ים 60 גרם,קבוצת אוסם סחר שותפות מוגבלת,,פיטנס חטיפי פריכיות,יח',1.00,יח',false,,7.90,7.9000,true,1,6277746
7290112967572,false,"אסם רוטב ברביקיו 290 מ""ל אסם",קבוצת אוסם סחר שותפות מוגבלת,,רוטב ברביקיו 290 מל,מיליליטרים,290.00,"100 מ""ל",false,,8.90,0.0307,true,1,6300658
7290112967619,false,"אסם רוטב סויה קלאסי מופחת נתרן 290 מ""ל","אסם תעשיות בע""מ",,רוטב סויה קלאסי מופח,מיליליטרים,290.00,"100 מ""ל",false,,12.90,0.0445,true,1,6241175
7290112967848,false,אבקה להכנת ג`לי בטעם תות אסם (90 גרם) מו,קבוצת אוסם סחר שותפות מוגבלת,,ג'לי בטעם תות שדה מו,גרמים,85.00,100 גרם,false,,4.90,0.0576,true,1,6269300
7290112968203,false,צבר סלט טחינה בלאדי 6*250גרם,קבוצת אוסם סחר שותפות מוגבלת,,צבר סלט טחינה בלאדי,גרמים,250.00,100 גרם,false,,9.90,0.0396,true,1,6269499
7290112968340,false,צבר חומוס גרוס גס גס 400 גרם,קבוצת אוסם סחר שותפות מוגבלת,,חומוס גרוס גס גס צבר,גרמים,400.00,100 גרם,false,,12.90,0.0323,true,1,6274859
7290112968449,false,סלט טחינה כרוב אדום 250 גרם,קבוצת אוסם סחר שותפות מוגבלת,,צבר סלט כרוב אדום 25,גרמים,250.00,100 גרם,false,,9.90,0.0396,true,1,6269480
7290112968708,false,"טבעול שניצל תירס עדה חרדית 1.3 ק""ג",קבוצת אוסם סחר שותפות מוגבלת,,טבעול שניצל תירס 1.3,קילוגרמים,1.30,"ק""ג",false,,39.90,30.6923,true,1,6286061
7290112968807,false,80018416694פיטנס חטיפי קרקר דק סלק 150גר,קבוצת אוסם סחר שותפות מוגבלת,,פיטנס קרקר דק סלק 14,גרמים,140.00,100 גרם,false,,10.90,0.0779,true,1,6323409
7290112968821,false,חטיפי קרקר דק בטטה 140 גר` פיטנס,קבוצת אוסם סחר שותפות מוגבלת,,פיטנס קרקר דק בטטה 1,גרמים,140.00,100 גרם,false,,10.90,0.0779,true,1,6323410
7290112969286,false,בישולים רוטב חרדל ודבש ( 330 גר`) אסם,קבוצת אוסם סחר שותפות מוגבלת,,אסם בישולים רוטב חרד,גרמים,335.00,100 גרם,false,,14.90,0.0445,true,1,6334720
7290113190375,false,סילאן טבעי שקדיה 900 גרם,דין שיווק וקליה 2021 בעמ,,סילאן טבעי שקדיה 900,גרמים,900.00,100 גרם,false,,19.90,0.0221,true,1,6317559
7290113190467,false,אפונה שקית זיפר 1קג רמילוי,,,אפונה שקית זיפר 1קג,יח',1.00,יח',false,,7.50,7.5000,true,1,5677303
7290113190474,false,בורגול שקית זיפר 1קג רמילוי,,,בורגול שקית זיפר 1קג,קילוגרמים,1.00,"ק""ג",false,,6.50,6.5000,true,1,5677304
7290113190504,false,חומוס גדול שקית זיפר 1קג רמילוי,,,חומוס גדול שקית זיפר,יח',1.00,יח',false,,10.90,10.9000,true,1,5677306
7290113190511,false,חומוס ענק שקית זיפר 1קג רמילוי,,,חומוס ענק שקית זיפר,קילוגרמים,1.00,"ק""ג",false,,13.90,13.9000,true,1,5677307
7290113190528,false,חיטה שקית זיפר 1קג רמילוי,,,חיטה שקית זיפר 1קג ר,יח',1.00,יח',false,,7.90,7.9000,true,1,5783274
7290113190542,false,לוביה קלויה שקית זיפר 900גר רמילוי,,,לוביה קלויה שקית זיפ,גרמים,900.00,100 גרם,false,,16.90,0.0188,true,1,5677310
7290113190634,false,שעועית מנומרת שקית ז,,,שעועית מנומרת שקית ז,יח',1.00,יח',false,,15.90,15.9000,true,1,5677315
7290113190771,false,חלבה מסולסלת שוקו וניל 300 גר`ששון הקו,דין שיווק וקליה 2021 בעמ,,חלבה מסולסלת שוקו ונ,גרמים,300.00,100 גרם,false,,13.90,0.0463,true,1,5555779
7290113191099,false,"סירופ מייפל 250מ""ל שקדיה","קופרדקס איי פי אם בע""\מ",,סירופ מייפל טהור 250,מיליליטרים,250.00,"100 מ""ל",false,,19.90,0.0796,true,1,6369141
7290113191921,false,"תרכיז מלבי 750 מ""ל שקדיה",דין שיווק וקליה 2021 בעמ,,"סירופ מלבי 750מ""ל",מטרים,750.00,100 מ'ל,false,,16.50,0.0220,true,1,6495687
7290113191938,false,"סירופ רוזטה בטעם שקדים 750 מ""ל",דין שיווק וקליה 2021 בעמ,,סירופ רוזטה בטעם שקד,מטרים,750.00,100 מ'ל,false,,16.50,0.0220,true,1,6495688
7290113192218,false,פינוק מלבי 500 גר`קרטון שקדיה,דין שיווק וקליה 2021 בעמ,,תערובת להכנת מלבי 50,גרמים,500.00,100 גרם,false,,13.90,0.0278,true,1,6294354
7290113192300,false,זיתים חרוזית מושחרים בית השיטה 275 גרם,קבוצת אוסם סחר שותפות מוגבלת,,בית השיטה חרוזית מוש,גרמים,275.00,100 גרם,false,,8.90,0.0324,true,1,6198981
7290113192317,false,זיתים מושחרים טבעות בית השיטה (280 גרם),קבוצת אוסם סחר שותפות מוגבלת,,בית השיטה טבעות זיתי,גרמים,280.00,100 גרם,false,,10.70,0.0382,true,1,6198982
7290113192324,false,זיתים ירוקים שלמים בינוניים בית השיטה,קבוצת אוסם סחר-שות.מוגבלת,,זיתים ירוקים 340 ג,גרמים,340.00,100 גרם,false,,8.90,0.0262,true,1,6198983
7290113192331,false,בית השיטה זיתים ירוקים גדולים 340 גרם*,קבוצת אוסם סחר שותפות מוגבלת,,בית השיטה זיתים ירוק,גרמים,340.00,100 גרם,false,,9.50,0.0279,true,1,6198984
7290113192348,false,בית השיטה זיתים ירוקים גדול מאודבטעם שום,קבוצת אוסם סחר-שות.מוגבלת,,בית השיטה זיתים ירוק,גרמים,340.00,100 גרם,false,,9.50,0.0279,true,1,6198985
7290113192355,false,חרוזית זיתים ירוקים ללא גלעין 275 ג' בית השיטה,קבוצת אוסם סחר שותפות מוגבלת,,בית השיטה חרוזית זית,גרמים,275.00,100 גרם,false,,9.50,0.0345,true,1,6198986
7290113192362,false,בית השיטה טבעות זיתים ירק.א2 12*280ג חדש,קבוצת אוסם סחר שותפות מוגבלת,,בית השיטה טבעות זיתי,גרמים,280.00,100 גרם,false,,9.90,0.0354,true,1,6198987
7290113192379,false,בית השיטה זיתים ירוקים מבוקעים א2 340גר',קבוצת אוסם סחר-שות.מוגבלת,,בית השיטה זיתים ירוק,גרמים,340.00,100 גרם,false,,8.90,0.0262,true,1,6198988
7290113192386,false,בית השיטה זיתים ירוקים סורי מבוקע 340גרם,קבוצת אוסם סחר שותפות מוגבלת,,בית השיטה זיתים ירוק,גרמים,340.00,100 גרם,false,,9.80,0.0288,true,1,6198989
7290113192393,false,בית השיטה קוקטייל זיתים א2 336 גרם,קבוצת אוסם סחר שותפות מוגבלת,,בית השיטה קוקטייל זי,גרמים,340.00,100 גרם,false,,10.90,0.0321,true,1,6198990
7290113192478,false,בית השיטה מלפפונים במלח בינוני 10-12 320 גרם,קבוצת אוסם סחר שותפות מוגבלת,,בית השיטה מלפפון מלח,גרמים,320.00,100 גרם,false,,7.50,0.0234,true,1,6198998
7290113192485,false,בית השיטה מלפפונים בחומץ בינוני 10-12 290 גרם,קבוצת אוסם סחר שותפות מוגבלת,,בית השיטה מלפפון בחו,גרמים,290.00,100 גרם,false,,7.50,0.0259,true,1,6198999
7290113192492,false,בית השיטה מלפפונים בחומץ קטנים 1317 290 גרם,קבוצת אוסם סחר שותפות מוגבלת,,בית השיטה מלפפון בחו,גרמים,290.00,100 גרם,false,,10.50,0.0362,true,1,6199000
7290113192508,false,ב.השיטה מלפפון במלח ר.טבע א2 17-13 320 גרם,קבוצת אוסם סחר שותפות מוגבלת,,בית השיטה מלפפון במל,גרמים,320.00,100 גרם,false,,10.50,0.0328,true,1,6199001
7290113192515,false,בית השיטה מלפפונים במלח קטן מאוד 1825 320 גרם,קבוצת אוסם סחר שותפות מוגבלת,,בית השיטה מלפפון במל,גרמים,320.00,100 גרם,false,,11.50,0.0359,true,1,6199002
7290113192522,false,בית השיטה מלפפונים בחומץ קטן מאוד 1825 290 גרם,קבוצת אוסם סחר שותפות מוגבלת,,בית השיטה מלפפון בחו,גרמים,290.00,100 גרם,false,,11.50,0.0397,true,1,6199003
7290113192539,false,בית השיטה מלפפונים במלח גדול 79 320 גרם,קבוצת אוסם סחר שותפות מוגבלת,,בית השיטה מלפפון במל,גרמים,320.00,100 גרם,false,,6.30,0.0197,true,1,6199004
7290113192546,false,"מלפפונים בחומץ רכיבים טבעיים 7-9 ""בית השיטה""",קבוצת אוסם סחר שותפות מוגבלת,,בית השיטה מלפפון בחו,גרמים,290.00,100 גרם,false,,6.30,0.0217,true,1,6199005
7290113192553,false,מלפפונים במלח 13-17 פיקנטי בית השיטה 320 גרם,קבוצת אוסם סחר-שות.מוגבלת,,בית השיטה מלפפון במל,גרמים,320.00,100 גרם,false,,10.70,0.0334,true,1,6199006
7290113192560,false,פלפל חריף כבוש שיפקה בית השיטה (430 גר`),קבוצת אוסם סחר שותפות מוגבלת,,בית השיטה שיפקה 230,גרמים,230.00,100 גרם,false,,6.50,0.0283,true,1,6199007
7290113192577,false,בית השיטה כרוב כבוש א2 12*430גרם חדש,קבוצת אוסם סחר שותפות מוגבלת,,בית השיטה כרוב כבוש,גרמים,430.00,100 גרם,false,,6.90,0.0160,true,1,6199008
7290113192881,false,"טורטיה חיטה מופחת קלוריות, קוטר 20 ס""מ - 6 יח'",דין שיווק וקליה 2021 בעמ,,טורטיה חיטה מופחתת ק,גרמים,270.00,100 גרם,false,,9.90,0.0367,true,1,6282886
7290113192997,false,בית השיטה זית מרוקאי 340 גרם*,קבוצת אוסם סחר שותפות מוגבלת,,בית השיטה זית מרוקאי,גרמים,340.00,100 גרם,false,,11.90,0.0350,true,1,6271890
7290113193000,false,בית השיטה פלפל שיפקונית 230 גרם*,קבוצת אוסם סחר שותפות מוגבלת,,בית השיטה פלפל שיפקו,גרמים,230.00,100 גרם,false,,9.90,0.0430,true,1,6271891
7290113193031,false,חרוזית קלמטה - זיתים שחורים ללא גלעין קלמטה,קבוצת אוסם סחר שותפות מוגבלת,,בית השיטה חרוזית קלמ,גרמים,275.00,100 גרם,false,,11.50,0.0418,true,1,6271893
7290113193406,false,"קוקטייל טבעות זיתים - זיתים ירוקים, שחורים מרינד",קבוצת אוסם סחר שותפות מוגבלת,,בית השיטה זיתים טבעו,גרמים,280.00,100 גרם,false,,10.70,0.0382,true,1,6286931
7290113193888,false,בית השיטה חצילים מוחמצים 320 גרם,קבוצת אוסם סחר שותפות מוגבלת,,חצילים מוחמצים 320 ג,גרמים,320.00,100 גרם,false,,8.90,0.0278,true,1,6348782
7290113194632,false,ממרח שקדים 100% 500 גרם,דין שיווק וקליה 2021 בעמ,,ממרח שקדים 500גר,גרמים,500.00,100 גרם,false,,44.90,0.0898,true,1,6339645
7290113194649,false,בית השיטה מלפפונים במלח קוביות 320 גרם,קבוצת אוסם סחר שותפות מוגבלת,,בית השיטה מלפפון במל,גרמים,320.00,100 גרם,false,,6.90,0.0216,true,1,6338096
7290113195066,false,חלבה טורקית בטעם וניל שקדיה 400 גרם,דין שיווק וקליה 2021 בעמ,,חלבה טורקית טעם וניל,גרמים,400.00,100 גרם,false,,12.90,0.0323,true,1,6344983
7290113195073,false,חלבה טורקית עם פיסטוקים 400 גר` שקדיה,דין שיווק וקליה 2021 בעמ,,חלבה טורקית עם פיסטו,גרמים,400.00,100 גרם,false,,14.90,0.0373,true,1,6344984
7290113195080,false,חלבה טורקית בטעם שוקו וניל 400 גר` שקדיה,דין שיווק וקליה 2021 בעמ,,חלבה טורקית שוקו וני,גרמים,400.00,100 גרם,false,,12.90,0.0323,true,1,6344985
7290113195479,false,קמח שקדים ( 200 גר`) שקדיה,דין שיווק וקליה 2021 בעמ,,קמח שקדים 200גר שקדי,גרמים,200.00,100 גרם,false,,14.70,0.0735,true,1,6354745
7290113196414,false,"אורז בסמטי 1 ק""ג - שקדיה כחול מטאלי",דין שיווק וקליה 2021 בעמ,,אורז בסמטי 1'ד שקדיה,קילוגרמים,1.00,"ק""ג",false,,9.70,9.7000,true,1,6402164
7290113196513,false,פריכיות כוסמת בתוספת שקדים שקדיה 150 גרם,דין שיווק וקליה 2021 בעמ,,פריכיות כוסמת שקדים,גרמים,150.00,100 גרם,false,,10.90,0.0727,true,1,6397432
7290113196520,false,פריכיות כוסמין ללא מלח שקדיה 150 גרם,דין שיווק וקליה 2021 בעמ,,"פריכיות כוסמין לל""מ",גרמים,150.00,100 גרם,false,,10.90,0.0727,true,1,6397433
7290113197152,false,לבבות דקל שלמים במלח410ג,שקדיה,,לבבות דקל 410ג במי מ,גרמים,410.00,100 גרם,false,,13.90,0.0339,true,1,6397457
7290113197169,false,שקדיה חמאת בוטנים עם שברי בוטנים 510 גר,דין שיווק וקליה 2021 בעמ,,חמאת בוטנים טבעית 51,גרמים,510.00,100 גרם,false,,15.90,0.0312,true,1,6473836
7290113197176,false,חמאת בוטנים טבעית עם שברי בוטנים 450,דין שיווק וקליה 2021 בעמ,,חמאת בוטנים עם שבבים,גרמים,510.00,100 גרם,false,,15.90,0.0312,true,1,6473837
7290113197800,false,פלפל קלוי קלוי 400 גרם בית השיטה,קבוצת אוסם סחר שותפות מוגבלת,,בית השיטה פלפל קלוי,גרמים,400.00,100 גרם,false,,11.90,0.0298,true,1,6441582
7290113199323,false,עלי טורטילוס בוריטו150גר,אלקטי קוראבייכיסיגידה טו,,מיני טורטיה מקמח תיר,גרמים,150.00,100 גרם,false,,4.90,0.0327,true,1,6473838
7290113199767,false,ממרח שקדים 300 גרם השקדיה,דין שיווק וקליה 2021 בעמ,,ממרח שקדים 300 גר,גרמים,300.00,100 גרם,false,,26.70,0.0890,true,1,6461234
7290113199781,false,ממרח אגוזים ובוטנים 100% 200 גרם,דין שיווק וקליה 2021 בעמ,,ממרח אגוזים ובוטנים,גרמים,200.00,100 גרם,false,,14.70,0.0735,true,1,6461236
7290113302259,false,חטיף בונזו נאגטס בקר ודג 80 גר,שחורי אריה ואנסטסיה,,חטיף בונזו נאגטס בקר,יח',1.00,יח',false,,9.90,9.9000,true,1,6321332
7290113302273,false,חטיף בונזו עם עצם קלציום עם עוף,שחורי אריה ואנסטסיה,,חטיף בונזו עצם קלציו,יח',1.00,יח',false,,9.90,9.9000,true,1,6321334
7290113302280,false,חטיף בונזו צורת נקניקייה 80 גר,שחורי אריה ואנסטסיה,,חטיף בונזו צורת נקני,יח',1.00,יח',false,,9.90,9.9000,true,1,6321335
7290113303591,false,חטיף בונזו סנוויצוני עוף 80 גר,שחורי אריה ואנסטסיה,,חטיף בונזו סוויצוני,יח',1.00,יח',false,,12.90,12.9000,true,1,6414067
7290113460607,false,סוכר לבן 1קג רמילוי,,,סוכר לבן 1קג רמילוי,קילוגרמים,1.00,"ק""ג",false,,3.90,3.9000,true,1,5273740
7290113463547,false,"גבנ""צ פרוסה 28% 150ג רמילוי",,,"גבנ""צ פרוסה 28% 150ג",גרמים,150.00,100 גרם,false,,5.10,0.0340,true,1,6454167
7290113463561,false,"גבנ""צ פרוסה 28% 400גר רמילוי",,,"גבנ""צ פרוסה 28% 400ג",גרמים,400.00,100 גרם,false,,13.60,0.0340,true,1,6454168
7290113469969,false,גבינה מגורדת 300ג רמילוי,,,*מבצע* גבינה מגורדת,גרמים,300.00,100 גרם,false,,7.90,0.0263,true,1,6459902
7290113470019,false,מדליק פחמים +גפרור (,,,מדליק פחמים,יח',1.00,יח',false,,5.90,5.9000,true,1,5590376
7290113470408,false,שטיח שנל 80*50,,,שטיח שנל 50*80,יח',1.00,יח',false,,29.90,29.9000,true,1,5665866
7290113470477,false,נעלי בית גברים (41-46) EXCLUSIVE שחור/אפור,,,נעלי בית לגברים,יח',1.00,יח',false,,49.90,49.9000,true,1,5774232
7290113470941,false,כפפות ניטרל S שחור(100 יחידות ),,,כפפות ניטרל S שחור(1,יח',1.00,יח',false,,24.90,24.9000,true,1,6074833
7290113470958,false,כפפות ניטרל M שחור(100 יחידות ),,,כפפות ניטרל M שחור(1,יח',1.00,יח',false,,24.90,24.9000,true,1,6074851
7290113470965,false,כפפות ניטרל L שחור(100 יחידות ),,,כפפות ניטרל L שחור(1,יח',1.00,יח',false,,24.90,24.9000,true,1,6074852
7290113470972,false,כפפות ניטרל XL שחור(100 יחידות ),,,כפפות ניטרל XL שחור(,יח',1.00,יח',false,,24.90,24.9000,true,1,6074853
7290113471641,false,סדין יחיד ג'רזי 90*200 אפור,,,סדין יחיד ג'רזי 90*2,יח',1.00,יח',false,,49.90,49.9000,true,1,6140101
7290113471788,false,סדין זוגי ג'רזי 1.60*200 שמנת,,,סדין זוגי ג'רזי 1.60,יח',1.00,יח',false,,59.90,59.9000,true,1,6140115
7290113471962,false,זוג ציפה לכרית ג'רזי 50*70 אפור,,,זוג ציפה לכרית ג'רזי,יח',1.00,יח',false,,24.90,24.9000,true,1,6140132
7290113472006,false,זוג ציפה לכרית ג'רזי 50*70 כחול ג'ינס,,,זוג ציפה לכרית ג'רזי,יח',1.00,יח',false,,24.90,24.9000,true,1,6140136
7290113472037,false,זוג ציפה לכרית ג'רזי 50*70 שמנת,,,זוג ציפה לכרית ג'רזי,יח',1.00,יח',false,,24.90,24.9000,true,1,6140138
7290113472648,false,10' לוקסור לבן (10 יח'),,,10' לוקסור לבן (10 י,יח',1.00,יח',false,,26.90,26.9000,true,1,6274634
7290113472822,false,7' לוקסור נצנץ כסף (10 יח').,,,7' לוקסור נצנץ כסף (,יח',1.00,יח',false,,15.90,15.9000,true,1,6274652
7290113472839,false,9' לוקסור נצנץ כסף (10 יח'),,,9' לוקסור נצנץ כסף (,יח',1.00,יח',false,,19.90,19.9000,true,1,6274653
7290113472846,false,10' לוקסור נצנץ כסף (10 יח'),,,10' לוקסור נצנץ כסף,יח',1.00,יח',false,,26.90,26.9000,true,1,6274654
7290113472853,false,מרקיה לוקסור נצנץ כסף (10 יח').,,,מרקיה לוקסור נצנץ כס,יח',1.00,יח',false,,18.90,18.9000,true,1,6274655
7290113473461,false,נר בריח וניל צבעוני,,,נר בריח וניל צבעוני,יח',1.00,יח',false,,9.90,9.9000,true,1,6274210
7290113473560,false,מגבת פנים 90*50,,,מגבת פנים 90*50,יח',1.00,יח',false,,19.90,19.9000,true,1,6272889
7290113473577,false,כוסות פרימיום 250 מל,,,כוסות פרימיום 250 מל,יח',1.00,יח',false,,14.90,14.9000,true,1,6276958
7290113474024,false,צלחת עגולה קטנה (10 יח') עלי דקל,,,צלחת עגולה קטנה (10,יח',1.00,יח',false,,10.90,10.9000,true,1,6311253
7290113474031,false,צלחת עגולה בינונית (10 יח') עלי דקל,,,צלחת עגולה בינונית (,יח',1.00,יח',false,,15.90,15.9000,true,1,6311254
7290113474048,false,צלחת ריבועית גדולה (10 יח') עלי דקל,,,צלחת ריבועית גדולה (,יח',1.00,יח',false,,17.90,17.9000,true,1,6311255
7290113474642,false,זוג תחתוני נשים,,,זוג תחתוני נשים,יח',1.00,יח',false,,15.90,15.9000,true,1,6308682
7290113474666,false,זוג תחתוני נשים,,,זוג תחתוני נשים,יח',1.00,יח',false,,15.90,15.9000,true,1,6308684
7290113474727,false,זוג תחתוני גבר,,,זוג תחתוני גבר,יח',1.00,יח',false,,20.00,20.0000,true,1,6308690
7290113474932,false,גופיות פלנל לבן SIZE L,,,גופיות פלנל לבן SIZE,יח',1.00,יח',false,,24.90,24.9000,true,1,6325423
7290113474949,false,גופיות פלנל לבן xl,,,גופיות פלנל לבן xl,יח',1.00,יח',false,,24.90,24.9000,true,1,6325424
7290113474963,false,גופיות פלנל שחור SIZE S,,,גופיות פלנל שחור SIZ,יח',1.00,יח',false,,24.90,24.9000,true,1,6325426
7290113474987,false,גופיות פלנל שחור SIZE L,,,גופיות פלנל שחור SIZ,יח',1.00,יח',false,,24.90,24.9000,true,1,6325428
7290113475038,false,גופיות טרמי לבן SIZE L,,,גופיות טרמי לבן SIZE,יח',1.00,יח',false,,24.90,24.9000,true,1,6325432
7290113475083,false,גופיות טרמי שחור SIZE L,,,גופיות טרמי שחור SIZ,יח',1.00,יח',false,,24.90,24.9000,true,1,6325437
7290113475335,false,מפיות 15 יחידות,,,מפיות 15 יחידות,יח',1.00,יח',false,,4.90,4.9000,true,1,6320462
7290113475526,false,מפיות מוטבעות לבן שח,,,מפיות מוטבעות לבן שח,יח',1.00,יח',false,,4.90,4.9000,true,1,6313070
7290113475700,false,קשיות נייר 50 יחידות,,,קשיות נייר 50 יחידות,יח',1.00,יח',false,,3.90,3.9000,true,1,6323619
7290113475823,false,סדין יחיד ג'רזי (90*200) BEIGE-61594,,,סדין יחיד ג'רזי (90*,יח',1.00,יח',false,,49.90,49.9000,true,1,6325387
7290113475854,false,סדין זוגי ג'רזי (1.60*200) BEIGE-61594,,,סדין זוגי ג'רזי (1.6,יח',1.00,יח',false,,59.90,59.9000,true,1,6325390
7290113475946,false,זוג ציפה לכרית ג'רזי (50*70) BEIGE-61594,,,זוג ציפה לכרית ג'רזי,יח',1.00,יח',false,,24.90,24.9000,true,1,6325399
7290113476103,false,מגבת גוף (70*140) תכלת,,,מגבת גוף (70*140) תכ,יח',1.00,יח',false,,44.90,44.9000,true,1,6323955
7290113476110,false,מגבת גוף (70*140) בז',,,מגבת גוף (70*140) בז,יח',1.00,יח',false,,44.90,44.9000,true,1,6323956
7290113476134,false,מגבת גוף 140*70 ורוד פוקסיה,,,מגבת גוף 140*70 ורוד,יח',1.00,יח',false,,44.90,44.9000,true,1,6323958
7290113476165,false,מגבת פנים (50*90) תכלת,,,מגבת פנים (50*90) תכ,יח',1.00,יח',false,,19.90,19.9000,true,1,6323961
7290113476172,false,מגבת פנים (50*90) בז',,,מגבת פנים (50*90) בז,יח',1.00,יח',false,,19.90,19.9000,true,1,6323962
7290113476196,false,מגבת פנים (50*90) ורוד פוקסיה,,,מגבת פנים (50*90) ור,יח',1.00,יח',false,,19.90,19.9000,true,1,6323964
7290113478060,false,מפיות מודפסות,,,מפיות מודפסות,יח',1.00,יח',false,,4.90,4.9000,true,1,6346983
7290113478183,false,"גביעים אמריקאים 480מ""ל (26יח')",,,גביעים אמריקאים 480מ,יח',1.00,יח',false,,19.90,19.9000,true,1,6354619
7290113478442,false,טי שרט לבן עגול XL,,,טי שרט לבן עגול XL,יח',1.00,יח',false,,20.90,20.9000,true,1,6403021
7290113478459,false,טי שרט לבן עגול XXL,,,טי שרט לבן עגול XXL,יח',1.00,יח',false,,20.90,20.9000,true,1,6403022
7290113478466,false,טי שרט שחור V (מידה,,,טי שירט שחור XL V,יח',1.00,יח',false,,20.90,20.9000,true,1,6406239
7290113479593,false,חמישית תחתוני נשים XL ביקיני,,,חמישית תחתוני נשים X,יח',1.00,יח',false,,39.90,39.9000,true,1,6402416
7290113479609,false,חמישית תחתוני נשים L ביקיני,,,חמישית תחתוני נשים L,יח',1.00,יח',false,,39.90,39.9000,true,1,6402417
7290113479630,false,כוס אבן (40 יח') שחו,,,כוס אבן (40 יח') שחו,יח',1.00,יח',false,,12.90,12.9000,true,1,6375797
7290113479708,false,גליל נייר מגבת מודפס איכותי למטבח,,,גליל נייר מגבת מודפס,יח',1.00,יח',false,,15.90,15.9000,true,1,6373503
7290113479753,false,מפיות מודפסות,,,מפיות מודפסות,יח',1.00,יח',false,,3.90,3.9000,true,1,6385556
7290113479869,false,מפיות דגם 1455,,,מפיות דגם 1455,יח',1.00,יח',false,,4.90,4.9000,true,1,6411581
7290113479883,false,כפפות TPE שחור L,,,כפפות TPE שחור L,יח',1.00,יח',false,,9.90,9.9000,true,1,6383523
7290113479906,false,שמיכת evrest 150*200,,,שמיכת evrest 150*200,יח',1.00,יח',false,,49.90,49.9000,true,1,6398575
7290113560109,false,פרודונטקס מ.שיניים בטעם צמחי 75 מל,פרודונטקס Parodontax,,פרודונטקס טעם צמחי 7,יח',1.00,יח',false,,30.90,30.9000,true,1,6342408
7290113560277,false,זוג מברשות שיניים רפיד רליף סנסודיין,גלקסוס סמית קליין,,זוג מברשות שיניים רפ,יחידה,0.00,יחידה,false,,29.90,0.0000,true,1,6489516
7290113592001,false,נר גדול ספרה 2 עם מעמד שחור - כסף מטאלי,,,נר גדול ספרה 2 עם מע,יח',1.00,יח',false,,6.90,6.9000,true,1,5868611
7290113592650,false,נר גדול ספרה 0 עם מעמד שחור - כסף מטאלי,,,נר גדול ספרה 0 עם מע,יח',1.00,יח',false,,6.90,6.9000,true,1,5868612
7290113592667,false,נר גדול ספרה 1 עם מעמד שחור - כסף מטאלי,,,נר גדול ספרה 1 עם מע,יח',1.00,יח',false,,6.90,6.9000,true,1,5868613
7290113592674,false,נר גדול ספרה 3 עם מעמד שחור - כסף מטאלי,,,נר גדול ספרה 3 עם מע,יח',1.00,יח',false,,6.90,6.9000,true,1,5868614
7290113592698,false,נר גדול ספרה 5 עם מעמד שחור - כסף מטאלי,,,נר גדול ספרה 5 עם מע,יח',1.00,יח',false,,6.90,6.9000,true,1,5868616
7290113592704,false,נר גדול ספרה 6 עם מעמד שחור - כסף מטאלי,,,נר גדול ספרה 6 עם מע,יח',1.00,יח',false,,6.90,6.9000,true,1,5868698
7290113592728,false,נר גדול ספרה 8 עם מעמד שחור - כסף מטאלי,,,נר גדול ספרה 8 עם מע,יח',1.00,יח',false,,6.90,6.9000,true,1,5868700
7290113655645,false,שלישיית מגבות מטבח ברכות,,,שלישיית מגבות,יח',1.00,יח',false,,14.90,14.9000,true,1,6341709
7290113793101,false,משקל מטבח שטוח LUMITEC ST-COL-10,,,משקל מטבח שטוח LUMIT,יח',1.00,יח',false,,49.00,49.0000,true,1,6258374
7290114134224,false,טי שרט קצר לבן V (מידה L),,,טי שרט קצר לבן V (מי,יח',1.00,יח',false,,20.90,20.9000,true,1,6305203
7290114134248,false,טי שרט קצר לבן V (מידה XXL),,,טי שרט קצר לבן V (מי,יח',1.00,יח',false,,20.90,20.9000,true,1,6305205
7290114134279,false,טי שרט קצר שחור O (מידה L),,,טי שרט קצר שחור O (מ,יח',1.00,יח',false,,20.90,20.9000,true,1,6305208
7290114134286,false,טי שרט קצר שחור O (מידה XL),,,טי שרט קצר שחור O (מ,יח',1.00,יח',false,,20.90,20.9000,true,1,6305209
7290114134347,false,שלישיית תחתוני בנים (מידה 2-4) UMBRO,,,שלישיית תחתוני בנים,יח',1.00,יח',false,,20.00,20.0000,true,1,6308663
7290114134408,false,חמישיית תחתוני בנות (מידה 4-6) SUPER,,,חמישיית תחתוני בנות,יח',1.00,יח',false,,20.00,20.0000,true,1,6308696
7290114134422,false,חמישיית תחתוני בנות (מידה 12-14) SUPER,,,חמישיית תחתוני בנות,יח',1.00,יח',false,,20.00,20.0000,true,1,6308698
7290114134439,false,חמישיית תחתוני בנות (מידה 16-18) SUPER,,,חמישיית תחתוני בנות,יח',1.00,יח',false,,20.00,20.0000,true,1,6308699
7290114137171,false,גרבי גבר (3) חצי מגבת מלה,,,גרבי גבר (3) חצי מגב,יח',1.00,יח',false,,20.00,20.0000,true,1,6351360
7290114137225,false,גרביי נשים (3) חצי מגבת מלה,,,גרביי נשים (3) חצי מ,יח',1.00,יח',false,,20.00,20.0000,true,1,6342766
7290114137287,false,גרביי בנים(3) חצי מגבת מלה,,,גרביי בנים(3) חצי מג,יח',1.00,יח',false,,20.00,20.0000,true,1,6342767
7290114137331,false,גרביי בנות (3) חצי מגבת מלה,,,גרביי בנות (3) חצי מ,יח',1.00,יח',false,,20.00,20.0000,true,1,6342768
7290114137348,false,גרביי בנות שלישייה,,,גרביי בנות שלישייה,יח',1.00,יח',false,,20.00,20.0000,true,1,6356283
7290114137355,false,גרביי בנות (3) LEE COOPER,,,גרביי בנות (3) LEE C,יח',1.00,יח',false,,20.00,20.0000,true,1,6360443
7290114196031,false,כבל מיקרו 2 מטר רמי לוי,,,כבל מיקרו 2 מטר רמי,יח',1.00,יח',false,,24.90,24.9000,true,1,6300740
7290114196048,false,כבל אייפון 2 מטר רמי לוי,,,כבל אייפון 2 מטר רמי,יח',1.00,יח',false,,24.90,24.9000,true,1,6300741
7290114196055,false,כבל Type C רמי לוי 2 מטר,,,כבל Type C רמי לוי 2,יח',1.00,יח',false,,24.90,24.9000,true,1,6300742
7290114310215,false,"שמנת מתוקה 38% רמת הגולן 250 מ""ל ווסטהיים - מוצר בפיקוח",החברה המרכזית טלהפצת משקאות בע,,שמנת מתוקה 38% 250מל,מיליליטרים,250.00,"100 מ""ל",false,,6.40,0.0256,true,1,6300095
7290114310239,false,חלב נטול לקטוז מועשר בוויטמין D י 2% 1.5 ל' טרה,החברה המרכזית טלהפצת משקאות בע,,חלב נטול לקטוז מועשר,יח',1.00,יח',false,,10.70,10.7000,true,1,6304339
7290114310246,false,גרנה פדנו צ'אנק משק צוריאל 125 גרם,*החברה המרכזית להפצת משקאותבעמ,,גרנה פדנו 29%,גרמים,125.00,100 גרם,false,,17.80,0.1424,true,1,6350078
7290114310253,false,גרנה פדנו מגורדת משק צוריאל 100 גרם,*החברה המרכזית להפצת משקאותבעמ,,גרנה פדנו מגורדת 29%,גרמים,100.00,100 גרם,false,,11.90,0.1190,true,1,6350079
7290114310338,false,צפתית מעודנת 5% בגביע 225 גרם משק צוריאל,החברה המרכזית טלהפצת משקאות בע,,צפתית מעודנת 5% 225ג,גרמים,225.00,100 גרם,false,,16.30,0.0724,true,1,6350059
7290114310345,false,מעדן יוגורט בטעם תות 1.5% 125 גרם טרה,*החברה המרכזית להפצת משקאותבעמ,,מעדן יוגורט תות 1.5%,גרמים,125.00,100 גרם,false,,2.60,0.0208,true,1,6334716
7290114310536,false,יוגורט לייט מעושר חלבון 25 גרם חלבון וניל MULLER ACTIVE,*החברה המרכזית להפצת משקאותבעמ,,מולר אקטיב לייט טעם,יח',1.00,יח',false,,5.80,5.8000,true,1,6358488
7290114310550,false,גבינת פטה עיזים מעודנת 5% משק צוריאל 200 גרם,החברה המרכזית טלהפצת משקאות בע,,פטה עיזים מעודנת 5%,גרמים,200.00,100 גרם,false,,22.90,0.1145,true,1,6362545
7290114310567,false,לאבנה עיזים 5% 200 גר` צוריאל,החברה המרכזית טלהפצת משקאות בע,,לאבנה עיזים 200 גר,גרמים,200.00,100 גרם,false,,13.90,0.0695,true,1,6362546
7290114310611,false,"משקה חלב בננה בבקבוק פקק ספורט טרה 250 מ""ל",החברה המרכזית טלהפצת משקאות בע,,משקה חלב בננה 250 מל,מיליליטרים,250.00,"100 מ""ל",false,,4.90,0.0196,true,1,6362860
7290114310628,false,משקה חלב וניל ועוגיות בקבוק 1 ליטר,החברה המרכזית טלהפצת משקאות בע,,משקה חלב וניל ועוגיו,ליטרים,1.00,ליטר,false,,9.90,9.9000,true,1,6374605
7290114310895,false,"סימפלי פרוט יוגורט עם מנגו תות, שמיניה 8 * 150 גרם",*החברה המרכזית להפצת משקאותבעמ,,מאגדת סימפלי מנגו תו,גרמים,1200.00,100 גרם,false,,28.90,0.0241,true,1,6394927
7290114310901,false,גבינה לבנה 5% טרה 250 גרם ווסטהים,*החברה המרכזית להפצת משקאותבעמ,,גבינה לבנה 5% 250 גר,גרמים,250.00,100 גרם,false,,4.95,0.0198,true,1,6392355
7290114310963,false,יוגורט מחלב עיזים מלא כ3.8% שומן מועשר 500 גר',*החברה המרכזית להפצת משקאותבעמ,,יוגורט מחלב עיזים מל,גרמים,500.00,100 גרם,false,,13.70,0.0274,true,1,6410575
7290114311014,false,"משקה חלב אייס קפוצ'ינו פקק ספורט טרה 250 מ""ל",החברה המרכזית טלהפצת משקאות בע,,משקה חלב אייס קפוצ'י,מטרים,250.00,100 מ'ל,false,,4.90,0.0196,true,1,6443773
7290114311021,false,"משקה חלב וניל עוגיות פקק ספורט טרה 250 מ""ל",*החברה המרכזית להפצת משקאותבעמ,,משקה חלב וניל עוגיות,מטרים,250.00,100 מ'ל,false,,4.90,0.0196,true,1,6443774
7290114311038,false,"שמנת מתוקה 32% עמידה בבקבוק טרה 250 מ""ל",*החברה המרכזית להפצת משקאותבעמ,,שמנת מתוקה 32% בקבוק,מטרים,250.00,100 מ'ל,false,,6.60,0.0264,true,1,6443775
7290114311069,false,יוגורט לבן מועשר בחלבון 0% שומן 200 גרם muller active,החברה המרכזית טלהפצת משקאות בע,,מולר אקטיב טעם טבעי,מיליליטרים,200.00,"100 מ""ל",false,,5.40,0.0270,true,1,6433460
7290114311076,false,"חמאת מולר צהובה עם שום, 200 גרם",*החברה המרכזית להפצת משקאותבעמ,,מולר חמאת צהובה עם ש,גרמים,200.00,100 גרם,false,,10.80,0.0540,true,1,6461334
7290114311298,false,יוגורט מולר פרופ בטעם תות בננה מלון 150,החברה המרכזית טלהפצת משקאות בע,,מולר קציפת תות בננה,גרמים,150.00,100 גרם,false,,4.80,0.0320,true,1,6473912
7290114311304,false,יוגורט קציפת מנגו פסיפלורה בננה 150 ג' מולר,החברה המרכזית טלהפצת משקאות בע,,מולר קציפת מנגו פסיפ,גרמים,150.00,100 גרם,false,,4.80,0.0320,true,1,6473913
7290114311328,false,חלב מועשר דל לקטוז מעושר בויטמין Dי 2% שומן טרה 1 ליטר,*החברה המרכזית להפצת משקאותבעמ,,חלב נטול לקטוז וויטמ,ליטרים,1.00,100 ליטר,false,,7.50,7.5000,true,1,6475278
7290114311458,false,חלב קרטון 3% מועשר ויטמין די 1 ליטר,*החברה המרכזית להפצת משקאותבעמ,,קרטון חלב 3% מועשר ו,ליטרים,1.00,ליטר,false,,7.20,7.2000,true,1,6484407
7290114311496,false,קרטון חלב מועשר 1% שומן 1 ליטר טרה,החברה המרכזית טלהפצת משקאות בע,,קרטון חלב מועשר 1% 1,ליטרים,1.00,ליטר,false,,7.20,7.2000,true,1,6484410
7290114600941,false,מאסטר שף מיונז הולנדי לחיץ 435 גרם,ש. שסטוביץ בע`מ,,מאסטר שף מיונז לחיץ,גרמים,435.00,100 גרם,false,,12.80,0.0294,true,1,6333294
7290114600989,false,"מאסטר שף רוטב אלף האיים 250 מ""ל",ש. שסטוביץ בע`מ,,מאסטר שף רוטב אלף הא,מיליליטרים,250.00,"100 מ""ל",false,,8.90,0.0356,true,1,6316119
7290114603317,false,גריזלי טבעות טעם גריל 40 גר,,,גריזלי טבעות טעם גרי,יח',1.00,יח',false,,2.90,2.9000,true,1,6301390
7290114603607,false,PLAY חטיף פוף בטעם חמוץ חריף 40 גרם,ש. שסטוביץ בע`מ,,פוף פליי טעם חמוץ חר,יח',1.00,יח',false,,2.90,2.9000,true,1,6316123
7290114604840,false,"דפי אורז קוטר 16 כשל""פ מאסטר שף",ש. שסטוביץ בע`מ,,דפי אורז 16 קוטר 400,גרמים,400.00,100 גרם,false,,11.90,0.0298,true,1,6367525
7290114604895,false,מאסטר שף מיונז ספייסי לחיץ 446 גרם,ש. שסטוביץ בע`מ,,מאסטר שף ממרח ספייסי,גרמים,446.00,100 גרם,false,,12.90,0.0289,true,1,6375645
7290114604925,false,מנה אסייאתי קרם קוקוס פחית לייט 400 מ`ל,"תאי קוקונאט חברה בע""",,מאסטר שף קרם קוקוס ל,מטרים,400.00,100 מ'ל,false,,8.90,0.0223,true,1,6400664
7290114604932,false,מאסטר שף רוטב ברביקיו דבש 520 גרם,רמיה סי.וי. הולנד,,מאסטר שף רוטב ברביקי,גרמים,524.00,100 גרם,false,,12.90,0.0246,true,1,6378353
7290114604949,false,מאסטר שף רוטב ברביקיו 524 גרם,רמיה סי.וי. הולנד,,מאסטר שף רוטב ברביקי,גרמים,524.00,100 גרם,false,,12.90,0.0246,true,1,6375647
7290114604963,false,מאסטר שף פירורי לחם מתובלים 230 גרם,ש. שסטוביץ בע`מ,,מאסטר שף פירורים מתו,גרמים,230.00,100 גרם,false,,6.90,0.0300,true,1,6381690
7290114606387,false,"משחת שיניים אופטיק וויט פחם מארז 75 מ""ל",קולגייט פלמוליב,,קולגייט אופטיק וויט,מיליליטרים,150.00,"100 מ""ל",false,,39.80,0.2653,true,1,6370832
7290114606530,false,רוטב בטעם מיונז וקטשופ 515 גרם מאסטר שף,ש. שסטוביץ בע`מ,,מאסטר שף רוטב טעם מי,גרמים,515.00,100 גרם,false,,12.90,0.0250,true,1,6376141
7290114606547,false,מיונז פטריות כמהין לחיץ מאסטר שף 242 גרם,ש. שסטוביץ בע`מ,,מיונז עם פטריות כמהי,גרמים,242.00,100 גרם,false,,12.90,0.0533,true,1,6375648
7290114606554,false,מיונז מופחת קלוריות בקבוק לחיץ,ש. שסטוביץ בע`מ,,מאסטר שף מיונז לייט,גרמים,470.00,100 גרם,false,,12.90,0.0274,true,1,6375649
7290114606578,false,מאסטר שף שקדי מרק 400 גרם,ש. שסטוביץ בע`מ,,מאסטר שף שקדי מרק 40,גרמים,400.00,100 גרם,false,,9.80,0.0245,true,1,6401097
7290114607391,false,"קולגייט משחת לילדים ברבי 2-5 שנים, 75 מ""ל",קולגייט פלמוליב,,קולגייט משחת ילדים ב,מטרים,75.00,100 מ'ל,false,,14.90,0.1987,true,1,6393903
7290114608695,false,מיונז עם ווסאבי לחיץ מאסטר שף 241 גרם,ש. שסטוביץ בע`מ,,מאסטר שף מיונז עם וו,גרמים,241.00,100 גרם,false,,12.90,0.0535,true,1,6400666
7290114821469,false,כבד דג שיבוט במיץ טבעי אופיסר (120 גרם),דיפלומט מפיצים (1968) בעמ**,,כבד דג שיבוט אופיסר,גרמים,120.00,100 גרם,false,,13.60,0.1133,true,1,6357761
7290115200003,false,אסם פתי בר פינוקי וניל 16*220 ג',קבוצת אוסם סחר שותפות מוגבלת,,פתי בר פינוקי וניל 2,גרמים,220.00,100 גרם,false,,9.90,0.0450,true,1,6310983
7290115200027,false,אסם פתי בר פינוקים שוקו 220 גרם,קבוצת אוסם סחר שותפות מוגבלת,,פתי בר פינוקי שוקולד,גרמים,220.00,100 גרם,false,,9.90,0.0450,true,1,6310984
7290115200676,false,עוגיות קרמוגית במילוי קרם בטעם קרמל מלוח,קבוצת אוסם סחר שותפות מוגבלת,,אסם קרמוגית קרמל 200,גרמים,200.00,100 גרם,false,,7.90,0.0395,true,1,6320894
7290115200713,false,במבה קלאסי מארז אחיד 5*50 גר` אסם,קבוצת אוסם סחר שותפות מוגבלת,,במבה קלאסי מארז 5*50,יח',1.00,יח',false,,11.90,11.9000,true,1,6310985
7290115201031,false,פתי בר פינוקי דובי שוקולד 175גר.,קבוצת אוסם סחר שותפות מוגבלת,,פתי בר פינוקי שוקולד,גרמים,175.00,100 גרם,false,,9.90,0.0566,true,1,6365909
7290115201550,false,חטיף ביסלי קרנבל מיקס 150 גר אסם,קבוצת אוסם סחר שותפות מוגבלת,,ביסלי קרנבל מיקס 150,גרמים,150.00,100 גרם,false,,6.90,0.0460,true,1,6323413
7290115201680,false,ביסלי חטיף בטעם ברביקין אסם (70 גרם),קבוצת אוסם סחר שותפות מוגבלת,,ביסלי בטעם ברביקיו א,גרמים,70.00,100 גרם,false,,3.90,0.0557,true,1,6340304
7290115201703,false,ביסלי חטיף בטעם ברביקין אסם (200 גרם),קבוצת אוסם סחר שותפות מוגבלת,,ביסלי ברביקיו 200גר,גרמים,200.00,100 גרם,false,,6.50,0.0325,true,1,6362667
7290115202236,false,טופו קראנצי`ם 470 גרם טבעול,קבוצת אוסם סחר שותפות מוגבלת,,טבעול טופו קראנצ'ים,גרמים,470.00,100 גרם,false,,29.90,0.0636,true,1,6384883
7290115202786,false,מנה חמה פאוצ' נדלס.אטר.טעם בקר 70 גרם,קבוצת אוסם סחר שותפות מוגבלת,,מנה חמה פאוצ' אסם 70,גרמים,70.00,100 גרם,false,,3.90,0.0557,true,1,6373069
7290115202816,false,מנה חמה פאוץ נודלס אטריות טעם עוף 70 גרם,קבוצת אוסם סחר שותפות מוגבלת,,מנה חמה פאוצ' אסם 70,גרמים,70.00,100 גרם,false,,3.90,0.0557,true,1,6373070
7290115202847,false,מנה חמה פאוצ' נדלס ספייסי אסם 70 ג',קבוצת אוסם סחר שותפות מוגבלת,,מנה חמה פאוצ' אסם 70,גרמים,70.00,100 גרם,false,,3.90,0.0557,true,1,6373071
7290115202939,false,מנה חמה רייס נודלס עוף פטריות אסם 50 גרם,קבוצת אוסם סחר שותפות מוגבלת,,מנה חמה רייס נודלס ע,גרמים,50.00,100 גרם,false,,6.90,0.1380,true,1,6409661
7290115202953,false,אוסם - מנה חמה רייס נודלס קארי צהוב 55 גרם,קבוצת אוסם סחר-שות.מוגבלת,,מנה חמה רייס נודלס ק,גרמים,50.00,100 גרם,false,,6.90,0.1380,true,1,6409662
7290115202977,false,אוסם - מנה חמה רייס נודלס רוטב סויה סיני 55 גרם,קבוצת אוסם סחר-שות.מוגבלת,,מנה חמה רייס נודלס ר,גרמים,50.00,100 גרם,false,,6.90,0.1380,true,1,6409663
7290115203134,false,חטיף פופקו פופקורן במבה אסם (80 גרם),קבוצת אוסם סחר שותפות מוגבלת,,פופקו פופקורן במבה א,גרמים,80.00,100 גרם,false,,4.50,0.0563,true,1,6382151
7290115203172,false,במבה PRO מכיל 18 גרם חלבון בשקית,קבוצת אוסם סחר שותפות מוגבלת,,במבה פרו אסם 80 גרם,גרמים,80.00,100 גרם,false,,3.90,0.0487,true,1,6481594
7290115203486,false,פירורית בטעם ביסלי גריל אסם 200 גרם,קבוצת אוסם סחר שותפות מוגבלת,,פירורית טעם ביסלי גר,גרמים,200.00,100 גרם,false,,5.90,0.0295,true,1,6374615
7290115203806,false,"רוטב בסיס לבישול אסם 290 מ""ל",קבוצת אוסם סחר שותפות מוגבלת,,אסם רוטב בסיס 290 מל,מיליליטרים,290.00,"100 מ""ל",false,,10.90,0.0376,true,1,6394801
7290115204056,false,"קטשופ מופחת סוכר אסם 690 גרם כשל""פ",קבוצת אוסם סחר שותפות מוגבלת,,קטשופ אסם 56% פחות ס,גרמים,690.00,100 גרם,false,,9.90,0.0143,true,1,6359835
7290115204131,false,צבר סחוג ירוק 6*190גרם חדש,קבוצת אוסם סחר שותפות מוגבלת,,צבר סחוג ירוק 190גר,גרמים,190.00,100 גרם,false,,10.90,0.0574,true,1,6420402
7290115204155,false,סחוג אדום המעדנייה ש,קבוצת אוסם סחר שותפות מוגבלת,,צבר סחוג אדום 190גר,גרמים,190.00,100 גרם,false,,10.90,0.0574,true,1,6420403
7290115204261,false,אריסה חריפה המעדנייה,קבוצת אוסם סחר שותפות מוגבלת,,צבר אריסה 190גר,גרמים,190.00,100 גרם,false,,10.90,0.0574,true,1,6420406
7290115205176,false,729001032825פיטנס חטיפי קרקר כפרי 140גר.,קבוצת אוסם סחר שותפות מוגבלת,,קרקר דק כפרי פיטנס 1,גרמים,140.00,100 גרם,false,,9.90,0.0707,true,1,6420647
7290115205251,false,פיטנס בר פירכיות קרמל מלוח 84 גרם,קבוצת אוסם סחר שותפות מוגבלת,,פיטנס בר פריכיות קרמ,גרמים,84.00,100 גרם,false,,11.90,0.1417,true,1,6516640
7290115205312,false,קרקר פיטנס דק עם זיתי קלמטה ועשבי תיבול,קבוצת אוסם סחר שותפות מוגבלת,,פיטנס קרקר 140 גר,גרמים,140.00,100 גרם,false,,9.90,0.0707,true,1,6441586
7290115205541,false,חטיף מולטיגריין עם חומוס ( 25 גר`) פיטנס,קבוצת אוסם סחר שותפות מוגבלת,,פיטנס חטיף מולטיגריי,יח',1.00,יח',false,,4.90,4.9000,true,1,6463367
7290115205633,false,טבעול סנסשיונל/גורמה נקנקיות 350 גר',קבוצת אוסם סחר שותפות מוגבלת,,טבעול סנסשיונל נקניק,גרמים,350.00,100 גרם,false,,29.90,0.0854,true,1,6429893
7290115205695,false,אסם בונזור בצק מצונן לפיצה 460 גרם,קבוצת אוסם סחר-שות.מוגבלת,,בונז'ור בצק מצונן לפ,גרמים,460.00,100 גרם,false,,14.90,0.0324,true,1,6415471
7290115205718,false,אסם בונזור בצק מצונן עלים 230 גרם,קבוצת אוסם סחר-שות.מוגבלת,,בונז'ור בצק מצונן על,גרמים,230.00,100 גרם,false,,11.90,0.0517,true,1,6415472
7290115205978,false,פתיבר ואצבעות שוקולד 180 גרם - רבנות,קבוצת אוסם סחר שותפות מוגבלת,,פתי בר אצבעות 180גר,גרמים,180.00,100 גרם,false,,9.90,0.0550,true,1,6429922
7290115206135,false,טבעול גורמה ארוחת קינואה 450 גרם,קבוצת אוסם סחר שותפות מוגבלת,,ארוחת קינואה 450 גר,גרמים,450.00,100 גרם,false,,29.90,0.0664,true,1,6429894
7290115206319,false,מטרנה סנסיטיב HM-O לפגים 700 גרם,קבוצת אסם סחר,,מטרנה סנסיטיב לפגים,גרמים,700.00,100 גרם,false,,59.90,0.0856,true,1,6463368
7290115207163,false,פרפקטו ניוקי בזיליקום ושום אסם 500 גרם,קבוצת אוסם סחר-שות.מוגבלת,,פרפקטו ניוקי בזיליקו,גרמים,500.00,100 גרם,false,,13.90,0.0278,true,1,6415474
7290115207484,false,צבר סלט חציל על האש היתר 360 גרם,קבוצת אוסם סחר שותפות מוגבלת,,צבר חציל על האש היתר,גרמים,400.00,100 גרם,false,,14.90,0.0373,true,1,6415476
7290115207620,false,"אסם רוטב בסגנון סויה קלאסי 290 מ""ל",קבוצת אוסם סחר שותפות מוגבלת,,רוטב סויה קלאסי אסם,מיליליטרים,290.00,"100 מ""ל",false,,10.90,0.0376,true,1,6448474
7290115207682,false,אסם רוטב בסגנון סויה סיני 9*290מל חדש,קבוצת אוסם סחר שותפות מוגבלת,,רוטב סגנון סויה סיני,מיליליטרים,290.00,"100 מ""ל",false,,8.90,0.0307,true,1,6448475
7290115207798,false,טבעול המבורגר חריף טבעוני 420 גרם,קבוצת אוסם סחר שותפות מוגבלת,,המבורגר חריף טבעוני,גרמים,420.00,100 גרם,false,,29.90,0.0712,true,1,6437428
7290115207880,false,סירופ ויטמינציק פטל 2 ליטר,קבוצת אוסם סחר שותפות מוגבלת,,ויטמנצ'יק פטל 2 ליטר,מטרים,2000.00,100 מ'ל,false,,39.90,0.0199,true,1,6426349
7290115207903,false,ויטמנצ'יק תרכיז תפוח 2 ליטר,קבוצת אוסם סחר שותפות מוגבלת,,ויטמנצ'יק תפוח 2 ליט,מטרים,2000.00,100 מ'ל,false,,39.90,0.0199,true,1,6426350
7290115208023,false,סירופ ויטמינציק ענבים 2 ליטר,קבוצת אוסם סחר שותפות מוגבלת,,ויטמנצ'יק ענבים 2 לי,מטרים,2000.00,100 מ'ל,false,,39.90,0.0199,true,1,6426352
7290115208320,false,אפרופו חטיף בטעם ביסלי בצל 50 גרם,קבוצת אוסם סחר שותפות מוגבלת,,אפרופו טעם ביסלי בצל,גרמים,50.00,100 גרם,false,,3.90,0.0780,true,1,6510941
7290115208344,false,שטוחים בייגלה כפיות שמנת בצל 300גר,קבוצת אוסם סחר שותפות מוגבלת,,אסם בייגלה כפיות שמנ,גרמים,300.00,100 גרם,false,,9.90,0.0330,true,1,6481597
7290115208597,false,אסם קרמוגית מיניס קרמל מלוח 200 גרם,קבוצת אוסם סחר שותפות מוגבלת,,אסם קרמוגית מיניס קר,גרמים,200.00,100 גרם,false,,7.90,0.0395,true,1,6468144
7290115208801,false,קרקר לחמית דבש ואגוזים אסם (190 גרם),קבוצת אוסם סחר שותפות מוגבלת,,לחמית דבש ואגוזים אס,גרמים,190.00,100 גרם,false,,8.90,0.0468,true,1,6481598
7290115209198,false,במבה אוורירית אסם 80 גרם,קבוצת אוסם סחר שותפות מוגבלת,,במבה אוורירית אסם 80,גרמים,80.00,100 גרם,false,,3.90,0.0487,true,1,6463437
7290115209235,false,ביסקוויט פתי בר קפה אסם (500 גרם),קבוצת אוסם סחר שותפות מוגבלת,,ביסקוויט פתי בר קפה,גרמים,500.00,100 גרם,false,,8.90,0.0178,true,1,6516642
7290115209358,false,במבה במילוי בראוניז אסם (60 גרם),קבוצת אוסם סחר שותפות מוגבלת,,במבה במילוי בראוניז,גרמים,60.00,100 גרם,false,,4.30,0.0717,true,1,6510973
7290115400700,false,מקלות מלוחים עם מלח אטלנטי ותבלינים רמי לוי,,,מקלות מלוחים עם מלח,גרמים,200.00,100 גרם,false,,14.90,0.0745,true,1,6349950
7290115400717,false,עוגיות מלוחות זעתר ותבלינים,,,עוגיות מלוחות זעתר ו,גרמים,200.00,100 גרם,false,,14.90,0.0745,true,1,6361725
7290115400724,false,עוגיות מלוחות פיקנטי חריפות עדינה,,,עוגיות מלוחות פיקנטי,גרמים,200.00,100 גרם,false,,14.90,0.0745,true,1,6361726
7290115400816,false,עוגיות פיצפוצים לבן רמי לוי 500 גרם,,,עוגיות פיצפוצים לבן,גרמים,500.00,100 גרם,false,,14.90,0.0298,true,1,6439835
7290115400847,false,עוגיות פרפריות רמי לוי 500 גרם,,,עוגיות פרפריות רמי ל,גרמים,500.00,100 גרם,false,,14.90,0.0298,true,1,6439861
7290115400861,false,עוגיות מעמול רמי לוי 500 גרם,,,עוגיות מעמול רמי לוי,גרמים,500.00,100 גרם,false,,14.90,0.0298,true,1,6439863
7290115400878,false,עוגיות ממולאות טעם שוקולד רמי לוי 500 גרם,,,עוגיות ממולאות טעם ש,גרמים,500.00,100 גרם,false,,14.90,0.0298,true,1,6439864
7290115400892,false,עוגיות פרסה תמרים רמי לוי 500 גרם,,,עוגיות פרסה תמרים רמ,גרמים,500.00,100 גרם,false,,14.90,0.0298,true,1,6439866
7290115400908,false,עוגיות מגולגלות תמרים רמי לוי 500 גרם,,,עוגיות מגולגלות תמרי,גרמים,500.00,100 גרם,false,,14.90,0.0298,true,1,6439867
7290115400939,false,עוגיות גרייבה רמי לוי 500 גרם,,,עוגיות גרייבה רמי לו,גרמים,500.00,100 גרם,false,,14.90,0.0298,true,1,6439870
7290115401073,false,עוגיות קיפל וניל רמי לוי 500 גרם,,,עוגיות קיפל וניל רמי,גרמים,500.00,100 גרם,false,,14.90,0.0298,true,1,6439871
7290115401097,false,עוגיות נסיכה טעם תות רמי לוי 500 גרם,,,עוגיות נסיכה טעם תות,גרמים,500.00,100 גרם,false,,14.90,0.0298,true,1,6439873
7290115401103,false,עוגיות נסיכה מיקס רמי לוי 500 גרם,,,עוגיות נסיכה מיקס רמ,גרמים,500.00,100 גרם,false,,14.90,0.0298,true,1,6439874
7290115401110,false,עוגיות מיני מרוקאי רמי לוי 500 גרם,,,עוגיות מיני מרוקאי ר,גרמים,500.00,100 גרם,false,,14.90,0.0298,true,1,6439875
7290115401141,false,עוגיות פצפוצי שוקו רמי לוי 500 גרם,,,עוגיות פצפוצי שוקו ר,גרמים,500.00,100 גרם,false,,14.90,0.0298,true,1,6439878
7290115401158,false,עוגיות מלוחות קריספי רמי לוי 500 גרם,,,עוגיות מלוחות קריספי,גרמים,500.00,100 גרם,false,,14.90,0.0298,true,1,6439879
7290115401189,false,עוגיות פסים שוקו מסוכרות רמי לוי 500 גרם,,,עוגיות פסים שוקו מסו,גרמים,500.00,100 גרם,false,,14.90,0.0298,true,1,6457656
7290115401196,false,עוגיות קוואקר פריכות רמי לוי 500 גרם,,,עוגיות קוואקר פריכות,גרמים,500.00,100 גרם,false,,14.90,0.0298,true,1,6439882
7290115405088,false,קינוח אישי קדאיף קפולסקי 200 גרם,קפולסקי אדל בעמ,,קינוח אישי קדאיף,גרמים,200.00,100 גרם,false,,14.90,0.0745,true,1,6292508
7290115405118,false,קינוח אישי גבינה תענוג תות קפולסקי 200 ג,תופינים מקבוצת קפולסקי,,קינוח אישי תענוג תות,גרמים,200.00,100 גרם,false,,14.90,0.0745,true,1,6292511
7290115405651,false,כדורי שוקולד וסוכריות 280 גר,קפולסקי שיווק וקמעונ,,כדורי שוקולד וסוכריו,גרמים,280.00,100 גרם,false,,29.90,0.1068,true,1,6432549
7290115405774,false,פחזניות ממולאות בטעם וניל קפולסקי 180 גרם,תופינים מקבוצת קפולס,,פחזניות ממולאות וניל,גרמים,180.00,100 גרם,false,,12.90,0.0717,true,1,6452713
7290115405798,false,פחזניות ממולאות בטעם ריבת חלב קפולסקי 180 גרם,קפולסקי אדל בעמ,,פחזניות ממולאות טעם,גרמים,180.00,100 גרם,false,,13.90,0.0772,true,1,6452715
7290115405828,false,קינוח אישי גבינה אוכמניות קפולסקי 200 גרם,תופינים מקבוצת קפולסקי,,קינוח אישי גבינה אוכ,גרמים,200.00,100 גרם,false,,14.90,0.0745,true,1,6452741
7290115410006,false,סלטי היום חומוס 200 גרם,סלטי היום - קפוא זן,,סלטי היום חומוס 200,גרמים,200.00,100 גרם,false,,6.80,0.0340,true,1,6386601
7290115410037,false,מטבוחה סלטי היום 200 גרם,סלטי היום - קפוא זן,,סלטי היום מטבוחה 200,גרמים,200.00,100 גרם,false,,6.80,0.0340,true,1,6386604
7290115410051,false,סלטי היום מתבל חצילים 200 גרם,סלטי היום - קפוא זן,,סלטי היום חציל במיונ,גרמים,200.00,100 גרם,false,,6.80,0.0340,true,1,6386606
7290115410877,false,סלט כרוב אדום במיונז,,,כרוב אדום 400ג רמילו,גרמים,400.00,100 גרם,false,,8.90,0.0223,true,1,6328324
7290115410884,false,חציל על האש 400ג רמילוי,,,חציל על האש 400ג רמי,גרמים,400.00,100 גרם,false,,8.90,0.0223,true,1,6328325
7290115410891,false,חומוס מסבחה 400ג רמילוי,,,חומוס מסבחה 400ג רמי,גרמים,400.00,100 גרם,false,,8.90,0.0223,true,1,6328326
7290115410907,false,מטבוחה רמי לוי 400 ג,,,מטבוחה 400ג רמילוי,גרמים,400.00,100 גרם,false,,8.90,0.0223,true,1,6328327
7290115410914,false,חציל רומני 400ג רמילוי,,,חציל רומני 400ג רמיל,גרמים,400.00,100 גרם,false,,8.90,0.0223,true,1,6328328
7290115410921,false,חומוס ירושלמי 400ג רמילוי,,,חומוס ירושלמי 400ג ר,גרמים,400.00,100 גרם,false,,8.90,0.0223,true,1,6328329
7290115410938,false,טחינה רמי לוי 400 גר,,,טחינה 400ג רמילוי,גרמים,400.00,100 גרם,false,,8.90,0.0223,true,1,6328330
7290115410945,false,חומוס זעתר 400ג רמילוי,,,חומוס זעתר 400ג רמיל,גרמים,400.00,100 גרם,false,,8.90,0.0223,true,1,6328331
7290115410952,false,חציל במיונז 400ג רמילוי,,,חציל במיונז 400ג רמי,גרמים,400.00,100 גרם,false,,8.90,0.0223,true,1,6328332
7290115410969,false,חומוס לפיתה 700ג רמילוי,,,חומוס לפיתה 700ג רמי,גרמים,700.00,100 גרם,false,,8.90,0.0127,true,1,6328333
7290115411157,false,חומוס עם חריף 400ג רמילוי,,,חומוס עם חריף 400ג ר,גרמים,400.00,100 גרם,false,,8.90,0.0223,true,1,6328334
7290115411454,false,חומוס ירושלמי המזטים,,,חומוס ירושלמי 250גר,גרמים,250.00,100 גרם,false,,7.90,0.0316,true,1,6336617
7290115411461,false,חומוס מסבחה ירוק 250גר רמילוי,,,חומוס מסבחה ירוק 250,גרמים,250.00,100 גרם,false,,7.90,0.0316,true,1,6336584
7290115411478,false,חומוס מסבחה חריף 250גר רמילוי,,,חומוס מסבחה חריף 250,גרמים,250.00,100 גרם,false,,7.90,0.0316,true,1,6336585
7290115411492,false,טחינה לבנה 250גר רמילוי,,,טחינה לבנה 250גר רמי,גרמים,250.00,100 גרם,false,,7.90,0.0316,true,1,6336587
7290115411560,false,חציל תאילנדי 250גר רמילוי,,,חציל תאילנדי 250גר ר,גרמים,250.00,100 גרם,false,,7.90,0.0316,true,1,6336588
7290115411577,false,חציל במיונז 250גר רמילוי,,,חציל במיונז 250גר רמ,גרמים,250.00,100 גרם,false,,7.90,0.0316,true,1,6336589
7290115411607,false,חציל בטעם כבד 250גר רמילוי,,,חציל בטעם כבד 250גר,גרמים,250.00,100 גרם,false,,15.90,0.0636,true,1,6336619
7290115411638,false,קוביות חציל בטחינה 250גר רמילוי,,,קוביות חציל בטחינה 2,גרמים,250.00,100 גרם,false,,7.90,0.0316,true,1,6340463
7290115413083,false,חומוס אבו גוש עם גרגירים רמילוי,,,חומוס אבו גוש עם גרג,גרמים,250.00,100 גרם,false,,7.90,0.0316,true,1,6422727
7290115480016,false,סוד פאוור קאפס לכביסה צבעונית 26 יחי,גורי שיווק בעמ,,סוד פאוור קאפס לכביס,יח',1.00,יח',false,,29.90,29.9000,true,1,6441715
7290115480023,false,סוד פאוור קאפס לכביסה צבעונית 45 יחי,הנקל,,סוד פאוור קאפס לכביס,יח',1.00,יח',false,,41.90,41.9000,true,1,6441716
7290115671155,false,שלישיית סוכריות מאסט FRESH ענבים 45 גרם,"שטראוס גרופ בע""מ",,שלישיית סוכריות פרש,יח',1.00,יח',false,,7.90,7.9000,true,1,6422386
7290115671223,false,מסטיק מאסט פאן אבטיח מנגו צנצנת 58 גרם,שטראוס גרופ בע`מ,,מאסט פאן אבטיח מנגו,גרמים,58.00,100 גרם,false,,9.90,0.1707,true,1,6422387
7290115671339,false,מיני פינוקיות בראוניז בייגל בוטן עלית 180 ג' עלית,"הגביע מוצרי ופלים בע""\מ",,עלית מיני פנוקיות בי,גרמים,180.00,100 גרם,false,,9.90,0.0550,true,1,6394419
7290115671346,false,מיני פינוקיות טופי קרמל מלוח עלית 180 גרם,"הגביע מוצרי ופלים בע""\מ",,עלית מיני פינוקיות ק,גרמים,180.00,100 גרם,false,,9.90,0.0550,true,1,6394420
7290115671353,false,מיני פינוקיות עוגיות קקאו במילוי קרם בטעם וניל,"הגביע מוצרי ופלים בע""\מ",,מיני פינוקיות שחור ל,גרמים,180.00,100 גרם,false,,9.90,0.0550,true,1,6422389
7290115675559,false,מארז קפה טורקי לדרך 10 יחידות,שטראוס קפה בי.וי.,,מארז טורקי לדרך 70 ג,גרמים,70.00,100 גרם,false,,7.90,0.1129,true,1,6355457
7290115675986,false,דנונה יוגורט בר עם אגוזים מקורמלים 173 גרם,שטראוס גרופ בעמ/מצונן,,דנונה בר עם אגוזים מ,מיליליטרים,180.00,"100 מ""ל",false,,4.30,0.0239,true,1,6354412
7290115676037,false,דנונה ריפרש יוגורט עם תות ודומדמניות 1.6% שומן,שטראוס גרופ בעמ/מצונן,,דנונה ריפרש תות דומד,גרמים,250.00,100 גרם,false,,4.90,0.0196,true,1,6378899
7290115676051,false,"משקה אקטיביה שיבולת שועל במתיקות מעודנת 250 מ""ל",שטראוס גרופ בעמ/מצונן,,אקטיביה משקה במתיקות,מטרים,265.00,100 מ'ל,false,,4.80,0.0181,true,1,6412640
7290115676082,false,משקה דנונה פרו 20 יוגורט תות 255 ג' רבנות,שטראוס גרופ בעמ/מצונן,,משקה דנונה פרו 20 תו,יח',1.00,יח',false,,6.90,6.9000,true,1,6385647
7290115676099,false,משקה דנונה פרו 20 יוגורט וניל 255 ג' רבנות,שטראוס גרופ בעמ/מצונן,,דנונה פרו משקה וניל,גרמים,265.00,100 גרם,false,,6.90,0.0260,true,1,6385648
7290115676273,false,אבקת קקאו עלית 500 גרם+ 10% תוספת,שטראוס קפה בי.וי.,,קקאו 550 גרם,גרמים,550.00,100 גרם,false,,23.90,0.0435,true,1,6377788
7290115677089,false,קונפיטורת יד מרדכי תפוח וקינמון 340 גרם,שטראוס גרופ בע`מ,,קונפיטורת תפוח וקינמ,גרמים,340.00,100 גרם,false,,10.90,0.0321,true,1,6394396
7290115677140,false,תפוצ'יפס בטעם פפריקה 200 גרם היתר מכירה,"שטראוס פריטו ליי בע""מ",,תפוצ'יפס בטעם פפריקה,גרמים,200.00,100 גרם,false,,9.90,0.0495,true,1,6506426
7290115677966,false,ממרח אבוקדו טעם הטבע 200 גרם,שטראוס גרופ בעמ/מצונן,,ממרח אבוקדו שטראוס,גרמים,200.00,100 גרם,false,,14.90,0.0745,true,1,6405003
7290115678222,false,מארז 8 גביעים יוגורט Greek בסגנון יווני 6.5% שומן,שטראוס גרופ בעמ/מצונן,,מארז שמינייה יווני,יח',1.00,יח',false,,23.90,23.9000,true,1,6378902
7290115678376,false,מעדן הגולן שוקולד 125 גרם,שטראוס גרופ בעמ/מצונן,,מעדן הגולן שוקולד 12,גרמים,125.00,100 גרם,false,,2.80,0.0224,true,1,6391252
7290115678383,false,מעדן הגולן שוקולד מריר בודד 125גר,שטראוס גרופ בעמ/מצונן,,מעדן הגולן שוקולד מר,גרמים,125.00,100 גרם,false,,2.80,0.0224,true,1,6391253
7290115678635,false,נשנושי גבינה -גבינת שמנת 16%+כעכים שטוחים עם מלח,שטראוס גרופ בעמ/מצונן,,נשנושי גבינה 16% עם,גרמים,67.00,100 גרם,false,,9.90,0.1478,true,1,6468399
7290115678642,false,נשנושי גבינה 16% עם חטיף אפוי עם זיתים 67 ג' שטראוס,שטראוס גרופ בעמ/מצונן,,נשנושי גבינה 16% עם,גרמים,67.00,100 גרם,false,,9.90,0.1478,true,1,6468400
7290116051109,false,מגש פרח מחולק שקוף,,,מגש פרח מחולק שקוף,יח',1.00,יח',false,,5.90,5.9000,true,1,6437500
7290116051277,false,רומא מזלג מנטה (10יח'),,,רומא מזלג מנטה (10יח,יח',1.00,יח',false,,3.90,3.9000,true,1,6434326
7290116051314,false,רומא מזלג ורוד עתיק (10יח'),,,רומא מזלג ורוד עתיק,יח',1.00,יח',false,,3.90,3.9000,true,1,6434330
7290116051321,false,רומא סכין ורוד עתיק (10יח'),,,רומא סכין ורוד עתיק,יח',1.00,יח',false,,3.90,3.9000,true,1,6434331
7290116051345,false,רומא כפית ורוד עתיק (10יח'),,,רומא כפית ורוד עתיק,יח',1.00,יח',false,,3.90,3.9000,true,1,6434333
7290116051390,false,רומא מזלג קרם (10יח'),,,רומא מזלג קרם (10יח',יח',1.00,יח',false,,3.90,3.9000,true,1,6434338
7290116051406,false,רומא סכין קרם (10יח'),,,רומא סכין קרם (10יח',יח',1.00,יח',false,,3.90,3.9000,true,1,6434339
7290116051413,false,רומא כף קרם (10יח'),,,רומא כף קרם (10יח'),יח',1.00,יח',false,,3.90,3.9000,true,1,6434340
7290116052250,false,כרבולית מפנקת 200*150מ,,,כרבולית מפנקת 200*15,יח,1.00,יח,false,,79.90,79.9000,true,1,6458854
7290116052311,false,בקבוק פרימיום משנה צבעים קשת בענן,,,בקבוק פרימיום משנה צ,יחידה,0.00,יחידה,false,,29.90,0.0000,true,1,6470210
7290116052335,false,בקבוק פרימיום משנה צבעים,,,בקבוק פרימיום משנה צ,יחידה,0.00,יחידה,false,,29.90,0.0000,true,1,6470212
7290116052366,false,גופיות גבר ריב כותנה L לבן,,,גופיות גבר ריב כותנה,יח',1.00,יח',false,,20.00,20.0000,true,1,6462102
7290116052373,false,גופיות גבר ריב כותנה XL לבן,,,גופיות גבר ריב כותנה,יח',1.00,יח',false,,20.00,20.0000,true,1,6462103
7290116052700,false,סכין שקוף רמי לוי 40,,,סכין שקוף 40 יח,יחידה,0.00,יחידה,false,,7.90,0.0000,true,1,6466661
7290116052717,false,כפית שקוף רמי לוי 40,,,כפית שקוף 40 יח,יחידה,0.00,יחידה,false,,6.90,0.0000,true,1,6466662
7290116052724,false,מזלג שקוף רמי לוי 40,,,מזלג שקוף 40 יח,יחידה,0.00,יחידה,false,,7.90,0.0000,true,1,6466663
7290116052731,false,כף שקוף רמי לוי 40 י,,,כף שקוף 40 יח,יחידה,0.00,יחידה,false,,7.90,0.0000,true,1,6466664
7290116052748,false,סכין קרם רמי לוי 40,,,סכין קרם 40 יחידות,יחידה,0.00,יחידה,false,,7.90,0.0000,true,1,6466665
7290116052762,false,מזלג קרם רמי לוי 40,,,מזלג קרם 40 יחידות,יחידה,0.00,יחידה,false,,7.90,0.0000,true,1,6466667
7290116052779,false,כף קרם רמי לוי 40 יח,,,כף קרם 40 יחידות,יחידה,0.00,יחידה,false,,7.90,0.0000,true,1,6466668
7290116052830,false,קרם מזלג (40 יח') בסט וליו,,,מזלג קרם 40 יחידות,יח',1.00,יח',false,,7.90,7.9000,true,1,6508332
7290116052847,false,קרם כף (40 יח') בסט וליו,,,כף קרם 40 יחידות,יח',1.00,יח',false,,7.90,7.9000,true,1,6508333
7290116052854,false,קרם כפית (40 יח') בסט וליו,,,כפית קרם 40 יחידות,יח',1.00,יח',false,,6.90,6.9000,true,1,6508334
7290116052861,false,כוס מרוקאי זהב 25יח חגיגית,,,כוס מרוקאי זהב 25יח,יח',1.00,יח',false,,7.90,7.9000,true,1,6459891
7290116052878,false,כוס מרוקאי לבן 25יח חגיגית,,,כוס מרוקאי לבן 25יח,יח',1.00,יח',false,,7.90,7.9000,true,1,6459892
7290116052885,false,כוס מרוקאי קרם 25יח חגיגית,,,כוס מרוקאי קרם 25יח,יח',1.00,יח',false,,7.90,7.9000,true,1,6459893
7290116052915,false,כוס מרוקאי כסף 25יח חגיגית,,,כוס מרוקאי כסף 25יח,יח',1.00,יח',false,,7.90,7.9000,true,1,6459896
7290116052977,false,כפית פרימיום לבן 40 יחידות,,,כפית פרימיום לבן 4,יחידה,0.00,יחידה,false,,6.90,0.0000,true,1,6463411
7290116052984,false,מזלג פרימיום לבן 40 יחידות,,,מזלג פרימיום לבן 40,יחידה,0.00,יחידה,false,,6.90,0.0000,true,1,6463412
7290116052991,false,סכין פרימיום לבן 40 יחידות,,,סכין פרימיום לבן 4,יחידה,0.00,יחידה,false,,6.90,0.0000,true,1,6463413
7290116053004,false,כף פרימיום לבן 40 יחידות,,,כף פרימיום לבן 40,יחידה,0.00,יחידה,false,,6.90,0.0000,true,1,6463438
7290116053066,false,בקבוק שתיה תרמי נירוסטה דופן כפולה 500מל לבן,,,בקבוק שתיה תרמי ניר,יח',500.00,יח',false,,35.90,0.0718,true,1,6472398
7290116053073,false,כרבולית פונפונים פרחים 200*150סמ,,,כרבולית פונפונים פרח,יחידה,0.00,יחידה,false,,79.90,0.0000,true,1,6497348
7290116053097,false,צלחת רטרו עמוקה גדול,ד.ג.ש ייבוא ושיווק בעמ,,צלחת עמוקה זכוכית,יחידה,0.00,יחידה,false,,5.90,0.0000,true,1,6478046
7290116053103,false,"צלחת רטרו זכוכית 15 ס""מ",,,צלחת רטרו זכוכית 15,יחידה,0.00,יחידה,false,,3.90,0.0000,true,1,6478047
7290116053127,false,"צלחת רטרו זכוכית 25ס""מ",,,צלחת רטרו זכוכית 25ס,יחידה,0.00,יחידה,false,,7.90,0.0000,true,1,6478049
7290116053134,false,מלחיה זכוכית מעוצבת,,,מלחיה זכוכית מעוצבת,יחידה,0.00,יחידה,false,,5.90,0.0000,true,1,6478050
7290116053141,false,כוס זכוכית עם ידית 6 יח,,,כוס זכוכית עם ידית 6,יח',1.00,יח',false,,18.90,18.9000,true,1,6483049
7290116053158,false,כוס זכוכית צרה 6 יח',,,כוס זכוכית צרה 6 יח',יחידה,0.00,יחידה,false,,10.90,0.0000,true,1,6483050
7290116053165,false,אטבי כביסה סופר מילניום,ד.ג.ש ייבוא ושיווק בעמ,,אטבי כביסה סופר מילנ,יח',1.00,יח',false,,19.90,19.9000,true,1,6481191
7290116053172,false,אטבי כביסה צבעוניים 30 יח',ד.ג.ש ייבוא ושיווק בעמ,,אטבי כביסה צבעוניים,יח',1.00,יח',false,,9.90,9.9000,true,1,6481005
7290116053189,false,אטבי כביסה עץ 24 יח',,,אטבי כביסה עץ 24 יח',יח',1.00,יח',false,,6.90,6.9000,true,1,6481006
7290116053196,false,מתלה כביסה כפול איכותי,,,מתלה כביסה כפול איכו,יחידה,0.00,יחידה,false,,119.90,0.0000,true,1,6500005
7290116053349,false,משטח פעילות מתקפל 180*150,,,*מבצע* משטח פעילות מ,יח',1.00,יח',false,,79.90,79.9000,true,1,6472303
7290116053356,false,"שמיכה מפנקת 200*150ס""מ",,,שמיכה מפנקת 200*150ס,יח,1.00,יח,false,,49.90,49.9000,true,1,6492843
7290116053363,false,"חמישיית מגבות ידיים 33*33 ס""מ לבן",,,חמישיית מגבות ידיים,יח',1.00,יח',false,,15.90,15.9000,true,1,6480864
7290116053370,false,"חמישיית מגבות ידיים 33*33 ס""מ כחול",,,חמישיית מגבות ידיים,יח',1.00,יח',false,,15.90,15.9000,true,1,6480865
7290116053400,false,"חמישיית מגבות ידיים 33*33 ס""מ אפור כהה",,,חמישיית מגבות ידיים,יח',1.00,יח',false,,15.90,15.9000,true,1,6480889
7290116053417,false,"חמישיית מגבות ידיים 33*33 ס""מ בז'",,,חמישיית מגבות ידיים,יח',1.00,יח',false,,15.90,15.9000,true,1,6480890
7290116053424,false,"חמישיית מגבות ידיים 33*33 ס""מ שחור",,,חמישיית מגבות ידיים,יח',1.00,יח',false,,15.90,15.9000,true,1,6480891
7290116053455,false,מטרפת סיליקון איכותית,,,מטרפת סיליקון איכותי,יח',1.00,יח',false,,9.90,9.9000,true,1,6488048
7290116053462,false,ידית סיליקון לסירים,,,ידית סיליקון לסירים,יח',1.00,יח',false,,9.90,9.9000,true,1,6488049
7290116053486,false,דיספנסר סיליקון להכנת קרחונים,,,דיספנסר סיליקון להכנ,יח',1.00,יח',false,,14.90,14.9000,true,1,6488075
7290116053493,false,"מסננת רב שימושית איכותית 26 ס""מ",,,מסננת רב שימושית איכ,יח',1.00,יח',false,,12.90,12.9000,true,1,6488076
7290116053509,false,"מסננת רב שימושית איכותית 22 ס""מ",,,מסננת רב שימושית איכ,יח',1.00,יח',false,,11.90,11.9000,true,1,6488452
7290116053530,false,קולפן אגרונומי מעוצב,,,קולפן אגרונומי מעוצב,יח',1.00,יח',false,,14.90,14.9000,true,1,6488079
7290116053578,false,פורס ביצה משובח מחליף,,,פורס ביצה משובח מחלי,יח',1.00,יח',false,,11.90,11.9000,true,1,6488083
7290116053820,false,"מצע לפירות וירקות 30*47 ס""מ",,,מצע לפירות וירקות 30,יחידה,0.00,יחידה,false,,8.90,0.0000,true,1,6487056
7290116053837,false,מגב חלון איכותי מחליף,,,מגב חלון איכותי מחלי,יח',1.00,יח',false,,7.90,7.9000,true,1,6481192
7290116053844,false,מברשת מעוצבת לניקוי,,,מברשת מעוצבת לניקוי,יח',1.00,יח',false,,5.90,5.9000,true,1,6481215
7290116053851,false,אלמוגית בינונית,ד.ג.ש ייבוא ושיווק בעמ,,אלמוגית בינונית,יחידה,0.00,יחידה,false,,9.90,0.0000,true,1,6487057
7290116053875,false,מלקחיים נירסוטה,,,מלקחיים נירסוטה,יחידה,0.00,יחידה,false,,5.90,0.0000,true,1,6487237
7290116053882,false,מלקחיים נירוסטה,ד.ג.ש ייבוא ושיווק בעמ,,מלקחיים נירוסטה,יחידה,0.00,יחידה,false,,7.90,0.0000,true,1,6487238
7290116053905,false,סט כפות במבוק איכותיות,,,סט כפות במבוק איכותי,יח',1.00,יח',false,,9.90,9.9000,true,1,6481217
7290116053936,false,טי שרט לבן עגול L,,,טי שרט לבן עגול L,יחידה,0.00,יחידה,false,,20.90,0.0000,true,1,6469978
7290116054230,false,מארז 50 צלחות לבן 8.5' בסט וליו,,,מארז 50 צלחות לבן 8.,יח',1.00,יח',false,,15.90,15.9000,true,1,6441019
7290116054247,false,מארז 50 צלחות קרם 8.5' בסט וליו,,,מארז 50 צלחות קרם 8.,יח,50.00,יח,false,,15.90,0.3180,true,1,6441020
7290116054728,false,שטיח שנל מבריק 50*80,,,שטיח שנל מבריק 50*80,יח',1.00,יח',false,,39.90,39.9000,true,1,6472305
7290116054780,false,בקבוק בייסיק כחול מטאלי (600מל),,,בקבוק בייסיק כחול מט,יחידה,0.00,יחידה,false,,29.90,0.0000,true,1,6468849
7290116055084,false,אובלי בלה קטן (8 יח',,,אובלי בלה קטן (8 יח',יח',1.00,יח',false,,11.90,11.9000,true,1,6434348
7290116055220,false,צלחת ורוד פס זהב 7.5'' (8יח ),,,צלחת ורוד פס זהב 7.5,יח',1.00,יח',false,,14.90,14.9000,true,1,6494174
7290116055237,false,צלחת ורוד פס זהב 9'' (8יח ),,,צלחת ורוד פס זהב 9'',יח',1.00,יח',false,,19.90,19.9000,true,1,6494175
7290116055657,false,כוסות חד פעמי לשתייה חמה 40 יח,,,כוסות חד פעמי לשתייה,יח',1.00,יח',false,,6.90,6.9000,true,1,6448558
7290116055664,false,כוסות שתיה חמה 40 יחידות,,,כוסות שתיה חמה 40 יח,יח',1.00,יח',false,,11.90,11.9000,true,1,6443055
7290116055688,false,כוסות אספרסו 40 יח' רמי לוי,,,כוסות אספרסו 40 יח',יח',1.00,יח',false,,4.90,4.9000,true,1,6477999
7290116055732,false,כוסות אספרסו 40 יח' בסט וליו,,,כוסות אספרסו 40 יח',יח',1.00,יח',false,,4.90,4.9000,true,1,6459898
7290116056289,false,אקולוגית מרקיה קטנה 25יח,,,אקולוגית מרקיה קטנה,יח',25.00,יח',false,,8.90,0.3560,true,1,6488910
7290116056296,false,צלחת 9' קרם (50 יח') בסט וליו,,,צלחת 9 קרם 50יח בסט,יח',1.00,יח',false,,19.90,19.9000,true,1,6432026
7290116056302,false,צלחת 9' לבן (50 יח') בסט וליו,,,צלחת 9 לבן 50יח בסט,יח',1.00,יח',false,,19.90,19.9000,true,1,6432027
7290116057170,false,מפיות דגם 1453,,,מפיות דגם 1453,יח',1.00,יח',false,,4.90,4.9000,true,1,6411584
7290116057538,false,מגש בלה לבן כסף 1יח,,,מגש בלה לבן כסף 1יח,יח',1.00,יח',false,,8.90,8.9000,true,1,6411791
7290116057576,false,נעלי בית נשים,,,נעלי בית נשים,יח',1.00,יח',false,,49.90,49.9000,true,1,6398158
7290116058122,false,טוסקנה צלחת 7' ורוד עתיק 10יח,,,טוסקנה צלחת 7' ורוד,יח',1.00,יח',false,,10.90,10.9000,true,1,6395828
7290116058153,false,טוסקנה מרקיה ורוד עתיק 10יח,,,טוסקנה מרקיה ורוד עת,יח',1.00,יח',false,,13.90,13.9000,true,1,6395830
7290116058313,false,טוסקנה אובלי גדול ורוד 3יח,,,טוסקנה אובלי גדול ור,יח',1.00,יח',false,,8.90,8.9000,true,1,6395806
7290116058634,false,מפיות עגולות דגם 1373,,,מפיות עגולות דגם 137,יח',1.00,יח',false,,4.90,4.9000,true,1,6421076
7290116058641,false,מפיות עגולות דגם 137,,,מפיות עגולות דגם 137,יח',1.00,יח',false,,4.90,4.9000,true,1,6421077
7290116058801,false,מפיות דגם 1390,,,מפיות דגם 1390,יח',1.00,יח',false,,4.90,4.9000,true,1,6421093
7290116071480,false,כבל 1M iPhone NEW VIMAX לבן ^,,,כבל 1M iPhone NEW VI,יח',1.00,יח',false,,14.90,14.9000,true,1,6367668
7290116071497,false,כבל 1M TYPE C NEW VIMAX לבן ^,,,כבל 1M TYPE C NEW VI,יח',1.00,יח',false,,19.90,19.9000,true,1,6367669
7290116071510,false,כבל 1M AUX NEW VIMAX שחור ^,,,כבל 1M AUX NEW VIMAX,יח',1.00,יח',false,,14.90,14.9000,true,1,6367671
7290116071527,false,כבל 2M iPhone NEW VIMAX שחור,,,כבל 2M iPhone NEW VI,יח',1.00,יח',false,,29.90,29.9000,true,1,6377229
7290116071558,false,כבל USB 3IN1 NEW VIMAX גלקסי & אייפון & TYPE-C,,,כבל USB 3IN1 NEW VIM,יח',1.00,יח',false,,19.90,19.9000,true,1,6377249
7290116071596,false,אוזניה MUSIC NEW VIMAX לבן,,,אוזניה MUSIC NEW VIM,יח',1.00,יח',false,,19.90,19.9000,true,1,6377250
7290116071619,false,אוזניה סטריאו NEW VIMAX ורוד ^,,,אוזניה סטריאו NEW VI,יח',1.00,יח',false,,49.90,49.9000,true,1,6377252
7290116071725,false,מטען קיר ראש + כבל ג,,,מטען קיר ראש + כבל ג,יח',1.00,יח',false,,49.90,49.9000,true,1,6362048
7290116071756,false,מטען רכב NEW VIMAX ראש 2.1A,,,מטען רכב NEW VIMAX ר,יח',1.00,יח',false,,24.90,24.9000,true,1,6377263
7290116073057,false,מטען קיר ראש 20 וואט,,,מטען קיר VIMAX,יח',1.00,יח',false,,54.90,54.9000,true,1,6383482
7290116073071,false,אוזניה NEW RL דגם גלקסי S8,,,אוזניה NEW RL דגם גל,יח',1.00,יח',false,,29.90,29.9000,true,1,6397724
7290116073095,false,כבל Type C מטר,,,כבל Type C מטר,יח',1.00,יח',false,,14.90,14.9000,true,1,6362051
7290116073118,false,כבל מיקרו USB מטר,,,כבל מיקרו USB מטר,יח',1.00,יח',false,,14.90,14.9000,true,1,6383483
7290116073149,false,מטען קיר ראש 2.1A,,,מטען קיר ראש 2.1A,יח',1.00,יח',false,,29.90,29.9000,true,1,6383484
7290116073194,false,כבל 1.2M C TO L NEW VIMAX לב,,,כבל 1.2M C TO L NEW,יח',1.00,יח',false,,19.90,19.9000,true,1,6397726
7290116511450,false,גרביי נשים חצי מגבת,,,גרביי נשים חצי מגבת,יח',1.00,יח',false,,20.00,20.0000,true,1,6431782
7290116511467,false,גרבי נשים (3) עיקביות מגבת מלה,,,גרבי נשים (3) עיקביו,יח',1.00,יח',false,,20.00,20.0000,true,1,6404181
7290116511641,false,גרבי גבר (2) למטיילים,,,גרבי גבר (2) למטיילי,יח',1.00,יח',false,,20.00,20.0000,true,1,6404183
7290116511696,false,גרביי גבר מחממות LEE COOPER,,,גרביי גבר מחממות LEE,יח',1.00,יח',false,,20.00,20.0000,true,1,6511377
7290116511733,false,גרבי נשים (2) שניל,,,גרבי נשים (2) שניל,יח',1.00,יח',false,,29.90,29.9000,true,1,6404207
7290116511788,false,גרבי נשים (3) נגד החלקה ארומה,,,גרבי נשים (3) נגד הח,יח',1.00,יח',false,,29.90,29.9000,true,1,6404208
7290116511795,false,גרבי נשים (1) נגד החלקה,,,גרבי נשים (1) נגד הח,יח',1.00,יח',false,,17.90,17.9000,true,1,6404185
7290116513447,false,גרבי גבר (3) עיקביות חצי מגבת,,,גרבי גבר (3) עיקביות,יח',1.00,יח',false,,20.00,20.0000,true,1,6404189
7290116513805,false,חמישיית תחתוני בנים,,,חמישיית תחתוני בנים,יחידה,0.00,יחידה,false,,20.00,0.0000,true,1,6455300
7290116514406,false,שלישיית גרביים גברים סירה,,,שלישיית גרביים גברים,יח',1.00,יח',false,,15.00,15.0000,true,1,6459901
7290116514413,false,שלישיית גרביים נשים סירה,,,שלישיית גרביים נשים,יח',1.00,יח',false,,15.00,15.0000,true,1,6459927
7290116514710,false,L.A.GEAR 40-46 זוגות,,,L.A.GEAR 40-46 זוגות,יחידה,0.00,יחידה,false,,20.00,0.0000,true,1,6507206
7290116514819,false,שלישיית גרבי בנות חצ,,,שלישיית גרבי בנות חצ,יחידה,0.00,יחידה,false,,20.00,0.0000,true,1,6507216
7290116514857,false,L.A.GEAR 36-41 זוגות גרבי נשים שניל,,,L.A.GEAR 36-41 זוגות,יחידה,0.00,יחידה,false,,30.00,0.0000,true,1,6507220
7290116514864,false,L.A.GEAR 36-41 זוגות גרבי נשים חם ונעים,,,L.A.GEAR 36-41 זוגות,יחידה,0.00,יחידה,false,,29.90,0.0000,true,1,6507221
7290116514871,false,זוגות קרסוליות נשים  פרווה מעוצבות L.A.GEAR 36,,,זוגות קרסוליות נשים,יחידה,0.00,יחידה,false,,20.00,0.0000,true,1,6507222
7290116514895,false,גרביונים נשים טרמי שחור ללא כף רגל  S-M,,,גרביונים נשים טרמי ש,יחידה,0.00,יחידה,false,,24.90,0.0000,true,1,6507224
7290116515069,false,נעלי גרב פרווה 36-41,,,נעלי גרב פרווה 36-41,יחידה,0.00,יחידה,false,,29.90,0.0000,true,1,6507226
7290116530062,false,רוטב ויניגרט לסלט הלמנס 295 גרם,יוניליוור ישראל שיווק בע`מ,,הלמנס רוטב לסלט ויני,מטרים,295.00,100 מ'ל,false,,9.90,0.0336,true,1,6387985
7290116530185,false,"קורנפלקס דלישקד קרמל מלוח 400 גרם בד""ץ",יוניליוור ישראל שיווק בע`מ,,קורנפלקס דלישקד קרמל,גרמים,400.00,100 גרם,false,,19.70,0.0492,true,1,6398041
7290116530215,false,דאודרנט סטיק לגבר דרק טמפטיישן 76 ג' אקס,"יוניליוור ישראלשיווק בע""מ",,דאו אקס סטיק לגבר דר,גרמים,76.00,100 גרם,false,,19.90,0.2618,true,1,6378051
7290116530222,false,דאודרנט סטיק לגבר אנרכי 76 ג' אקס,יוניליוור ישראל שיווק בעמ,,דאו אקס סטיק לגבר אנ,גרמים,76.00,100 גרם,false,,19.90,0.2618,true,1,6378052
7290116530482,false,תלמה מארז קורנפלקס אלופים 30 גרם*5 יחידו,יוניליוור ישראל שיווק בע`מ,,קורנפלקס אלופים 5*30,גרמים,150.00,100 גרם,false,,9.90,0.0660,true,1,6398060
7290116530871,false,נשנושים מיקס בייגל בייגל 240 גרם,יוניליוור ישראל שיווק בע`מ,,נשנושים מיקס 260 גר-,גרמים,260.00,100 גרם,false,,11.90,0.0458,true,1,6378054
7290116530895,false,"תרסיס ריחני למייבש כביסה פינוק כחול בדין 500 מ""ל",יוניליוור ישראל שיווק בע`מ,,בדין תרסיס למייבש בנ,מטרים,500.00,100 מ'ל,false,,14.90,0.0298,true,1,6387991
7290116531045,false,קורנפלקס דליפקאן 350ג ללא גלוטן,"יוניליוור ישראלשיווק בע""מ",,קורנפלקס דליפקאן 350,גרמים,350.00,100 גרם,false,,19.90,0.0569,true,1,6433158
7290116531069,false,קנור מרק בצל 100% רכיבים טבעיים 225 גרם,יוניליוור ישראל שיווק בע`מ,,קנור מרק בצל רכיבים,גרמים,225.00,100 גרם,false,,13.90,0.0618,true,1,6422340
7290116531076,false,מרק פטריות רכיבים טבעיים קטן 225 ג' קנור,יוניליוור ישראל שיווק בע`מ,,קנור מרק פטריות רכיב,גרמים,225.00,100 גרם,false,,13.90,0.0618,true,1,6422341
7290116531090,false,בייגל בייגל דג דג במליחות עדינה 250 גרם,"יוניליוור ישראל שיווק בע""מ",,בייגלה דג דג 250 גרם,גרמים,250.00,100 גרם,false,,9.90,0.0396,true,1,6419646
7290116531311,false,חטיף קליק בלאק אנד וויט שוקולד לבן 35 גר,יוניליוור ישראל שיווק בעמ,,קליק חטיף אוקיי שחור,גרמים,38.00,100 גרם,false,,3.90,0.1026,true,1,6448845
7290116531496,false,קינמונים דגנים פריכים מצופים קינמון 375,"יוניליוור ישראל שיווק בע""מ",,קורנפלקס קינמונים 37,גרמים,375.00,100 גרם,false,,18.90,0.0504,true,1,6448846
7290116531540,false,"קורנפלקס דבש 375 גרם כשל""פ רבנות",יוניליוור ישראל שיווק בעמ,,קורנפלקס דבש 375 גר-,גרמים,375.00,100 גרם,false,,14.50,0.0387,true,1,6435351
7290116531557,false,"פריכיות פתית תירס עם מלח 150 גרם כשל""פ",יוניליוור ישראל שיווק בע`מ,,פתית פריכיות תירס דק,גרמים,150.00,100 גרם,false,,9.90,0.0660,true,1,6432524
7290116531564,false,מאגדת פתית פריכיות תירס דקות עם קינואה ובזיליקום 150 ג',יוניליוור ישראל שיווק בע`מ,,פתית פריכיות תירס דק,גרמים,150.00,100 גרם,false,,9.90,0.0660,true,1,6432525
7290116531656,false,מרכך פינוק לשיער בניחוח תפוח 700 גרם,"יוניליוור ישראל שיווק בע""מ",,פינוק מרכך ניחוח תפו,מיליליטרים,700.00,"100 מ""ל",false,,11.90,0.0170,true,1,6398067
7290116531762,false,דפים ריחניים למייבש כביסה בדין ורוד 40 יחידות,יוניליוור ישראל שיווק בע`מ,,בדין דפים למייבש כבי,יח',40.00,יח',false,,14.90,0.3725,true,1,6427681
7290116531779,false,דפים ריחניים למייבש כביסה בדין כחול 40 יחידות,"יוניליוור ישראל שיווק בע""מ",,בדין דפים למייבש כבי,יח',40.00,יח',false,,14.90,0.3725,true,1,6427682
7290116531793,false,הלמנ'ס רוטב לסלט קיסר 295 גרם,"יוניליוור ישראל שיווק בע""מ",,הלמנס רוטב לסלט קיסר,מיליליטרים,295.00,"100 מ""ל",false,,9.90,0.0336,true,1,6411150
7290116531885,false,"מיונז הלמנס טיבעוני בד""ץ 500 גר",יוניליוור ישראל שיווק בע`מ,,מיונז הלמנס טיבעוני,יחידה,0.00,יחידה,false,,12.90,0.0000,true,1,6476236
7290116531939,false,גלידה בשומן צמחי בטעם תות שדה בציפוי מכיל שוקולד,"גלידת שטראוס בע""\מ, רח'",,גלידונית קרמיסימו תו,גרמים,630.00,100 גרם,false,,39.80,0.0632,true,1,6442458
7290116532011,false,קליק אוקיי נוגט בציפוי שוקולד חלב 35 גרם,יוניליוור ישראל שיווק בע`מ,,קליק חטיף OK נוגט 35,גרמים,35.00,גרם,false,,3.90,0.1114,true,1,6433025
7290116532264,false,גודיז פרי אפרסק – שלגון מופחת קלוריות עם יוגורט בציפוי בטעם אפרסק,"גלידת שטראוס בע""\מ, רחוב",,גודיז פרי אפרסק 8יח,מטרים,420.00,100 מ'ל,false,,19.90,0.0474,true,1,6442459
7290116532387,false,"אל סבון ידיים נוזלי חמאת שיאה 950 מ""ל פינוק",יוניליוור ישראל שיווק בע`מ,,פינוק סבון לידיים חמ,מיליליטרים,950.00,"100 מ""ל",false,,11.80,0.0124,true,1,6442455
7290116532394,false,"אל סבון ידיים נוזלי חמאת קקאו 950 מ""ל פינוק",יוניליוור ישראל שיווק בע`מ,,פינוק סבון לידיים חמ,מיליליטרים,950.00,"100 מ""ל",false,,11.80,0.0124,true,1,6442456
7290116532479,false,קליק גלידת שמנת בטעמי שוקולד לבן עוגיות 384 ג' שטראוס,"גלידת שטראוס בע""\מ, רחוב",,"פיינטים קליק 520 מ""",מיליליטרים,520.00,"100 מ""ל",false,,19.80,0.0381,true,1,6463106
7290116532486,false,גלידת שמנת קליק בטעמי וניל קרמל מלוח 384 ג' שטראוס,"גלידת שטראוס בע""\מ, רחוב",,"פיינטים קליק 520 מ""",מיליליטרים,520.00,"100 מ""ל",false,,19.80,0.0381,true,1,6465288
7290116532585,false,דגני בוקר ברנפלקס קרנצ'ים בטעם דבש וקינמון,יוניליוור ישראל שיווק בע`מ,,ברנפלקס קרנצ'ים דבש,גרמים,375.00,100 גרם,false,,19.90,0.0531,true,1,6463130
7290116532622,false,"פינוק קונדישנר בתוספת תמצית גוג`י 700מ""ל","יוניליוור ישראל שיווק בע""מ",,פינוק מרכך עם תמצית,מיליליטרים,700.00,"100 מ""ל",false,,11.90,0.0170,true,1,6463132
7290116532721,false,רוטב הלמנס ישראלי לסלט לימון וזעתר 305 ג,יוניליוור ישראל שיווק בע`מ,,הלמנס רוטב לסלט לימו,מיליליטרים,300.00,"100 מ""ל",false,,9.90,0.0330,true,1,6498504
7290116532868,false,פינוק בייבי שמפו אל דמע לתינוקות 900 מל,יוניליוור ישראל שיווק בע`מ,,פינוק שמפו אל דמע בי,מיליליטרים,900.00,"100 מ""ל",false,,19.90,0.0221,true,1,6480216
7290116532875,false,פינוק בייבי אל סבון לתינוקות 970 מל-משאבה,יוניליוור ישראל שיווק בע`מ,,פינוק בייבי אל סבון,מטרים,970.00,100 מ'ל,false,,19.90,0.0205,true,1,6476158
7290116930015,false,GO חטיף חלבון חטיף בוטנים קריספי 20 גרם חלבון,"בלמונט קונפקציות בע""\מ.",,גו חטיף חלבון טעם ק,גרמים,60.00,100 גרם,false,,11.90,0.1983,true,1,6473866
7290116930282,false,ארוחה בקטנה לאבנה עם קרקרים 150ג' תנובה,"תנובה בע""מ ***",,ארוחת בוקר לאבנה עם,גרמים,150.00,100 גרם,false,,7.50,0.0500,true,1,6485363
7290116930435,false,יופלה גו במרקם סמיך עם דובדבן 0% 200מל,תנובה מרכז שיתופי לש,,יופלה גו במרקם סמיך,מטרים,200.00,100 מ'ל,false,,5.50,0.0275,true,1,6455569
7290116930466,false,"משקה SHAKE בננה מנגן פסיפלורה והל 230 מ""ל יופלה",קבוצת המזון אקטשלאר,,יופלה שייק 230 מל,מטרים,230.00,100 מ'ל,false,,7.70,0.0335,true,1,6465225
7290116930480,false,"משקה SHAKE בננה קיווי תפוח 230 מ""ל יופלה",קבוצת המזון אקטשלאר,,יופלה שייק 230 מל,מטרים,230.00,100 מ'ל,false,,7.70,0.0335,true,1,6465226
7290116930701,false,מעדן חלב GO מועשר בחלבון בטעם קרמל מלוח,תנובה מרכז שיתופי לש,,מעדן חלב גו בטעם קרמ,מטרים,120.00,100 מ'ל,false,,4.60,0.0383,true,1,6465228
7290116930725,false,סויה BIO קוקוס גביע 150 גרם אלטרנטיב,תנובה בעמ ***,,סויה ביו קוקוס גביע,גרמים,150.00,100 גרם,false,,4.20,0.0280,true,1,6485366
7290116931074,false,פרוסות טל העמק 32% שומן 300 גרם,"תנובה בע""מ ***",,פרוסות טל עמק 300גר,גרמים,300.00,100 גרם,false,,24.90,0.0830,true,1,6497557
7290116931081,false,מעדן סויה - טופי קרמל 125 גרם אלטרנטיב,תנובה מרכז שיתופי לש,,מעדן סויה טעם טופי ק,גרמים,125.00,100 גרם,false,,3.70,0.0296,true,1,6485367
7290116931104,false,יופלה GO במרקם סמיך עם אננס 0% תנובה 200 גרם,תנובה בעמ ***,,יופלה גו במרקם סמיך,מטרים,200.00,100 מ'ל,false,,5.50,0.0275,true,1,6485368
7290117216194,false,שלשייית מזוודות+תיק BLUE,,,שלשייית מזוודות+תיק,יחידה,0.00,יחידה,false,,399.90,0.0000,true,1,6509889
7290117260319,false,גבינת שמנת עם שום 21% 200ג רמילוי,,,גבינת שמנת עם שום,גרמים,200.00,100 גרם,false,,9.90,0.0495,true,1,6446985
7290117260333,false,גבינת שמנת עם חלפיניו 22% 200ג רמילוי,,,גבינת שמנת עם חלפיני,גרמים,200.00,100 גרם,false,,9.90,0.0495,true,1,6446987
7290117260432,false,פטריות שמפניון חתוכות 400ג רמילוי,,,פטריות שמפניון חתוכו,גרמים,400.00,100 גרם,false,,4.60,0.0115,true,1,6422349
7290117260920,false,קרקרים ללא גלוטן 125 גרם ויליפוד,ג.וילי פוד אינטרנשיונל בעמ,,קרקרים ללא גלוטן 125,גרמים,125.00,100 גרם,false,,9.70,0.0776,true,1,6437432
7290117261347,false,תן בו בציפוי בטעם שוקולד לבן ופתיתי קוקוס כחולים 300 גרם,ג.וילי-פוד אינטרנשיונל בעמ,,תן בו טעם שוקולד לבן,גרמים,300.00,100 גרם,false,,19.90,0.0663,true,1,6437441
7290117261378,false,גבינת קשקבל לייט EURO CHEESE ויליפוד 250 גרם,ג.וילי-פוד אינטרנשיונל **גבינו,,גבינת קשקבל לייט 250,גרמים,250.00,100 גרם,false,,14.70,0.0588,true,1,6460923
7290117261415,false,euro cheese יוגורט פרוביוטי 2.7% שומן 125 גרם,ג.וילי-פוד אינטרנשיונל **גבינו,,יוגורט פרוביוטי 2.7%,מטרים,125.00,100 מ'ל,false,,2.80,0.0224,true,1,6507021
7290117261422,false,euro cheese יוגורט פרוביוטי תות שדה 2% שומן 125 גרם,ג.וילי-פוד אינטרנשיונל **גבינו,,יוגורט פרוביוטי עם ת,מטרים,125.00,100 מ'ל,false,,2.80,0.0224,true,1,6507022
7290117261439,false,euro cheese יוגורט פרוביוטי פירות יער 2% שומן 125 גרם,ג.וילי-פוד אינטרנשיונל **גבינו,,יוגורט פרוביוטי עם פ,מטרים,125.00,100 מ'ל,false,,2.80,0.0224,true,1,6507023
7290117261514,false,סלמון אטלנטי בשמן קנולה ולימון 120 גרם ויליפוד,ג.וילי פוד אינטרנשיונל בעמ,,סלמון אטלנטי בשמן קנ,גרמים,120.00,100 גרם,false,,9.90,0.0825,true,1,6481087
7290117261521,false,סלמון אטלנטי בשמן קנולה 120 גרם ויליפוד,ג. וילי-פוד אינטרנשיונל בע`מ,,סלמון אטלנטי בשמן קנ,גרמים,120.00,100 גרם,false,,9.90,0.0825,true,1,6481088
7290117261545,false,סלמון אטלנטי ברוטב טריאקי 120 גרם ויליפוד,ג.וילי-פוד אינטרנשיונל בעמ,,סלמון אטלנטי ברוטב ט,גרמים,120.00,100 גרם,false,,9.90,0.0825,true,1,6481055
7290117261552,false,סלמון אטלנטי ברוטב עגבניות 120 גרם ויליפוד,ג.וילי פוד אינטרנשיונל בעמ,,סלמון אטלנטי ברוטב ע,גרמים,120.00,100 גרם,false,,9.90,0.0825,true,1,6481056
7290117261569,false,סלמון אטלנטי מעושן בשמן קנולה 120 גרם ויליפוד,ג. וילי-פוד אינטרנשיונל בע`מ,,סלמון אטלנטי מעושן ב,גרמים,120.00,100 גרם,false,,9.90,0.0825,true,1,6481090
7290117261576,false,סרדינים בריסלינג מעושנים ברוטב עגבניות 185 גרם צנצנת,ג. וילי-פוד אינטרנשיונל בע`מ,,סרדינים בריסלינג מעו,גרמים,120.00,100 גרם,false,,13.50,0.1125,true,1,6490077
7290117261705,false,חמאת עיזים 200 גרם ויליפוד,ג.וילי-פוד אינטרנשיונל **גבינו,,חמאת עיזים 200 גר,גרמים,200.00,100 גרם,false,,13.70,0.0685,true,1,6448617
7290117261989,false,גבינת מנורי רכה מחלב צאן 43% שומן 170 גרם,ג.וילי-פוד אינטרנשיונל **גבינו,,גבינת מנורי רכה 43%,גרמים,170.00,100 גרם,false,,16.80,0.0988,true,1,6460955
7290117263020,false,"משקה יוגורט פרוביוטי פירות יער 2.3% 200 מ""ל",ג.וילי-פוד אינטרנשיונל **גבינו,,משקה יוגורט פרוביוטי,מטרים,200.00,100 מ'ל,false,,4.90,0.0245,true,1,6518207
7290117380154,false,ררוטב אסיאתי עם סויה ושומשום 260 גר`מאס,ש. שסטוביץ בע`מ,,מאסטר שף רוטב סויה 2,מטרים,264.00,100 מ'ל,false,,8.90,0.0337,true,1,6444389
7290117380192,false,חטיף פוף קראנץ בטעם גריל 60 גרם,ש. שסטוביץ בע`מ,,פוף קראנצ בטעם גריל,גרמים,60.00,100 גרם,false,,2.90,0.0483,true,1,6417375
7290117380215,false,חטיף פוף קראנץ בטעם טאקו 60 גרם,ש. שסטוביץ בע`מ,,פוף קראנצ בטעם טאקו,גרמים,60.00,100 גרם,false,,2.90,0.0483,true,1,6417355
7290117380857,false,"מרבה סלים דליס פייבר עוגות אישיות בטעם לימון, 120 גרם",ש. שסטוביץ בע`מ,,סלים דליס פייבר עוגו,גרמים,150.00,100 גרם,false,,10.80,0.0720,true,1,6456331
7290117380864,false,סלים דליס פייבר עוגות בראוניס אישיות בטעם שוקולד 120 גרם,ש.שסטוביץ בעמ,,סלים דליס פייבר עוגו,גרמים,150.00,100 גרם,false,,10.80,0.0720,true,1,6461192
7290117380871,false,סלים דליס פייבר עוגות אישיות בטעם אוכמניות 120 גרם,ש.שסטוביץ בעמ,,סלים דליס פייבר עוגו,גרמים,150.00,100 גרם,false,,10.80,0.0720,true,1,6456332
7290117381205,false,"מאסטר שף שמן שומשום 370 מ""ל",ש.שסטוביץ בעמ,,מאסטר שף שמן שומשום,מטרים,370.00,100 מ'ל,false,,22.90,0.0619,true,1,6501480
7290117382264,false,"משחת שיניים טוטאל עם פחם 2 *75 מ""ל קולגייט",ש.שסטוביץ בעמ,,קולגייט משחת שיניים,מטרים,150.00,100 מ'ל,false,,34.90,0.2327,true,1,6456333
7290117382318,false,סלים דליס פרו 33 חטיף חלבון שוקולד מריר 60 גרם,"י. מרבה ישראל בע""\מ",,סלים דליס חטיף חלבון,יחידה,0.00,יחידה,false,,11.90,0.0000,true,1,6494411
7290117382325,false,חטיף חלבון מצופה שוקולד חלב פרו 33 סלים דליס 60 ג,"י. מרבה ישראל בע""\מ",,סלים דליס פרו 33 חטי,יחידה,0.00,יחידה,false,,11.90,0.0000,true,1,6494412
7290117382332,false,סלים דליס פרו 33 חטיף חלבון שוקולד בטעם עוגיות 60 גרם,"י. מרבה ישראל בע""\מ",,סלים דליס חטיף חלבון,יחידה,0.00,יחידה,false,,11.90,0.0000,true,1,6494413
7290117383711,false,"מארז זוג תחליב רחצה חלב ודבש *750 מ""ל פלמוליב",קולגייט פלמוליב,,פלמוליב חלב ודבש 750,גרמים,1500.00,100 גרם,false,,29.90,0.0199,true,1,6508297
7290117383728,false,"מארז זוג תחליב רחצה לומינוס  אבוקדו 750 מ""ל פלמוליב",קולגייט פלמוליב,,פלמוליב לימונס אבוקד,גרמים,1500.00,100 גרם,false,,29.90,0.0199,true,1,6508298
7290117383766,false,"מארז זוג פלמוליב לומינוס  תאנה 500 מ""ל",,,פלמוליב לימונס תאנה,גרמים,1000.00,100 גרם,false,,29.90,0.0299,true,1,6508301
7290117900826,false,חמצוצים בטעם קולה 180 גרם רמי לוי,,,חמצוצים בטעם קולה 18,גרמים,180.00,100 גרם,false,,8.90,0.0494,true,1,6435593
7290117900833,false,חמצוצים בטעם תות בננה 180 גרם רמי לוי,,,חמצוצים בטעם תות בננ,גרמים,180.00,100 גרם,false,,8.90,0.0494,true,1,6435594
7290117900840,false,חמצוצים בטעם תות 180 גרם רמי לוי,,,חמצוצים בטעם תות 180,גרמים,180.00,100 גרם,false,,8.90,0.0494,true,1,6435595
7290117900857,false,חמצוצים בטעם אוכמניות 180 גרם רמי לוי,,,חמצוצים בטעם אוכמניו,גרמים,180.00,100 גרם,false,,8.90,0.0494,true,1,6435618
7290117900864,false,חמצוצים בטעם פירות 180 גרם רמי לוי,,,חמצוצים בטעם פירות,גרמים,180.00,100 גרם,false,,8.90,0.0494,true,1,6435619
7290117900871,false,מגש סוכריות גומי 700 גרם רמי לוי,,,מגש סוכריות גומי 700,גרמים,700.00,100 גרם,false,,28.90,0.0413,true,1,6435596
7290118070009,false,סט 12יח קליפסים לסגירת שקיות,,,סט 12יח קליפסים לסגי,יח',1.00,יח',false,,9.90,9.9000,true,1,6481220
7290118070023,false,סט כוסות פסטל מחליף,,,סט כוסות פסטל מחליף,יח,1.00,יח,false,,9.90,9.9000,true,1,6481222
7290118070030,false,סט 4 קעריות פלסטיק פסטל,,,סט 4 קעריות פלסטיק פ,יח,1.00,יח,false,,9.90,9.9000,true,1,6481223
7290118070061,false,"מסננת רשת מתכת XL קוטר 28 ס""מ",,,מסננת רשת מתכת XL קו,יח,1.00,יח,false,,24.90,24.9000,true,1,6481226
7290118070078,false,שטיח אמבט פרחוני MOCONA,,,שטיח אמבט פרחוני MOC,יחידה,0.00,יחידה,false,,19.90,0.0000,true,1,6507537
7290118070108,false,"שמיכה מפנקת 200*180ס""מ",,,שמיכה מפנקת 200*180ס,יח,1.00,יח,false,,49.90,49.9000,true,1,6492844
7290118070115,false,"שמיכת פרווה מפנקת 200*150 ס""מ",,,שמיכת פרווה מפנקת 20,יח,1.00,יח,false,,79.90,79.9000,true,1,6492845
7290118070122,false,"שמיכת פרווה עבה מפנקת 200*150 ס""מ",,,שמיכת פרווה עבה מפנק,יח,1.00,יח,false,,79.90,79.9000,true,1,6492846
7290118070146,false,מאפרת זכוכית מעוצבת מחליף,,,מאפרת זכוכית מעוצבת,יח,1.00,יח,false,,5.90,5.9000,true,1,6481249
7290118070153,false,ראש דוש מגביר לחץ,,,ראש דוש מגביר לחץ,יח,1.00,יח,false,,39.90,39.9000,true,1,6481250
7290118070160,false,ראש דוש TOP+צינור 1 מטר,,,ראש דוש TOP+צינור 1,יח,1.00,יח,false,,29.90,29.9000,true,1,6481251
7290118070177,false,שלישית ווים ניצמדים,,,שלישית ווים ניצמדים,יח,1.00,יח,false,,5.90,5.9000,true,1,6481252
7290118070214,false,אטבי כביסה 24,,,אטבי כביסה 24,יח,1.00,יח,false,,6.90,6.9000,true,1,6481255
7290118070245,false,קליפיסים לסגירת שקיות 4יח,,,קליפיסים לסגירת שקיו,יח,1.00,יח,false,,6.90,6.9000,true,1,6481256
7290118070252,false,מארז בלונים 50יח,,,מארז בלונים 50יח,יח,1.00,יח,false,,12.90,12.9000,true,1,6481257
7290118070283,false,כוס מרוקאית,,,כוס מרוקאית,יח',1.00,יח',false,,5.90,5.9000,true,1,6506022
7290118070313,false,מנגל נירוסטה גדול מתקפל,,,מנגל נירוסטה גדול מת,יחידה,0.00,יחידה,false,,89.90,0.0000,true,1,6491783
7290118070320,false,נעלי בית נשים (36-41) פרווה יוג'י ורוד,,,נעלי בית נשים (36-41,יח',1.00,יח',false,,59.90,59.9000,true,1,6501164
7290118070337,false,נעלי בית נשים (36-41) פרווה יוג'י שחור,,,נעלי בית נשים (36-41,יח',1.00,יח',false,,59.90,59.9000,true,1,6501165
7290118070344,false,נעלי בית נשים (36-41) פרווה 2 רצועות שחור,,,נעלי בית נשים (36-41,יח',1.00,יח',false,,59.90,59.9000,true,1,6501166
7290118070351,false,נעלי בית נשים (36-41) פרווה 2 רצועות בז',,,נעלי בית נשים (36-41,יח',1.00,יח',false,,59.90,59.9000,true,1,6501167
7290118070405,false,נעלי בית נשים (36-41) פרווה TOY שחור,,,נעלי בית נשים (36-41,יח',1.00,יח',false,,59.90,59.9000,true,1,6501172
7290118070429,false,נעלי בית גברים (41-46) אפור בהיר,,,נעלי בית גברים (41-4,יח',1.00,יח',false,,59.90,59.9000,true,1,6501206
7290118070436,false,נעלי בית גברים (41-46) אפור כהה,,,נעלי בית גברים (41-4,יח',1.00,יח',false,,59.90,59.9000,true,1,6501207
7290118070443,false,"שמיכת פרווה פסים מפנקת 200*150 ס""מ",,,שמיכת פרווה פסים מפנ,יח,1.00,יח,false,,79.90,79.9000,true,1,6492847
7290118070894,false,מפיות מודפסות,,,מפיות מודפסות,יח',1.00,יח',false,,4.90,4.9000,true,1,6482023
7290118070931,false,מפיות מודפסות,,,מפיות מודפסות,יח',1.00,יח',false,,4.90,4.9000,true,1,6482027
7290118070962,false,מפיות מודפסות,,,מפיות מודפסות,יח',1.00,יח',false,,4.90,4.9000,true,1,6482030
7290118070979,false,מפיות מודפסות,,,מפיות מודפסות,יח',1.00,יח',false,,4.90,4.9000,true,1,6482053
7290118070993,false,מפיות מודפסות,,,מפיות מודפסות,יח',1.00,יח',false,,4.90,4.9000,true,1,6482055
7290118071006,false,מפיות מודפסות,,,מפיות מודפסות,יח',1.00,יח',false,,4.90,4.9000,true,1,6482056
7290118071020,false,מפיות מודפסות,,,מפיות מודפסות,יח',1.00,יח',false,,4.90,4.9000,true,1,6482058
7290118071037,false,מפיות מודפסות,,,מפיות מודפסות,יח',1.00,יח',false,,4.90,4.9000,true,1,6482059
7290118071150,false,רולר נייר דבק לניקוי בדים + מילוי,,,רולר נייר דבק לניקוי,יח',1.00,יח',false,,9.90,9.9000,true,1,6484382
7290118071167,false,סט 12 עפרונות HB,,,סט 12 עפרונות HB,יח',1.00,יח',false,,2.90,2.9000,true,1,6483182
7290118071198,false,ערכת יצירה,,,ערכת יצירה,יחידה,0.00,יחידה,false,,1.00,0.0000,true,1,6484979
7290118071259,false,ערכת יצירה סול,ד.ג.ש ייבוא ושיווק בעמ,,ערכת יצירה סול,יחידה,0.00,יחידה,false,,4.90,0.0000,true,1,6484983
7290118071266,false,פלסטלינה,,,פלסטלינה,יחידה,0.00,יחידה,false,,9.90,0.0000,true,1,6484984
7290118071280,false,רול חותמות,,,רול חותמות,יחידה,0.00,יחידה,false,,9.90,0.0000,true,1,6484986
7290118071297,false,בצק משחק כלב,,,בצק משחק כלב,יחידה,0.00,יחידה,false,,14.90,0.0000,true,1,6484987
7290118071358,false,חול קינטי,,,חול קינטי,יחידה,0.00,יחידה,false,,14.90,0.0000,true,1,6484992
7290118071419,false,12 עפרונות צבעוניים דו צדדים - 24 גוונים,,,12 עפרונות צבעוניים,יח',1.00,יח',false,,9.90,9.9000,true,1,6483209
7290118071815,false,נעלי בית גברים,,,נעלי בית גברים,יח',1.00,יח',false,,59.90,59.9000,true,1,6502111
7290118071839,false,נעלי בית נוער (36-41) יוג'י שחור/אפור כהה,,,נעלי בית נוער (36-41,יח',1.00,יח',false,,59.90,59.9000,true,1,6501209
7290118071846,false,נעלי בית נוער (36-41) יוג'י שחור/אפור בהיר,,,נעלי בית נוער (36-41,יח',1.00,יח',false,,59.90,59.9000,true,1,6501210
7290118072478,false,"רוסטר יציקה משובח לבישול ואפייה 30 ס""מ",,,רוסטר יציקה משובח לב,יחידה,0.00,יחידה,false,,119.90,0.0000,true,1,6507539
7290118072492,false,מנגל קטן,,,מנגל קטן,יח',1.00,יח',false,,29.90,29.9000,true,1,6487927
7290118072508,false,"מחבת ווד אדישן מקצועית 20 ס""מ שחור",,,מחבת ווד אדישן מקצוע,יח',1.00,יח',false,,49.90,49.9000,true,1,6490135
7290118072522,false,"מחבת ווד אדישן מקצועית 28 ס""מ שחור",,,מחבת ווד אדישן מקצוע,יח',1.00,יח',false,,69.90,69.9000,true,1,6490165
7290118072591,false,מאג רוזה,,,מאג רוזה,יח',1.00,יח',false,,4.90,4.9000,true,1,6490166
7290118072607,false,מאג יהלום,,,מאג יהלום,יח',1.00,יח',false,,4.90,4.9000,true,1,6490167
7290118072614,false,כוס צייסר קטנה,,,כוס צייסר קטנה,יחידה,0.00,יחידה,false,,2.90,0.0000,true,1,6490168
7290118072621,false,כוס יין מעוטרת,,,כוס יין מעוטרת,יחידה,0.00,יחידה,false,,4.90,0.0000,true,1,6490169
7290118072638,false,כוס אספרסו,,,כוס אספרסו,יחידה,0.00,יחידה,false,,3.90,0.0000,true,1,6490170
7290118072645,false,כוס יין איכותית,,,כוס יין איכותית,יחידה,0.00,יחידה,false,,4.90,0.0000,true,1,6490195
7290118072669,false,מפה עם גומי לשולחן מתקפל 1.80,,,מפה עם גומי לשולחן מ,יחידה,0.00,יחידה,false,,19.90,0.0000,true,1,6505560
7290118072676,false,שולחן מתקפל,,,שולחן מתקפל,יח',1.00,יח',false,,119.90,119.9000,true,1,6500165
7290118072683,false,לפתניה לבן 20יח,,,לפתניה לבן 20יח,יח',20.00,יח',false,,2.90,0.1450,true,1,6509921
7290118072706,false,לבן מרקיה (20 יח') בסט וליו,,,לבן מרקיה (20 יח') ב,יח',1.00,יח',false,,4.90,4.9000,true,1,6509674
7290118072713,false,קרם לפתניה (20יח') ב,,,קרם לפתניה (20יח') ב,יח',1.00,יח',false,,2.90,2.9000,true,1,6514324
7290118072744,false,קרם צלחת 7' (20 יח') בסט וליו,,,קרם צלחת 7' (20 יח'),יח',1.00,יח',false,,4.90,4.9000,true,1,6511455
7290118072768,false,קרם צלחת 10' (20 יח') בסט וליו,,,קרם צלחת 10' (20 יח',יח',1.00,יח',false,,13.90,13.9000,true,1,6514352
7290118072829,false,לבן צלחת 7' (20יח'),,,לבן צלחת 7' (20יח'),יח',1.00,יח',false,,4.90,4.9000,true,1,6511458
7290118072850,false,זהב צלחת 10' (20 יח') בסט וליו,,,זהב צלחת 10' (20 יח',יח',1.00,יח',false,,13.90,13.9000,true,1,6511460
7290118072973,false,צידנית מתקפלת איכותית רמי לוי,,,צידנית מתקפלת איכותי,יחידה,0.00,יחידה,false,,19.90,0.0000,true,1,6504189
7290118073147,false,"קרש חיתוך מעוצב +משחיז סכינים 33.5*23.5*1.5 ס""מ",,,קרש חיתוך מעוצב +משח,יחידה,0.00,יחידה,false,,19.90,0.0000,true,1,6509529
7290118073222,false,כסף צלחת 10' (20יח') בסט וליו,,,כסף צלחת 10' (20יח'),יח',1.00,יח',false,,13.90,13.9000,true,1,6511463
7290118073291,false,לפתניה שקוף 20יח,,,לפתניה שקוף 20יח,יח',20.00,יח',false,,3.90,0.1950,true,1,6509955
7290118073307,false,קרסול שקוף 20יח,,,קרסול שקוף 20יח,יח',20.00,יח',false,,4.50,0.2250,true,1,6509956
7290118073314,false,שקוף מרקיה (20יח'),,,שקוף מרקיה (20יח'),יח',1.00,יח',false,,6.90,6.9000,true,1,6511490
7290118073321,false,שקוף צלחת 7' (20יח'),,,שקוף צלחת 7' (20יח'),יח',1.00,יח',false,,5.90,5.9000,true,1,6511491
7290118073338,false,צלחת שקוף מספר 9 20יח,,,צלחת שקוף מספר 9 20י,יח',20.00,יח',false,,8.90,0.4450,true,1,6509957
7290118073345,false,שקוף צלחת 10' (20יח') בסט וליו,,,שקוף צלחת 10' (20יח',יח',1.00,יח',false,,14.90,14.9000,true,1,6511492
7290118073352,false,שעון שבת / טיימר,,,שעון שבת / טיימר,יחידה,0.00,יחידה,false,,19.90,0.0000,true,1,6504405
7290118073413,false,"שטיח כניסה קוקוס פנמה 60*40 ס""מ",,,שטיח כניסה קוקוס פנמ,יחידה,0.00,יחידה,false,,14.90,0.0000,true,1,6499058
7290118073420,false,"שטיח כניסה קוקוס איכותי 75*45 ס""מ",,,שטיח כניסה קוקוס איכ,יחידה,0.00,יחידה,false,,24.90,0.0000,true,1,6499059
7290118073437,false,"שטיח כניסה קוקוס משובח 60*40 ס""ס PVC",,,שטיח כניסה קוקוס משו,יחידה,0.00,יחידה,false,,19.90,0.0000,true,1,6499060
7290118073444,false,"שטיח כניסה קוקוס משובח 60*40 ס""מ PP",,,שטיח כניסה קוקוס משו,יחידה,0.00,יחידה,false,,19.90,0.0000,true,1,6499061
7290118073512,false,זוג קופסאות אחסון מיני פלסטיק,,,זוג קופסאות אחסון מי,יחידה,0.00,יחידה,false,,4.90,0.0000,true,1,6500007
7290118073536,false,קופסת אחסון HAPPI LOCK פלסטיק 1.35 ליטר,,,קופסת אחסון HAPPI LO,יחידה,0.00,יחידה,false,,19.90,0.0000,true,1,6500009
7290118073543,false,קופסת אחסון HAPPI LOCK פלסטיק 0.78 ליטר,,,קופסת אחסון HAPPI LO,יחידה,0.00,יחידה,false,,14.90,0.0000,true,1,6500010
7290118073550,false,מארז 5 קופסאות אחסון פלסטיק מלבניות,,,מארז 5 קופסאות אחסון,יחידה,0.00,יחידה,false,,19.90,0.0000,true,1,6500011
7290118073604,false,מסננת סיליקון מלבנית מתקפלת,,,מסננת סיליקון מלבנית,יחידה,0.00,יחידה,false,,39.90,0.0000,true,1,6496622
7290118073611,false,דלי הפלא מתקפל,,,דלי הפלא מתקפל,יחידה,0.00,יחידה,false,,29.90,0.0000,true,1,6507546
7290118073635,false,"סט סכו""ם יוקרתי 24 חלקים רוז גולד מט",,,"סט סכו""ם יוקרתי 24 ח",יחידה,0.00,יחידה,false,,59.90,0.0000,true,1,6509532
7290118073659,false,"סט סכו""ם יוקרתי 24 חלקים כסף מבריק",,,סט סכום יוקרתי 24 חל,יח',1.00,יח',false,,49.90,49.9000,true,1,6502353
7290118073666,false,משקפי ראיה מעוצבות,,,משקפי ראיה מעוצבות,יחידה,0.00,יחידה,false,,10.90,0.0000,true,1,6496623
7290118073673,false,"סט 3 תחתיות שעם לסירים 1*18.5 ס""מ כיתוב עברית",,,סט 3 תחתיות שעם לסיר,יחידה,0.00,יחידה,false,,24.90,0.0000,true,1,6496624
7290118073703,false,כרית ויסקו איכותית,,,כרית ויסקו איכותית,יחידה,0.00,יחידה,false,,69.90,0.0000,true,1,6497989
7290118073710,false,מקל מטאטא מחוזק 130סמ צבעוני,,,מקל מטאטא מחוזק 130ס,יחידה,0.00,יחידה,false,,6.90,0.0000,true,1,6508064
7290118073727,false,מגב בלו דיימונד פטנט,,,מגב בלו דיימונד פטנט,יח',1.00,יח',false,,19.90,19.9000,true,1,6510060
7290118073734,false,"מגב איכותי 43 ס""מ",,,"מגב איכותי 43 ס""מ",יח',1.00,יח',false,,9.90,9.9000,true,1,6510061
7290118073741,false,"מגב איכותי 55 ס""מ",,,"מגב איכותי 55 ס""מ",יח',1.00,יח',false,,14.90,14.9000,true,1,6510062
7290118073826,false,מלחיה זכוכית,,,מלחיה זכוכית,יחידה,0.00,יחידה,false,,2.90,0.0000,true,1,6496625
7290118073857,false,"תבנית הפלא לתנור 30*22.5 ס""מ",,,תבנית הפלא לתנור 30*,יחידה,0.00,יחידה,false,,59.90,0.0000,true,1,6509536
7290118073956,false,אלמוגית מברשת שיניים,,,אלמוגית מברשת שיניים,יח',1.00,יח',false,,9.90,9.9000,true,1,6514933
7290118073970,false,"קערת פסים צבעונית ענקית 30 ס""מ גובה 17.5 ס""מ",,,קערת פסים צבעונית ענ,יחידה,0.00,יחידה,false,,14.90,0.0000,true,1,6509538
7290118073994,false,"סט 4 קערות צבעוניות מרובעות 14 ס""מ גובה 7 ס""מ",,,סט 4 קערות צבעוניות,יחידה,0.00,יחידה,false,,9.90,0.0000,true,1,6509540
7290118074113,false,סלסלה מלבנית נקודות,,,סלסלה מלבנית נקודות,יחידה,0.00,יחידה,false,,9.90,0.0000,true,1,6507547
7290118074151,false,קופסת אחסון XL,,,קופסת אחסון XL,יחידה,0.00,יחידה,false,,23.90,0.0000,true,1,6509543
7290118074236,false,פינגאן מצופה איכותי,,,פינגאן מצופה איכותי,יחידה,0.00,יחידה,false,,29.90,0.0000,true,1,6509544
7290118074304,false,סכומון מעוצב בינוני,,,סכומון מעוצב בינוני,יחידה,0.00,יחידה,false,,14.90,0.0000,true,1,6496626
7290118074328,false,כף טיגון נירוסטה איכותית,,,כף טיגון נירוסטה איכ,יחידה,0.00,יחידה,false,,14.90,0.0000,true,1,6509546
7290118074373,false,קערת נירוסטה 22C,,,קערת נירוסטה 22C,יחידה,0.00,יחידה,false,,14.90,0.0000,true,1,6507552
7290118074397,false,קערת נירוסטה 30CC,,,קערת נירוסטה 30CC,יחידה,0.00,יחידה,false,,24.90,0.0000,true,1,6507554
7290118074427,false,"מסננת ידית ברזל 20 ס""מ",,,מסננת ידית ברזל 20 ס,יחידה,0.00,יחידה,false,,15.90,0.0000,true,1,6496627
7290118074441,false,מסננת רשת M,,,מסננת רשת M,יחידה,0.00,יחידה,false,,14.90,0.0000,true,1,6509550
7290118074458,false,מסננת רשת L,,,מסננת רשת L,יחידה,0.00,יחידה,false,,19.90,0.0000,true,1,6509551
7290118074472,false,מלקחיים לסלט,,,מלקחיים לסלט,יחידה,0.00,יחידה,false,,9.90,0.0000,true,1,6509552
7290118074502,false,פומפייה 4 כיוונים,,,פומפייה 4 כיוונים,יחידה,0.00,יחידה,false,,24.90,0.0000,true,1,6509553
7290118074533,false,שפריצר מיכל אלומיניום,ד.ג.ש ייבוא ושיווק בעמ,,שפריצר מיכל אלומניום,יחידה,0.00,יחידה,false,,11.90,0.0000,true,1,6496628
7290118074540,false,דבק 3 שניות מעולה- סט,,,דבק 3 שניות מעולה- ס,יחידה,0.00,יחידה,false,,9.90,0.0000,true,1,6509555
7290118074595,false,מברשת הפלא,,,מברשת הפלא,יחידה,0.00,יחידה,false,,11.90,0.0000,true,1,6509556
7290118074649,false,ראש דוש מונקו MOCONA,,,ראש דוש מונקו MOCONA,יחידה,0.00,יחידה,false,,49.90,0.0000,true,1,6509558
7290118074656,false,פקק חכם MOCONA,,,פקק חכם MOCONA,יחידה,0.00,יחידה,false,,7.90,0.0000,true,1,6509559
7290118074687,false,קולפן פרות וירקות,,,קולפן פרות וירקות,יחידה,0.00,יחידה,false,,9.90,0.0000,true,1,6509561
7290118074700,false,סט כפות מדידה,,,סט כפות מדידה,יחידה,0.00,יחידה,false,,9.90,0.0000,true,1,6509562
7290118074717,false,שפריצר מעוצב,,,שפריצר מעוצב,יחידה,0.00,יחידה,false,,7.90,0.0000,true,1,6507555
7290118075295,false,"שטיח פרווה יוקרתי רך במיוחד 80*50 ס""מ מיקס צבעים",,,שטיח פרווה יוקרתי רך,יחידה,0.00,יחידה,false,,29.90,0.0000,true,1,6506970
7290118075356,false,כוס אבן 25 יח,,,כוס אבן 25 יח,יח',1.00,יח',false,,8.90,8.9000,true,1,6516202
7290118078258,false,מפיץ ריח WHITE SAND,,,מפיץ ריח WHITE SAND,יחידה,0.00,יחידה,false,,19.90,0.0000,true,1,6461201
7290118078265,false,מפיץ ריח ROYAL BOUTIQUE,,,מפיץ ריח ROYAL BOUTI,יחידה,0.00,יחידה,false,,19.90,0.0000,true,1,6461202
7290118078272,false,מפיץ ריח PRMIUM RESORT,,,מפיץ ריח PRMIUM RESO,יחידה,0.00,יחידה,false,,19.90,0.0000,true,1,6461203
7290118078289,false,מבשם PRMIUM RESORT,,,מבשם PRMIUM RESORT,יחידה,0.00,יחידה,false,,14.90,0.0000,true,1,6461204
7290118078319,false,מבשם PREMIUM RSORT,,,מבשם PREMIUM RSORT,יחידה,0.00,יחידה,false,,14.90,0.0000,true,1,6461232
7290118078340,false,מארז סיכות בטחון,,,מארז סיכות בטחון,יחידה,0.00,יחידה,false,,5.90,0.0000,true,1,6496629
7290118078562,false,מפיות מודפסות 20 יח,,,מפיות מודפסות 20 יח,יחידה,0.00,יחידה,false,,4.90,0.0000,true,1,6499052
7290118078715,false,סכומון מעוצב - לבן,,,סכומון מעוצב - לבן,יחידה,0.00,יחידה,false,,39.90,0.0000,true,1,6496642
7290118078722,false,נטלה מעוצבת - שחור,ד.ג.ש ייבוא ושיווק בעמ,,נטלה מעוצבת - שחור,יחידה,0.00,יחידה,false,,19.90,0.0000,true,1,6496643
7290118080145,false,מגבת פנים REPLAY לבן 85*48,,,מגבת פנים REPLAY לבן,יח',1.00,יח',false,,39.90,39.9000,true,1,6485616
7290118080176,false,מגבת פנים REPLAY אפור 85*48,,,מגבת פנים REPLAY אפו,יח',1.00,יח',false,,39.90,39.9000,true,1,6485618
7290118080213,false,מגבת גוף 125*68 אפור בהיר,,,מגבת גוף 125*68 אפור,יח',1.00,יח',false,,59.90,59.9000,true,1,6485646
7290118080220,false,מגבת גוף REPLAY אפור 125*68,,,מגבת גוף REPLAY אפור,יח',1.00,יח',false,,59.90,59.9000,true,1,6485647
7290118420071,false,במבה ביסלי ברביקיו מיקס 80גר אסם{,קבוצת אוסם סחר שותפות מוגבלת,,ביסלי במבה ברביקיו מ,גרמים,80.00,100 גרם,false,,3.90,0.0487,true,1,6510943
7290118420378,false,פתיבר פינוקים בטעם תותים בשמנת - חלבי,קבוצת אוסם סחר שותפות מוגבלת,,פתי בר פינוקים 220גר,גרמים,220.00,100 גרם,false,,9.90,0.0450,true,1,6510944
7290118420477,false,אסם בייגלה שטוחים בטעם ביסלי בצל 300 גרם,קבוצת אוסם סחר שותפות מוגבלת,,בייגלה שטוחים טעם בי,גרמים,300.00,100 גרם,false,,9.90,0.0330,true,1,6510974
7290118420514,false,אינסטנט פודינג בטעם נוגט אסם 75 גרם,קבוצת אוסם סחר שותפות מוגבלת,,אינסטנט פודינג בטעם,גרמים,75.00,100 גרם,false,,4.90,0.0653,true,1,6510945
7290119041381,false,עוגיות סהרונים מצופות 350גרמי לוי,,,עוגיות סהרונים מצופו,גרמים,350.00,100 גרם,false,,14.90,0.0426,true,1,6514720
7290119041435,false,עוגיות נסיכה טעם תות מצופות 350גרמי לוי,,,עוגיות נסיכה טעם תות,גרמים,350.00,100 גרם,false,,14.90,0.0426,true,1,6514721
7290119041534,false,עוגיות מרוקאיות עבות מצופות 350גרמי לוי,,,עוגיות מרוקאיות עבות,גרמים,350.00,100 גרם,false,,14.90,0.0426,true,1,6514723
7290119041589,false,עוגיות פיצפוצי שוקו,,,עוגיות פיצפוצי שוקו,גרמים,350.00,100 גרם,false,,14.90,0.0426,true,1,6514724
7290119041633,false,עוגיות פסים עלים מסוכרות מצופות 350גרמי לוי,,,עוגיות פסים עלים מסו,גרמים,350.00,100 גרם,false,,14.90,0.0426,true,1,6514725
7290119041688,false,עוגיות רשת שוקו מסוכרות מצופות 350גרמי לוי,,,עוגיות רשת שוקו מסו,גרמים,350.00,100 גרם,false,,14.90,0.0426,true,1,6514726
7290119041732,false,עוגיות קוואקר ופצפוצי שוקו מצופות 350גרמי לוי,,,עוגיות קוואקר ופצפוצ,גרמים,350.00,100 גרם,false,,14.90,0.0426,true,1,6514727
7290485626885,false,משקל אדם זכוכית דארנ,,,משקל אדם DARNA MTR-B,יח',1.00,יח',false,,49.90,49.9000,true,1,5859128
7290616784039,false,טחינה פרימיום משומשו,,,טחינה פרימיום משומשו,גרמים,500.00,100 גרם,false,,11.90,0.0238,true,1,6398004
7291044045550,false,מייבש שיער מקצועי 2100W,סמיקום לקסיס בעמ,,מייבש שיער יונדאי 21,יח',1.00,יח',false,,119.90,119.9000,true,1,1069452
7291044045819,false,"פלטת שבת 4 סירים 54X42 400W ס""מ",סמיקום לקסיס בעמ,,פלטת שבת 4 סירים 54X,יח',1.00,יח',false,,139.90,139.9000,true,1,1069454
7291044053159,false,729104405קומקום חשמלי פנינה 2ליטר יונדאי,סמיקום לקסיס בעמ,,קומקום חשמלי פנינה 2,יח',1.00,יח',false,,59.90,59.9000,true,1,1069469
7291044056006,false,טוסטר לחיצה נירוסטה ענק,סמיקום לקסיס בעמ,,טוסטר לחיצה נירוסטה,יח',1.00,יח',false,,149.90,149.9000,true,1,2111483
7291044058031,false,טוסטר וופל בלגי 900W,,,טוסטר וופל בלגי 900W,יח',1.00,יח',false,,79.90,79.9000,true,1,1069472
7291044058833,false,מכונת תספורת לזקן נטענת,יונדאי Hyundai,,מכונת תספורת לזקן,יח',1.00,יח',false,,99.90,99.9000,true,1,1358572
7291044061505,false,קומקום חשמלי שחור 2ליטר יונדאי,סמיקום לקסיס בעמ,,קומקום חשמלי שחור 2,יח',1.00,יח',false,,59.90,59.9000,true,1,1069475
7291044064025,false,מגהץ אדים 220 W קרמי יונדאי,סמיקום לקסיס בעמ,,מגהץ אדים 2200W קרמי,יח',1.00,יח',false,,59.90,59.9000,true,1,1050425
7291044066296,false,טוסטר לחיצה 2 פרוסות גריל HYUNDAI,סמיקום לקסיס בעמ,,טוסטר לחיצה 2 פרוסות,יח',1.00,יח',false,,64.90,64.9000,true,1,1069485
7291044068665,false,כיריים חשמליות כפול לבן נירוסטה,סמיקום לקסיס בעמ,,כירה חשמלית-כפולה/ני,יח',1.00,יח',false,,169.90,169.9000,true,1,6382380
7291044068764,false,טוסטר 4 ב 1 וופל בלגי/ קאפקייקס/ דונאטס/קייק פופס,יונדאי Hyundai,,טוסטר מתחלף 4 ב 1 לב,יח',1.00,יח',false,,189.90,189.9000,true,1,1069493
7291044069754,false,מפצל חשמל סמיקום 1 ל-3 תפזורת,,,מפצל חשמל 1 ל SEMICO,יחידה,0.00,יחידה,false,,14.90,0.0000,true,1,1082072
7291044069761,false,מפצל חשמל 1 ל-2 סמיקום D11:D30 תפזורת,סמיקום Semicom,,מפצל חשמל 1 ל SEMICO,יחידה,0.00,יחידה,false,,9.90,0.0000,true,1,1082073
7291044070989,false,רבעיית סוללות אלקליין רמי לוי AA,,,רבעיית סוללות אלקליי,יח',4.00,יח',false,,4.90,1.2250,true,1,1082419
7291044070996,false,רבעיית סוללות אלקליין רמי לוי AAA,,,רבעיית סוללות אלקליי,יח',4.00,יח',false,,4.90,1.2250,true,1,1082420
7291044077209,false,מארז סוללות 12 יח,,,מארז סוללות 12 יח,יח',12.00,יח',false,,14.90,1.2417,true,1,1937982
7291044081312,false,זוג נורת לד WW 12W E27 A60 SAFETY,סמיקום לקסיס בעמ,,מנורות לד זוגי 12W צ,יח',1.00,יח',false,,19.90,19.9000,true,1,2889704
7291044083293,false,קומקום חשמלי 1.7ליטר זכוכית שחור יונדאי,סמיקום לקסיס בעמ,,קומקום זכוכית שחור 1,יח',1.00,יח',false,,99.90,99.9000,true,1,3044859
7291044097054,false,מצנם ל-2 פרוסות יונדאי 750W לבן,סמיקום לקסיס בעמ,,מצנם ל-2 פרוסות יונד,יח',1.00,יח',false,,59.90,59.9000,true,1,6382418
7291044097542,false,בלנדר חשמלי 450W יונדאי,,,בלנדר חשמלי 450W יונ,יח',1.00,יח',false,,119.90,119.9000,true,1,6382281
7291044100068,false,זוג נורות לד 20W,,,זוג נורות לד 20W,יחידה,0.00,יחידה,false,,39.90,0.0000,true,1,6501637
7291044101478,false,תנור קיר לאמבט 3 דרגות חום 1500W,סמיקום לקסיס בעמ,,*מבצע* תנור קיר אמבט,יח',1.00,יח',false,,59.90,59.9000,true,1,6412304
7291044105315,false,מיחם שבת עד 30 כוסות 2000L 5.50W,סמיקום לקסיס בעמ,,מיחם שבת עד 30 כוסות,יח',1.00,יח',false,,259.90,259.9000,true,1,6382386
7291044121032,false,גלאי עשן עצמי 9V,,,גלאי עשן עצמי 9V,יחידה,0.00,יחידה,false,,49.90,0.0000,true,1,6466235
7296058000298,false,מארז פריכיות 310ג רמילוי,,,מארז פריכיות 310ג רמ,גרמים,300.00,100 גרם,false,,13.50,0.0450,true,1,4083189
7296058000519,false,פריכיות כוסמת דל נתרן פרח 130 גרם,"פרח תעשיות מזון בע""מ.",,פרכיות פרח כוסמת דל,גרמים,130.00,100 גרם,false,,7.80,0.0600,true,1,4603951
7296155149791,false,נפת קוסקוס,,,נפת קוסקוס,יח',1.00,יח',false,,29.90,29.9000,true,1,1964835
7296155151305,false,נפה משי 26 ע.הבית,ד.ג.ש ייבוא ושיווק בעמ,,נפת משי כשרה,יח',1.00,יח',false,,29.90,29.9000,true,1,824831
7296168000300,false,מסיר לק ללא אצטון 200מל רמילוי,,,מסיר לק ללא אצטון 20,מיליליטרים,200.00,"100 מ""ל",false,,9.90,0.0495,true,1,6271324
7296168000324,false,מסיר לק 200מל רמילוי,,,מסיר לק 200מל רמילוי,מיליליטרים,200.00,"100 מ""ל",false,,9.90,0.0495,true,1,6271325
7296168010590,false,פדים להסרת איפור 80*,,,צמר גפן דיסקיות,יח',1.00,יח',false,,15.90,15.9000,true,1,3863027
7296168015496,false,סדין עם גומי למיטת תינוק 64*140 ס''מ,איתן ספקים E,,סדין עם גומי למיטת ת,יח',1.00,יח',false,,14.90,14.9000,true,1,990813
7296168015502,false,סדין ניילון מ.נוער190X90,איתן ספקים E,,סדין למיטת נוער,יח',1.00,יח',false,,14.90,14.9000,true,1,990814
7296168015519,false,סדין נוער 90*190/200,,,סדין שעוונית,יח',1.00,יח',false,,14.90,14.9000,true,1,990815
7296168035012,false,צמר גפן אורגני רמילוי,,,צמר גפן אורגני רמילו,יח',1.00,יח',false,,6.90,6.9000,true,1,6351659
7296168089015,false,סוויטי שרשרת סרט למוצץ,סוויטי,,סווטי שרשרת למוצץ סר,מיליליטרים,250.00,"100 מ""ל",false,,19.90,0.0796,true,1,1656115
7296168089176,false,קוצץ ציפורניים לתינוק,NEAVITA,,קוצץ ציפורניים לתינו,יח',1.00,יח',false,,15.90,15.9000,true,1,2447297
7296168089190,false,סט מברשת ומסרק לתינו,,,סט מברשת ומסרק לתינו,יח',1.00,יח',false,,17.90,17.9000,true,1,2447299
7296168100017,false,ערכה לבדיקת הריון 2 מקלונים Top med,חן המעיין בעמ,,בדיקת הריון זוג מקלו,יח',1.00,יח',false,,22.90,22.9000,true,1,4706372
7296168100079,false,ערכה לבדיקת היריון,איתן,,ערכה לבדיקת היריון,יח',1.00,יח',false,,12.90,12.9000,true,1,990794
7296168106170,false,קיסמי שיניים חוט כפול,,,קיסמי שיניים חוט כפו,יח',1.00,יח',false,,9.90,9.9000,true,1,5718352
7296168113567,false,כפפות ניטרלי כחולות רפואיות S,איתן,,כפפות ניטרלי כחולות,יחידו,1.00,יחידו,false,,29.90,29.9000,true,1,1068261
7296168143885,false,מתלה לעגלה,איתן,,מתלה לעגלה,יח',1.00,יח',false,,19.90,19.9000,true,1,993918
7296168154232,false,שקיות איחסון חלב אם 25 יחידות,איתן ספקים E,,שקיות איחסון חלב אם,יח',25.00,יח',false,,22.90,0.9160,true,1,990822
7296168157882,false,כפית ומזלג לתינוק,,,כפית ומזלג לתינוק,יח',1.00,יח',false,,10.90,10.9000,true,1,990823
7296168258886,false,רפידות הנקה 30,,,רפידות הנקה 30,יח',1.00,יח',false,,16.90,16.9000,true,1,5896334
7296168330018,false,סינר גמיש לתינוק,,,סינר גמיש לתינוק,יח',1.00,יח',false,,19.90,19.9000,true,1,6382156
7296168330032,false,מספריים,,,מספריים,יח',1.00,יח',false,,10.90,10.9000,true,1,6383236
7296168330049,false,כפית סיליקון לתינוק,,,כפית סיליקון לתינוק,יח',1.00,יח',false,,12.90,12.9000,true,1,6383237
7296168330117,false,מוצץ 0-6,,,מוצץ 0-6,יח',1.00,יח',false,,18.90,18.9000,true,1,6379379
7296168705113,false,וולטרס קיסמי שיניים דנטליים,ארוינג טישו,,קיסמי שיניים דינטלים,יח',300.00,יח',false,,14.90,0.0497,true,1,990824
7297094010999,false,שלישיית חיתולי טטרה בנות,,,שלישיית חיתולי טטרה,יח',1.00,יח',false,,19.90,19.9000,true,1,6466163
7297094120445,false,*מבצע* סט קומפלא זוג,,,*מבצע* סט קומפלא זוג,יחידה,0.00,יחידה,false,,89.90,0.0000,true,1,6499545
7297268303032,false,גופיית ציצית,,,גופיית ציצית,יח',1.00,יח',false,,29.90,29.9000,true,1,821372
7297292000051,false,קטיפה עבודת יד לילדים,,,כיפה קטיפה עבודת יד,יח',1.00,יח',false,,21.00,21.0000,true,1,821766
7297292000310,false,בד צח סריגית רך ועדין 18 יח',כ. כיפות שיווק וסחר בעמ,,סריגית רך ועדין 18 י,יח',1.00,יח',false,,5.90,5.9000,true,1,821770
7297292000341,false,פלוש אמריקאי קטן +5-1עור,כ.כיפות שיווק וסחר בעמ,,כיפה פלוש אמריקאי קט,יח',1.00,יח',false,,13.90,13.9000,true,1,821771
7297292000372,false,כיפה פלוש אמריקאי גדול,כ.כיפות שיווק וסחר בעמ,,כיפה פלוש אמריקאי גד,יח',1.00,יח',false,,15.40,15.4000,true,1,821772
7297292000426,false,בדי טהרה היגיינים 18 יחי,כ.כיפות שיווק וסחר בעמ,,בדית חדש 18 יח,יח',1.00,יח',false,,6.90,6.9000,true,1,887699
7297488098190,false,0 קמח אורז מלא ללא גלוטן,אף.סי תבליני בגליל ב,FR,קמח אורז מלא 500 גרם,גרמים,500.00,100 גרם,false,,12.90,0.0258,true,1,1074413
7297488098282,false,אבקת מרק בטעם עוף ללא גלוטן בריאות וטבע,אף.סי. תבליני הגליל,FR,אבקת מרק בטעם עוף,יח',1.00,יח',false,,19.50,19.5000,true,1,1074414
7297488098299,false,קמח טפיוקה ללא גלוטן500ג,אף סי תבליני הגליל ב,,קמח טפיוקה 500 גרם ד,גרמים,500.00,100 גרם,false,,9.90,0.0198,true,1,1074391
7297488098305,false,"מרק דגש""קמח שקדים""250גרם","תבליני העליון בע""מ",FR,קמח שקדים 250 גרם דג,גרמים,250.00,100 גרם,false,,24.80,0.0992,true,1,1074415
7297488098688,false,דגש פצפוצי אורז מלא ללא תוספת סוכר ומלח 450 גרם,משובח תעשיות מזון,IL,פצפוצי אורז מלא 450,גרמים,450.00,100 גרם,false,,19.80,0.0440,true,1,1682066
7297488099760,false,עוגיות ללא גלוטן בטעם חלווה דגש 250 גרם,דגש- דוכן גן שמואל,,עוגיות בטעם חלבה 250,גרמים,250.00,100 גרם,false,,24.40,0.0976,true,1,2133066
7297488099890,false,פרוסות בסגנון קלאסי מופחתת שומן טבעוני 200 גרם,"טרופיקל דגיל בע""מ אז",,משומשו פרוסות בסגנון,גרמים,200.00,100 גרם,false,,18.90,0.0945,true,1,1146125
7297488099906,false,פרוסות בסגנון קלאסי 18% טבעונית 200 גרם,קפוא זן תעשיות מזון בעמ,,משומשו פרוסות סג.קלא,גרמים,200.00,100 גרם,false,,18.90,0.0945,true,1,1146126
7297488199590,false,פצפוצי אורז לבן תפוח ללא גלוטן,דגש- דוכן גן שמואל,FR,דגש פצפוצי אורז,גרמים,450.00,100 גרם,false,,19.80,0.0440,true,1,1074694
7297488199682,false,קמח כוסמת ללא גלוטן,תבליני העליון 2007 ב,FR,קמח כוסמת 500 גרם דג,גרמים,500.00,100 גרם,false,,14.90,0.0298,true,1,1074367
7298171178908,false,מגבונים מיקי,,,מגבונים מיקי,יח',1.00,יח',false,,4.90,4.9000,true,1,6470045
7298171178922,false,רביעיית מגבונים מיקי,,,רביעיית מגבונים מיקי,יח',1.00,יח',false,,16.90,16.9000,true,1,6470047
7298171178939,false,רביעיית מגבונים מיני,,,רביעיית מגבונים מיני,יח',1.00,יח',false,,16.90,16.9000,true,1,6470048
7298171178946,false,סבון נוזלי מיקי,,,סבון נוזלי מיקי,יח',1.00,יח',false,,7.90,7.9000,true,1,6470049
7298171178960,false,שמפו מיקי,,,שמפו מיקי,יח',1.00,יח',false,,12.90,12.9000,true,1,6470051
7298171178977,false,שמפו מיני,,,שמפו מיני,יח',1.00,יח',false,,12.90,12.9000,true,1,6470052
7298171178991,false,מרכך מיקי,,,מרכך מיקי,יח',1.00,יח',false,,12.90,12.9000,true,1,6470054
7312040017683,false,מארז אבסולוט רגיל(וודקה {}{700 עם כוס,טמפו משקאות בע`מ,,"אבסולוט וודקה 700 מ""ל",מיליליטרים,700.00,"100 מ""ל",false,,59.90,0.0856,true,1,862620
7332531063135,false,"ספריי לשיער סאיוס סרמיד לחיזוק 400 מ""ל",שוורצקופף והנקל,,סאיוס ספריי מקס הולד,מיליליטרים,400.00,"100 מ""ל",false,,27.90,0.0697,true,1,2992816
7394376123337,false,"משקה שיבולת שועל אורגני מפוקח ע""י סקאל",טרנסומס פוד איי.בי,,משקה אוטלי שיבולת שו,ליטרים,1.00,ליטר,false,,13.90,13.9000,true,1,6302393
7394376615832,false,אוטלי משקה שיבולת שועל בטעם שוקולד 1 ליטר,ש. שסטוביץ בע`מ,,משקה אוטלי שיבולת שו,ליטרים,1.00,ליטר,false,,15.90,15.9000,true,1,6302395
7394376616778,false,אוטלי משקה שיבולת שועל להקצפה בריסטה 1 ליטר,ש. שסטוביץ בע`מ,,משקה אוטלי שיבולת שו,ליטרים,1.00,ליטר,false,,15.90,15.9000,true,1,6313377
7394376620294,false,אוטלי משקה שיבולת שועל בטעם וניל 1 ליטר,איי אם פי אס איי תעש,,משקה אוטלי שיבולת שו,ליטרים,1.00,ליטר,false,,15.90,15.9000,true,1,6501716
7501013122039,false,ג'ומקס מיץ מנגו קרטונית ליטר תריסר,חומקס קומר קומרסאליזדורה,,גומקס נקטר מנגו 1 לי,מטרים,1000.00,100 מ'ל,false,,9.50,0.0095,true,1,5951418
7501013122114,false,ג'ומקס מיץ אננס קרטונית ליטר תריסר,חומקס קומר קומרסאליזדורה,,גומקס נקטר אננס קרטו,מטרים,1000.00,100 מ'ל,false,,9.50,0.0095,true,1,5951420
7501013122190,false,ג'ומקס מיץ תפוחים קרטונית ליטר תריסר,חומקס קומר קומרסאליזדורה,,גומקס נקטר תפוחים קר,מטרים,1000.00,100 מ'ל,false,,9.50,0.0095,true,1,5951421
7501013122992,false,ג'ומקס מיץ קוקוס אננס קרטונית ליטר תריסר,חומקס קומר קומרסאליזדורה,,גומקס קרטונית קוקוס,יח',1.00,יח',false,,9.50,9.5000,true,1,6127270
7501013138184,false,משקה חמוציות יוניקו פרסקו ג'ומקס קרטונית 1 ליטר,חומקס קומר קומרסאליזדורה,,גומקס קרטונית נקטר ח,מטרים,1000.00,100 מ'ל,false,,10.80,0.0108,true,1,5951423
7501049936945,false,"בירה סול שישייה בקבוק 330 מ""ל",פארייפאבה אגרואינדוס,,בירה סול שישיה 330 מ,ליטרים,1.98,ליטר,false,,32.90,16.6162,true,1,6286763
7503012779405,false,סירופ אגבה כחולה – נטורפוד (גדול),נוטריאגבס דה מקסיקו,,סירופ אגבה כחולה אור,מיליליטרים,600.00,"100 מ""ל",false,,32.90,0.0548,true,1,3604095
7509546057545,false,ליידי ספיד סטיק דרמה פנינה סטיק,קולגייט פלמוליב,,ליידי ספיד סטיק פרו,מטרים,45.00,100 מ'ל,false,,16.90,0.3756,true,1,6393906
7509546061672,false,דאודורנט סטיק אקסטרים אינטנס,ספיד סטיק Speed Stick,,ספיד סטיק אקסטרים סט,גרמים,50.00,100 גרם,false,,16.90,0.3380,true,1,6487414
7509546663135,false,קולגייט משחת שיניים זירו פפרמינט 98 מל,ש.שסטוביץ בעמ,,קולגייט זירו משחת שי,גרמים,98.00,100 גרם,false,,29.90,0.3051,true,1,6349342
7509546666846,false,"משחת שיניים פחם טוטאל 75 מ""ל קולגייט",קולגייט פלמוליב,,קולגייט טוטאל פחם מש,מטרים,75.00,100 מ'ל,false,,19.90,0.2653,true,1,6382076
7509546678702,false,קולגייט משחת שיניים טוטל אנטי טרטר 100 מ,קולגייט-פלמוליב,,קולגייט טוטל אנטי טר,מטרים,100.00,100 מ'ל,false,,16.80,0.1680,true,1,6478797
7610008059073,false,רגוזה-קלאסיק שוק' במילוי פרלין אגוז לוז 100 גרם,RAGUSA,,טבלת רגוסה קלאסי 100,גרמים,100.00,100 גרם,false,,15.90,0.1590,true,1,6331800
7610008059080,false,רגוזה-שוקולד מריר טראפל אגוזי לוז 100 גרם,RAGUSA,,טבלת רגוסה מריר 100,גרמים,100.00,100 גרם,false,,15.90,0.1590,true,1,6331801
7610008059097,false,רגוזה-בלונד שוק לבן טרפל א.חלב מקורמלת 100 גרם,RAGUSA,,טבלת רגוסה בלונד 100,גרמים,100.00,100 גרם,false,,15.90,0.1590,true,1,6331802
7610100034084,false,מיונז טומי בשפורפרת 265 גרם,ליימן שליסל בע`מ,,מיונז טומי 265 גר,גרמים,265.00,100 גרם,false,,9.90,0.0374,true,1,2709935
7610113011652,false,בריזר - משקה כוהלי מוגז בטעם תפוח,בקרדי בריזר Bacardi Breezer,,בקרדי בריזר תפוח 275,מיליליטרים,275.00,"100 מ""ל",false,,12.90,0.0469,true,1,6310637
7610400010481,false,שוקולד לינדט אקסלנס מילק 100 גר`,לינדט ושפרונגלי קילשברג,,לינדט אקסלנס שוקולד,גרמים,100.00,100 גרם,false,,14.90,0.1490,true,1,810523
7610400068529,false,לינדט לינדור בונבוניירה כדורי שוקולד מטעמים 200 גרם,לינדט ושפרונגלי קילשברג,,לינדט לינדור בונבוני,גרמים,200.00,100 גרם,false,,22.90,0.1145,true,1,810533
7610400075770,false,לינדט לה גרנד שוקולד מריר אגוז 150 גרם,לינדט ושפרונגלי קילשברג,,לינדט לה גרנד שוקולד,גרמים,150.00,100 גרם,false,,23.80,0.1587,true,1,810545
7610400075787,false,לינדט לה גרנד שוקולד חלב אגוז 150 גרם,לינדט ושפרונגלי קילשברג,,לינדט לה גרנד שוקולד,גרמים,150.00,100 גרם,false,,23.80,0.1587,true,1,810546
7610400085946,false,לינדט לגרנד דארק אלמונד סולט 150 גרם,לינדט ושפרונגלי קילשברג,,לינדט לה גרנד דארק 1,גרמים,150.00,100 גרם,false,,23.80,0.1587,true,1,5951260
7610928010048,false,"מבריק כלי כסף יעקבי 100 מ""ל",יעקב יעקבי ובניו בעמ,,מבריק כלי כסף יעקבי,מטרים,100.00,100 מ'ל,false,,29.40,0.2940,true,1,812672
7613030979647,false,דגני בוקר טריקס פירות עולם היורה 480 ג',קבוצת אוסם סחר שותפות מוגבלת,,טריקס 480 גר,גרמים,480.00,100 גרם,false,,19.90,0.0415,true,1,4328207
7613032045753,false,פיטנס דגנים מחיטה מלאה שוקולד 375גרם,קבוצת אוסם סחר שותפות מוגבלת,,פיטנס שוקולד נסטלה 3,גרמים,375.00,100 גרם,false,,19.90,0.0531,true,1,807660
7613033548192,false,פיטנס - דגני בוקר שוקולד מריר 375 גרם,קבוצת אוסם סחר שותפות מוגבלת,,פיטנס עם שוקולד מריר,גרמים,375.00,100 גרם,false,,19.90,0.0531,true,1,807699
7613035548374,false,דגני בוקר גולדן מיניס מחיטה מלאה ותירס,קבוצת אוסם סחר-שות.מוגבלת,,גולדן מיניס 570 גרם,גרמים,570.00,100 גרם,false,,23.90,0.0419,true,1,1133785
7613035622623,false,פיטנס גרנולה שקדים ודבש נסטלה (300 גרם),קבוצת אוסם סחר-שות.מוגבלת,FR,פיטנס גרנולה שקדים ו,גרמים,300.00,100 גרם,false,,14.90,0.0497,true,1,1277019
7613035635845,false,פיטנס גרנולה שוקולד 300 גר`אסם,קבוצת אוסם סחר-שות.מוגבלת,FR,פיטנס גרנולה שוקולד,גרמים,300.00,100 גרם,false,,14.90,0.0497,true,1,1277020
7613035807778,false,פרפקטו רוטב עגבניות לבולונז אסם 400 גרם,קבוצת אוסם סחר שותפות מוגבלת,IL,רוטב עגבניות לבולונז,גרמים,400.00,100 גרם,false,,8.90,0.0223,true,1,1823929
7613035809109,false,פרפקטו רוטב עגבניות ובזיליקום אסם 400 גרם,קבוצת אוסם סחר שותפות מוגבלת,IL,רוטב עגבניות ובזיליק,גרמים,400.00,100 גרם,false,,8.90,0.0223,true,1,1827052
7613035809857,false,פרפקטו רוטב עגבניות לפסטה ולבישול אסם 400 גרם,קבוצת אוסם סחר שותפות מוגבלת,IL,רוטב עגבניות לפסטה ל,גרמים,400.00,100 גרם,false,,8.90,0.0223,true,1,1827054
7613036387798,false,פיטנס Fitness דגנים מלאים עם ציפוי בטעם יוגורט,קבוצת אוסם סחר שותפות מוגבלת,,פיטנס יוגורט 350 גרם,גרמים,350.00,100 גרם,false,,19.90,0.0569,true,1,3533525
7613036880534,false,גרבר מחית ירקות מעורבים מטרנה 190 גר',קבוצת אוסם סחר שותפות מוגבלת,,גרבר מרק ירקות מעורב,גרמים,190.00,100 גרם,false,,5.90,0.0311,true,1,6088995
7613036976657,false,מזון לחתולים פריסקיז פאוצ' הודו,קבוצת אוסם סחר-שות.מוגבלת,,פאוץ פריסקיז הודו 85,יח',1.00,יח',false,,4.90,4.9000,true,1,6358666
7613036976695,false,פריסקיז - פאוץ בקר ברוטב 85 גרם,קבוצת אוסם סחר-שות.מוגבלת,,פאוץ פריסקיז בקר 85,יח',1.00,יח',false,,4.90,4.9000,true,1,6313905
7613036976732,false,פריסקיז פאוצ`סלמון ברוטב 85גר,קבוצת אוסם סחר-שות.מוגבלת,,פאוץ פריסקיז סלומון,יח',1.00,יח',false,,4.90,4.9000,true,1,6365936
7613037012200,false,גרבר מחית תפו`ע מנגו וגזר פאוץ 90 גר`,קבוצת אוסם סחר שותפות מוגבלת,,גרבר פאוצ מחית תפוח,יח',1.00,יח',false,,5.90,5.9000,true,1,6151297
7613037686906,false,פיטנס - דגני בוקר שקדים ודבש 355 גרם,קבוצת אוסם סחר שותפות מוגבלת,,פיטנס שקדים ודבש 355,גרמים,355.00,100 גרם,false,,19.90,0.0561,true,1,6241176
7613037687132,false,דגני בוקר פיטנס שקדים ודבש 585 גרם,קבוצת אוסם סחר שותפות מוגבלת,,פיטנס שקדים ודבש 585,גרמים,585.00,100 גרם,false,,25.90,0.0443,true,1,6241177
7613037811629,false,קורנפלקס גו פרי ללא גלוטן 500 גר`,קבוצת אוסם סחר שותפות מוגבלת,,גו פרי קורנפלקס,גרמים,500.00,100 גרם,false,,9.90,0.0198,true,1,6274862
7613038268262,false,דגני בוקר צ'יריוס דבש ושקדים במתיקות מעודנת,קבוצת אוסם סחר שותפות מוגבלת,,האני נאט ציריוס מופח,גרמים,410.00,100 גרם,false,,19.90,0.0485,true,1,6241178
7613038451954,false,דגני בוקר שוקולד מופחת סוכר 410 ג' קראנץ',קבוצת אוסם סחר-שות.מוגבלת,,קראנץ שוקולד מופחת ס,גרמים,410.00,100 גרם,false,,21.90,0.0534,true,1,6241179
7613039771174,false,טבעול סנסשיונל מינס טחון צמחוני 400 גרם,קבוצת אוסם סחר-שות.מוגבלת,,טבעול טחון צמחוני 40,גרמים,400.00,100 גרם,false,,29.90,0.0747,true,1,6329184
7613039879382,false,מחית תפוח עץ 190 גר` גרבר כשר לפסח,קבוצת אוסם סחר שותפות מוגבלת,,"מחית גרבר תפו""ע 190ג",גרמים,190.00,100 גרם,false,,5.90,0.0311,true,1,6352676
7613287008497,false,סטארבקס - פולי קפה פייק פלייס 450 גרם,קבוצת אוסם סחר-שות.מוגבלת,,סטארבקס פולי קפה פיי,גרמים,450.00,100 גרם,false,,39.90,0.0887,true,1,6488157
7613287121783,false,סמארטיס מיני 16*187 גרם,קבוצת אוסם סחר שותפות מוגבלת,,סמארטיס מיני 187 גר,גרמים,187.00,100 גרם,false,,9.90,0.0529,true,1,6394802
7613287155863,false,מחית אגס פאוץ 90 גר`גרבר כשלפ,קבוצת אוסם סחר שותפות מוגבלת,,גרבר פאוצ מחית אגס,יח',1.00,יח',false,,5.90,5.9000,true,1,6352679
7613287186928,false,קפסולות קפה סומטרה (10 יח) סטארבקס (56 ג,קבוצת אוסם סחר שותפות מוגבלת,,סטארבקס קפסולות ברקפ,יח',1.00,יח',false,,20.90,20.9000,true,1,6386610
7613287302373,false,סטארבקס קפסולות איטליאן סטייל רוסט 56 גרם,קבוצת אוסם סחר שותפות מוגבלת,,סטארבקס קפסולות סטיי,יח',1.00,יח',false,,20.90,20.9000,true,1,6359836
7613287325808,false,אוסם - דיפ אנד ספרד מטבל איולי שום 295 גרם,קבוצת אוסם סחר שותפות מוגבלת,,רוטב איולי שום לחיץ,מטרים,295.00,100 מ'ל,false,,12.80,0.0434,true,1,6394803
7613287325822,false,אוסם - דיפ אנד ספרד מטבל מיקס 295 גרם,קבוצת אוסם סחר שותפות מוגבלת,,רוטב מיקס לחיץ 295 מ,מטרים,295.00,100 מ'ל,false,,12.80,0.0434,true,1,6394804
7613287325952,false,אוסם - דיפ אנד ספרד מטבל ברבקיו 345 גרם,קבוצת אוסם סחר שותפות מוגבלת,,רוטב ברביקיו לחיץ 34,מטרים,345.00,100 מ'ל,false,,12.80,0.0371,true,1,6394806
7613287325983,false,אוסם - דיפ אנד ספרד מטבל סלסה 335 גרם,קבוצת אוסם סחר-שות.מוגבלת,,רוטב סלסה לחיץ 335 מ,מטרים,335.00,100 מ'ל,false,,12.80,0.0382,true,1,6394807
7613287394323,false,דגני בוקר מולטי צ'יריוס 600 גרם,קבוצת אוסם סחר שותפות מוגבלת,,מולטי צ'יריוס 600 גר,גרמים,600.00,100 גרם,false,,19.90,0.0332,true,1,6382097
7613287476494,false,אוסם - דיפ אנד ספרד מיונז בסגנון צרפתי 280 גרם,קבוצת אוסם סחר שותפות מוגבלת,,אסם רוטב מיונז לחיץ,גרמים,280.00,100 גרם,false,,12.80,0.0457,true,1,6395081
7613287476678,false,דגני בוקר סינימיניס צ'ורוס נסטלה 360 ג',קבוצת אוסם סחר שותפות מוגבלת,,סינימיניס צ'ורוס 360,גרמים,360.00,100 גרם,false,,19.90,0.0553,true,1,6394835
7613287821348,false,נתחוני עוף טבעוני סנסשיונל טבעול 350 גרם,קבוצת אוסם סחר שותפות מוגבלת,,טבעול נתחוני עוף צמח,גרמים,350.00,100 גרם,false,,29.90,0.0854,true,1,6394321
7614500010013,false,טובלרון - שוקולד חלב קלאסי 100 גרם,,,טובלרון שוקולד חלב 1,גרמים,100.00,100 גרם,false,,9.50,0.0950,true,1,6418212
7614500010310,false,שוקולד בר לבן 100 ג' טובלרון,,,טובלרון שוקולד לבן 1,גרמים,100.00,100 גרם,false,,9.50,0.0950,true,1,6418173
7614500010617,false,טובלרון - שוקולד מריר 100 גרם,,,שוקולד טובלרון מריר,גרמים,100.00,100 גרם,false,,9.50,0.0950,true,1,6418213
7622010001858,false,עוגיות אוראו ממולאות קרם וניל 176 גרם.,דיפלומט מפיצים (1968) בעמ**,ES,עוגיות אוראו ממולאות קרם,גרמים,176.00,100 גרם,false,,8.90,0.0506,true,1,1158970
7622201050757,false,מילקה שוקולד חלב במילוי קרם קרמל 100 ג,דיפלומט מפיצים (1968) בעמ**,DE,מילקה-שוק' חלב עם קרמל 10,גרמים,100.00,100 גרם,false,,5.90,0.0590,true,1,814404
7622201500733,false,עוגיות אוראו רמיקס דאבל קרם קרמל וניל157,דיפלומט מפיצים (1968) בע`מ,,אוראו רמיקס 157ג דא,גרמים,157.00,100 גרם,false,,7.90,0.0503,true,1,6479398
7622201502515,false,עוגיות מילקה קוקי לופ שוקולד צ'יפס,דיפלומט מפיצים (1968) בעמ**,,מילקה קוקי לופ 132 ג,גרמים,132.00,100 גרם,false,,10.90,0.0826,true,1,6397616
7622201521493,false,גבינת פילדלפיה שום ועשבי תיבול 150 גר` (,מיודלז אספניה פרודוק,,פילדלפיה שום ועשבי ת,גרמים,150.00,100 גרם,false,,11.90,0.0793,true,1,6481626
7622201798154,false,גבינת שמנת לייט מופחתת שומן 13% שומן,מיודלז אספניה פרודוק,,פילדלפיה לייט 150גר,גרמים,150.00,100 גרם,false,,11.90,0.0793,true,1,6399454
7622201801809,false,מילקה שוקולד חלב עם אגוזים 100 גרם חדש,מנדלז דויצ'\לנד סנקס פרו,,שוקולד חלב מילקה עם,גרמים,100.00,100 גרם,false,,5.90,0.0590,true,1,6389667
7622201802363,false,מילקה טבלת שוקולד חלב וצימוקים ואגוזים 100ג',דיפלומט מפיצים (1968) בעמ**,,שוקולד מילקה חלב עם,גרמים,100.00,100 גרם,false,,5.90,0.0590,true,1,6389668
7622201802394,false,שוקולד מילקה חלב מסרונים 100 גרם,מנדלז דויצ'\לנד סנקס פרו,,שוקולד חלב מילקה 100,גרמים,100.00,100 גרם,false,,5.90,0.0590,true,1,6389669
7622201808631,false,אוראו מיני עוגיות ממולאות קרם וניל 67גרם,דיפלומט מפיצים (1968) בעמ**,,אוראו מיני כוסות טעם,יח',1.00,יח',false,,6.90,6.9000,true,1,6391433
7622210137234,false,אוראו עוגיות עם דאבל קרם בטעם וניל 170ג,דיפלומט מפיצים (1968) בעמ**,,עוגיות אוראו עם דאבל,גרמים,170.00,100 גרם,false,,9.90,0.0582,true,1,1646357
7622210163899,false,שוקולד חלב במילוי סוכריות עדשים,דיפלומט מפיצים (1968) בעמ**,,שוקולד מילקה ועדשים,גרמים,100.00,100 גרם,false,,5.90,0.0590,true,1,4434615
7622210413888,false,שקית חטיף שוקולד טייני חלב 200 ג' טובלרון,,,טובלרון שוקולד חלב,גרמים,200.00,100 גרם,false,,14.90,0.0745,true,1,6503757
7622210453327,false,עוגיות שוקוצ'יפס במילוי שוקולד סנסיישן,דיפלומט מפיצים (1968) בעמ**,,מילקה סנסיישן 156 גר,גרמים,156.00,100 גרם,false,,10.90,0.0699,true,1,3493260
7622210464729,false,אוראו גולדן עוגיות וניל במילוי קרם וניל,דיפלומט מפיצים (1968) בעמ**,,אוראו גולדן 154 גר,גרמים,154.00,100 גרם,false,,6.90,0.0448,true,1,6145531
7622210597915,false,פרלינים לבבות שוקולד חלב ממולא קרם נוגט,דיפלומט מפיצים {1968}בעמ,,מילקה לבבות פרלינים,גרמים,110.00,100 גרם,false,,9.90,0.0900,true,1,6318547
7622210637994,false,מיני עוגיות אוראו קראנצ'י בייטס אורגינל,דיפלומט מפיצים (1968) בעמ**,,אוראו ביס קראנצי אור,גרמים,110.00,100 גרם,false,,7.90,0.0718,true,1,6334696
7622210638021,false,מיני עוגיות אוראו קראנצ'י בייטס מצופים,דיפלומט מפיצים (1968) בעמ**,,אוראו ביס קראנצי בצי,גרמים,110.00,100 גרם,false,,7.90,0.0718,true,1,6334697
7622300107949,false,טובלרון חלבי צימוק 100 גר`יבוא מקביל,שוויצריה הקטנה בעמ,,טובלרון חלב צימוק 10,גרמים,100.00,100 גרם,false,,9.50,0.0950,true,1,6453684
7622300200237,false,שוקולד מילקה שוקולד חלב 250 גרם,דיפלומט מפיצים (1968) בעמ**,DE,מילקה שוקולד חלב 250 גרם,גרמים,250.00,100 גרם,false,,12.50,0.0500,true,1,814409
7622300270506,false,מילקה גריינס - עוגיות שיבולת שועל מצופות שוקולד 168 ג',דיפלומט מפיצים (1968) בעמ**,PL,"מילקה גריינס - עוגיות ש""ש",גרמים,168.00,100 גרם,false,,10.90,0.0649,true,1,814410
7622300441715,false,עוגיות מילקה ביסקוויט ממולא קרם חלב מצופה למחצה בשוקולד חלב 150 גר',דיפלומט מפיצים (1968) בעמ**,,עוגיות מילקה שוקומינ,גרמים,150.00,100 גרם,false,,10.90,0.0727,true,1,2103127
7622300489427,false,עוגיות אוראו בציפוי בטעם שוקולד לבן 246 גרם,דיפלומט מפיצים (1968) בעמ**,,אוראו בציפוי שוקולד,גרמים,246.00,100 גרם,false,,14.90,0.0606,true,1,4209803
7622300489434,false,"עוגיות אוראו פאדג' בציפוי שוקולד חלב, 246 גרם",דיפלומט מפיצים (1968) בעמ**,,עוגיות אוראו בציפוי,גרמים,246.00,100 גרם,false,,14.90,0.0606,true,1,4209804
7622300503079,false,עוגיות ביסקוויט מצופה שוקולד חלב מילקה 200 גרם,דיפלומט מפיצים (1968) בעמ**,PL,מילקה מוו 200 גרם,גרמים,200.00,100 גרם,false,,10.90,0.0545,true,1,814417
7622300617820,false,מילקה שוקולד חלב במילוי קרם חלב ווניל ושבבי עוגיות אוראו 100 גרם,מנדלז דויצ'\לנד סנקס פרו,DE,מילקה אוראו 100 גרם,גרמים,100.00,100 גרם,false,,5.90,0.0590,true,1,833450
7622300761363,false,עוגיות מיני אוראו במילוי קרם בטעם שוקולד בכוס,דיפלומט מפיצים (1968) בעמ**,,עוג מיני אוראו קרם ש,גרמים,67.00,100 גרם,false,,5.90,0.0881,true,1,6145532
7622400005190,false,שוקולד חלב נגיעות שוקולד לבן מילקה 100 ג,דיפלומט מפיצים (1968) בעמ**,DE,מילקה COW,גרמים,100.00,100 גרם,false,,5.90,0.0590,true,1,999687
7630311507016,false,קפסולות קפה סטארבקס סאני דיי 12*57גר`,קבוצת אוסם סחר שותפות מוגבלת,,קפסולות סטארבקס סאני,גרמים,56.00,100 גרם,false,,20.90,0.3732,true,1,6434126
7630477891592,false,סטארבקס קפסולות קפה האוס בלנד 10 יחידות,קבוצת אוסם סחר שותפות מוגבלת,,סטארבקס קפסולות האוס,יח',1.00,יח',false,,20.90,20.9000,true,1,6352251
7630477891639,false,קפסולות קפה סומטרה (10 יח) סטארבקס ( 55,קבוצת אוסם סחר שותפות מוגבלת,,סטארבקס קפסולות ורונ,יח',1.00,יח',false,,20.90,20.9000,true,1,6352253
7630477891653,false,סטארבקס קפסולות קפה אספרסו נטול 10 יחידו,קבוצת אוסם סחר שותפות מוגבלת,,סטארבקס קפסולות אספר,יח',1.00,יח',false,,20.90,20.9000,true,1,6352254
7630477891677,false,סטארבקס קפסולות קפה פייק פלייס 10 יחידות,קבוצת אוסם סחר שותפות מוגבלת,,סטארבקס קפסולות פייק,יח',1.00,יח',false,,20.90,20.9000,true,1,6352255
7630477891691,false,סטארבקס קפסולות קפה קולמביה 10 יחידות,קבוצת אוסם סחר שותפות מוגבלת,,סטארבקס קפסולות קולו,יח',1.00,יח',false,,20.90,20.9000,true,1,6352256
7630477891714,false,סטארבקס קפסולות קפה אספרסו 10 יחידות,קבוצת אוסם סחר שותפות מוגבלת,,סטארבקס קפסולות אספר,יח',1.00,יח',false,,20.90,20.9000,true,1,6352257
7630477891738,false,סטארבקס קפסולות קפה אספרסו בלונד 10 יחיד,קבוצת אוסם סחר שותפות מוגבלת,,סטארבקס קפסולות אספר,יח',1.00,יח',false,,20.90,20.9000,true,1,6352258
7702018263783,false,סכיני גילוח מאך 3 ג'ילט 8 יחידות,דיפלומט מפיצים (1968) בעמ,,סכיני גילוח מאך 3 ג',יחידו,8.00,יחידו,false,,69.90,8.7375,true,1,1086909
7702018978106,false,"ג'ילט - דאודורנט ג'ל לגבר ארטיק אייס 70 מ""ל",פארמה דיל (פ.א.ב.) שיווק והפצה,,דאודורנט קליר ג'ילט,מטרים,70.00,100 מ'ל,false,,14.90,0.2129,true,1,821313
7702018978120,false,"ג'ילט - דאודורנט ג'ל לגבר קול וייב 70 מ""ל",פארמה דיל (פ.א.ב.) שיווק והפצה,,דאודורנט קליר ג'ילט,מטרים,70.00,100 מ'ל,false,,14.90,0.2129,true,1,821314
7702024074625,false,חטיפי קרקר פיטנס Fitness עם חיטה מלאה,קבוצת אוסם סחר שותפות מוגבלת,,פיטנס חטיפי קרקר חיט,גרמים,234.00,100 גרם,false,,11.90,0.0509,true,1,4921749
7702024258322,false,"חטיפי קרקר עם חיטה מלאה, צ'יה וזרעי פשתן פיטנס",קבוצת אוסם סחר שותפות מוגבלת,,פיטנס חטיפי קרקר צ'י,גרמים,234.00,100 גרם,false,,11.90,0.0509,true,1,6323376
7702174066631,false,לקקן יוגטה פין פופ במילוי מסטיק 170 גר,קומסטיבלס לה רוזה אס.איי,,סוכריות בטעמי פירות,גרמים,170.00,100 גרם,false,,7.90,0.0465,true,1,814781
7702174068826,false,יוגטה מבחר סוכריות לקקן קשות ממולאות טופי בטעמי יוגורט ופירות 204 גרם,הדקלאים אגודת שיתופי,,לקקן יוגטה עם סוכריי,גרמים,216.00,100 גרם,false,,8.90,0.0412,true,1,814787
7702174068833,false,יוגטה סוכריות קשות על מקל ממולאות טופי בטעמי גלידת פירות 12 יח' 204 גרם,הדקלאים אגודת שיתופי,,לקקן בטעם גלידה יוגט,גרמים,216.00,100 גרם,false,,8.90,0.0412,true,1,814788
7702174070201,false,יוגטה לקקן בטעם מסטיק ממולא טופי בטעם תות 12 יח' 204 גרם,הדקלאים אגודת שיתופי,,לקקן יוגטה 216 ג,גרמים,216.00,100 גרם,false,,8.90,0.0412,true,1,833463
7702174073783,false,סוכריות על מקל בטעם קולה במילוי גומי לעיסה,הדקלאים אגודת שיתופי,,סוכריות לקקן בטעמי פ,גרמים,170.00,100 גרם,false,,7.90,0.0465,true,1,1075103
7702174073844,false,לקקן יוגטה פין פופ פירות 48 יח 672 גרם,הדקלאים אגודת שיתופי,,סוכריות פין פופ פירו,גרמים,672.00,100 גרם,false,,19.90,0.0296,true,1,1075685
7777121200116,false,קערת פופ מלמין,,,קערת פופ מלמין,יח',1.00,יח',false,,10.00,10.0000,true,1,824969
7777272500066,false,טושים מרססים,,,טושים מרססים,יח',1.00,יח',false,,19.90,19.9000,true,1,5827145
7777272500103,false,טושי גואש,,,טושי גואש,יח',1.00,יח',false,,14.90,14.9000,true,1,5827147
7777272500165,false,טושים לא מחיקים,,,טושים לא מחיקים,יח',1.00,יח',false,,9.90,9.9000,true,1,5827149
7777272500202,false,רול חותמות,,,רול חותמות,יח',1.00,יח',false,,9.90,9.9000,true,1,5819007
7777272500233,false,חול קינטי,,,חול קינטי,יח',1.00,יח',false,,14.90,14.9000,true,1,5827151
7777272500578,false,טושי קסם,,,טושי קסם,יח',1.00,יח',false,,9.90,9.9000,true,1,6270038
7777272500752,false,זוג מחקים,ד.ג.ש ייבוא ושיווק בעמ,,זוג מחקים,יח',1.00,יח',false,,3.90,3.9000,true,1,5819017
7777272500820,false,12עפרונות HB מחודדים עם מחק,ד.ג.ש ייבוא ושיווק בעמ,,12עפרונות HB מחודדים,יח',1.00,יח',false,,2.90,2.9000,true,1,5819018
7777272500868,false,מדבקות 10 דפים,ד.ג.ש ייבוא ושיווק בעמ,,מדבקות 10 דפים,יח',1.00,יח',false,,5.90,5.9000,true,1,5827268
7777272510003,false,מארז טושי,,,מארז טושי,יח',1.00,יח',false,,14.90,14.9000,true,1,6317165
7777272510232,false,מחשבון מיני,,,מחשבון מיני,יח',1.00,יח',false,,9.90,9.9000,true,1,6393016
7777555502077,false,תרווד נירוסטה איכותית,ד.ג.ש ייבוא ושיווק בעמ,,תרווד נירוסטה איכותי,יח',1.00,יח',false,,15.00,15.0000,true,1,825155
7777555502176,false,קופסת אחסון מלבנית ג,,,קופסת אחסון מלבנית ג,יח',1.00,יח',false,,15.00,15.0000,true,1,825162
7777555502824,false,מגרדת,דגש,,מגרדת,יח',1.00,יח',false,,10.00,10.0000,true,1,825221
7777555502848,false,משפך גדול מעוצב,ד.ג.ש ייבוא ושיווק בעמ,,משפך גדול מעוצב,יח',1.00,יח',false,,6.00,6.0000,true,1,825223
7777555503272,false,כוס מלמין,,,כוס מלמין,יח',1.00,יח',false,,6.00,6.0000,true,1,825238
7777555503838,false,מתלה כביסה אירופה,ד.ג.ש ייבוא ושיווק בעמ,,מתלה כביסה אירופה,יח',1.00,יח',false,,59.90,59.9000,true,1,825283
7777555504101,false,מטרייה קפיצית משופרת,,,מטרייה קפיצית משופרת,יח',1.00,יח',false,,14.90,14.9000,true,1,825300
7777555504163,false,מטרייה צבעונית ענקית,ד.ג.ש ייבוא ושיווק בעמ,,מטרייה צבעונית ענקית,יח',1.00,יח',false,,29.90,29.9000,true,1,825306
7777555506761,false,"מייבש כלים מעוצב רמי לוי 48*38 ס""מ",,,מייבש כלים מעוצב רמי,יח',1.00,יח',false,,9.90,9.9000,true,1,866856
7777555507706,false,"קערת סלט 27 ס""מ גובה 14 ס""מ",דגש,,"קערת סלט 27 ס""מ גובה",יח',1.00,יח',false,,11.90,11.9000,true,1,879651
7777555507836,false,"מסננת ידית ברזל 15 ס""מ",ד.ג.ש ייבוא ושיווק בעמ,,מסננת ידית ברזל 15 ס,יח',1.00,יח',false,,12.00,12.0000,true,1,888535
7777555509045,false,קערת מסננת נירוסטה,ד.ג.ש ייבוא ושיווק בעמ,,קערת מסננת נירוסטה,יח',1.00,יח',false,,29.90,29.9000,true,1,905886
7777555509229,false,צלחת ילדים איכותית,,,צלחת ילדים איכותית,יח',1.00,יח',false,,3.90,3.9000,true,1,934336
7777555509236,false,צלחת ילדים איכותית,,,צלחת ילדים איכותית,יח',1.00,יח',false,,3.90,3.9000,true,1,934337
7777555509625,false,מברשת לניקוי איכותית,,,מברשת לניקוי איכותית,יח',1.00,יח',false,,14.90,14.9000,true,1,967640
7777555510072,false,קערת מלמין פרפר,,,קערת מלמין פרפר,יח',1.00,יח',false,,4.90,4.9000,true,1,1048725
7777555510331,false,מטריה מיני,,,מטריה מיני,יח',1.00,יח',false,,9.90,9.9000,true,1,1072857
7777555510379,false,מטריה שחורה מחוזקת,,,מטריה שחורה מחוזקת,יח',1.00,יח',false,,29.90,29.9000,true,1,1072861
7777555510409,false,משקפי ראיה מעוצבות,ד.ג.ש ייבוא ושיווק בעמ,,משקפי ראיה מעוצבות,יח',1.00,יח',false,,12.90,12.9000,true,1,1080961
7777555510799,false,זוג דבק 3 שניות חזק במיוחד כ-3 גרם ליחידה (פ=24),ד.ג.ש ייבוא ושיווק בעמ,,זוג דבק 3 שניות חזק,יח',1.00,יח',false,,5.90,5.9000,true,1,1108272
7777555510898,false,קרש חיתוך זכוכית,,,קרש חיתוך זכוכית,יח',1.00,יח',false,,19.90,19.9000,true,1,1138891
7777555511048,false,סיר שקשוקה,,,סיר שקשוקה,יח',1.00,יח',false,,29.90,29.9000,true,1,1138901
7777555511796,false,סט קולבי קטיפה,ד.ג.ש ייבוא ושיווק בעמ,,קולבי קטיפה,יח',1.00,יח',false,,9.90,9.9000,true,1,1368708
7777555511925,false,מחליקים לרהיטים,,,מחליקים לרהיטים,יח',1.00,יח',false,,5.90,5.9000,true,1,1575931
7777555512878,false,מטאטא שרובר,,,מטאטא שרובר,יח',1.00,יח',false,,14.90,14.9000,true,1,2020920
7777555513707,false,מערוך,,,מערוך,יח',1.00,יח',false,,29.90,29.9000,true,1,3110211
7777555514186,false,שקית זילוף,,,שקית זילוף,יח',1.00,יח',false,,19.90,19.9000,true,1,4205107
7777555514940,false,מטאטא גולד,,,מטאטא גולד,יח',1.00,יח',false,,29.90,29.9000,true,1,5305177
7777555515190,false,מצקת,ד.ג.ש ייבוא ושיווק בעמ,,מצקת,יח',1.00,יח',false,,14.90,14.9000,true,1,5686934
7777555515251,false,מברג רב תכליתי (פ=12),,,מברג רב תכליתי,יח',1.00,יח',false,,19.90,19.9000,true,1,5686940
7777555515275,false,כבל ל-iPhone,,,כבל ל-iPhone,יח',1.00,יח',false,,9.90,9.9000,true,1,5941106
7777555515282,false,כבל טעינה מיקרו USB,ד.ג.ש ייבוא ושיווק בעמ,,כבל טעינה מיקרו USB,יח',1.00,יח',false,,9.90,9.9000,true,1,5948307
7777555515299,false,כבל טעינה Type-C,,,כבל טעינה Type-C,יח',1.00,יח',false,,9.90,9.9000,true,1,5941107
7777555515565,false,מטרייה מתהפכת,,,מטרייה מתהפכת,יח',1.00,יח',false,,39.90,39.9000,true,1,6328201
7777555515589,false,"מסננת ידית ברזל 10 ס""מ",,,מסננת ידית ברזל 10 ס,יח',1.00,יח',false,,9.90,9.9000,true,1,6345571
7777886600084,false,שישיית מזלגות,ד.ג.ש ייבוא ושיווק בעמ,,שישיית מזלגות,יח',1.00,יח',false,,9.90,9.9000,true,1,886306
7777886600091,false,שישיית כפיות,ד.ג.ש ייבוא ושיווק בעמ,,שישיית כפיות,יח',1.00,יח',false,,7.90,7.9000,true,1,886307
7777886600107,false,שישיית כפות,ד.ג.ש ייבוא ושיווק בעמ,,שישיית כפות,יח',1.00,יח',false,,9.90,9.9000,true,1,886308
7777886600138,false,מגבת ראש,,,מגבת ראש,יח',1.00,יח',false,,9.90,9.9000,true,1,886311
7777886600145,false,פינצטה יפנית,,,פינצטה יפנית,יח',1.00,יח',false,,19.90,19.9000,true,1,886312
7777886600152,false,פצירה מקצועית,,,פצירה מקצועית,יח',1.00,יח',false,,9.90,9.9000,true,1,886313
7777886600664,false,שלישיית כפיות לימונדה,ד.ג.ש ייבוא ושיווק בעמ,,שלישית כפיות לימונדה,יח',1.00,יח',false,,5.90,5.9000,true,1,888578
7777886600732,false,קליפסים ארוכים לשקיות,ד.ג.ש ייבוא ושיווק בעמ,,קליפסים ארוכים לשקיו,יח',1.00,יח',false,,6.90,6.9000,true,1,902994
7777886600947,false,נפנף למנגל,ד.ג.ש ייבוא ושיווק בעמ,,נפנף למנגל,יח',1.00,יח',false,,3.50,3.5000,true,1,896593
7777886602026,false,כותש שום איכותי אלומיניום,ד.ג.ש ייבוא ושיווק בעמ,,כותש שום,יח',1.00,יח',false,,19.90,19.9000,true,1,903029
7777886602057,false,מספריים לציפורניים,,,מספריים לציפורניים,יח',1.00,יח',false,,9.90,9.9000,true,1,912857
7777886602316,false,מטאטא בראבה,,,מטאטא בראבה,יח',1.00,יח',false,,14.90,14.9000,true,1,946644
7777886602323,false,מטאטא ארגנטה,,,מטאטא ארגנטה,יח',1.00,יח',false,,19.90,19.9000,true,1,946645
7777886602330,false,מטאטא רומנה,ד.ג.ש ייבוא ושיווק בעמ,,מטאטא רומנה,יח',1.00,יח',false,,19.90,19.9000,true,1,946646
7777886602354,false,מטאטא בלונדה,,,מטאטא בלונדה,יח',1.00,יח',false,,19.90,19.9000,true,1,946648
7777886602361,false,יעה עם מברשת יח,,,יעה+ מברשת,יח',1.00,יח',false,,9.90,9.9000,true,1,946649
7777886602415,false,מטאטא פרינסס,,,מטאטא פרינסס,יח',1.00,יח',false,,29.90,29.9000,true,1,946654
7777886602484,false,וילון אמבט,,,וילון אמבט,יח',1.00,יח',false,,29.90,29.9000,true,1,945968
7777886602637,false,מטאטא סלקטה,,,מטאטא סלקטה,יח',1.00,יח',false,,15.90,15.9000,true,1,961476
7777886602644,false,מטאטא פרימיולה,,,מטאטא פרימיולה,יח',1.00,יח',false,,24.90,24.9000,true,1,961477
7777886602675,false,ראש מטאטא,,,ראש מטאטא,יח',1.00,יח',false,,14.90,14.9000,true,1,961480
7777886602699,false,מצע לפירות וירקות 30,,,מצע לפירות וירקות 30,יח',1.00,יח',false,,8.90,8.9000,true,1,968679
7777886602972,false,סט קולבים מעץ איכותי,,,סט קולבים מעץ איכותי,יח',1.00,יח',false,,7.90,7.9000,true,1,998444
7777886603153,false,שישיית קולבים פלסטיק,ד.ג.ש ייבוא ושיווק בעמ,,שישיית קולבים איכותי,יח',1.00,יח',false,,8.90,8.9000,true,1,1039026
7777886603238,false,קרש חיתוך פרימיום ענ,ד.ג.ש ייבוא ושיווק בעמ,,קרש חיתוך פרימיום ענ,יח',1.00,יח',false,,39.90,39.9000,true,1,1039034
7777886603610,false,ערכת פלסטרים,,,ערכת פלסטרים,יח',1.00,יח',false,,4.90,4.9000,true,1,1059768
7777886603832,false,קרש חיתוך מעוצב פלסטיק,ד.ג.ש ייבוא ושיווק בעמ,,קרש חיתוך מעוצב 36*2,יח',1.00,יח',false,,19.90,19.9000,true,1,1116181
7777886604877,false,מחבת יציקה איכותית 30 wood edition,,,מחבת יציקה איכותית 3,יח',1.00,יח',false,,69.90,69.9000,true,1,2889476
7777886604891,false,מחבת יציקה איכותית 20 סדרת עץ,,,מחבת יציקה איכותית 2,יח',1.00,יח',false,,39.90,39.9000,true,1,2889477
7777886604907,false,מחבת יציקה איכותית 24 סדרת עץ,ד.ג.ש ייבוא ושיווק בעמ,,מחבת יציקה איכותית 2,יח',1.00,יח',false,,49.90,49.9000,true,1,2889478
7777886604914,false,מחבת יציקה איכותית 28 wood editrion,ד.ג.ש ייבוא ושיווק בעמ,,מחבת יציקה איכותית 2,יח',1.00,יח',false,,59.90,59.9000,true,1,2889479
7777886605225,false,קולפן מקצועי רב שימושי,,,קולפן מקצועי רב שימו,יח',1.00,יח',false,,19.90,19.9000,true,1,5686911
7777886605478,false,"מכסה למיקרוגל קוטר 26 ס""מ",ד.ג.ש ייבוא ושיווק בעמ,,מכסה למיקרוגל,יח',1.00,יח',false,,5.90,5.9000,true,1,6320182
7777886605874,false,צינור אמבט מתכת מחוזק 2 מטר MOCONA,,,צינור אמבט מתכת מחוז,יח',1.00,יח',false,,29.90,29.9000,true,1,6345604
7777886700197,false,סט 12 כפיות פסטל,ד.ג.ש ייבוא ושיווק בעמ,,סט 12 כפיות פסטל,יח',1.00,יח',false,,9.90,9.9000,true,1,6345677
7777886700234,false,פורס ביצה קפיצי,,,פורס ביצה קפיצי,יח',1.00,יח',false,,16.90,16.9000,true,1,6362944
7777886700289,false,סט צלחת מחולקת דובי,,,סט צלחת מחולקת דובי,יח',1.00,יח',false,,7.90,7.9000,true,1,6362945
7777886900511,false,פלטת ציור,,,פלטת ציור,יח',1.00,יח',false,,14.90,14.9000,true,1,1543690
7777887755554,false,סט סכינים רב שימושיות רמי לוי,,,סט סכינים רב שימושיו,יח',1.00,יח',false,,19.90,19.9000,true,1,961481
7777999910223,false,קערת נירוסטה 22C,ד.ג.ש ייבוא ושיווק בעמ,,קערת נירוסטה 22C,יח',1.00,יח',false,,15.00,15.0000,true,1,825925
7778999901778,false,כלי בית כללי,ד.ג.ש ייבוא ושיווק בעמ,,כלי בית כללי,יח',1.00,יח',false,,19.90,19.9000,true,1,826155
7778999902317,false,כללי כלי בית,ד.ג.ש ייבוא ושיווק בעמ,,כלי בית 130,יח',1.00,יח',false,,29.90,29.9000,true,1,826198
7790040420076,false,מיני אלפחורס בון בון 117 גר,לירון קרביץ יבוא שיווק וסחר,,מיני אלפחורס בון בון,גרמים,117.00,100 גרם,false,,8.90,0.0761,true,1,6339647
7790040423022,false,עוגיית אלפחורס בונבון במיולי קרם בוטנים 19.5 גר',לירון קרביץ יבוא שיווק וסחר,,בון בון 45אלפחורס 19,גרמים,45.00,100 גרם,false,,2.90,0.0644,true,1,6434068
7790580109646,false,"וופל בון בון, 45 גרם",לירון קרביץ יבוא שיווק וסחר,,וופל בון בון 45 גר,גרמים,45.00,100 גרם,false,,2.90,0.0644,true,1,6434069
7790580315979,false,סוכריות ממולאות טעם פירות 470ג' מהדרין,לירון קרביץ יבוא שיווק וסחר,,סוכריות ממולאות פירו,גרמים,470.00,100 גרם,false,,13.90,0.0296,true,1,1358435
7790580315986,false,סוכריות ממולאות תות 453ג' מהדרין,לירון קרביץ יבוא שיווק וסחר,,סוכריות ממולאות מהדר,גרמים,470.00,100 גרם,false,,13.90,0.0296,true,1,1652832
7790580419738,false,ביצי שוקולד במילוי קרם בוטנים,לירון קרביץ יבוא שיווק וסחר,,ביצי שוקולד במילוי ק,יח',1.00,יח',false,,12.90,12.9000,true,1,6357525
7791875005353,false,ריבת חלב הוואנה דולצה דה לצה 450 גרם,משה סידס ובנו בעמ,,ריבת חלב הוואנה דולצ,גרמים,450.00,6 גרם,false,,18.70,0.0416,true,1,6397348
7792860006218,false,סוכריות לקקן בייבי דול לריטייר (24 גרם),גוד פוד פרודקטס S.p,,בייבי דול סוכרית לקק,גרמים,24.00,100 גרם,false,,2.00,0.0833,true,1,810551
7798141877829,false,"גאטו נגרו פינו גריג'ו 750 מ""ל",היכל היין שקד גולן בעמ,,גאטו נגרו פינו גריג',מטרים,750.00,100 מ'ל,false,,38.90,0.0519,true,1,6389672
7798382150019,false,אוכמניות טריות 125גרם,ביכורי השדה צפון 1994 ג.ד. בעמ,,אוכמניות,יחידה,0.00,יחידה,false,,11.90,0.0000,true,1,6514240
7804414000877,false,יין דון חוליו מרלו אדוארדס,צ'ילה לואיס פיליפה אדוארדס,CL,דון חוליו מרלו כשר,מיליליטרים,750.00,"100 מ""ל",false,,26.90,0.0359,true,1,815470
7891024124826,false,"משחת שיניים קולגייט אופטייק וויט 75 מ""ל",הנסיך- מפעל לייצור ט,,משחת שיניים אופטיק ו,100 מל,75.00,100 מל,false,,19.90,0.2653,true,1,833220
7891024130063,false,"קולגייט מי פה פלאקס ללא אלכוהול 500 מ""ל מהדרין",קולגייט- פלמוליב,,מי פה פלאקס סופט מינ,מיליליטרים,500.00,"100 מ""ל",false,,24.90,0.0498,true,1,805096
7891173023186,false,נייר מדפסת A4 קרם 100 דפים,,,נייר מדפסת A4 קרם 10,יח',1.00,יח',false,,2.90,2.9000,true,1,6480981
8000070012783,false,קפה לוואצה קלוי וטחון חוזק 5 אורו 250 גר,לאוג'י לוואצה אס.פי.אי,,קפה אורו זהב לוואצה,גרמים,250.00,100 גרם,false,,38.90,0.1556,true,1,817141
8000070035980,false,קפה לוואצה קלוי וטחון חוזק 5 רוסה 250 גר,לווצה טורינו,,קפה לוואצה רוסה 250ג,גרמים,250.00,100 גרם,false,,29.90,0.1196,true,1,817149
8000070036321,false,פולי קפה לוואצה קואליטה רוסה 500 גר,,,פולי קפה לוואצה קואל,גרמים,500.00,100 גרם,false,,64.90,0.1298,true,1,6453806
8000113003402,false,"קמח תירס בוואקום 1 ק""ג",גורי מוצרי צריכה (1991) בעמ,,"קמח תירס 1 ק""ג",100 לקג,1.00,100 לקג,false,,15.90,15.9000,true,1,801313
8000215204240,false,משקה אורז ושקדים ביו אורגני ויטאריז 1 לי,בטר אנד דיפרנט,,משקה שקדים ואורז אור,ליטרים,1.00,ליטר,false,,12.90,12.9000,true,1,3604019
8000215204370,false,"ויטאריז לבישול תחליף שמנת צחית אורגנית 200 מ""ל",נטורפוד בעמ,,תחליף שמנת צמחי אורג,מיליליטרים,200.00,"100 מ""ל",false,,5.90,0.0295,true,1,3604100
8000215204394,false,משקה אורז ואגוזי לוז ביו אורגני ויטאריז,בטר אנד דיפרנט,,משקה אגוזי לוז ואורז,ליטרים,1.00,ליטר,false,,15.90,15.9000,true,1,3604102
8000215204554,false,ויטאריז משקה אורז קוקוס אורגני 1 ליטר,נטורפוד בעמ,,משקה אורז קוקוס אורג,ליטרים,1.00,ליטר,false,,12.90,12.9000,true,1,5085639
8000215204561,false,משקה שקדים אורגני וללא גלוטן ויטאסי 1 לי,בטר אנד דיפרנט,,ויטסי משקה שקדים אור,יח',1.00,יח',false,,14.90,14.9000,true,1,6179195
8000215204677,false,ויטריז - משקה שיבולת שועל בריסטה אורגני,בטר אנד דיפרנט,,ויטריז משקה שיבולת ש,ליטרים,1.00,ליטר,false,,12.90,12.9000,true,1,6426427
8000215204714,false,משקה שיבולת שועל אורגני פרימונה 1 ליטר,בטר אנד דיפרנט,,משקה שבולת שועל אורג,ליטרים,1.00,ליטר,false,,12.90,12.9000,true,1,3604103
8000215204745,false,משקה ש.שועל וניל אורגני 1 ליטר PRIMAVENA,אלינור,,משקה שיבולת שועל טעם,ליטרים,1.00,ליטר,false,,12.90,12.9000,true,1,6448522
8000320010088,false,"רוטב עגבניות במרקם גס 680 מ""ל MUTTI",דיפלומט מפיצים (1968) בעמ**,,צ'יריו רוטב עגבניות,גרמים,680.00,100 גרם,false,,9.90,0.0146,true,1,817152
8000320010095,false,"רוטב עגבניות במרקם עדין 700 מ""ל MUTTI",דיפלומט מפיצים (1968) בעמ**,,צ'יריו פסאטה במרקם ע,גרמים,700.00,100 גרם,false,,9.90,0.0141,true,1,6460847
8000320414855,false,עגבניות מרוסקות 400 גר CIRIO,צ'יריו,,עגבניות פלופה צ'יריו,גרמים,400.00,100 גרם,false,,4.90,0.0123,true,1,6467038
8000380003723,false,וופלים גרנד פטיסרי במילוי קרם אגוזים 100,קריניציה ויטמינה אס,,וופל אגוזים בציפוי ש,גרמים,100.00,100 גרם,false,,11.70,0.1170,true,1,814791
8000380003761,false,וופל גרנד פטיסרי שוקולד וקוקוס לואקר 100 גרם,קריניציה ויטמינה אס,,וופל גרנד פטיסרי שוק,גרמים,100.00,100 גרם,false,,11.70,0.1170,true,1,814792
8000380004669,false,וופל לואקר סנדוויץ קוביות ושוקולד 200ג',"א. לואקר, קונפקט ג'י",,וופל סנדוויץ' קקאו ל,גרמים,200.00,100 גרם,false,,11.90,0.0595,true,1,814794
8000380004676,false,קוביות וופל סנדוויץ Sandwich עם וניל וחלב,"א. לואקר, קונפקט ג'י",,קוביות וופל קרם וניל,גרמים,200.00,100 גרם,false,,11.90,0.0595,true,1,814795
8000380004881,false,וופל קוארדטיני לואקר קוביות טרמיסו 220ג',קריניציה ויטמינה אס,,קוביות וופל טירמיסו,גרמים,220.00,100 גרם,false,,13.90,0.0632,true,1,814797
8000380004911,false,קוביות וופל קואדרטיני Quadratini קרם אגוזים,קריניציה ויטמינה אס,,וופל קואדרטיני אגוזי,גרמים,250.00,100 גרם,false,,13.90,0.0556,true,1,814798
8000380004942,false,וופל לואקר קוארדטיני קוביות ווניל 250ג',ליימן שליסל בע`מ,,קוביות וופל בטעם וני,גרמים,250.00,100 גרם,false,,13.90,0.0556,true,1,814799
8000380004966,false,וופל קוארדטיני לואקר קוביות שוקולד 250ג',קריניציה ויטמינה אס,,קוביות וופל בטעם קקא,גרמים,250.00,100 גרם,false,,13.90,0.0556,true,1,814800
8000380007219,false,וופל לואקר ממולא קרם אגוזים 175 גרם,ליימן שליסל בע`מ,,וופל בטעם אגוזים לוא,גרמים,175.00,100 גרם,false,,10.80,0.0617,true,1,814802
8000380007257,false,וופל גרדנה במילוי קרם אגוזים מצופה,קריניציה ויטמינה אס,,וופל בטעם אגוזים לוא,גרמים,200.00,100 גרם,false,,13.70,0.0685,true,1,814803
8000380007264,false,וופל לואקר ממולא קרם קקאו 175 גרם,קריניציה ויטמינה אס,,וופל בטעם קקאו לואקר,גרמים,175.00,100 גרם,false,,10.80,0.0617,true,1,814804
8000380007271,false,וופל במילוי קרם חלב לואקר (175 גרם),ליימן שליסל בע`מ,,וופל במילוי קרם חלב,גרמים,175.00,100 גרם,false,,10.80,0.0617,true,1,814805
8000380106028,false,טורטינה לואקר וופל שוקולד ואגוזים שישיה 125ג',קריניציה ויטמינה אס,,טורטינה לואקר 125 גר,גרמים,125.00,100 גרם,false,,15.50,0.1240,true,1,814806
8000380144044,false,גרדנה וופל מצופה שוקולד חלב לואקר 200 גרם,ליימן שליסל בע`מ,,גרדנה וופל מצופה שוק,גרמים,200.00,100 גרם,false,,13.70,0.0685,true,1,814810
8000380148035,false,וופל אגוזי לוג שוקולד מריר גראן פטיסרי Gran Pasticceria,קריניציה ויטמינה אס,,וופל בציפוי שוקולד מ,גרמים,100.00,100 גרם,false,,11.70,0.1170,true,1,814811
8000380153534,false,מארז וופל שוקולד טורטינה Tortina שוקולד לבן,א. לואקר אס. פי. אי-אי.,,טורטינה וויט שישיה 1,גרמים,125.00,100 גרם,false,,15.50,0.1240,true,1,867576
8000380156009,false,פרלינים ורד הדולומיטים חלב לואקר 150 גרם,קריניציה ויטמינה אס,,שוקולד דולומיטים חלב,גרמים,150.00,100 גרם,false,,21.90,0.1460,true,1,1615487
8000380156825,false,שוקולד חלב במילוי קרם חלב וופל לואקר 87 גרם,ליימן שליסל בעמ,,שוקולד לואקר חלב 87,גרמים,87.00,100 גרם,false,,6.70,0.0770,true,1,954763
8000380156849,false,שוקולד מריר במילוי קרם קקאו וופל לואקר 87 גרם,ליימן שליסל בעמ,,שוקולד לואקר מריר 87,יח',1.00,יח',false,,6.70,6.7000,true,1,954765
8000380156856,false,שוקולד לבן במילוי קרם חלב וופל לואקר 87 גרם,ליימן שליסל בע`מ,,שוקולד לואקר לבן 87,גרמים,87.00,100 גרם,false,,6.70,0.0770,true,1,954766
8000380180721,false,לואקר וופל קקאו במילוי קרם חלבי 175 גר,קריניציה ויטמינה אס,IT,לואקר קלאסיק 175 גר,גרמים,175.00,100 גרם,false,,10.80,0.0617,true,1,1172664
8000380180745,false,וופל קוביות קקאו במילוי קרם חלב לואקר 250 גרם,"א. לואקר, קונפקט ג'י",IT,קואדרטיני שוקו חלב 2,גרמים,250.00,100 גרם,false,,13.90,0.0556,true,1,1172665
8000380180837,false,וופל גרנד פטיסרי קוקוס לבן מצופה שוקולד לבן לואקר 100 גרם,ליימן שליסל בע`מ,,גרנד פטיסרי קרם קוקו,גרמים,100.00,100 גרם,false,,11.70,0.1170,true,1,1709401
8000380184644,false,לואקר מיניס טעמים שונים 150 גרם,ליימן שליסל בעמ,,לואקר מיניס בטעמים ש,100 קרטון,150.00,100 קרטון,false,,13.90,0.0927,true,1,5593253
8000380189281,false,מארז מיני מיקס לואקר בשקית 210 גרם,ליימן שליסל בע`מ,,מארז מיני מיקס לואקר,גרמים,210.00,100 גרם,false,,19.90,0.0948,true,1,4575528
8000380192199,false,וופל בטעם דאבל שוקולד לואקר (175 גרם),ליימן שליסל בעמ,,לואקר דאבל שוקולד 17,גרמים,175.00,100 גרם,false,,10.80,0.0617,true,1,5541443
8000380192243,false,וופלים מלבנים פריכיים בטעם אגוז 200 גר`,ליימן שליסל בע`מ,,לואקר מקסי טעם אגוז,גרמים,200.00,100 גרם,false,,11.90,0.0595,true,1,5421498
8000380192250,false,וופלים מלבנים פריכיים בטעם שוקולד 200 גר,ליימן שליסל בע`מ,,לואקר מקסי טעם שוקול,גרמים,200.00,100 גרם,false,,11.90,0.0595,true,1,5421499
8000380198221,false,"וופל לואקר מקסי דאבל שוקולד 200 גרם בד""צ",ליימן שליסל בע`מ,,לואקר מקסי טעם אגוז,גרמים,200.00,100 גרם,false,,11.90,0.0595,true,1,6298232
8000380201396,false,שוקולד חלב ממולא קרם קרמל ועלי וופל פריכ,ליימן שליסל בע`מ,,טורטינה קרמל,גרמים,149.00,100 גרם,false,,15.50,0.1040,true,1,6377989
8000380201549,false,מארז שישיית גרנד פטיסרי קוקוס 126 גרם,ליימן שליסל בעמ,,לואקר פטיסרי קוקוס 1,גרמים,152.00,100 גרם,false,,15.50,0.1020,true,1,6406185
8000380205523,false,וופלים בטעם חמאת בוטנים לואקר 175 גרם,ליימן שליסל בעמ,,לואקר קלאסי חמאת בוט,גרמים,175.00,100 גרם,false,,10.80,0.0617,true,1,6448158
8000380206896,false,וופל גרדנה במילוי חמאת בוטנים 200 גרם,ליימן שליסל בע`מ,,לואקר גרדנה חמאת בוט,גרמים,200.00,100 גרם,false,,13.70,0.0685,true,1,6448159
8000392006132,false,מגב אייפל פטנט,עולם הבית,,מגב אייפל פטנט,יח',1.00,יח',false,,24.90,24.9000,true,1,959342
8000392503310,false,מטאטא סיליקון VIVIAN המקורי,מ.א ייצור ושיווק מטל,,מטאטא סיליקון VIVIAN,יח',1.00,יח',false,,79.90,79.9000,true,1,1033167
8000500009673,false,בונבוניירה פררו רושה 300 גרם,פרימיום חברה לדברי מתיקה ולמסח,,בונבוניירת פררו רושה,גרמים,300.00,100 גרם,false,,43.90,0.1463,true,1,814823
8000500023624,false,חטיפי הפי היפו Happy Hippo במילוי קרם חלב וקקאו,פרימיום-חברה לדברי מתיקה ולמסח,,חטיף הפי היפו קינדר,גרמים,100.00,100 גרם,false,,11.50,0.1150,true,1,814824
8000500023976,false,בונבוניירת רפאלו פררו (150 גרם),פרימיום-חברה לדברי מתיקה ולמסח,,בונבוניירת רפאלו פרר,גרמים,150.00,100 גרם,false,,14.90,0.0993,true,1,814825
8000500026731,false,ביצי שוקולד קינדר מארז 3 יח סופרייז,פרימיום-חברה לדברי מתיקה ולמסח,,קינדר ביצת הפתעה שלי,גרמים,114.00,100 גרם,false,,13.80,0.1211,true,1,1047193
8000500028124,false,קינדר גוי ביצת הפתעה מארז שלישיה,פרימיום חברה לדברי מתיקה ולמסח,,ג'וי ביצת שוקולד קינ,יחידה,0.00,יחידה,false,,13.80,0.0000,true,1,814826
8000500029350,false,מארז וופל מצופה 3יח' *43 גרם קינדר בואנו,פרימיום-חברה לדברי מתיקה ולמסח,,שוקולד קינדר בואנו ש,גרמים,129.00,100 גרם,false,,9.90,0.0767,true,1,814827
8000500032237,false,בונבונרייה פררו רושר 375 גרם,פרימיום חברה לדברי מתיקה ולמסח,,רושר 375 גרם,גרמים,375.00,100 גרם,false,,39.90,0.1064,true,1,814828
8000500037874,false,בונבוניירת פררו רושה 200 גרם,פרימיום חברה לדברי מתיקה ולמסח,,בונבוניירת פררו רושה,גרמים,200.00,100 גרם,false,,22.90,0.1145,true,1,814830
8000500071083,false,אצבעות שוקולד קינדר Kinder שש עשרה יחידות,פרימיום-חברה לדברי מתיקה ולמסח,,אצבעות קינדר שוקולד,גרמים,200.00,100 גרם,false,,11.90,0.0595,true,1,814833
8000500121436,false,מארז קינדר בואנו Kinder Bueno לבן שלוש יחידות,פרימיום חברה לדברי מתיקה ולמסח,,קינדר בואנו לבן שליש,גרמים,117.00,100 גרם,false,,9.90,0.0846,true,1,814835
8000500167656,false,קינדר שוקולד עם דגנים סיריאל 94 ג',פרימיום חברה לדברי מתיקה ולמסח,,קינדר שוקולד עם דגני,גרמים,94.00,100 גרם,false,,7.70,0.0819,true,1,5935563
8000500227848,false,נוטלה - בי רדי אצבעות ביסקוויט במילוי שוקולד 6 יח' * 22 גרם,פרימיום-חברה לדברי מתיקה ולמסח,,נוטלה בי ריידי,גרמים,132.00,100 גרם,false,,9.90,0.0750,true,1,4633453
8000500247167,false,פררו קולקשן - כדורי וופל מצופים 24 יחידו,פרימיום-חברה לדברי מתיקה ולמסח,,פררו קולקשין 269 גר,גרמים,249.00,100 גרם,false,,43.90,0.1763,true,1,3081558
8000500249352,false,קינדר בואנו מיני מיקס שקית 205 ג',פרימיום-חברה לדברי מתיקה ולמסח,,קינדר בואנו מיני מיק,גרמים,205.00,100 גרם,false,,17.80,0.0868,true,1,3250318
8000500256213,false,קינדר שוקולד חלב במילוי קרם חלבי,פרימיום-חברה לדברי מתיקה ולמסח,,קינדר שוקולד מיני 12,גרמים,120.00,100 גרם,false,,8.90,0.0742,true,1,5340538
8000500267103,false,קינדר דליס עוגת ספוג קקאו במילוי חלבי*10,פרימיום חברה לדברי מתיקה ולמסח,,קינדר דליס מארז עשיר,גרמים,390.00,100 גרם,false,,18.90,0.0485,true,1,4941898
8000500269169,false,קינדר קארדס Kinder Cards - חמישייה,פרימיום-חברה לדברי מתיקה ולמסח,,קינדר בצורת קלפים 12,גרמים,128.00,100 גרם,false,,12.90,0.1008,true,1,6483398
8000500353738,false,רביעיה סוכריות בטעם מנטה חזק 4 * 16 ג' טחק טק,פרימיום-חברה לדברי מתיקה ולמסח,,טיק טק מנטה חזק 64 ג,גרמים,64.00,100 גרם,false,,9.90,0.1547,true,1,6339654
8000500360262,false,"קינדר ""חנוכיה"" 135 גרם",פרימיום-חברה לדברי מתיקה ולמסח,,חנוכיית קינדר,יח',1.00,יח',false,,16.90,16.9000,true,1,6339655
8000500386941,false,נוטלה ממרח קקאו עם אגוזי לוז 900 גר`,פרימיום חברה לדברי מתיקה ולמסח,,נוטלה 900 גר,גרמים,900.00,100 גרם,false,,27.90,0.0310,true,1,6445689
8001003100164,false,יוגטה סוכריות ג'לי בטעמי פירות 450 גרם,ליימן שליסל בע`מ,,סוכריות ג'לי 450 גר,גרמים,450.00,100 גרם,false,,9.90,0.0220,true,1,4434690
8001003100218,false,סוכריות יוגטה ג'לי פירות 800 גר',ליימן שליסל בע`מ,,סוכריות ג'לי פירות 8,גרמים,800.00,100 גרם,false,,15.90,0.0199,true,1,876031
8001003202028,false,סוכריות ג'לי בטעם מנטה יוגטה 80 גרם,ליימן שליסל בעמ,,יוגטה סוכריות ג'לי ט,יח',1.00,יח',false,,4.30,4.3000,true,1,6448161
8001003202035,false,סוכריות ג'לי בטעם פירות יוגטה 80 גרם,ליימן שליסל בעמ,,יוגטה סוכריות ג'לי ט,יח',1.00,יח',false,,4.30,4.3000,true,1,6448162
8001090016003,false,טבליות למדיח קלאסי הכל באחד פיירי,דיפלומט מפיצים (1968) בעמ,,פיירי טבליות למדיח 8,קילוגרמים,1.14,"ק""ג",false,,42.90,37.6316,true,1,2103099
8001090111685,false,תחתונים אולוויז דיסקריט מידה L לבריחת שתן,דיפלומט מפיצים (1968) בעמ,,אולוויז דיסקריט תחתו,יח',1.00,יח',false,,25.90,25.9000,true,1,6417626
8001090111715,false,תחתונים אולוויז דיסקריט מידה M לבריחת שתן,דיפלומט מפיצים (1968) בעמ,,אולוויז דיסקריט תחתו,יח',1.00,יח',false,,25.90,25.9000,true,1,6417627
8001090156839,false,פמפרס בייבי דריי מידה 4 86 יח,פרוקטר & גמבל,,פמפרס בייבי דריי מיד,יח',1.00,יח',false,,64.90,64.9000,true,1,6433166
8001090222428,false,"הרבל אסנסס - שמפו חלב קוקוס 400 מ""ל",דיפלומט מפיצים 1968 בעמ,,הרבל אסנסס שמפו חלב,מיליליטרים,400.00,"100 מ""ל",false,,14.90,0.0373,true,1,5798272
8001090222572,false,הרבל אסנסס מרכך תות שדה ומנטה 400 גרם,דיפלומט מפיצים (1968) בעמ,,הרבל אסנסס מרכך תות,מיליליטרים,400.00,"100 מ""ל",false,,14.90,0.0373,true,1,5798274
8001090222756,false,"הרבל אסנס מרכך תות שמן מורינגה 400 מ""ל",דיפלומט מפיצים (1968) בעמ,,הרבל אסנסס מרכך שמן,יח',1.00,יח',false,,14.90,14.9000,true,1,5798399
8001090268679,false,פמפרס בייבי דריי מידה 3 100 יח,פרוקטר & גמבל,,פמפרס בייבי דריי מיד,יח',1.00,יח',false,,64.90,64.9000,true,1,6433167
8001090316103,false,קפסולות לכתמים קשים 45 יח' אריאל,דיפלומט מפיצים (1986) בע`מ,,אריאל קפסולות לכביסה,יח',1.00,יח',false,,54.90,54.9000,true,1,6470928
8001090364319,false,טייד קפסולות כביסה אפקט פיירי 37 יחידות,דיפלומט מפיצים (1986) בע`מ,,טייד קפסולות אפקט פי,יח',37.00,יח',false,,54.90,1.4838,true,1,6493559
8001090368553,false,פמפרס בייבי דריי מידה 6 68 יח,פרוקטר & גמבל,,פמפרס בייבי דריי מיד,יח',1.00,יח',false,,64.90,64.9000,true,1,6433168
8001090375186,false,"מרכך מרוכז 200 מ""ל לצבע מלא חיים ""פנטן""",דיפלומט מפיצים (1986) בע`מ,,פנטן מרכך מרוכז 200,מיליליטרים,200.00,"100 מ""ל",false,,12.90,0.0645,true,1,3882399
8001090375230,false,"מרכך מרוכז 200 מ""ל לחות מוגברת ""פנטן""",דיפלומט מפיצים (1968) בעמ,,פנטן מרכך מרוכז 200,מיליליטרים,200.00,"100 מ""ל",false,,12.90,0.0645,true,1,3882400
8001090379368,false,פמפרס פרימיום קר חיתולים שלב 4 34 יח VP,דיפלומט מפיצים (1986) בע`מ,,חיתולי פמפרס פרימיום,יח',34.00,יח',false,,29.90,0.8794,true,1,3547664
8001090458322,false,"פיירי ורדים ומשי 1015 מ""ל",דיפלומט מפיצים (1968) בעמ,,פיירי ורדים משי 1.01,ליטרים,1.01,ליטר,false,,15.90,15.7426,true,1,3077032
8001090721099,false,טבליות ג'ל לכביסה 3 ב-1 בניחוח אביב הרים,דיפלומט מפיצים (1986) בע`מ,,אריאל קפסולות לכביסה,יח',1.00,יח',false,,29.90,29.9000,true,1,4720898
8001090734044,false,אולוויז מגן תחתון גיגה פק לארג' אקסטרה פרוטקט 64 יח',דיפלומט מפיצים (1986) בע`מ,,מגן תחתון אולוויז מג,יח',64.00,יח',false,,16.90,0.2641,true,1,4253063
8001090740717,false,מגני תחתון אולוויז נורמל עם ניחוח רענן Fresh Scent,פרוקטר אנד גמבל )ראה קוד,,מגן תחתון אולוויז מג,יח',76.00,יח',false,,16.90,0.2224,true,1,4843241
8001090832450,false,"שמפו פנטן הנוסחה הקלאסית 660 מ""ל",דיפלומט מפיצים (1986) בע`מ,,פנטן שמפו נוסחה קלאס,מיליליטרים,660.00,"100 מ""ל",false,,18.90,0.0286,true,1,6291894
8001090832535,false,"שמפו פנטן שמן מרוקאי משקם 660 מ""ל",דיפלומט מפיצים (1986) בע`מ,,פנטן שמפו שמן מרוקאי,מיליליטרים,660.00,"100 מ""ל",false,,18.90,0.0286,true,1,6291912
8001090832573,false,שמפו שמן לחות מוגברת 660 מל פנטן,דיפלומט מפיצים (1986) בע`מ,,פנטן שמפו לחות מוגבר,מיליליטרים,660.00,"100 מ""ל",false,,18.90,0.0286,true,1,6291913
8001090832610,false,שמפו שמן למגע רך כמשי 660 מל פנטן,דיפלומט מפיצים (1986) בע`מ,,פנטן שמפו למגע רך כמ,מיליליטרים,660.00,"100 מ""ל",false,,18.90,0.0286,true,1,6295102
8001090832696,false,"פנטן שמפו לתלתלים מושלמים 660 מ""ל",דיפלומט מפיצים (1986) בע`מ,,פנטן שמפו לתלתלים מו,מיליליטרים,660.00,"100 מ""ל",false,,18.90,0.0286,true,1,6291914
8001090832771,false,"פנטן שמפו להזנת קרטין 660 מ""ל",דיפלומט מפיצים (1986) בע`מ,,פנטן שמפו הזנת קרטין,מיליליטרים,660.00,"100 מ""ל",false,,18.90,0.0286,true,1,6291916
8001090832818,false,מרכך פנטן הנוסחה הקלאסית לשיער רגיל ומעורב,דיפלומט מפיצים (1986) בע`מ,,פנטן מרכך נוסחה קלאס,מיליליטרים,600.00,"100 מ""ל",false,,18.90,0.0315,true,1,6291917
8001090832856,false,"פנטן 660 מ""ל קונדישינר מרוקאי משקם",דיפלומט מפיצים (1986) בע`מ,,פנטן מרכך מרוקאי משק,מיליליטרים,660.00,"100 מ""ל",false,,18.90,0.0286,true,1,6291936
8001090832894,false,מרכך לשיער חלש ופגום לחות מוגברת,דיפלומט מפיצים (1986) בע`מ,,פנטן מרכך לחות מוגבר,מיליליטרים,660.00,"100 מ""ל",false,,18.90,0.0286,true,1,6291937
8001090832931,false,"פנטן 660 מ""ל קונדישינר למגע רך כמשי",דיפלומט מפיצים (1986) בע`מ,,פנטן מרכך למגע רך כמ,מיליליטרים,660.00,"100 מ""ל",false,,18.90,0.0286,true,1,6295103
8001090832979,false,"פנטן 660 מ""ל קונדישינר לתלתלים מושלמים",דיפלומט מפיצים (1986) בע`מ,,פנטן מרכך לתלתלים מו,מיליליטרים,660.00,"100 מ""ל",false,,18.90,0.0286,true,1,6291938
8001090833051,false,"פנטן 660 מ""ל קונדישינר הזנת קרטין",דיפלומט מפיצים (1986) בע`מ,,פנטן מרכך הזנת קרטין,מיליליטרים,660.00,"100 מ""ל",false,,18.90,0.0286,true,1,6291940
8001090833167,false,גל כביסה אריאל בניחוח הרים 2.365 ליטר,דיפלומט מפיצים (1986) בע`מ,,אריאל ג'ל כביסה 2.36,ליטרים,2.36,ליטר,false,,27.90,11.8220,true,1,5247946
8001090833198,false,אריאל נוזל כביסה 2.47 ליטר ניחוח מרענן,דיפלומט מפיצים (1986) בע`מ,,אריאל ג'ל כביסה ניחו,ליטרים,2.36,ליטר,false,,27.90,11.8220,true,1,5247987
8001090833228,false,אריאל ג'ל כביסה קולור 2.365 ליטר,דיפלומט מפיצים (1986) בע`מ,,אריאל ג'ל כביסה 2.36,ליטרים,2.36,ליטר,false,,27.90,11.8220,true,1,5247947
8001090833259,false,אריאל ג`ל כביסה 3.740 ליטר בניחוח הרים,דיפלומט מפיצים (1968) בעמ,,אריאל ג'ל כביסה ניחו,ליטרים,3.74,ליטר,false,,39.80,10.6417,true,1,5247988
8001090891273,false,לנור כדוריות בושם בניחוח סחלב 210 גרם,דיפלומט מפיצים (1968) בעמ,,לנור כדוריות בושם סח,גרמים,210.00,100 גרם,false,,24.90,0.1186,true,1,6355729
8001090899194,false,תחבושות אולוויז פלטינום נורמל 24 יחידות,דיפלומט מפיצים (1986) בע`מ,,תחבושות אולוויז פלטי,יח',1.00,יח',false,,17.90,17.9000,true,1,6378544
8001090899224,false,תחבושות אולוויז פלטינום לונג 20 יחידות,דיפלומט מפיצים (1986) בע`מ,,תחבושות אולוויז פלטי,יח',1.00,יח',false,,17.90,17.9000,true,1,6378545
8001090899255,false,תחבושות אולוויז פלטינום לילה 16 יחידות,דיפלומט מפיצים (1986) בע`מ,,תחבושות אולוויז פלטי,יח',1.00,יח',false,,16.90,16.9000,true,1,6378546
8001090899286,false,אולוויז תחבושות פלטינום לילה בטוח 14 יח',דיפלומט מפיצים (1986) בע`מ,,תחבושות אולוויז פלטי,יח',1.00,יח',false,,16.90,16.9000,true,1,6378547
8001090943095,false,סבון כלים פעולה אנטי-בקטריאלית אקליפטוס,דיפלומט מפיצים (1968) בעמ,,פיירי אנטי בקטריאלי,ליטרים,1.01,ליטר,false,,17.90,17.7228,true,1,5057159
8001090961907,false,"אבקת כביסה אריאל שושן צחור 9 ק""ג",פרוקטר אנד גמבל,,אבקת כביסה אריאל שוש,קילוגרמים,9.00,"ק""ג",false,,59.90,6.6556,true,1,6326481
8001160001786,false,"משקה אנרגיה גטורייד ספורט כחול 500מ""ל",אקווה מינרלה סאן בנדטו,,גטורייד ספורט כחול 5,מיליליטרים,500.00,"100 מ""ל",false,,9.90,0.0198,true,1,3882457
8001160001892,false,"משקה אנרגיה גטורייד ספורט תפוז אדום 500מ""ל",אקווה מינרלה סאן בנדטו,,גטורייד ספורט תפוז א,מיליליטרים,500.00,"100 מ""ל",false,,9.90,0.0198,true,1,3882458
8001250110015,false,דפי לזניה מקמח דורום 500 גרם,רסטרטו יבוא ושיווק בעמ,,דה צ'קו לזניית ביצים,גרמים,500.00,100 גרם,false,,16.90,0.0338,true,1,6506818
8001250152015,false,פפרדלה פסטה דורום 500 גרם,רסטרטו יבוא ושיווק בעמ,,דה צ'קו פפרדלה 201 5,גרמים,500.00,100 גרם,false,,14.90,0.0298,true,1,6506819
8001359008572,false,פרולטה שמפו אובליפיחה לשיער צבוע,פאר פארם)איתן(,IL,שמפו שיער צבוע 500 מ,מיליליטרים,500.00,"100 מ""ל",false,,22.90,0.0458,true,1,1141928
8001440118944,false,שלישיית עגבניות פולפה צ'יריו 400 גרם,דיפלומט מפיצים (1968) בעמ**,,צ'יריו עגבניות פולפה,גרמים,1200.00,100 גרם,false,,14.90,0.0124,true,1,6460848
8001505000313,false,ממרח אגוזי לוז אורגני 270 גרם NICCIOLATA,ריג'וני דה אסינו,,ממרח אגוזי לוז אורגנ,גרמים,270.00,100 גרם,false,,19.50,0.0722,true,1,3604138
8001505001785,false,ממרח אגוזי לוז לבן אורגני 270 גרם,ריגוני די אסיי ישראל,,ממרח אגוזי לוז 30% א,גרמים,270.00,100 גרם,false,,19.50,0.0722,true,1,5869017
8001505003963,false,ממרח אגוזי לוז קראנצי אורגני 270 גרם,,,ממרח אגוזי לוז אורגנ,גרמים,270.00,100 גרם,false,,19.50,0.0722,true,1,6448581
8001620011935,false,"סן בנדטו- מים מינרלים מוגז - מארז שישיית 500 מ""ל",אקווה מינרלה סאן בנד,IT,"סן בנדטו מוגז 500 מ""ל שיש",ליטרים,3.00,ליטר,false,,11.90,3.9667,true,1,804302
8001620015629,false,"משקה פירות בטעם תפוז ותפוז אדום 400 מ""ל פרוטה",אקווה מינרלה סאן בנדטו ב,,משקה פרוטה תפוז 400,מיליליטרים,400.00,"100 מ""ל",false,,6.50,0.0163,true,1,6413990
8001620015636,false,"משקה פירות פרוטה-מיקס פירות 400 מ""ל סאן בנדטו",אקווה מינרלה סאן בנדטו ב,,משקה פרוטה מיקס פירו,מיליליטרים,400.00,"100 מ""ל",false,,6.50,0.0163,true,1,6383311
8001620017456,false,"סן בנדטו ספורט, מים מינרלים טבעיים 500 מ""ל שישייה",אקווה מינרלה סאן בנדטו ב,,"סאן בנדטו 6*500 מ""ל",ליטרים,6.00,ליטר,false,,13.90,2.3167,true,1,3856336
8001620018408,false,"משקה פירות בטעם מנגו תפוח 400 מ""ל פרוטה",אקווה מינרלה סאן בנדטו ב,,משקה פרוטה מנגו תפוח,מיליליטרים,400.00,"100 מ""ל",false,,6.50,0.0163,true,1,6413991
8001841062624,false,מארז מגבוני פמפרס ללא בישום - רביעייה,דיפלומט מפיצים (1968) בעמ,,פמפרס מגבונים ללא בי,יח',4.00,יח',false,,17.90,4.4750,true,1,6380812
8001841077949,false,מארז מגבוני פמפרס בניחוח מרענן - רביעייה,דיפלומט מפיצים (1986) בע`מ,,מגבוני פמפרס פרש 4X5,יח',1.00,יח',false,,17.90,17.9000,true,1,6241117
8001841096889,false,"נוזל לניקוי כלים לימון קלאסי 900 מ""ל",דיפלומט מפיצים (1968) בעמ,,פיירי לימון קלאסי 90,מיליליטרים,900.00,"100 מ""ל",false,,6.90,0.0077,true,1,4903518
8001841105093,false,פמפרס פרימיום קר חיתולים שלב 6 26 יח VP,דיפלומט מפיצים (1986) בע`מ,,חיתולי פמפרס פרימיום,יח',26.00,יח',false,,29.90,1.1500,true,1,5665887
8001841216584,false,תחבושות אולוויז אולטרה לילה בטוח,דיפלומט מפיצים (1968) בעמ,,תחבושות אולוויז לילה,יח',1.00,יח',false,,29.90,29.9000,true,1,6145464
8001841470290,false,נוזל ניקוי כלים פייר,,,פיירי פלטינום 750 מ,מיליליטרים,750.00,"100 מ""ל",false,,11.90,0.0159,true,1,6513373
8001841502298,false,"הרבל אסנסס - מרכך ללא סולפטים אלוורה ומנגו 275 מ""ל",דיפלומט מפיצים (1968) בעמ,,הרבל אסנס מרכך ללא ס,מיליליטרים,300.00,"100 מ""ל",false,,14.90,0.0497,true,1,6340733
8001841566771,false,לנור כדוריות בושם בניחוח יסמין 210 גרם,דיפלומט מפיצים (1968) בעמ,,לנור כדוריות בושם יס,גרמים,210.00,100 גרם,false,,24.90,0.1186,true,1,6355732
8001841625188,false,סבון כלים פלטינום לימון X3 פעולות להסרת שומנים,דיפלומט מפיצים (1986) בע`מ,,פיירי פלטינום לימון,מיליליטרים,515.00,"100 מ""ל",false,,8.90,0.0173,true,1,6274795
8001841625287,false,סבון כלים פלטינום לימון X3 פעולות להסרת שומנים,דיפלומט מפיצים (1968) בעמ,,פיירי פלטינום לימון,ליטרים,1.01,ליטר,false,,12.90,12.7723,true,1,6274796
8001841625461,false,סבון כלים פלטינום X3 פעולות להסרת שומנים,דיפלומט מפיצים (1986) בע`מ,,פיירי פלטינום אורגינ,מיליליטרים,515.00,"100 מ""ל",false,,8.90,0.0173,true,1,6274797
8001841625508,false,"נוזל כלים פיירי פלטינום אורגינל 1.015 ליטר בד""צ",דיפלומט מפיצים (1968) בעמ,,פיירי פלטינום אורגינ,ליטרים,1.01,ליטר,false,,12.90,12.7723,true,1,6274798
8001841669519,false,קפסולות לכביסה ALL IN ONE אריאל 55 יחידות,דיפלומט מפיצים (1986) בע`מ,,אריאל קפסולות לכביסה,יח',1.00,יח',false,,54.90,54.9000,true,1,6324172
8001841680989,false,מגן תחתון אולוויז מגה פק פרו פרש לארג' 60 יחי,דיפלומט מפיצים (1968) בעמ,,אולוויז מגן תחתון לא,יח',1.00,יח',false,,16.90,16.9000,true,1,6305175
8001841958460,false,פיירי טבליות למדיח אורגינל הכל באחד - מארז 48 יח',דיפלומט מפיצים (1986) בע`מ,,פיירי טבליות למדיח 4,גרמים,648.00,100 גרם,false,,39.90,0.0616,true,1,6355474
8002110383709,false,נוטרוגינה ס.נורבגית ק.ידיים לא מבושם 50מל,גונסון אנד גונסון,,ניוטרוגינה קרם ידיים,מטרים,50.00,100 מ'ל,false,,24.90,0.4980,true,1,805101
8002130205678,false,אורז לבן ארוך להכנת ריזוטו,,,אורז לבן ארוך להכנת,גרמים,500.00,100 גרם,false,,9.70,0.0194,true,1,6406604
8002130205685,false,אורז לבן ארוך להכנת,RRiseria Vignola Gio,,אורז לבן ארוך להכנת,גרמים,500.00,100 גרם,false,,9.70,0.0194,true,1,6406605
8002267014945,false,שלישייה ביצי שוקולד חלב עם צעצוע הוט ווילס,ואל קור קורסניני אס אנ ס,,ביצת הפתעה הוט ווילס,גרמים,20.00,100 גרם,false,,10.90,0.5450,true,1,3731439
8002267015263,false,שלישייה ביצת הפתעה מאשה והדוב צ'וקטה 20 גרם,ש.שסטוביץ בעמ,,צוקטה ביצת הפתעה מאש,יח',1.00,יח',false,,10.90,10.9000,true,1,6322608
8002267016475,false,ביצת שוקולד הפתעה בוב הבנאי שלישייה 60 ג,מולינו ניקולי s.p.a,,צוקטה ביצת הפתעה בוב,גרמים,20.00,100 גרם,false,,10.90,0.5450,true,1,5200349
8002450202005,false,שמפניה ספרקלטיני אסאי ורדי (750 מל),הכרם - משקאות חריפים בעמ,IT,ורדי ספרקלטיני אסאי בוסקה,מיליליטרים,750.00,"100 מ""ל",false,,24.90,0.0332,true,1,815483
8002450203002,false,"משקה כהלי ורדי רימונים ספרקלטיני 750מ"".",הכרם - משקאות חריפים בעמ,,ורדי אבטיח כשר,מיליליטרים,750.00,"100 מ""ל",false,,24.90,0.0332,true,1,5514488
8002450205006,false,"משקה כהלי וורדי תות ספרקלטיני 750מ""ל",הכרם - משקאות חריפים בעמ,IT,ורדי רימונים כשר,מיליליטרים,750.00,"100 מ""ל",false,,24.90,0.0332,true,1,2498604
8002450206003,false,משקה כהלי ורדי רימונים ספרקלטיני 750מ,הכרם - משקאות חריפים בעמ,IT,ורדי רימונים כשר,מיליליטרים,750.00,"100 מ""ל",false,,24.90,0.0332,true,1,815485
8002450208007,false,ספרקלטיני גרין אפל ורדי בוסקה (750 מל),הכרם - משקאות חריפים בעמ,IT,ורדי גרין אפל כשר,מיליליטרים,750.00,"100 מ""ל",false,,24.90,0.0332,true,1,815489
8002450208304,false,"ורדי גוורצטרמינר 750 מ""ל",איטליה בוסקה,,ורדי גוורצטרמינר כשר,מיליליטרים,750.00,"100 מ""ל",false,,24.90,0.0332,true,1,5890785
8002450209004,false,יין מבעבע ורדי רוזה,איטליה בוסקה,IT,ורדי ספומנטה כשר,מיליליטרים,750.00,"100 מ""ל",false,,24.90,0.0332,true,1,1049484
8002450409206,false,"משקה כהלי ורדי אפרסק כשל""פ 750מ""ל",הכרם משקאות חריפים בעמ,,ורדי אפרסק 750 מל,יח',1.00,יח',false,,24.90,24.9000,true,1,6279717
8002910043476,false,ויט רצועות שעווה מוכנות לקו הביקיני 12 יחידות,רקיט בנקיזר (ניר איסט) בעמ,,ויט רצועות שעווה מוכ,יח',12.00,יח',false,,19.90,1.6583,true,1,3565005
8003012013633,false,קפסולות ברזיל גריבלד,,,קפסולות ברזיל גריבאל,יח',1.00,יח',false,,7.80,7.8000,true,1,6441068
8003340091280,false,לינדט לינדור בונבוניירה 60% מוצקי קקאו 200 גרם,לינדט ושפרונגלי קילשברג,,לינדט לינדור בונבוני,גרמים,200.00,100 גרם,false,,22.90,0.1145,true,1,810552
8003446002685,false,שמן זית איטלקי 1 ליטר רמי לוי,,,שמן זית איטלקי 1 ליט,100 מל,1000.00,100 מל,false,,24.90,0.0249,true,1,5578355
8004030044005,false,נתחי טונה בהירה בשמן זית ריו מרה 112גרם,"בולטון אלימנטרי בע""\מ",,נתחי טונה בהירה בשמן,גרמים,160.00,100 גרם,false,,17.90,0.1119,true,1,805103
8004030102033,false,טונה בשמן זית עם מיץ לימון ופלפל שחור - מארז 3 יח',בולטון אלימנטרי,,טונה ריו מרה בשמן זי,גרמים,240.00,100 גרם,false,,27.80,0.1158,true,1,5266864
8004030177000,false,טונה בשמן זית וצ'ילי ריו מרה מארז 80X3 גר',ש. שסטוביץ בע`מ,,טונה בשמן זית עם צ'י,גרמים,168.00,100 גרם,false,,27.80,0.1655,true,1,4463698
8004030180000,false,ריו מרה טונה בשמן זית כתית מעולה 3*80 גרם,"בולטון אלימנטרי בע""\מ",,ריו מרה טונה בשמן זי,גרמים,240.00,100 גרם,false,,25.90,0.1079,true,1,6425025
8004030344938,false,"ריו מרה טונה בשמן זית 3X80 גרם מתכון חדש כשל""פ","בולטון אלימנטרי בע""\מ",,טונה ריו מרה בשמן זי,גרמים,168.00,100 גרם,false,,27.80,0.1655,true,1,981079
8004030381681,false,ריו מרה נתחי טונה בהירה בשמן זית זוג 160 גר,ש. שסטוביץ בע`מ,,ריו מרה נתחי טונה בה,יח',1.00,יח',false,,29.90,29.9000,true,1,5744288
8004030845046,false,טונה עם ירקות בתוספת עם אורז ריו מרה אינסלטיסימי 160 ג',בולטון אלימנטרי,,ריו מארה אינסלטיסימי,יח',1.00,יח',false,,14.90,14.9000,true,1,5561887
8004690470022,false,לה מוליזנה ללא גלוטן,למוליזנה,,לה מוליזנה ללא גלוטן,גרמים,400.00,100 גרם,false,,14.90,0.0373,true,1,6506821
8004800000071,false,לאגו פלאסיר- גלילי ופל במילוי קרם אגוזי לוז שוקולד חלב - 100 ג',תה ויסוצקי (ישראל) בעמ,,לאגו פלאסיר גלילי וו,גרמים,100.00,100 גרם,false,,10.90,0.1090,true,1,6476350
8004800004819,false,לאגו פלאסיר גלילי וופל קרם פסיפלורה 100 גרם,תה ויסוצקי (ישראל) בעמ,,לאגו פלאסיר גלילי וו,גרמים,100.00,100 גרם,false,,10.90,0.1090,true,1,6476352
8004800004826,false,לאגו פלאסיר - וופלים במילוי קרם קוקוס שוקולד מריר - 98ג,תה ויסוצקי (ישראל) בעמ,,לאגו פלאסיר גלילי וו,גרמים,100.00,100 גרם,false,,10.90,0.1090,true,1,6476353
8004800005502,false,וופל מיני רול גלילי ופל במילוי קרם קקאו- 125 ג' לאגו,תה ויסוצקי (ישראל) בעמ,,לאגו מיני רול במילוי,גרמים,125.00,100 גרם,false,,9.90,0.0792,true,1,6476380
8004800005519,false,וופל רול גלילי במילוי קרם אגוזי לוז- 125 ג' לאגו,תה ויסוצקי (ישראל) בעמ,,לאגו מיני רול במילוי,גרמים,125.00,100 גרם,false,,9.90,0.0792,true,1,6476381
8004800005526,false,וופל מיני רול גלילי ופל במילוי קרם קוקוס- 125 ג' לאגו,תה ויסוצקי (ישראל) בעמ,,לאגו מיני רול במילוי,גרמים,125.00,100 גרם,false,,9.90,0.0792,true,1,6476382
8005110002243,false,רכז עגבניות Doppio Concentr בשפופרת 185 ג' MUTTI,רסטרטו יבוא ושיווק בעמ*אין החז,,רכז עגבניות מוטיבשפו,גרמים,185.00,100 גרם,false,,6.90,0.0373,true,1,6329233
8005110170300,false,עגבניות מרוסקות חתוכות מוטי MUTTI שלישיה *400,רסטרטו יבוא ושיווק בעמ*אין החז,,עגבניות מרוסקות 3*40,קילוגרמים,1.20,"ק""ג",false,,16.90,14.0833,true,1,6295442
8005200256587,false,נסטי - תה קר בטעם אפרסק 1.5 ליטר,פארייפאבה אגרואינדוס,,תה קר בטעם אפרסק נסט,ליטרים,1.50,ליטר,false,,8.20,5.4667,true,1,6411572
8005200286584,false,תה קר נסטי מנגו אננס 1.5 ליטר פיקדון,פארייפאבה אגרואינדוס,,תה קר בטעם מנגו אננס,ליטרים,1.50,ליטר,false,,8.20,5.4667,true,1,6411573
8005200316588,false,תה קר נסטי אפרסק דיאט 1.5 ליטר פיקדון,פארייפאבה אגרואינדוס,,תה קר דיאט בטעם אפרס,ליטרים,1.50,ליטר,false,,7.90,5.2667,true,1,6411574
8005803010357,false,גריסיני קלאסי - מקלות אפויים עם שמן זית ומלח,ליימן שליסל בע`מ,,גרסיני קלאסי 125 גר,גרמים,125.00,100 גרם,false,,5.70,0.0456,true,1,2179158
8005803010371,false,"גריסיני רוזמרין - מקלות אפויים עם שמן זית, מלח ורוזמרין",ליימן שליסל בע`מ,,גרסיני רוזמרין 125 ג,גרמים,125.00,100 גרם,false,,5.70,0.0456,true,1,2179159
8005803010586,false,"מקלות אפויים עם שמן זית, מלח, עגבניות ואורגנו, 125 גרם, אמור די פאן","הוסטה איטליה, ס.ר.ל.",,גרסיני פיצה 125 גר,גרמים,125.00,100 גרם,false,,5.70,0.0456,true,1,2179160
8005803010661,false,"מקלות אפויים עם שמן זית, מלח, ושומשום, 125 גרם, אמור די פאן","הוסטה איטליה, ס.ר.ל.",,גרסיני שומשום 125 גר,גרמים,125.00,100 גרם,false,,5.70,0.0456,true,1,2179161
8006540091906,false,לנור כדוריות הבושם בניחוח אריאל 140 גרם,פטר קרמר עבור פרוקטור אנ,,לנור כדוריות הבושם ב,גרמים,140.00,100 גרם,false,,14.90,0.1064,true,1,6401660
8006540112793,false,"מרכך כביסה מרוכז בניחוח יסמין לנור 900 מ""ל",דיפלומט מפיצים (1986) בע`מ,,לנור מרכך מרוכז בניח,מטרים,900.00,100 מ'ל,false,,14.90,0.0166,true,1,6393881
8006540112823,false,"לנור מרכך כביסה מרוכז בניחוח האוקיינוס 900 מ""ל",דיפלומט מפיצים (1968) בעמ,,לנור מרכך מרוכז בניח,מיליליטרים,900.00,"100 מ""ל",false,,14.90,0.0166,true,1,6381633
8006540112854,false,"מרכך כביסה מרוכז בניחוח סחלב לנור 900 מ""ל",דיפלומט מפיצים (1986) בע`מ,,לנור מרכך מרוכז 900,מיליליטרים,900.00,"100 מ""ל",false,,14.90,0.0166,true,1,6376143
8006540425930,false,אריאל קפסולות לכביסה ג'ל 24 יח' לכתמים קשים,דיפלומט מפיצים (1986) בע`מ,,אריאל קפסולות 24 יח,יח',1.00,יח',false,,29.90,29.9000,true,1,6411771
8006540463550,false,פיירי טבליות למדיח פלטינום 63 יחידות,דיפלומט מפיצים (1968) בעמ,,פיירי טבליות למדיח 6,גרמים,938.00,100 גרם,false,,44.90,0.0479,true,1,6471078
8006540495186,false,לנור מרכך כביסה מרוכז רגיש בייבי 900 מל,דיפלומט מפיצים (1986) בע`מ,,לנור מרכך כביסה בייב,מטרים,900.00,100 מ'ל,false,,14.90,0.0166,true,1,6462734
8006540495247,false,"לנור מרכך כביסה מרוכז בניחוח פרחי בר 900 מ""ל",דיפלומט מפיצים (1968) בעמ,,לנור מרכך בניחוח פרח,מטרים,900.00,100 מ'ל,false,,14.90,0.0166,true,1,6491680
8006540620403,false,"טייד אבקת כביסה אפקט פיירי 7 ק""ג",דיפלומט מפיצים (1986) בע`מ,,טייד אבקת כביסה אפקט,קילוגרמים,7.00,"ק""ג",false,,54.90,7.8429,true,1,6485283
8007178223547,false,ג`קובזי קרם בלסמי מצומצם ממודנה 250 מל,דיפלומט מפיצים (1968) בעמ**,IT,"קרם בלסמי מצומצם 250 מ""ל",מיליליטרים,250.00,"100 מ""ל",false,,21.90,0.0876,true,1,1032366
8007270999012,false,שמן גרעיני ענבים קוסטה דורו 1 ליטר,קוסטה דיאורו,,שמן גרעיני ענבים 1ל,ליטרים,1.00,ליטר,false,,38.90,38.9000,true,1,3604104
8008245004861,false,ממרח אגוזי לוז עם חלב מובנפיק 300 גרם,יבואן ומשווק: ש. שסט,,ממרח אגוזי לוז עם חל,גרמים,300.00,100 גרם,false,,14.70,0.0490,true,1,6331255
8008660210021,false,מעדן ריבה מנץ אנד גאססר דובדבן 300 גר,תה ויסוצקי (ישראל) בעמ,IT,מעדן דובדבן 300 גר,גרמים,300.00,100 גרם,false,,15.90,0.0530,true,1,1340633
8008660210038,false,מעדן ריבה מנץ אנד גאססר תות שדה 300 גר,תה ויסוצקי (ישראל) בעמ,IT,מעדן תות שדה 300 גר,גרמים,300.00,100 גרם,false,,15.90,0.0530,true,1,1340651
8008660210045,false,מעדן פירות יער מנז אנד גאסר ויסוצקי 300 גרם,תה ויסוצקי (ישראל) בעמ,IT,מעדן פירות יער 300 ג,גרמים,300.00,100 גרם,false,,15.90,0.0530,true,1,1340652
8008660210052,false,מעדן פרי תפוז מנז אנד גאסר ויסוצקי 320 גרם,תה ויסוצקי (ישראל) בעמ,,מעדן פרי תפוז 320 גר,גרמים,320.00,100 גרם,false,,15.90,0.0497,true,1,5126175
8008698002025,false,בסיס לפיצה ללא גלוטן (150X2) גרם שר,"ד""ר שר ס.ר.ל",,*מבצע* בסיס לפיצה לל,גרמים,250.00,100 גרם,false,,34.90,0.1396,true,1,5340616
8008698002100,false,מקלות גריסיני 200 גרם ד''ר שר,"ד""ר שר ס.ר.ל",FR,מקלות גריסיני 200 גר,גרמים,200.00,100 גרם,false,,19.90,0.0995,true,1,1074701
8008698003961,false,"שוקו סטיקס מקלוני עוגיות לל""ג 150 גר",דר שר דויטשלנד ג'\י אם ב,,*מבצע* שוקו סטיקס מק,גרמים,150.00,100 גרם,false,,16.90,0.1127,true,1,6392369
8008698004548,false,ביסקוויט בציפוי שוקולד חלב ללא גלוטן,ל.י.ב. (לחיות יותר בטבע) בעמ,,ביסקוויט בציפוי קרם,גרמים,150.00,100 גרם,false,,16.80,0.1120,true,1,3599888
8008698004753,false,פרורי לחם ללא גלוטן 300 גר,,,*מבצע* פרורי לחם ללא,גרמים,300.00,100 גרם,false,,17.90,0.0597,true,1,6495657
8008698004807,false,תערובת קמחים לאפיית לחם ל.גלוטן 1020קג,ל.י.ב. (לחיות יותר בטבע) בעמ,FR,תערובת על בסיס עמילן,קילוגרמים,1.00,"ק""ג",false,,29.90,29.9000,true,1,6495658
8008698010358,false,"תערובת קמחים לאפייה כללית 500 גרם לל""ג","ד""ר שר ס.ר.ל",,מיקס תערובת קמחים לא,גרמים,500.00,100 גרם,false,,11.90,0.0238,true,1,3599891
8008698012857,false,ביסקויט פתי בר בטעם חמאה 165 גרם ללא גלוטן petit,ל.י.ב. (לחיות יותר בטבע) בעמ,FR,פתי בר טעם חמאה 165ג,גרמים,165.00,100 גרם,false,,13.80,0.0836,true,1,1074778
8008698024188,false,פאן רוסטיקו מאפה ללא גלוטן 250 גר`,לחיות יותר בטבע בעמ,,פאן רוסטיקו - לחם לל,גרמים,250.00,100 גרם,false,,17.90,0.0716,true,1,5467061
8008698032084,false,עוגיות מיני וחברים ללא גלוטן 125גרם שר - MINI FRIENDS,,,עוגיות מיני וחברים ל,גרמים,125.00,100 גרם,false,,11.90,0.0952,true,1,6431552
8008698054109,false,מילוי גריס - ממרח אגוזי לוז עם קקאו בתוספות מקלות 52 גרם,"ד""ר שר ס.ר.ל",,*מבצע* ממרח אגוזי לו,יח',1.00,יח',false,,10.90,10.9000,true,1,6269536
8008857114194,false,פסטה נוטרי מיו ללא גלוטן ספגטי 400 גרם,רגיה,,פסטה נוטרי מיו ללא ג,גרמים,500.00,100 גרם,false,,8.70,0.0174,true,1,6466937
8008857114347,false,פסטה נוטרי מיו ללא גלוטן פנה 400 גרם,רגיה,,פסטה נוטרי מיו ללא ג,גרמים,400.00,100 גרם,false,,8.70,0.0217,true,1,6466938
8008857406152,false,פסטה רגיה אטריות עגולות עבה תומר 500 גרם,רגיה,,אטריות עגול דקות,גרמים,500.00,100 גרם,false,,7.50,0.0150,true,1,934732
8008857500003,false,פסטה רגיה אטריות עגולות דקות תומר 500 גרם,תומר ייבוא ושיווק מוצרי מזון [,,אטריות עגולות עבות,100 יח',500.00,100 יח',false,,7.50,0.0150,true,1,934733
8008912010034,false,ליגורי- ספגטי מספר 3 500גר,תה ויסוצקי (ישראל)בעמ,,ליגורי- ספגטי מספר 3,גרמים,500.00,100 גרם,false,,7.80,0.0156,true,1,6427088
8008912010072,false,ליגורי- לינגוויני מספר 7 500גר,תה ויסוצקי (ישראל)בעמ,,ליגורי- לינגוויני מס,גרמים,500.00,100 גרם,false,,7.80,0.0156,true,1,6427089
8008912010270,false,"ליגורי פסטה קסרצ'ה מספר 27, 500 גר'",תה ויסוצקי (ישראל)בעמ,,ליגורי- קסרצ'ה מספר,גרמים,500.00,100 גרם,false,,7.80,0.0156,true,1,6427090
8008912010300,false,LIGUORI פסטה פרפלה 500 גרם מספר 30,תה ויסוצקי (ישראל)בעמ,,פסטה פרפלה מספר 30,גרמים,500.00,100 גרם,false,,7.80,0.0156,true,1,6427091
8008912010317,false,פסטה פוזילי מס (31 500 גר`)ליגורי,תה ויסוצקי (ישראל) בעמ,,ליגורי-פוזילי מספר 3,גרמים,500.00,100 גרם,false,,7.80,0.0156,true,1,6427092
8008912010423,false,פסטה פנה ריגטה מס (42 500 גר`)ליגורי,תה ויסוצקי (ישראל) בעמ,,ליגורי- פנה ריגטה מס,גרמים,500.00,100 גרם,false,,7.80,0.0156,true,1,6427094
8008912016012,false,ליגורי- לזניה מספר 102 500גר,תה ויסוצקי (ישראל)בעמ,,ליגורי- לזניה מספר 1,גרמים,500.00,100 גרם,false,,14.90,0.0298,true,1,6434827
8010024006010,false,חמאת שקדים 100% השקד נטורפוד 350 גרם,תות תעשיות מזון (201,,חמאת שקדים 350 גר,גרמים,350.00,100 גרם,false,,38.90,0.1111,true,1,3604140
8011789606910,false,ויטה דיי לכלב 4 קג,,,ויטה דיי לכלב 4 קג,קילוגרמים,4.00,"ק""ג",false,,45.00,11.2500,true,1,6432569
8013399145278,false,דיאטורל סוכריות סטיביה ליקוריץ רך 70 גרם,גורי מוצרי צריכה בעמ,IT,סט.דיטורל ליקורי שקית 70,גרמים,70.00,100 גרם,false,,9.90,0.1414,true,1,868330
8023678161387,false,משקה סויה אורגני 1 ליטר ISOLA,איזולה ביו Isola Bio,,חלב סויה אורגני 1ליט,יח',1.00,יח',false,,9.90,9.9000,true,1,830752
8023678728290,false,משקה איזולה סויה בריסטה 1 ליטר,,,משקה סויה ללא סוכר 1,יח',1.00,יח',false,,11.90,11.9000,true,1,6357166
8024985008037,false,מחית פירות סמוצ`י תפוח אורגנית ללא תוספת,"נטורפוד בע""מ",,נטורה סמודי תפוחים א,מטרים,100.00,100 מ'ל,false,,4.90,0.0490,true,1,5085644
8024985008044,false,מחית פירות סמוצ`י אגס אורגנית ללתס נטור,"נטורפוד בע""מ",,נטורה משקה סמודי אגס,מטרים,100.00,100 מ'ל,false,,4.90,0.0490,true,1,5085645
8024985011204,false,נטורה נובה-סמוזי תפוח תות בננה 100 גרם,נטורה נובה,,נטורה נובה סמוזי תפו,גרמים,100.00,100 גרם,false,,4.90,0.0490,true,1,6415782
8032715385976,false,"פסטה פוזילוני אורז חום מלא לל""ג 250 גרם",,,"פסטה פוזילוני לל""ג ב",גרמים,250.00,100 גרם,false,,12.90,0.0516,true,1,6388148
8032793342458,false,עגבניות מרוסקות דק ומסוננות בבקבוק 700 ג,קונסוריזיו קאסאלסקו דל פ,AU,עגבניות מרוסקות דק ב,גרמים,700.00,100 גרם,false,,11.90,0.0170,true,1,2137021
8032793344520,false,תרכיז עגבניות רסק עגבניות מרוכז מאוד,גורי מוצרי צריכה (1991) בעמ,,רסק עגבניות מרוכז 20,גרמים,200.00,100 גרם,false,,6.90,0.0345,true,1,6321314
8032804430846,false,פליסיה פוזילי חומוס אורגני 250 גרם,אנדריאני,,פוזילי חומוס אורגני,גרמים,250.00,100 גרם,false,,12.90,0.0516,true,1,5869051
8032880800243,false,פיקניק הפתעה - אגוזי לוז ומקלות אפויים,"הוסטה איטליה, ס.ר.ל.",,פיקניק הפתעה 50 גרם,גרמים,50.00,100 גרם,false,,6.70,0.1340,true,1,814846
8076800195019,false,ברילה - צ.א ספגטי מס1 קפליני 500 גרם,ברילה גי.אי.אר פרטלי ס.פ,,קפליני מספר 1 ברילה,גרמים,500.00,100 גרם,false,,6.90,0.0138,true,1,805109
8076800195033,false,ברילה - צ.א ספגטיני מס3 חדש 500 גרם,ברילה גי.אי.אר פרטלי ס.פ,,ספגטי מספר 3 ברילה 5,גרמים,500.00,100 גרם,false,,6.90,0.0138,true,1,805110
8076800195057,false,ברילה - צ.א ספגטי מס5 חדש 500 גרם,ברילה גי.אי.אר פרטלי ס.פ,,ברילה ספגטיני מספר 5,גרמים,500.00,100 גרם,false,,6.90,0.0138,true,1,805111
8076800315097,false,פסטה מקרוני בוקטיני מספר 9 ברילה 500 גרם,ברילה גי.אי.אר פרטלי ס.פ,,פסטה מקרוני בוקטיני,גרמים,500.00,100 גרם,false,,6.90,0.0138,true,1,805113
8076802085738,false,ברילה - צ.ק פנה רגטה חדש 500 גרם,ברילה גי.אי.אר פרטלי ס.פ,,פסטה פנה ריגטה ברילה,גרמים,500.00,100 גרם,false,,6.90,0.0138,true,1,805116
8076802085837,false,ברילה - צ.ק טורטליוני מס83 500 גרם,הנסיך- מפעל לייצור ט,,פסטה מספר 83 ברילה 5,גרמים,500.00,100 גרם,false,,6.90,0.0138,true,1,805117
8076802085981,false,ברילה - צ.ק פוזילי חדש 500 גרם,ברילה גי.אי.אר פרטלי ס.פ,,פסטה פוזילי ברילה 50,גרמים,500.00,100 גרם,false,,6.90,0.0138,true,1,805121
8076808050440,false,פסטה מקרוני מספר 44 ברילה 500 גרם,ש. שסטוביץ בע`מ,,פסטה מקרוני מספר 44,גרמים,500.00,100 גרם,false,,6.90,0.0138,true,1,805123
8076808060654,false,פסטה פרפלה מספר 65 ברילה 500 גרם,ברילה גי.אי.אר פרטלי ס.פ,,פסטה פרפלה מספר 65 ב,גרמים,500.00,100 גרם,false,,6.90,0.0138,true,1,805124
8076808070882,false,קנלוני מספר 88 ברילה (250 גרם),פאסטיפיקו ריגו אס.אר,,קנלוני מספר 88 ברילה,גרמים,250.00,100 גרם,false,,10.90,0.0436,true,1,805125
8076808150072,false,ברילה - צ.א ספגטוני מס7 חדש 500 גרם,ברילה גי.אי.אר פרטלי ס.פ,,ספגטי מספר 7 ברילה 5,גרמים,500.00,100 גרם,false,,6.90,0.0138,true,1,805126
8076809512268,false,פסטה גירנדולה טורסדס מספר 34 ברילה 500 גרם,ברילה גי.אי.אר פרטלי ס.פ,,פסטה גירנדולה טורסדס,גרמים,500.00,100 גרם,false,,6.90,0.0138,true,1,805128
8076809513388,false,ברילה רוטב אראביאטה צילי לפסטה 400 ג,ברילה גי.אי.אר פרטלי ס.פ,,רוטב לפסטה ארביאטה ב,גרמים,400.00,100 גרם,false,,14.90,0.0373,true,1,805129
8076809513395,false,ברילה פומודורו רוטב עגבניות קלאסי 400 גר,ברילה גי.אי.אר פרטלי ס.פ,,רוטב לפסטה פומודורו,גרמים,400.00,100 גרם,false,,14.90,0.0373,true,1,805130
8076809513654,false,בסיס רוטב עגבניות לבולונז 400 גרם ברילה,ברילה גי.אי.אר פרטלי ס.פ,,בסיס רוטב עגבניות לב,גרמים,400.00,100 גרם,false,,14.90,0.0373,true,1,805131
8076809513692,false,רוטב עגבניות נפולטנה בתוספת ירקות,ברילה גי.אי.אר פרטלי ס.פ,,רוטב לפסטה נפוליטנה,גרמים,400.00,100 גרם,false,,14.90,0.0373,true,1,805132
8076809513739,false,ברילה רוטב עגבניות עם בזיליקום 400 גרם,ברילה גי.אי.אר פרטלי ס.פ,,רוטב לפסטה בזיליקום,גרמים,400.00,100 גרם,false,,14.90,0.0373,true,1,805133
8076809519977,false,ברילה אורקייטה 500 גר`ברילה,ברילה גי.אי.אר פרטלי ס.פ,,ברילה אורקייטה 500 ג,גרמים,500.00,100 גרם,false,,13.90,0.0278,true,1,6444390
8076809523561,false,ברילה - רוטב פסטה בטעם טוסקנה 400 גרם,ברילה גי.אי.אר פרטלי ס.פ,,רוטב עגבניות ברילה 4,גרמים,400.00,100 גרם,false,,14.90,0.0373,true,1,805140
8076809523738,false,דפי לזניה ברילה 500 גרם,ברילה גי.אי.אר פרטלי ס.פ,,לזניה ברילה 500 גרם,גרמים,500.00,100 גרם,false,,19.90,0.0398,true,1,805143
8076809529419,false,ספגטי מחיטה מלאה מס' 5 500 ג' ברילה,ברילה גי. אי. אר פרט,,ספגטי חיטה מלאה בריל,גרמים,500.00,100 גרם,false,,12.90,0.0258,true,1,805146
8076809545457,false,ברילה אטריות ללא גלוטן 400 ג' צינורות 400 ג',ברילה ג'.אי.אר פרטלי,IT,ברילה צינורות ללא גל,גרמים,400.00,100 גרם,false,,14.90,0.0373,true,1,1097549
8076809547956,false,פסטה ברילה קיפרי 500 גרם,ברילה ג'.אי.אר פרטלי,,ברילה צ.ק קיפרי 500,גרמים,500.00,100 גרם,false,,6.90,0.0138,true,1,6285984
8076809580496,false,פסטה פפירי 450 ג' ברילה,"ש.שסטוביץ בע""\מ",,ברילה פפירי 450 גר,גרמים,450.00,100 גרם,false,,11.90,0.0264,true,1,6400668
8121300206946,false,ממתיק סיטיביה טרוביה 80 שקיות אישיות,גורי ע.ע.ע. בע`מ,,טרוביה סטיביה ממתיק,יח',1.00,יח',false,,19.90,19.9000,true,1,6173449
8121300207004,false,טרוביה - סטיביה ממתיק בצנצנת 270 גרם,קספרס פאקאגעהג,,טרוביה סטיביה ממתיק,גרמים,270.00,100 גרם,false,,24.90,0.0922,true,1,6225910
8121300208780,false,טרוביה תחליף סוכר לכל מטרה 360 גרם,גורי ע.ע.ע. בעמ,,טרוביה תחליף סוכר 36,גרמים,360.00,100 גרם,false,,34.90,0.0969,true,1,6448759
8231218060803,false,מיחם לשבת 80 כוסות ללא צורך בטבילה BT-8060-60,,,מיחם לשבת 80 כוסות ל,יח',1.00,יח',false,,289.90,289.9000,true,1,5403805
8231218080306,false,מיחם לשבת כמות 4.8 ליטר BT-8080-30,,,מיחם לשבת כמות 4.8,יח',1.00,יח',false,,199.90,199.9000,true,1,6489601
8231228060503,false,מיחם לשבת ללא טבילה,,,מיחם לשבת 50 כוסות ל,יח',1.00,יח',false,,239.90,239.9000,true,1,5403806
8312061230503,false,קוצץ מזון רב תכליתי BT-3050 BENATON,,,קוצץ מזון רב תכליתי,יחידה,0.00,יחידה,false,,99.90,0.0000,true,1,6455894
8347523938390,false,נייר צילום 75גרם A4,,,נייר מדפסת A4,יח',1.00,יח',false,,19.90,19.9000,true,1,6508704
8410076600622,false,חטיפי גרנולה קראנצ'י עם שוקולד מריר נייצ'ר ואלי 210 גרם,ג'נרל מילס סאן אדריאן,,חטיפי גרנולה קראנצ'י,גרמים,210.00,100 גרם,false,,14.90,0.0710,true,1,833470
8410076610379,false,"חטיף בוטנים, חלבון סויה ושוקולד מריר עם ציפוי בטעם שוקולד",נייצ'ר ואלי Nature Valley,ES,נייטשר ואלי פרוטאין,גרמים,160.00,100 גרם,false,,22.90,0.1431,true,1,1430801
8410076610386,false,נייטשר ואלי פרוטאין בוטנים עם ציפוי בטעם קרמל מלוח 160 ג',ג'\נרל מילס סאן אדריאן S,ES,נייטשר ואלי פרוטאין,גרמים,160.00,100 גרם,false,,22.90,0.1431,true,1,1430802
8410076610492,false,חטיף שיבולת שועל מלאה ובוטנים בציפוי עם חמאת בוטנים,יבואן ומשווק: ש. שסט,,חטיף סוויט אנד סולטי,יח',1.00,יח',false,,14.90,14.9000,true,1,2074880
8410076610508,false,"חטיף שיבולת שועל מלאה עם בוטנים, שקדים ושוקולד מריר בציפוי בטעם שוקולד",נייצ'ר ואלי Nature Valley,,חטיף סוויט אנד סולטי,יח',1.00,יח',false,,14.90,14.9000,true,1,2074881
8410076621009,false,עוגות אישיות בטעם קרמל עם חתיכות בטעם קרמל מלוח,ליימן שליסל בע`מ,,פייבר 1 עוגות אישיות,גרמים,120.00,100 גרם,false,,14.90,0.1242,true,1,6337474
8410076621047,false,עוגות אישיות בטעם שוקולד עם חתיכות בטעם שוקולד,ליימן שליסל בע`מ,,פייבר 1 בראוניז שוקו,גרמים,120.00,100 גרם,false,,14.90,0.1242,true,1,6337475
8410104039134,false,"מנקה ומחדש מדיח כלים פיניש 250 מ""ל",רקיט בנקיזר (ניר איסט) בעמ,PL,FINISH MACHINE CLEAN. 12x,מיליליטרים,250.00,"100 מ""ל",false,,14.90,0.0596,true,1,821693
8410104044916,false,אבקה למדיח כלים פיניש (2.7 קג),רקיט בנקיזר (ניר איסט) בעמ,DE,Finish powder 2.7,קילוגרמים,2.70,"ק""ג",false,,39.90,14.7778,true,1,821694
8410104045111,false,"פיניש מלח למדיח כלים 2ק""ג",רקיט בנקיזר (ניר איסט) בעמ,IL,Finish Salt 2kg,קילוגרמים,2.00,"ק""ג",false,,13.90,6.9500,true,1,6290287
8410104437268,false,מפיג ריח רגיל למדיח פיניש 1 יחידה,רקיט בנקיזר (ניר איסט) בעמ,HU,"FINSH,IT,DEO ODORSTOP*20",יח',1.00,יח',false,,14.90,14.9000,true,1,821704
8410128768324,false,משקה סויה שקדים קרטונית1 ל' ויוה סוי,טמפו משקאות בע`מ,,ויוה סוי שקדים קרטונ,יח',1.00,יח',false,,11.90,11.9000,true,1,6281450
8410128768355,false,ויוה סוי סויה קלאסי קרטונית ליטר,טמפו משקאות בעמ,,ויוה סוי קרטונית 1 ל,יח',1.00,יח',false,,10.90,10.9000,true,1,6281451
8410128768416,false,ויוה סוי סויה בריסטה קרטונית 1 ל`,טמפו משקאות בע`מ,,ויוה סוי סויה בריסטה,מטרים,1000.00,100 מ'ל,false,,11.90,0.0119,true,1,6396599
8410128783587,false,ויוה סוי שיבולת שועל בריסטה קרטונית,טמפו משקאות בעמ,,ויוה סוי שיבולת שועל,מטרים,1000.00,100 מ'ל,false,,12.90,0.0129,true,1,6479087
8410342004789,false,טוראס-שוקולד מריר 72% ללא סוכר 100 גרם,,,"שוקולד מריר 72% ללת""",גרמים,100.00,100 גרם,false,,14.90,0.1490,true,1,6316149
8410376006070,false,בסקוויט גולון מריה 800 ג',גולון,,ביסקוויט מרי 800ג,גרמים,800.00,100 גרם,false,,11.60,0.0145,true,1,5162867
8410376009392,false,ביסקויט מחיטה מלאה ללא תוספת סוכר גולון 170 גרם,גאלטס גלון סא,ES,גולון- ביסקוויט חיטה מלאה,גרמים,170.00,100 גרם,false,,9.50,0.0559,true,1,827344
8410376010701,false,"ביסקוויט ללת""ס גולון גלטה מריה 400 גר",תות תעשיות מזון (201,ES,גולון-ביסקוויט מרי ללא סו,גרמים,400.00,100 גרם,false,,17.90,0.0447,true,1,827347
8410376017113,false,גולון סיבקוויט סנדוויץ שוקו 500 גר,גולון,,גולון סיבקוויט סנדוו,גרמים,500.00,100 גרם,false,,9.50,0.0190,true,1,5162868
8410376017342,false,גולון-עוגיות שוקו צ'יפס ללא גלוטן 200 ג'1/12,גולון,ES,גולון-עוגיות שוקו צ'יפס ל,גרמים,200.00,100 גרם,false,,16.90,0.0845,true,1,827353
8410376017359,false,עוגיות גולון ללא גלוטן 200 גר,גולון,ES,גולון-עוגיות ללא גלוטן 20,גרמים,200.00,100 גרם,false,,17.90,0.0895,true,1,827354
8410376023831,false,גולון-ביסקוויט ח.מלאה 400 גר' ללא סוכר 1/15,גולון,ES,גולון-ביסקוויט ח.מלאה 400,גרמים,400.00,100 גרם,false,,15.50,0.0388,true,1,827358
8410376024326,false,גולון עוגיות מחיטה מלאה בציפוי שוקולד,,,גולון עוגיות שוקו לל,גרמים,270.00,100 גרם,false,,17.90,0.0663,true,1,6277798
8410376037784,false,גולון ביסקויט סנדויץ שוקו ללא סוכר 250ג,תות תעשיות מזון (201,ES,גולון-ביסקויט סנדביץ שוקו,גרמים,250.00,100 גרם,false,,13.90,0.0556,true,1,847852
8410376037883,false,גוליאן עוגיות שוקו צפס ללא גלוטן 130 ג ו,תות תעשיות מזון (201,ES,גולון-שוקו' ציפס ללא סוכר,גרמים,130.00,100 גרם,false,,10.90,0.0838,true,1,866601
8410376047509,false,גולון ביסקויט ללא תוספת סוכר 400 גרם,גלטס גולון,,גולון טוסטדה ללא סוכ,גרמים,400.00,100 גרם,false,,14.90,0.0373,true,1,5384197
8410376057270,false,גולון-ביסקוויט ללא סוכר עם ש.מריר 150 גר' 1/12,גולון,,"גולון טאבלט ללת""ס",גרמים,150.00,100 גרם,false,,17.90,0.1193,true,1,6277799
8410376059380,false,גולון וופל וניל ללא תוספת סוכר 180 גרם,GULLON,,"וופל גולון ללת""ס וני",גרמים,180.00,100 גרם,false,,14.90,0.0828,true,1,6364977
8410376059397,false,גולון וופל שוקולד ללא תוספת סוכר 180 גרם,GULLON,,"וופל גולון ללת""ס שוק",גרמים,180.00,100 גרם,false,,14.90,0.0828,true,1,6364978
8410376064063,false,"גולון-שוקו רינג ביסקויט ללת""ס 150 גר",,,גולון ללא סוכר שוקו,גרמים,150.00,100 גרם,false,,12.90,0.0860,true,1,6453754
8410376064438,false,"גולון-פינאס ביסקויט שוקו חלב ללת""ס 150ג",,,גולון ללא סוכר פיינס,גרמים,150.00,100 גרם,false,,16.70,0.1113,true,1,6453755
8410436218214,false,סאיוס אולאו אינטנס 7-10 בלונד טבעי,סאיוס syoss,,צבע שיער סאיוס אולאו,יח',1.00,יח',false,,27.90,27.9000,true,1,909223
8410436227698,false,סאיוס אולאו אינטנס 3-10 חום עמוק,סאיוס syoss,,צבע שיער סאיוס אולאו,יח',1.00,יח',false,,27.90,27.9000,true,1,3797649
8410644611203,false,יין קאווה איבריקה לבן יבש Cava Iberica,טמפו משקאות בע`מ,IL,קאווה איבריקה לבן יבש 750,מיליליטרים,750.00,"100 מ""ל",false,,29.90,0.0399,true,1,804305
8410644611210,false,יין קאווה איבריקה לבן חצי יבש Cava Iberica,טמפו משקאות בע`מ,IL,קאווה איבריקה לבן חצי יבש,מיליליטרים,750.00,"100 מ""ל",false,,29.90,0.0399,true,1,804306
8410679030048,false,טבלת שוקולד לבן ללא סוכר טראפה 75ג',,,"טבלת טראפה ללת""ס לבן",גרמים,75.00,100 גרם,false,,8.90,0.1187,true,1,6364954
8410679030079,false,טבלת שוקולד חלב שקד ללא סוכר טראפה 75ג',,,"טבלת טראפה ללת""ס חלב",גרמים,75.00,100 גרם,false,,8.90,0.1187,true,1,6364979
8410679234507,false,"טבלת טו ללת""ס מהודר חלב כשלפ",,,"טבלת טו ללת""ס מהודר",גרמים,80.00,100 גרם,false,,14.90,0.1863,true,1,6364983
8410679234514,false,"טבלת טו ללת""ס מהודר מריר כשלפ",,,"טבלת טו ללת""ס מהודר",גרמים,80.00,100 גרם,false,,14.90,0.1863,true,1,6364984
8411037800037,false,מר בראוני שוקו ציפס 200 גר,,,מר בראוני שוקו ציפס,גרמים,200.00,100 גרם,false,,9.90,0.0495,true,1,6432275
8411037884402,false,מר בראוני שוקו ציפס סוכריות 200 גר,,,מר בראוני שוקו ציפס,גרמים,200.00,100 גרם,false,,9.90,0.0495,true,1,6432276
8411037892308,false,מר בראוני בלונדי שוקו ציפס 200 גר,,,מר בראוני בלונדי שוק,גרמים,200.00,100 גרם,false,,9.90,0.0495,true,1,6432298
8411037892315,false,מר בראוני שוקולד קוקוס 200 גר,,,מר בראוני שוקולד קוק,גרמים,200.00,100 גרם,false,,9.90,0.0495,true,1,6432277
8411320334027,false,אורטיז נתחי טונה צהובה בשמן זית (פחית) 1,אורטיז ORTIZ,,אורטיז נתחי טונה צהו,גרמים,112.00,100 גרם,false,,15.50,0.1384,true,1,6506830
8412300801072,false,"ניוואה קרם רב שימושי 400 מ""ל",אלפא- ב.ד.ף בעמ,,ניוואה קרם רב שימושי,מיליליטרים,400.00,"100 מ""ל",false,,27.90,0.0697,true,1,6301511
8413376024839,false,גבינת עיזים רכה עם עשבי תיבול 29% ויליפוד 110 גרם,ג.וילי-פוד אינטרנשיונל **גבינו,,גבינת עיזים רכה ועשב,גרמים,110.00,100 גרם,false,,10.90,0.0991,true,1,4009411
8420708012822,false,קשקבל צאן ספרדי בשלה 200 גר,מיוצר עי קונדיטוריית,,קשקבל בשלה 200 גר,גרמים,200.00,100 גרם,false,,21.80,0.1090,true,1,4317287
8420708018817,false,גב.מנצ'גו כבשים36% 150גר,האי נאם סי או אל.טי.,,מנצ'גו בשלה 150 גר,גרמים,150.00,100 גרם,false,,24.70,0.1647,true,1,4317290
8420822130624,false,"ספריי סופר מסיר כתמים 750מ""ל יעקבי","יעקב יעקבי ובניו בע""מ",,סופר מסיר כתמים 750מ,מטרים,750.00,100 מ'ל,false,,15.90,0.0212,true,1,6411156
8423207206488,false,סלים דליס חטיף דגנים מצופה שוקולד חלב מרבה 6*20 גרם,אף.סי תבליני בגליל ב,,סלים דליס חטיף דגנים,גרמים,120.00,100 גרם,false,,10.80,0.0900,true,1,814432
8423207206495,false,סלים דליס חטיף דגנים מצופה שוקולד מריר מרבה 6*20 גרם,אף.סי תבליני בגליל ב,,סלים דליס חטיף דגנים,גרמים,120.00,100 גרם,false,,10.80,0.0900,true,1,814433
8423207206501,false,סלים דליס חטיף דגנים עם שוקולד חלב מרבה 6*13 גרם,סלים דליס Slim Delis,,סלים דליס חטיף דגנים,גרמים,13.00,100 גרם,false,,10.80,0.8308,true,1,814434
8423207207362,false,חטיפי סלים דליס שוקולד לבן מרבה 6 יחידות,ביסנצ'ורי אס.אל.יו,,מרבה סלים דליס מצופה,גרמים,120.00,100 גרם,false,,10.80,0.0900,true,1,901540
8423207208260,false,מרבה סלים דליס 125 ג' ללא גלוטן שוקולד חלב,ביסנצ'ורי אס.אל.יו,,מרבה סלים דליס ללא ג,גרמים,78.00,100 גרם,false,,10.80,0.1385,true,1,1061642
8423207208680,false,חטיף דגנים שוקולד סלים דליס לילדים מרבה 6 יחידות,ביסנצ'ורי אס.אל.יו,ES,סלים דליס לילדים שוק,גרמים,78.00,100 גרם,false,,10.80,0.1385,true,1,1116877
8423207208697,false,חטיפי סלים דליס לילדים שוקולד לבן מרבה 6 יחידות,ביסנצ'ורי אס.אל.יו,ES,סלים דליס לילדים שוק,גרמים,78.00,100 גרם,false,,10.80,0.1385,true,1,1116878
8423207208703,false,חטיפי סלים דליס שוקולד מריר מרבה 6 יחידות,ביסנצ'ורי אס.אל.יו,ES,סלים דליס שוקולד מרי,גרמים,120.00,100 גרם,false,,10.80,0.0900,true,1,1116879
8423207208888,false,פריכיות תירס בטעם עגבניות ועשבי תיבול סלים דליס 123 ג',גורי מוצרי צריכה (1991) בעמ,ES,פריכיות תירס עגבניות,גרמים,123.00,100 גרם,false,,8.90,0.0724,true,1,1216776
8423207208895,false,פריכיות תירס בטעם זיתים ועירית סלים דליס 123 ג',גורי מוצרי צריכה (1991) בעמ,ES,פריכיות תירס בטעם זי,גרמים,123.00,100 גרם,false,,8.90,0.0724,true,1,1216777
8423207209885,false,מרבה חטיפי סלים דליס מהדורה מיוחדת שוקולד חלב,סלים דליס Slim Delis,,מרבה סלים דליס שוקול,גרמים,120.00,100 גרם,false,,10.80,0.0900,true,1,3899552
8423207210287,false,חטיפי סלים דליס שוקולד לבן יוגורט 6 יחידות,סלים דליס Slim Delis,,מרבה סלים דליס שוקול,גרמים,120.00,100 גרם,false,,10.80,0.0900,true,1,5085207
8423207210928,false,חטיף דגנים מצופה שוקולד חלב ואגוזי לוז - 5 במארז,נוטרישן אנד סנטה קוב,,סלים דליס טופינג אגו,יח',1.00,יח',false,,10.80,10.8000,true,1,6320687
8423207210942,false,חטיף דגנים מצופה שוקולד לבן ופירות יער,נוטרישן אנד סנטה קוב,,סלים דליס טופינג פיר,יח',1.00,יח',false,,10.80,10.8000,true,1,6320688
8423207210966,false,חטיף רב דגנים מצופה שוקולד לבן קוקוס ולימון,נוטרישן אנד סנטה קוב,,סלים דליס טופינג קוק,יח',1.00,יח',false,,10.80,10.8000,true,1,6320689
8425206000081,false,ריבת חלב מרדל 450 גרם,גורי מוצרי צריכה (1991) בעמ,ES,ריבת חלב מרדל,גרמים,450.00,100 גרם,false,,16.90,0.0376,true,1,902292
8425206000142,false,ריבת חלב מרדל בקבוק לחיץ 370 גרם,גורי מוצרי צריכה 1991 בעמ,,ריבת חלב בקבו' לחיץ,גרמים,370.00,100 גרם,false,,16.90,0.0457,true,1,2466176
8427030005010,false,תרכובת מזון על בסיס חלב A.R מלידה ואילך,אבוט מעבדות רפואיות,ES,SIMILAC SPIT-UP RELIEF 37,גרמים,375.00,100 גרם,false,,44.90,0.1197,true,1,998122
8427030007281,false,סימילאק גולד קומפורט 1 תרכובת מזון על בסיס חלב,שקד תבל בעמ-סימילק,,סימילאק קומפורט שלב,גרמים,820.00,100 גרם,false,,101.80,0.1241,true,1,6324000
8427030007298,false,סימילאק גולד קומפורט 2 תרכובת מזון על בסיס חלב,אבוט לבורטוריס ס.א.,,סימילאק קומפורט שלב,גרמים,820.00,100 גרם,false,,101.80,0.1241,true,1,6324001
8435495805106,false,"ביומט אבקת כביסה בניחוח רענן 5ק""ג",ליימן שליסל בעמ,,אבקת כביסה ביומט 5 ק,קילוגרמים,5.00,"ק""ג",false,,29.90,5.9800,true,1,3861751
8435495805168,false,"תינוקלין לכביסה לעור רגיש אולימפיק 1.25ק""ג",מולינו ניקולי s.p.a,,אבקת כביסה תינוקלין,קילוגרמים,1.25,"ק""ג",false,,21.90,17.5200,true,1,4444470
8435495807605,false,תינוקלין מרכך כביסה היפואלרגני מרוכז 1 ליטר,מולינו ניקולי s.p.a,,תינוקלין מרכך כביסה,יח',1.00,יח',false,,17.70,17.7000,true,1,5266806
8435495807636,false,תינוקלין ג`ל כביסה בייבי סנסטיב היפואל,ליימן שליסל בע`מ,,תינוקלין ג'ל כביסה 2,יח',1.00,יח',false,,29.90,29.9000,true,1,5364475
8435495819363,false,תינוקלין - מרכך כביסה פרש & ג'נטל 1 ליטר,ליימן שליסל בע`מ,,תינוקלין מרכך כביסה,ליטרים,1.00,100 ליטר,false,,17.70,17.7000,true,1,6404399
8445290341587,false,פנסי פיסט פטה דג לבן ועוף 85גר,קבוצת אוסם סחר-שות.מוגבלת,,פנסי פטה דג לבן ועוף,יחידה,0.00,יחידה,false,,5.90,0.0000,true,1,6464536
8445290341617,false,פנסי פיסט פטה עוף וסלמון 85 גרם,קבוצת אוסם סחר-שות.מוגבלת,,פנסי פטה עוף וסלמן 8,יחידה,0.00,יחידה,false,,5.90,0.0000,true,1,6464537
8445290341655,false,פנסי פיסט פטה עוף 85 גרם,קבוצת אוסם סחר-שות.מוגבלת,,פנסי פטה עוף 85 גרם,יחידה,0.00,יחידה,false,,5.90,0.0000,true,1,6464538
8445290427120,false,דגני פיטנס Fitness שוקולד מריר ובננה,קבוצת אוסם סחר שותפות מוגבלת,,פיטנס שוקולד מריר וב,גרמים,330.00,100 גרם,false,,19.90,0.0603,true,1,6481600
8458998771006,false,סיר טיגון חשמלי-ציפסר BENATON BT-7710,ד.ש.ש אלקטרוניקה בעמ`,,סיר טיגון חשמלי-ציפס,יח',1.00,יח',false,,199.90,199.9000,true,1,6441868
8485818700014,false,משקפי ראיה איכותיים,ביג מול בעמ,,משקפי קריאה,יח',1.00,יח',false,,18.90,18.9000,true,1,1071323
8681554607437,false,"סבון ידיים רויאל (500מ""ל) פנינה לבן",,,סבון ידיים רויאל (50,מיליליטרים,500.00,"100 מ""ל",false,,9.90,0.0198,true,1,6354593
8681554607444,false,"סבון ידיים רויאל (500מ""ל) פנינה שחור",,,סבון ידיים רויאל (50,מיליליטרים,500.00,"100 מ""ל",false,,9.90,0.0198,true,1,6354594
8681554607451,false,"סבון ידיים רויאל (500מ""ל) פנינה חום דבש",,,סבון ידיים רויאל (50,מיליליטרים,500.00,"100 מ""ל",false,,9.90,0.0198,true,1,6354595
8681554607468,false,סבון ידיים רויאל כחול,,,סבון ידיים רויאל כחו,מיליליטרים,500.00,"100 מ""ל",false,,9.90,0.0198,true,1,6402563
8681554607482,false,סבון ידיים רויאל אדום,,,סבון ידיים רויאל אדו,מיליליטרים,500.00,"100 מ""ל",false,,9.90,0.0198,true,1,6402565
8681554611502,false,"פיור סבון (500מ""ל) ירוק",,,"פיור סבון (500מ""ל) י",מיליליטרים,500.00,"100 מ""ל",false,,9.90,0.0198,true,1,6354598
8681692200040,false,רקסי בוגר לחתול 1 קג,שחורי אריה ואנסטסיה,,"רקסי בוגר לחתול 1 ק""",יחידה,0.00,יחידה,false,,19.90,0.0000,true,1,6496032
8681692200057,false,מייפוד לחתול מסורס 1 קג,שחורי אריה ואנסטסיה,,מייפוד לחתול מסורס 1,יח',1.00,יח',false,,22.90,22.9000,true,1,6452640
8681863065287,false,saltbae מלח הימלאיה 350 גרם ויליפוד,ג. וילי-פוד אינטרנשיונל בע`מ,,מלח הימלאיה 350 גר,גרמים,350.00,100 גרם,false,,24.70,0.0706,true,1,6452533
8681863065362,false,saltbae מלח ים עם פלפל שחור 350 גרם ויליפוד,ג. וילי-פוד אינטרנשיונל בע`מ,,מלח ים פלפל שחור 350,גרמים,350.00,100 גרם,false,,24.70,0.0706,true,1,6452537
8683130008355,false,מיונז שום לחיץ אמיתי הלמנס 400 גרם,יוניליוור ישראל שיווק בע`מ,,הלמנס מיונז עם שום 4,גרמים,400.00,100 גרם,false,,15.00,0.0375,true,1,6398070
8683130008935,false,"הלמנס קטשיונז 425 גר{הרב רלב""ג}",יוניליוור ישראל שיווק בע`מ,,הלמנס קטשיונז 425 גר,גרמים,425.00,100 גרם,false,,15.00,0.0353,true,1,6417651
8683130025581,false,"מרכך כביסה מרוכז אקסטרה ענבר בדין 960 מ""ל",יוניליוור ישראל שיווק בע`מ,,בדין אקסטרא ענבר 960,מטרים,960.00,100 מ'ל,false,,15.90,0.0166,true,1,6471008
8683323063024,false,יוגטה שטיחים בטעם תותי פרוטי 220 גרם,ליימן שליסל בע`מ,,יוגטה שטיחים תותי פר,גרמים,220.00,100 גרם,false,,5.90,0.0268,true,1,2207305
8686868600068,false,אביזרי שיער סרטים וקשתות,אל האופק שיווק וסחר,,אביזרי שיער,יח',1.00,יח',false,,8.90,8.9000,true,1,827927
8686868600075,false,אביזרי שיער סיכות פפיון גדולות,אל האופק שיווק וסחר,,אביזרי שיער,יח',1.00,יח',false,,9.90,9.9000,true,1,827928
8686868600105,false,אביזרי שיער מברשות ה,אל האופק שיווק וסחר,,אביזרי שיער,יח',1.00,יח',false,,12.90,12.9000,true,1,827931
8686868600129,false,המותג אביזרי שיער,אל האופק שיווק וסחר,,אביזרי שיער,יח',1.00,יח',false,,14.90,14.9000,true,1,827933
8686868600150,false,המותג אביזרי שיער,אל האופק שיווק וסחר,,אביזרי שיער,יח',1.00,יח',false,,17.90,17.9000,true,1,827936
8686868600174,false,המותג אביזרי שיער,אל האופק שיווק וסחר,,אביזרי שיער,יח',1.00,יח',false,,19.90,19.9000,true,1,827937
8686868600235,false,אביזרי מניקור טל טל,אל האופק שיווק וסחר,,אביזרי שיער,יח',1.00,יח',false,,12.90,12.9000,true,1,827943
8690504081937,false,מקוויטיס טינס שוקולד חלב וקפוצינו 150 גר,תה ויסוצקי (ישראל) בעמ,,טינס שוקולד חלב וקפו,גרמים,150.00,100 גרם,false,,9.90,0.0660,true,1,4253060
8690504153740,false,גודייבה שוקולד מריר במילוי קרם גנאש 86 גרם,תה ויסוצקי (ישראל) בעמ,,טבלת שוקולד מריר גנא,גרמים,86.00,100 גרם,false,,13.90,0.1616,true,1,4721223
8690504153849,false,גודייבה שוקולד חלב במילוי קרם בטעם פרלין אגוזים 83 גרם,תה ויסוצקי (ישראל)בעמ,,טבלת שוקולד חלב ואגו,גרמים,86.00,100 גרם,false,,13.90,0.1616,true,1,4721228
8690526009353,false,אי טי אי - מיני חטיף בוטנים נוגט קרמל מצופה שוקולד חלב 140 גרם,"GIDA ETI , טורקיה n\",,מיני חטיף בוטנים נוג,גרמים,126.00,100 גרם,false,,7.90,0.0627,true,1,6288426
8690526019147,false,אי טי אי - וופל במילוי קרם אגוזי לוז 142 גרם,"GIDA ETI , טורקיה n\",,וופל במילוי קרם אגוז,גרמים,142.00,100 גרם,false,,4.90,0.0345,true,1,6288427
8690526019154,false,אי טי אי - וופל קקאו במילוי קרם קקאו 142 גרם,מולינו ניקולי s.p.a,,וופל קקאו במילוי קרם,גרמים,142.00,100 גרם,false,,4.90,0.0345,true,1,6288428
8690526019178,false,אי טי אי - וופל קקאו במילוי קרם קוקוס 142 גרם,מולינו ניקולי s.p.a,,וופל קקאו במילוי קרם,גרמים,142.00,100 גרם,false,,4.90,0.0345,true,1,6288446
8690572775288,false,"גליס מרכך סרום שיקום עמוק 400 מ""ל",שוורצקוף Schwarzkopf,,גליס סרום מרכך 400 מ,מיליליטרים,400.00,"100 מ""ל",false,,12.90,0.0323,true,1,1049660
8690572786222,false,מרכך גליס Gliss לשיער ארוך Supreme Length,שוורצקופף והנקל,,"מרכך גליס 400 מ""ל",מיליליטרים,400.00,"100 מ""ל",false,,12.90,0.0323,true,1,4973644
8690572788851,false,"גליס - שמפו ביו טק 400 מ""ל",שוורצקופף והנקל,,גליס שמפו ביו טק 400,מיליליטרים,400.00,"100 מ""ל",false,,12.00,0.0300,true,1,6257839
8690572788912,false,"גליס - ביו טק מרכך 400 מ""ל",שוורצקופף והנקל,,גליס מרכך ביו טק 400,מיליליטרים,400.00,"100 מ""ל",false,,12.00,0.0300,true,1,6257891
8690572794692,false,"גליס - שמפו לאיזון והזנת הקרקפת 400 מ""ל","הובי קוסמטיק, חברת ייצור",,שמפו גליס 400מל הזנת,מיליליטרים,400.00,"100 מ""ל",false,,12.90,0.0323,true,1,6365021
8690572794715,false,"גליס - מרכך לאיזון והזנת הקרקפת 400 מ""ל","הובי קוסמטיק, חברת ייצור",,מרכך גליס 400מל הזנת,מיליליטרים,400.00,"100 מ""ל",false,,12.90,0.0323,true,1,6365022
8690572799482,false,"סאיוס מרכך לשיער גלי ומתולתל 500 מ""ל","הובי קוסמטיק, אנקרה, תור",,סאיוס מרכך קרטין 500,מיליליטרים,500.00,"100 מ""ל",false,,11.90,0.0238,true,1,6365058
8690572799499,false,"סאיוס - מרכך אולאו 500 מ""ל",הנקל סוד בע`מ,,סאיוס מרכך אולאו 500,מיליליטרים,500.00,"100 מ""ל",false,,11.90,0.0238,true,1,6365023
8690572799505,false,סאיוס מרכך לחיזוק שורשי סיב השערה 500 מל,"הובי קוסמטיק, אנקרה, תור",,סאיוס מרכך לחיזוק שו,מיליליטרים,500.00,"100 מ""ל",false,,11.90,0.0238,true,1,6365059
8690572799529,false,"סאיוס - שמפו קרטין 500 מ""ל","הובי קוסמטיק, אנקרה, תור",,סאיוס שמפו קרטין 500,מיליליטרים,500.00,"100 מ""ל",false,,11.90,0.0238,true,1,6365060
8690572799536,false,"סאיוס שמפו שמני הזנה 500 מ""ל","הובי קוסמטיק, אנקרה, תור",,סאיוס שמפו אולאו 500,מיליליטרים,500.00,"100 מ""ל",false,,11.90,0.0238,true,1,6365061
8690572799543,false,"סאיוס שמפו לחיזוק שורשי סיב השערה 500 מ""ל","הובי קוסמטיק, אנקרה, תור",,סאיוס שמפו לחיזוק הש,מיליליטרים,500.00,"100 מ""ל",false,,11.90,0.0238,true,1,6365062
8690637073434,false,תה ארל גריי בטעם ברגמוט ללא שקית100ש,"יוניליוור ישראל שיווק בע""מ",,ליפטון ארל גריי 100,גרמים,200.00,100 גרם,false,,19.90,0.0995,true,1,809147
8690637503856,false,ממרח הלמנס כ- 40% פחות שומן לעומת מיונז,יוניליוור ישראל שיווק בע`מ,,הלמנס ממרח לחיץ לייט,גרמים,355.00,100 גרם,false,,15.00,0.0423,true,1,6348989
8690637504426,false,"קרם ניקוי סיף בניחוח לימון 500 מ""ל",יוניליוור ישראל שיווק בע`מ,,פנטסטיק סיף קרם ניקו,מטרים,500.00,100 מ'ל,false,,10.90,0.0218,true,1,6411154
8690637505607,false,מרכך כביסה מרוכז בדין אקסטרה בניחוח פינוק כחול,יוניליוור ישראל שיווק בע`מ,,בדין אקסטרא בניחוח פ,מטרים,960.00,100 מ'ל,false,,15.90,0.0166,true,1,6387995
8690637506956,false,"דאב שמפו נגד קשקשים אלוורה 600 מ""ל","יוניליוור ישראל שיווק בע""מ",,דאב שמפו למניעת קשקש,מטרים,600.00,100 מ'ל,false,,15.90,0.0265,true,1,6482550
8690637555084,false,"מרכך כביסה מרוכז אקסטרה פריחת התפוז בדין 960 מ""ל","יוניליוור ישראל שיווק בע""מ",,בדין אקסטרא מרוכז תפ,מיליליטרים,960.00,"100 מ""ל",false,,15.90,0.0166,true,1,809165
8690637688195,false,"תה ירוק קלאסי ליפטון 20 יחידות בד""צ",יוניליוור ישראל שיווק בע`מ,,ליפטון תה ירוק קלאסי,גרמים,30.00,100 גרם,false,,16.90,0.5633,true,1,948975
8690637704277,false,"שמפו ומרכך לשיער רגיל 600 מ""ל דאב","יוניליוור ישראל שיווק בע""מ",,דאב שמפו יום יומי 2,מיליליטרים,600.00,"100 מ""ל",false,,16.90,0.0282,true,1,994488
8690637704291,false,שמפו לשיקום אינטנסיבי לשיער פגום,"יוניליוור ישראל שיווק בע""מ",,"דאב שמפו משקם 600 מ""",מיליליטרים,600.00,"100 מ""ל",false,,16.90,0.0282,true,1,994489
8690637704390,false,"מרכך שיער לטיפוח יום יומי דאב 600 מ""ל","יוניליוור ישראל שיווק בע""מ",,דאב מרכך יום יומי 60,מיליליטרים,600.00,"100 מ""ל",false,,16.90,0.0282,true,1,994491
8690637704413,false,מרכך לשיקום אינטנסיבי לשיער פגום,"יוניליוור ישראל שיווק בע""מ",,"דאב מרכך משקם 600 מ""",מיליליטרים,600.00,"100 מ""ל",false,,16.90,0.0282,true,1,994492
8690637704437,false,שמפו עם שמני הזנה לטיפוח לשיער יבש,"יוניליוור ישראל שיווק בע""מ",,דאב שמפו שמני הזנה 6,מיליליטרים,600.00,"100 מ""ל",false,,16.90,0.0282,true,1,994493
8690637704451,false,מרכך עם שמני הזנה לטיפוח לשיער יבש,"יוניליוור ישראל שיווק בע""מ",,דאב מרכך שמני הזנה 6,מיליליטרים,600.00,"100 מ""ל",false,,16.90,0.0282,true,1,994494
8690637799594,false,תה ירוק ליפטון נענע בסגנון מרוקאי 20יח',"יוניליוור ישראל שיווק בע""מ",,ליפטון תה ירוק נענע,יח',1.00,יח',false,,16.90,16.9000,true,1,1550124
8690637835643,false,"תה ירוק לימונית ולאויזה 30 גרם ""ליפטון""","יוניליוור ישראל שיווק בע""מ",,ליפטון תה ירוק לימונ,יח',1.00,יח',false,,16.90,16.9000,true,1,3268244
8690637842399,false,מאגדת מגנום מיני דאבל פרי יער שוקולד 6 יח' נסטלה,יוניליוור סנאי וי סי,,מיני מגנום דאבל פירו,גרמים,47.00,100 גרם,false,,24.90,0.5298,true,1,4174939
8690637858734,false,ג'ל לניקוי כללי בתוספת אקונומיקה בניחוח לימון,"יוניליוור ישראל שיווק בע""מ",,סיף ג'ל אקונומיקה לי,מיליליטרים,750.00,"100 מ""ל",false,,9.90,0.0132,true,1,4929734
8690637866654,false,תה ירוק קלאסי בדצ 50 מעטפות ללא קפאין,יוניליוור ישראל שיווק בע`מ,,ליפטון תה ירוק 50 יח,יח',1.00,יח',false,,24.90,24.9000,true,1,5113138
8690637871047,false,דאב שמפו בתוספת שמן קוקוס וכורכום 600 מל,"יוניליוור ישראל שיווק בע""מ",,דאב שמפו קוקוס וכורכ,מיליליטרים,600.00,"100 מ""ל",false,,16.90,0.0282,true,1,5085057
8690637871061,false,"דאב שמפו עם שמן אבוקדו ותמצית קלנדולה 600 מ""ל",יוניליוור ישראל שיווק בע`מ,,דאב שמפו אבוקדו 600,מיליליטרים,600.00,"100 מ""ל",false,,16.90,0.0282,true,1,5085058
8690637890666,false,מאגדת מגנום מיני דאבל פיסטוק 6 יח' שטראוס,יוניליוור סנאיי וי ט,,מגנום דאבל פיסטוק מא,גרמים,282.00,100 גרם,false,,24.90,0.0883,true,1,5482514
8690637916977,false,מרכך עם שמן קוקוס וכורכום למראה שיער משוקם,יוניליוור ישראל שיווק בעמ,,דאב מרכך שמן קוקוס 6,יח',1.00,יח',false,,16.90,16.9000,true,1,5764102
8690637946301,false,"בדין - מרכך כביסה אקסטרא בייביי כחול 960 מ""ל","יוניליוור ישראל שיווק בע""מ",,בדין אקסטרה בייבי כח,מיליליטרים,960.00,"100 מ""ל",false,,15.90,0.0166,true,1,6286182
8690637946318,false,"מרכך כביסה בדין מרוכז אקסטרה בייבי טלק 960 מ""ל",יוניליוור ישראל שיווק בע`מ,,בדין אקסטרא צהוב ביי,יח',1.00,יח',false,,15.90,15.9000,true,1,6299635
8690637971310,false,"מרכך כביסה מרוכז אקסטרה בניחוח יערת הדבש בדין 960 מ""ל",יוניליוור ישראל שיווק בע`מ,,בדין אקסטרה ניחוח יע,יח',1.00,יח',false,,15.90,15.9000,true,1,6336643
8690637976995,false,"מרכך כביסה מרוכז אקסטרה ורוד סחלבים פראי בדין 960 מ""ל","יוניליוור ישראל שיווק בע""מ",,בדין אקסטרה ורוד ניח,יח',1.00,יח',false,,15.90,15.9000,true,1,6336692
8690637989612,false,שלגון שמנת בטעם וניל עם ריפל בטעם שוקולד 246 גרם,יונילוור סנאיי וי טיג'\,,מגנום מיני דולצ'ה גו,גרמים,282.00,100 גרם,false,,24.90,0.0883,true,1,6367923
8690637994029,false,מרכך כביסה אקסטרה בניחוח סחלבים פראי,"יוניליוור ישראל שיווק בע""מ",,בדין אקסטרה כחול ניח,ליטרים,1.44,ליטר,false,,21.90,15.2083,true,1,6357779
8690637994036,false,בדין אקסטרא יסמין אריזה גדולה 1.44 ליטר,"יוניליוור ישראלשיווק בע""מ",,בדין אקסטרה כחול ניח,ליטרים,1.44,ליטר,false,,21.90,15.2083,true,1,6357780
8690710009428,false,חלבה וניל 200 גר',,,חלווה 200 גר,גרמים,250.00,100 גרם,false,,8.90,0.0356,true,1,6453782
8690710009435,false,חלבה קקאו 200 גרם,,,חלבה שוקו 200 גר,גרמים,200.00,100 גרם,false,,8.90,0.0445,true,1,6409911
8690710137428,false,לוקום מעורב 250 גרם,,,רחת לוקום 250 גר,גרמים,250.00,100 גרם,false,,14.90,0.0596,true,1,6453783
8690710137800,false,"רחת לוקום רוז, 250 גרם",,,רחת לוקום 250 גר,גרמים,250.00,100 גרם,false,,19.90,0.0796,true,1,6448583
8690710138685,false,מיקס חלקומים מקומחים 125 גר,,,מיקס חלקומים מקומחים,גרמים,125.00,100 גרם,false,,8.90,0.0712,true,1,6426202
8690710141975,false,רחת לוקום שדה 250 גר,,,רחת לוקום שדה 250 גר,גרמים,250.00,100 גרם,false,,11.90,0.0476,true,1,6409916
8690766156367,false,טבלת שוקולד חלב מעולה 90 גר` גודייבה,תה ויסוצקי (ישראל) בעמ,,גודייבה שוקולד חלב מ,גרמים,90.00,100 גרם,false,,14.90,0.1656,true,1,6217731
8690766156374,false,גודייבה שוקולד מריר מעולה 72% מוצקי קקאו 72גרם,תה ויסוצקי (ישראל) בעמ,,גודייבה שוקולד מריר,גרמים,90.00,100 גרם,false,,14.90,0.1656,true,1,6217732
8690766156381,false,גודייבה שוקולד מריר 90% מוצקי קקאו 90 גרם,תה ויסוצקי (ישראל) בעמ,,גודייבה שוקולד מריר,גרמים,90.00,100 גרם,false,,14.90,0.1656,true,1,6217733
8690766156398,false,"שוקולד חלב מעולה בתוספת שברי שקדים קלויים,דבש ומלח 90 גרם","אולקר מקבוצת פלאדיס, ציק",,גודייבה שוקולד חלב ו,גרמים,90.00,100 גרם,false,,14.90,0.1656,true,1,6217734
8690766156404,false,שוקולד מריר מעולה גודייבה תפוז אדום 90 גרם,תה ויסוצקי (ישראל) בעמ,,גודייבה שוקולד מריר,גרמים,90.00,100 גרם,false,,15.90,0.1767,true,1,6217735
8690777203012,false,פלפלים ירוקים כבושים לא חריפים סרה ויליפוד 600 גרם,ג. וילי-פוד אינטרנשיונל בע`מ,,פלפלים ירוקים כבושים,גרמים,600.00,100 גרם,false,,12.90,0.0215,true,1,813530
8690777221405,false,פלפל אדום קלוי על האש 650 גר` ויליפוד,ג. וילי-פוד אינטרנשיונל בע`מ,,פלפלים אדומים קלויים,גרמים,400.00,100 גרם,false,,12.90,0.0323,true,1,813535
8690784516440,false,דאק נוזל לניקוי מתקדם בניחוח לבנדה בודד 750מל,"אס.סי.ג'\ונסון מידרכט, ה",,דאק ג'ל נוזל לבנדר-ח,מיליליטרים,750.00,"100 מ""ל",false,,8.90,0.0119,true,1,3533464
8692255778838,false,משקפי ראיה מעוצבות,ד.ג.ש ייבוא ושיווק בעמ,,משקפי ראיה מעוצבות,יח',1.00,יח',false,,12.90,12.9000,true,1,6471442
8693323099107,false,מרשמלו לבבות בטעם תות ווניל,ליימן שליסל בעמ,,יוגטה מרשמלו לבבות 1,גרמים,150.00,100 גרם,false,,6.80,0.0453,true,1,3634796
8693374263564,false,אורז לבן ארוך בסמטי הר הכרמל,"יאילה בע""מ",,אורז לבן ארוך בסמטי,קילוגרמים,1.00,"ק""ג",false,,6.90,6.9000,true,1,6419491
8693374264042,false,"אורז בסמטי 5 ק""ג",,,"אורז בסמטי 5 ק""ג",קילוגרמים,5.00,"10 ק""ג",false,,29.90,5.9800,true,1,6406279
8693495037853,false,זוג מברשות שיניים קולגייט סלים סופט זהב,הנסיך- מפעל לייצור ט,,מברשת שיניים סלים סו,2 יח',1.00,2 יח',false,,19.90,19.9000,true,1,848933
8693495041461,false,קולגייט זוג מברשות שיניים סלים סופט פחם,הנסיך- מפעל לייצור ט,,מברשת קולגייט סלים ס,2 יח',1.00,2 יח',false,,19.90,19.9000,true,1,940478
8693495051002,false,מברשת שיניים לילדים מיניונים קולגייט 6+,קולגייט פלמוליב,,קולגייט מברשת ילדים,יח',1.00,יח',false,,9.90,9.9000,true,1,3190180
8693495052177,false,פלמוליב נטורלס תחליב רחצה זיתים 750 מל,קולגייט פלמוליב,,פלמוליב זיתים 750 מל,מיליליטרים,750.00,"100 מ""ל",false,,19.90,0.0265,true,1,3899553
8693495052931,false,זוג מברשות שיניים אדוונסט 360 לניקוי כל חלל הפה,קולגייט פלמוליב,,קולגייט זוג מברשות 3,יח',1.00,יח',false,,29.80,29.8000,true,1,5744404
8693495054034,false,פלמוליב ס.נוזלי לומינוס אבוקדו 750 משאבה,קולגייט פלמוליב,,פלמוליב סבון לומינוס,מיליליטרים,750.00,"100 מ""ל",false,,19.90,0.0265,true,1,6409655
8693495054058,false,סבון נוזלי פלמוליב לומינוס עם תמציות שמן מקדמיה,קולגייט פלמוליב,,פלמוליב סבון לומינוס,מיליליטרים,750.00,"100 מ""ל",false,,19.90,0.0265,true,1,6409656
8693807230101,false,טוסטר ופל בלגי SINBO SSM2517 W,,,טוסטר ופל בלגי SINBO,יח',1.00,יח',false,,139.90,139.9000,true,1,6367529
8694686406083,false,בונאסיבו גוריםעוף 2קג,שחורי אריה ואנסטסיה,,בונאסיבו גורים עוף 2,גרמים,2000.00,100 גרם,false,,49.90,0.0249,true,1,6404426
8697826469092,false,טורטיה קטנה שקדיה 540 גרם 12 יחידות,דין שיווק וקליה 2021 בעמ,,טורטיות קטנה 8 יח 54,גרמים,540.00,100 גרם,false,,9.90,0.0183,true,1,870854
8697924596508,false,חיתולים בייבי סופרים ניו בייבי רמילוי,,,חיתולים בייבי סופרים,יח',1.00,יח',false,,19.90,19.9000,true,1,6319619
8698782712567,false,"מגב חד להב 45 ס""מ יח",ד.ג.ש ייבוא ושיווק בעמ,,מגב חד להב,יח',1.00,יח',false,,19.90,19.9000,true,1,5951270
8698996003413,false,מגבות נייר 9ב1 רמילוי,,,מגבות נייר 9ב1 רמילו,יח',1.00,יח',false,,13.90,13.9000,true,1,6518319
8698996006483,false,ממחטות אף דו שכבתיות רמילוי,,,ממחטות אף דו שכבתיות,יח',1.00,יח',false,,18.90,18.9000,true,1,6364273
8698996006490,false,מגבות נייר 9ב1 רמילוי,,,מגבות נייר 9ב1 רמילו,יח',1.00,יח',false,,13.90,13.9000,true,1,6364552
8699250030404,false,"זיתים שחורים יבשים במלח 1.5 ק""ג",מסטוי גידה איבס,,זית שחור יבש 1.5 קג,גרמים,1500.00,100 גרם,false,,29.90,0.0199,true,1,3489125
8710428005762,false,תרכובת מזון לתינוקות על בסיס חלבון סויה איזומיל טף שלב 2,"אבוט מעבדות רפואיות בע""מ",ES,SIMILAC ISOMIL TAF NG 400,גרמים,400.00,100 גרם,false,,39.80,0.0995,true,1,866763
8710428016348,false,אבקת משקה להשלמה תזונתית וניל 400 ג' פדיאשור,אבוט מעבדות רפואיות,,סימילאק פדיאשור וניל,גרמים,400.00,100 גרם,false,,39.80,0.0995,true,1,6323378
8710428017000,false,פדיאשור השלמה תזונתית בטעם וניל 850 גרם,שקד תבל בעמ-סימילק,,סימילאק פדיאשור וניל,גרמים,850.00,100 גרם,false,,79.80,0.0939,true,1,6323379
8710428017024,false,פדיאשור השלמה תזונתית בטעם שוקולד 850 גר,שקד תבל בעמ-סימילק,,סימילאק פדיאשור שוקו,גרמים,850.00,100 גרם,false,,79.80,0.0939,true,1,6325264
8710447275306,false,דאב קרם ידיים שמן אבוקדו ותמצית קלנדולה,יוניליוור ישראל שיווק בעמ,,דאב קרם ידיים שמן אב,יח',1.00,יח',false,,8.90,8.9000,true,1,5525761
8710447275313,false,דאב קרם ידיים שמן קוקוס וחלב שקדים,יוניליוור ישראל שיווק בעמ,,דאב קרם ידיים שמן קו,יח',1.00,יח',false,,8.90,8.9000,true,1,5525762
8710447284117,false,"ג'ל רחצה אקס בלאק 400 מ""ל",יוניליוור ישראל שיווק בע`מ,,אקס גל רחצה בלאק 400,מיליליטרים,400.00,"100 מ""ל",false,,9.90,0.0248,true,1,4521960
8710502060021,false,מרבה פטיסרי עוגיות מאפין רכות 210 גרם,ש. שסטוביץ בע`מ,,מרבה פטיסרי מאפין רכ,גרמים,230.00,100 גרם,false,,8.90,0.0387,true,1,6456334
8710502064814,false,עוגיות מרבה שוקולד ציפס במרקם רך 175 גר,בנקטבקריי מרבה בי.וי,,עוגיית שוקולד ציפס ב,גרמים,175.00,100 גרם,false,,9.80,0.0560,true,1,1040712
8710502100864,false,מרבה פטיסרי עוגיות דאבל שוקולד 200 גרם,ש.שסטוביץ בעמ,,מרבה פטיסרי עוגיות ד,גרמים,220.00,100 גרם,false,,8.90,0.0405,true,1,6456335
8710502139017,false,עוגיות טריפל שוקולד צ`יפס מרבה (180 גרם),בנקטבקריי מרבה בי.וי,,עוגיות טריפל שוקולד,גרמים,180.00,100 גרם,false,,9.80,0.0544,true,1,814439
8710502194801,false,"עוגיות שוקלד ציפס רכה פירות יער ""מרבה"" 175 גרם",בנקטבקריי מרבה בי.וי,,מרבה עוגיות שוקולד צ,גרמים,175.00,100 גרם,false,,9.80,0.0560,true,1,1615529
8710502194825,false,מרבה - עוגיות שוקוצ'יפס כשר למהדרין 150 גרם,ש.שסטוביץ בעמ,,מרבה עוגיות שוקולדצי,גרמים,150.00,100 גרם,false,,4.90,0.0327,true,1,1020106
8710502279003,false,עוגיות שוקולד צ'יפס מצופות 49% 180 ג' מרבה פטיסרי,ש.שסטוביץ בעמ,,מרבה פטיסרי עוגיות ש,גרמים,220.00,100 גרם,false,,8.90,0.0405,true,1,6456336
8710502279010,false,מרבה עוגיות שוקולד צ'יפס מצופות שוקולד 175 גרם,"י.מרבה ישראל בע""מ",,מרבה עוגיות שוקולד צ,גרמים,175.00,100 גרם,false,,9.80,0.0560,true,1,6349344
8710502285509,false,מרבה - עוגיות לימון ושוקולד צ'יפס במרקם רך 175 גרם,בנקטבקריי מרבה בי.וי,,מרבה עוגיות לימון וש,גרמים,175.00,100 גרם,false,,9.80,0.0560,true,1,6400669
8710502405204,false,עוגיות שוקולד צ'יפס עם קרם שוקולד מרבה 175 גרם,קריניציה ויטמינה אס,,עוגיות שוקולד צ'יפס,גרמים,175.00,100 גרם,false,,9.80,0.0560,true,1,814444
8710502470028,false,עוגיות שוקולד צ'יפס ממולאות בקרם נוגט,קריניציה ויטמינה אס,,עוגיות נוגטלי מרבה 1,גרמים,160.00,100 גרם,false,,9.80,0.0613,true,1,814445
8710502470035,false,עוגיות נוגטלי במילוי קרם אגוזים 200 ג' מרבה פטיסרי,ש. שסטוביץ בע`מ,,מרבה פטיסרי עוגיות ב,גרמים,220.00,100 גרם,false,,8.90,0.0405,true,1,6456337
8710800027573,false,סוכריות מיני בטעם פירות מנטוס 178 גרם,פרפטי ואן מלה ברדה,,סוכריות מיני בטעם פי,גרמים,178.00,100 גרם,false,,12.30,0.0691,true,1,814853
8710800961310,false,סוכריות בטעם תות מנטוס 4*375 גרם,פרפטי ואן מלה ברדה,,סוכריות בטעם תות מנט,גרמים,150.00,100 גרם,false,,10.70,0.0713,true,1,814854
8710847942679,false,טרזמה שמפו לשיער יבש בתוספת שמן המפ,"יוניליוור ישראלשיווק בע""מ",,טרזמה שמפו שמן הביסק,מטרים,400.00,100 מ'ל,false,,14.90,0.0373,true,1,6387997
8710908693809,false,"TRESSEMME מסיכה טיפולית עם קרטין 300מ""ל",יוניליוור ישראל שיווק בעמ,,טרזמה מסכה לשיער עם,מיליליטרים,300.00,"100 מ""ל",false,,29.90,0.0997,true,1,4240269
8711000362631,false,קפסולות קפה תואמות נספרסו אוניקס 12 ל'אור 10 יחידות,דיפלומט מפיצים (1968) בעמ**,,לור קפסולות קפה אספר,גרמים,52.00,100 גרם,false,,16.80,0.3231,true,1,5088070
8711000371176,false,ג'ייקובס קפסולות קפה אספרסו קלאסיקו עוצמה 7,ג'ייקובס דאו אגברטס צרפת,,ג'ייקובס קפסולות קפה,גרמים,52.00,100 גרם,false,,14.80,0.2846,true,1,5266802
8711000371206,false,ג'ייקובס קפסולות קפה אספרסו ריסטרטו עוצמה 12,ג'ייקובס דאו אגברטס צרפת,,ג'ייקובס קפסולות קפה,גרמים,52.00,100 גרם,false,,14.80,0.2846,true,1,5266804
8711000371244,false,"ג'ייקובס קפסולות אספרסו (8) 10 יח', 52ג' לונגו",דיפלומט מפיצים (1968) בעמ**,,ג'ייקובס קפסולות אספ,יח',1.00,יח',false,,14.80,14.8000,true,1,6193935
8711000471296,false,קפסולות קפה תואמות נספרסו אולטימו 13 ל'אור 10 יחידות,ג'\ייקובס דאו אגרבטס צרפ,,לור קפסולות אספרסו א,יח',1.00,יח',false,,16.80,16.8000,true,1,6293885
8711000481936,false,לור קפסולות קפה אורגני 9,ג'ייקובס דאו אגברטס צרפת,,לור קפסולות קפה אורג,יח',10.00,יח',false,,16.80,1.6800,true,1,6385972
8711000495933,false,גייקובס בריסטה קפסול,JDE,,ג'ייקובס בריסטה קפסו,גרמים,52.00,100 גרם,false,,16.80,0.3231,true,1,6504511
8711327475618,false,מגנום פיינט וניל קלאסיק 260 גר`,"מפעל גלידות בווספרם, רחו",,מגנום פיינט וניל קלא,גרמים,325.00,100 גרם,false,,19.90,0.0612,true,1,6348910
8711327475717,false,מגנום פיינט וניל שקדים 260 גרם,"מפעל גלידות בווספרם, רחו",,מגנום פיינט וניל שקד,גרמים,325.00,100 גרם,false,,19.90,0.0612,true,1,6348912
8711327475762,false,מגנום פיינט שוקולד לבן עוגיות 260 גרם,"מפעל גלידות בווספרם, רחו",,מגנום פיינט שוקולד ל,גרמים,325.00,100 גרם,false,,19.90,0.0612,true,1,6348913
8711700665834,false,סבון מוצק Beauty cream bar בניחוח מלפפון ותה ירוק - מארז שישיה,יוניליוור ישראל שיווק בעמ,,סבון מוצק דאב ירוק 6,גרמים,600.00,100 גרם,false,,17.90,0.0298,true,1,809186
8712000051099,false,"שישיית בירה היינקן 0% אלכוהל בקבוק 330 מ""ל","מבשלת היינקן, ריטבלדנברג",,היינקן מארז שישייה 0,ליטרים,1.98,ליטר,false,,29.90,15.1010,true,1,5663141
8712400802499,false,תרכובת מזון המשך לפעוטות על בסיס חלב שלב 1,דיפלומט מפיצים (1968) בעמ**,NL,נוטרילון 1- 800 גרם,גרמים,800.00,100 גרם,false,,59.90,0.0749,true,1,814448
8712400802512,false,תרכובת מזון המשך לפעוטות על בסיס חלב שלב 2,דיפלומט מפיצים (1968) בעמ**,NL,נוטרילון 2- 800 גרם,גרמים,800.00,100 גרם,false,,59.90,0.0749,true,1,814450
8712400802536,false,תרכובת מזון המשך לפעוטות על בסיס חלב שלב 3,דיפלומט מפיצים (1968) בעמ**,NL,נוטרילון 3- 800 גרם,גרמים,800.00,100 גרם,false,,59.90,0.0749,true,1,814452
8712561594608,false,"דאב תחליב רחיצה להזנה עמוקה 750 מ""ל",יוניליוור ישראל שיווק בע`מ,,דאב תחליב רחצה 750 מ,מיליליטרים,750.00,"100 מ""ל",false,,15.90,0.0212,true,1,1050074
8712561611411,false,"תחליב רחצה בניחוח מלפפון ותה ירוק דאב 750 מ""ל",יוניליוור ישראל שיווק בע`מ,,דאב תחליב רחצה 750 מ,מיליליטרים,750.00,"100 מ""ל",false,,15.90,0.0212,true,1,1050075
8712561631570,false,"תחליב רחצה קוקוס ויסמין דאב 750 מ""ל","יוניליוור ישראל שיווק בע""מ",,דאב תחליב רחצה 750 מ,מיליליטרים,750.00,"100 מ""ל",false,,15.90,0.0212,true,1,1050077
8714599410806,false,ג'ייקובס קרוננג מיובש בהקפאה 160 גרם סגירה חוזרת,דיפלומט מפיצים (1968) בעמ**,,גייקובס קרוננג שקית,יח',1.00,יח',false,,17.90,17.9000,true,1,5463758
8714599513781,false,"קפה נמס מיובש בהקפאה זהב צנצנת ג'ייקובס 200 גרם לל""ס",דיפלומט מפיצים (1968) בעמ**,DE,ג'יקובס קרנט זהב 200 גרם,גרמים,200.00,100 גרם,false,,24.90,0.1245,true,1,1137072
8714599513835,false,גי'קובס קרונונג נייט אנד דיי - נטול קופיאין,דיפלומט מפיצים (1968) בעמ**,DE,ג'יקובס קרוננג נייט אנד ד,גרמים,200.00,100 גרם,false,,32.90,0.1645,true,1,1584733
8714599513866,false,"קפה נמס מיובש בהקפאה קרונג צנצנת ג'ייקובס 200 גרם לל""ס",דיפלומט מפיצים (1968) בעמ**,DE,ג'יקובס קרונונג 200 גרם,גרמים,200.00,100 גרם,false,,24.90,0.1245,true,1,1137073
8714789177229,false,רבעיית מברשות שיניים קולגייט אקסטרה קלין 1 יחידה,הנסיך- מפעל לייצור ט,,מברשת שיניים אקסטרה,יח',4.00,יח',false,,9.90,2.4750,true,1,805173
8714789218465,false,מברשת שיניים 360 סופט קולגייט 2 יחידות,הנסיך- מפעל לייצור ט,,מברשת שיניים 360 סופ,יח',2.00,יח',false,,24.90,12.4500,true,1,805178
8714789303925,false,מברשת שיניים 360 סנסטיב רכה במיוחד קולגייט 2 יחידות,קולגייט- פלמוליב,,מברשת שיניים 360 סנס,יח',2.00,יח',false,,24.90,12.4500,true,1,805185
8714789402918,false,נוזל לניקוי כללי ורצפות בניחוח פרחי בר אג'קס 1.5 ליטר,הנסיך- מפעל לייצור ט,,נוזל לניקוי כללי ורצ,ליטרים,1.50,ליטר,false,,19.90,13.2667,true,1,805191
8714789402932,false,נוזל לניקוי כללי ורצפות בניחוח ורדי בוקר אג'קס 1.5 ליטר,הנסיך- מפעל לייצור ט,,נוזל לניקוי כללי ורצ,ליטרים,1.50,ליטר,false,,19.90,13.2667,true,1,805192
8714789402970,false,נוזל לניקוי כללי ורצפות בניחוח פרחי אביב אגק'ס 1.5 ליטר,הנסיך- מפעל לייצור ט,,נוזל לניקוי כללי ורצ,ליטרים,1.50,ליטר,false,,19.90,13.2667,true,1,805193
8714789450315,false,פלמוליב כלים שקוף לימון 1.5 ליטר,הנסיך- מפעל לייצור ט,,פלמוליב שקוף לימון 1,ליטרים,1.50,ליטר,false,,15.90,10.6000,true,1,805195
8714789529561,false,"משחת שיניים סנסטיב פרו ריליף להלבנה קולגייט 75 מ""ל",קולגייט פלמוליב,,משחת שיניים סנסטיב פ,מטרים,75.00,100 מ'ל,false,,21.90,0.2920,true,1,805208
8714789582764,false,אג'קס ספריי לניקוי חלונות ומשטחים,הנסיך- מפעל לייצור ט,,"אגקס טריגרם 750 מ""ל",מיליליטרים,750.00,"100 מ""ל",false,,14.90,0.0199,true,1,959338
8714789740058,false,מברשת שיניים טוויסטר סופט קולגייט 2 יחידות,הנסיך- מפעל לייצור ט,,מברשת שיניים טוויסטר,יח',2.00,יח',false,,17.90,8.9500,true,1,805219
8714789797786,false,"פלמוליב נוזל לניקוי כלים גריז בלסטר 750 מ""ל",יבואן ומשווק: ש. שסט,,פלמוליב נוזל לניקוי,מיליליטרים,750.00,"100 מ""ל",false,,11.90,0.0159,true,1,805222
8714789831275,false,מברשת שיניים 360 אופטיק ווייט קולגייט 2 יחידות,קולגייט-פלמוליב,,מברשת שיניים 360 אופ,יח',2.00,יח',false,,24.90,12.4500,true,1,833224
8714789834467,false,פלמוליב נוזל לניקוי כלים קלאסי 1.5 ליטר,קולגייט-פלמוליב,,פלמוליב נוזל לניקוי,ליטרים,1.50,ליטר,false,,15.90,10.6000,true,1,833225
8714789930848,false,"משחת שיניים אופטיק וייט הלבנה מיידית קולגייט 75 מ""ל",איינשטיין-צור יבוא-יצוא וסחר ב,,משחת שיניים אופטיק ו,מטרים,75.00,100 מ'ל,false,,14.90,0.1987,true,1,948278
8715300238306,false,חמאה הולנדית ללא מלח 200 גרם,בני ג`ורג` שוקחה (חיפה) בעמ,,פריקו חמאה ללא מלח 2,גרמים,200.00,100 גרם,false,,12.70,0.0635,true,1,6489899
8715700110141,false,מיונז קרמי היינץ צנצנת 460ג',דיפלומט מפיצים (1968) בעמ**,,ממרח היינץ צנצנת 460,גרמים,460.00,100 גרם,false,,9.90,0.0215,true,1,3493187
8715700110158,false,היינץ ממרח במרקם קרמי צנצנת 490 גרם,דיפלומט מפיצים (1968) בעמ**,,ממרח לייט היינץ 490,גרמים,490.00,100 גרם,false,,9.90,0.0202,true,1,3493188
8715700115641,false,ממרח מיונז לחיץ לייט במרקם קרמי 420 ג' היינץ,דיפלומט מפיצים (1968) בעמ**,,היינץ ממרח קרמי 420,גרמים,420.00,100 גרם,false,,14.90,0.0355,true,1,3030032
8715700117805,false,"קטשופ היינץ מתבל עגבניות ללא תוספת סוכר ומלח 425 מ""ל",דיפלומט מפיצים (1968) בעמ**,,היינץ מתבל עגבניות ל,גרמים,425.00,100 גרם,false,,9.90,0.0233,true,1,6269560
8715700120874,false,מתבל עגבניות היינץ בתוספת שום,דיפלומט מפיצים (1968) בעמ**,,היינץ קטשופ שום 460,גרמים,460.00,100 גרם,false,,9.90,0.0215,true,1,6391434
8715700419718,false,מתבל עגבניות היינץ 910 גרם,ה.י. היינץ,NL,קטשופ היינץ 910 גרם,גרמים,910.00,100 גרם,false,,11.90,0.0131,true,1,1026927
8715700423906,false,היינץ מתבל עגבניות מופחת סוכר ומלח 50/50 550 גרם,דיפלומט מפיצים (1968) בעמ**,,היינץ מתבל עגבניות 5,גרמים,555.00,100 גרם,false,,9.90,0.0178,true,1,4009067
8717163628812,false,מסכה טרזמה ללא סולפטים להחלקה ולצביעה300,"יוניליוור ישראלשיווק בע""מ",,טרזמה מסכה להחלקה וצ,מיליליטרים,300.00,"100 מ""ל",false,,29.90,0.0997,true,1,6301809
8717163647240,false,"אקס דאודורנט ספריי גוף לגבר שוקולד 150 מ""ל",יוניליוור ישראל שיווק בע`מ,,אקס דאו ספריי* שוקול,מיליליטרים,150.00,"100 מ""ל",false,,9.90,0.0660,true,1,5488780
8717163655764,false,"רקסונה - דאודורנט ספריי לאישה שוואר פרש 150 מ""ל",יוניליוור ישראל שיווק בעמ,,רקסונה דאודורנט ספרי,מיליליטרים,150.00,"100 מ""ל",false,,9.90,0.0660,true,1,6173396
8717163655825,false,"רקסונה דאו' ספריי לנשים בניחוח כותנה, 150 מ""ל","יוניליוור ישראל שיווק בע""מ",,רקסונה דאודורנט ספרי,מיליליטרים,150.00,"100 מ""ל",false,,9.90,0.0660,true,1,6173397
8717163714850,false,דאודורנט ספריי קוקוס ויסמין( 150 מל),"יוניליוור ישראל שיווק בע""מ",,דאב ספריי קוקוס 150,מטרים,150.00,100 מ'ל,false,,14.90,0.0993,true,1,5764106
8717677336593,false,טוניס שוקולד חלב 180 גרם רבנות - נוכרי,טוניס/שוקולונלי,,שוקולד טוניס שוקולונ,גרמים,180.00,100 גרם,false,,17.90,0.0994,true,1,6419689
8717677336616,false,שוקולד מריר עם שקדים ומלח טוניס' שוקולונלי 180 גרם,טוניס/שוקולונלי,,שוקולד טוניס שוקולונ,גרמים,180.00,100 גרם,false,,17.90,0.0994,true,1,6419690
8717677336654,false,טוניס - שוקולד חלב מעולה עם שברי קרמל מלוח,ליימן שליסל בע`מ,,טוניס שוקולד חלב+שבר,גרמים,180.00,100 גרם,false,,17.90,0.0994,true,1,6481059
8717677336661,false,טוניס שוקולד מריר מעולה 70% 180 גרם רבנות - נוכרי,ליימן שליסל בע`מ,,שוקולד טוניס שוקולונ,גרמים,180.00,100 גרם,false,,17.90,0.0994,true,1,6419691
8717677338436,false,שוקולד חלב עם אגוזי לוז טוניס' שוקולונלי 180 גרם,טוניס/שוקולונלי,,שוקולד טוניס שוקולונ,גרמים,180.00,100 גרם,false,,17.90,0.0994,true,1,6419692
8718114734484,false,ממרח מיוני מיילי 320 גרם,א. סיימן סחר בעמ,,מיונז מיילי 320 גרם,גרמים,320.00,100 גרם,false,,12.90,0.0403,true,1,4317311
8718692610828,false,בקבוקים צבעוניים סודה סטרים 1 ל' * 3 יח',סודהסטרים sodastream,,מארז שלישייה בק סודה,3 יח',1.00,3 יח',false,,49.00,49.0000,true,1,911087
8718692610835,false,שלישית בקבוקי סודה סטרים פיוז 1 ליטר,סודה סטרים,,שלישיית בקבוקים 1לי,יח',1.00,יח',false,,49.00,49.0000,true,1,1388589
8718951030206,false,"קולגייט סנסיטיב פרוטקשן משחת שיניים לשיניים רגישות 75 מ""ל",קולגייט-פלמוליב,,קולגייט סנסיטיב מולט,יח',1.00,יח',false,,17.90,17.9000,true,1,6285985
8718951044913,false,משחת שיניים הלבנה מרידול (75 מל),קולגייט פלמוליב,,מרידול משחת שיניים 7,מטרים,75.00,100 מ'ל,false,,21.90,0.2920,true,1,1050770
8718951048669,false,אג'קס ספריי לניקוי חלונות בניחוח חגיגת הפרחים,SAS-VA COLGATE-PALMOLIVE,,אג'קס ספרי ניקויי חל,מטרים,750.00,100 מ'ל,false,,14.90,0.0199,true,1,6425026
8718951079205,false,"קולגייט סנסיטיב פרו רליף רפיר אנד פריוונט 75 מ""ל",קולגייט-פלמוליב,,קולגייט סנסיטיב פרו,מטרים,75.00,100 מ'ל,false,,17.90,0.2387,true,1,2735937
8718951093331,false,מרידול זוג מברשות שיניים אקסטרה סופט,קולגייט פלמוליב,,מרידול זוג מברשות שי,יח',2.00,יח',false,,34.90,17.4500,true,1,1157671
8718951144064,false,מרידול מברשת שיניים פרודונט אקספרט זוג,"ש. שסטוביץ בע""\מ",,מרידול מברשת שיניים,100 יח',1.00,100 יח',false,,34.90,34.9000,true,1,2378034
8718951159808,false,מברשות שיניים 360 מדיום- מארז שלישייה,קולגייט-פלמוליב,,קולגייט מברשת 360 של,יח',3.00,יח',false,,24.90,8.3000,true,1,3163751
8718951160897,false,ספריי אקונומיקה עוצמת ה7 טריגר אגקס 500מ,קולגייט פלמוליב,,אגקס ספריי עוצמה 7 א,מיליליטרים,500.00,"100 מ""ל",false,,9.90,0.0198,true,1,3001887
8718951166288,false,"משחת שיניים קולגייט מקס וייט 125 מ""ל",הנסיך- מפעל לייצור ט,,קולגייט משחת מקס ויי,מיליליטרים,125.00,"100 מ""ל",false,,17.90,0.1432,true,1,5165324
8718951166561,false,משחת שיניים לרעננות מוגברת max fresh cooling crystals,הנסיך- מפעל לייצור ט,,קולגייט משחת מקס פרש,מיליליטרים,125.00,"100 מ""ל",false,,17.90,0.1432,true,1,5165325
8718951167094,false,נוזל כלים פלמוליב צילינדר תפוז וליים 1 ל,יבואן ומשווק: ש. שסט,,פלמוליב צילינדר תפוז,ליטרים,1.00,ליטר,false,,13.90,13.9000,true,1,3712487
8718951175280,false,"קולגייט טוטאל משחת שיניים פרו ויזבל אקשן עם קצף פעיל 75 מ""ל",ש.שסטוביץ בעמ,,קולגייט טוטאל פרו מש,יח',1.00,יח',false,,16.80,16.8000,true,1,5364381
8718951175600,false,"משחת שיניים קולגייט אוטאל קליין מינט 75 מ""ל",ש.שסטוביץ בעמ,,קולגייט טוטאל משחת ש,מיליליטרים,75.00,"מ""ל",false,,12.90,0.1720,true,1,5706170
8718951176874,false,קולגייט שטיפת פה לילדים מיניונים 250 מל,קולגייט-פלמוליב,,קולגייט מי פה מיניון,מטרים,250.00,100 מ'ל,false,,14.90,0.0596,true,1,6393909
8718951187115,false,זוג מברשות שיניים אלמקס לילדים גילאי 3-6,ש.שסטוביץ בעמ,,זוג אלמקס מברשת ילדי,יח',1.00,יח',false,,24.90,24.9000,true,1,4031700
8718951222779,false,"מרידול פור משחה לשיניים וחניכיים בריאות 75 מ""ל",קולגייט פלמוליב,,"מרידול פור 75 מ""ל",יח',1.00,יח',false,,19.90,19.9000,true,1,6145889
8718951236790,false,"קולגייט טוטאל משחת שיניים קלין מינט לפה בריא 100 מ""ל",קולגייט פלמוליב,,קולגייט טוטאל משחת ש,מטרים,100.00,100 מ'ל,false,,16.80,0.1680,true,1,5364384
8718951236806,false,"קולגייט טוטאל הלבנה משחת שיניים המסייעת בהסרת כתמים 100 מ""ל",ש. שסטוביץ בע`מ,,קולגייט טוטאל הלבנה,מטרים,100.00,100 מ'ל,false,,16.80,0.1680,true,1,5364385
8718951236813,false,"קולגייט טוטאל משחת שיניים ניקוי מתקדם לפה בריא יותר 100 מ""ל",קולגייט פלמוליב,,קולגייט טוטאל משחת ש,יח',1.00,יח',false,,16.80,16.8000,true,1,5364386
8718951240742,false,"קולגייט טוטאל משחת שיניים פסים מרעננים 100 מ""ל",איינשטיין-צור יבוא-יצוא וסחר ב,,קולגייט טוטאל משחת ש,מטרים,100.00,100 מ'ל,false,,16.80,0.1680,true,1,5364387
8718951259409,false,"פלמוליב תחליב רחצה נטורלס לעור עדין 750 מ""ל",קולגייט פלמוליב,,פלמוליב נטורלס תחליב,מטרים,750.00,100 מ'ל,false,,16.90,0.0225,true,1,6509783
8718951264618,false,"קולגייט אופטיק וייט פחם צ'רקול משחת שיניים, 75 מ""ל",איינשטיין-צור יבוא-יצוא וסחר ב,,קולגייט אופטיק וייט,יח',1.00,יח',false,,29.90,29.9000,true,1,6285986
8718951265103,false,קולגייט זוג מברשת שיניים אולטרה סופט,קולגייט פלמוליב,,קולגייט מברשת אולטרה,מטרים,1000.00,100 מ'ל,false,,29.80,0.0298,true,1,5930530
8718951286733,false,"קולגייט אופטיק וייט לסטינג וייט משחת שיניים 75 מ""ל",ש. שסטוביץ בע`מ,,קולגייט אופטיק וייט,מטרים,75.00,100 מ'ל,false,,29.90,0.3987,true,1,6400670
8718951289833,false,פלמוליב סבון מוצק רביעייה לומינוס 360 ג,קולגייט פלמוליב,,פלמוליב סבון מוצק לו,גרמים,400.00,100 גרם,false,,16.90,0.0422,true,1,6217658
8718951313927,false,"סבון ידיים משאבה פלמוליב חימר טונוס 300 מ""ל",ש.שסטוביץ בעמ,,פלמוליב סבון ידיים ח,מיליליטרים,300.00,"100 מ""ל",false,,10.90,0.0363,true,1,6320693
8718951314023,false,פלמוליב נטורלס תחליב רחצה אפרסק 750 מל,קולגייט פלמוליב,,פלמוליב נטורל תחליב,מיליליטרים,750.00,"100 מ""ל",false,,19.90,0.0265,true,1,6409658
8718951315303,false,"קולגייט אדומה משחת שיניים להגנה מפני עששת 2*100 מ""ל",קולגייט-פלמוליב,,משחה קולגייט אדומה ז,מיליליטרים,200.00,"100 מ""ל",false,,19.90,0.0995,true,1,6308229
8718951319806,false,פלמוליב לגבר גל רחצה ושמפו מרענן 750 משא,פלמוליב Palmolive,,פלמוליב לגבר ג'ל רחצ,מיליליטרים,750.00,"100 מ""ל",false,,19.90,0.0265,true,1,6274888
8718951320093,false,זוג מברשות 360 אדוונס וויט שיניים קולגייט,קולגייט-פלמוליב,,מברשת קולגייט 360 אד,יח',1.00,יח',false,,24.90,24.9000,true,1,6302398
8718951334069,false,"אג'קס טריגר שירותים 500 מ""ל",ש.שסטוביץ בעמ,,אג'קס טריגר שירותים,מיליליטרים,500.00,"100 מ""ל",false,,9.90,0.0198,true,1,6469389
8718951345119,false,אג'קס ניקוי כללי עוצמת ה-7 היביסקוס 2 ליטר,הנסיך- מפעל לייצור ט,,אגקס ניקוי כללי עוצמ,ליטרים,1.00,ליטר,false,,22.90,22.9000,true,1,6349347
8718951354807,false,נוזל רצפות אגקס חגיגת הפרחים יסמין 1.5 ל,קולגייט פלמוליב,,אג'קס חגיגת הפרחים י,ליטרים,1.50,ליטר,false,,19.90,13.2667,true,1,6335531
8718951366015,false,"קולגייט - משחת שיניים אופטיק וויט אקס קומפ 75 מ""ל",ש.שסטוביץ בעמ,,קולגייט אופטיק וויט,מטרים,75.00,100 מ'ל,false,,49.90,0.6653,true,1,6502671
8718951377998,false,קולגייט סופט פואם זוג מברשות שיניים לניק,קולגייט פלמוליב,,קולגייט מברשת סופטנס,יח',1.00,יח',false,,29.90,29.9000,true,1,6344268
8718951381292,false,"משחת שיניים מקס דיטוקס פואם קולגייט 125 מ""ל",ש. שסטוביץ בע`מ,,קולגייט משחת מקס דיט,מיליליטרים,125.00,"100 מ""ל",false,,17.90,0.1432,true,1,6349348
8718951382640,false,פלמוליב גל רחצה חימר דיטוקס משאבה 750,קולגייט פלמוליב,,פלמוליב ג'ל רחצה חימ,מיליליטרים,750.00,"100 מ""ל",false,,19.90,0.0265,true,1,6320694
8718951382664,false,"פלמוליב ג'ל רחצה חימר ואקליפטוס 750 מ""ל",קולגייט פלמוליב,,פלמוליב ג'ל רחצה חימ,מיליליטרים,750.00,"100 מ""ל",false,,19.90,0.0265,true,1,6320695
8718951382718,false,"פלמוליב ג'ל רחצה חימר התחדשות 750 מ""ל",קולגייט פלמוליב,,פלמוליב ג'ל רחצה חימ,מיליליטרים,750.00,"100 מ""ל",false,,19.90,0.0265,true,1,6320696
8718951382787,false,"משחת שיניים אופטיק וויט חימר ומינרלים 75 מ""ל קולגייט",ש.שסטוביץ בעמ,,קולגייט משחת אופטיק,מטרים,75.00,100 מ'ל,false,,24.90,0.3320,true,1,6423027
8718951385290,false,אג`קס ניקוי כללי עוצמת ב -7כחול 2 ליטר,קולגייט פלמוליב,,נוזל לניקוי כללי ורצ,ליטרים,2.00,ליטר,false,,19.90,9.9500,true,1,6357448
8718951391284,false,נוזל אנטיבקטריאלי לניקוי כללי ורצפות רעננות הים,קולגייט-פלמוליב,,אג'קס אנטי בקטריאלי,ליטרים,1.50,ליטר,false,,19.90,13.2667,true,1,6365702
8718951400474,false,"תחליב רחצה קמליה ושקדים ללא משאבה750 מ""ל פלמולי",קולגייט פלמוליב,,פלמוליב נטורלס תחליב,מטרים,750.00,100 מ'ל,false,,19.90,0.0265,true,1,6470792
8718951400597,false,"תחליב רחצה קוקוס וחלב ללא משאבה750 מ""ל פלמוליב",קולגייט פלמוליב,,פלמוליב תחליב רחצה 7,מטרים,750.00,100 מ'ל,false,,19.90,0.0265,true,1,6469415
8718951409798,false,זוג מברשות שיניים מקס וויט פחם קולגייט,הנסיך- מפעל לייצור ט,,קולגייט מברשת מקס וו,גרמים,2.00,100 גרם,false,,24.90,12.4500,true,1,6381693
8718951412378,false,משחת שיניים לחניכיים רגישות ולנשימה רעננה,קולגייט פלמוליב,,מרידול משחת שיניים נ,מטרים,75.00,100 מ'ל,false,,19.90,0.2653,true,1,6469390
8718951415836,false,קולגייט מי פה פלאקס פחם לחיוך לבן 500 מל,ש.שסטוביץ בעמ,,קולגייט מי פה פלאקס,מיליליטרים,500.00,"100 מ""ל",false,,24.90,0.0498,true,1,6387121
8718951423558,false,"סבון רחצה גוף ונשמה קמומיל 750 מ""ל פלמוליב",שסטוביץ,,פלמוליב סבון רחצה גו,מטרים,750.00,100 מ'ל,false,,19.90,0.0265,true,1,6423028
8718951428492,false,"פלמוליב סבון רחצה לגבר 4ב1 מועשר בפחם 750 מ""ל",ש.שסטוביץ בעמ,,פלמוליב סבון רחצה לג,מטרים,750.00,100 מ'ל,false,,19.90,0.0265,true,1,6425027
8718951428522,false,"פלמוליב סבון רחצה לגבר 4 ב-1 המפ 750 מ""ל",ש.שסטוביץ בעמ,,פלמוליב סבון רחצה לג,מטרים,750.00,100 מ'ל,false,,19.90,0.0265,true,1,6408787
8718951431614,false,"סבון רחצה פלמוליב סו פירם מינרלים משאבה 750 מ""ל",קולגייט פלמוליב,,פלמוליב סבון רחצה סו,מטרים,750.00,100 מ'ל,false,,19.90,0.0265,true,1,6400671
8718951441378,false,"קולגייט הלבנה עם פחם 75 מ""ל",,,קולגייט הלבנה עם פחם,מטרים,75.00,100 מ'ל,false,,16.90,0.2253,true,1,6509756
8718951461444,false,"זוג משחת שיניים טוטאל הלבנה ביטיו *100 מ""ל קולגייט",קולגייט פלמוליב,,קולגייט טוטל הלבנה ב,מטרים,100.00,100 מ'ל,false,,29.90,0.2990,true,1,6433156
8718951470323,false,קולגייט סופט פואם פחם זוג מברשות שיניים,קולגייט פלמוליב,,קולגייט מברשת סופט פ,מטרים,2.00,100 מ'ל,false,,29.80,14.9000,true,1,6469391
8718951470538,false,קולגייט משחת שיניים מקס פרש ביטיוב 125*2 כשלפ,קולגייט פלמוליב,,קולגייט משחת שיניים,גרמים,125.00,100 גרם,false,,29.90,0.2392,true,1,6433157
8718951477384,false,"קולגייט משחת שיניים טוטאל ג'ל מתקדם פיור 75 מ""ל",קולגייט פלמוליב,,קולגייט משחת שיניים,מטרים,75.00,100 מ'ל,false,,19.90,0.2653,true,1,6423030
8718951509627,false,"קולגייט אופטיק וייט לאוהבי קפה ותה משחת שיניים 75 מ""ל",קולגייט פלמוליב,,קולגייט אופטיק וויט,יח',1.00,יח',false,,29.90,29.9000,true,1,6444366
8719128110325,false,"סירופ סודה סטרים לימונדה 500 מ""ל",סודהסטרים ישראל בעמ,,סירופ לימונדה 500 מל,מיליליטרים,500.00,"100 מ""ל",false,,22.90,0.0458,true,1,3765780
8719128110332,false,"סירופ סודה סטרים אנרגיה 500 מ""ל",סודהסטרים ישראל בעמ,,סירופ אנרגיה 500 מל,מיליליטרים,500.00,"100 מ""ל",false,,22.90,0.0458,true,1,3765781
8719128112633,false,בקבוקי הגזה סודה סטרים לילדים 0.5 ל*2,סודה סטרים,,זוג בקבוקי חצי ליטר-,יח',1.00,יח',false,,39.90,39.9000,true,1,3890820
8719128117232,false,"סירופ פפסי 440 מ""ל סודהסטרים",סודהסטרים ישראל בעמ,,סירופ פפסי,מיליליטרים,440.00,"100 מ""ל",false,,22.90,0.0520,true,1,6372547
8719128117249,false,"סירופ פפסי מקס 440 מ""ל סודהסטרים",סודהסטרים ישראל בעמ,,סירופ פפסי מקס,מיליליטרים,440.00,"100 מ""ל",false,,22.90,0.0520,true,1,6372548
8719128117256,false,"סירופ סבן אפ 440 מ""ל סודהסטרים",סודהסטרים ישראל בעמ,,סירופ סבן אפ,מיליליטרים,440.00,"100 מ""ל",false,,22.90,0.0520,true,1,6372549
8719128117263,false,"סירופ מירנדה 440 מ""ל סודהסטרים",סודהסטרים ישראל בעמ,,סירופ מירנדה,מיליליטרים,440.00,"100 מ""ל",false,,22.90,0.0520,true,1,6372550
8719128118734,false,סודה סטרים - מילוי מיכל גז CQC עד 60 ליטר,,,מילוי מיכל גז עד 60,יחידה,0.00,יחידה,false,,59.90,0.0000,true,1,6457001
8719200998001,false,מרגרינה לאפיה ובישול בלי מלח 200 ג' בלו בנד,יוניליוור ישראל מזון בע\,,מרגרינה ללא תוספת מל,גרמים,200.00,100 גרם,false,,4.30,0.0215,true,1,6277218
8719200998018,false,מחמאה מרגרינה בטעם חמאה בלובנד 200 גרם,"מיוצר ע""\י יוניליוור ישר",,מרגרינה מחמאה 200 גר,גרמים,200.00,100 גרם,false,,4.30,0.0215,true,1,6270677
8719200998032,false,"מרגרינה מזולה גלורי טעם חמאה 250גר 8 יחידות - כשל""פ","מיוצר ע""\י יוניליוור ישר",,מרגרינה מזולה גלורי,גרמים,250.00,100 גרם,false,,9.00,0.0360,true,1,6267432
8719200998049,false,"מרגרינה מזולה גלורי רגיל 250גר 8 יחידות -כשל""פ","מיוצר ע""\י יוניליוור ישר",,מרגרינה מזולה גלורי,גרמים,250.00,100 גרם,false,,9.00,0.0360,true,1,6272670
8719200998094,false,"מרגרינה מזולה לאפיה ללא תוספת מלח 200גר - 40 יח' -כשל""פ","מיוצר ע""\י יוניליוור ישר",,מרגרינה מזולה לאפיה,גרמים,200.00,100 גרם,false,,6.50,0.0325,true,1,6274792
8719200998100,false,מרגרינה מזולה לאפיה טעם חמאה 200גר - 40 יח',דיפלומט מפיצים (1968) בעמ**,,מרגרינה מזולה לאפיה,גרמים,200.00,100 גרם,false,,6.50,0.0325,true,1,6267612
8720181046605,false,דאב - דאודורנט ספריי לאישה אורגינל כחול 150מל,"יוניליוור ישראל שיווק בע""מ",,דאב ספריי אוריגינל ל,מיליליטרים,150.00,"100 מ""ל",false,,14.90,0.0993,true,1,6342753
8720181046612,false,"דאב - דאודורנט רול און לאישה אורגינל 50 מ""ל","יוניליוור ישראל שיווק בע""מ",,דאב רולאון נשים אורג,מטרים,50.00,100 מ'ל,false,,14.90,0.2980,true,1,6378057
8720181090219,false,תחליב רחצה רימונים ותמצית פרח היביסקוס,יוניליוור ישראל שיווק בעמ,,דאב תחליב רימונים  7,מיליליטרים,750.00,"100 מ""ל",false,,15.90,0.0212,true,1,6378087
8720181123955,false,"אקס - ג'ל רחצה ריצארג קריד 400 מ""ל",יוניליוור ישראל שיווק בעמ,,אקס גל רחצה ריצ'ארג',מיליליטרים,400.00,"100 מ""ל",false,,9.90,0.0248,true,1,6417652
8720182253194,false,סבון מוצק דאב מלפפונים ותה ירוק שישיית,יוניליוור,,דאב אל סבון מוצק מלפ,גרמים,590.00,100 גרם,false,,16.90,0.0286,true,1,6476162
8720182256362,false,שישיית סבון מוצק דאב קלאסי 540 גר',יוניליוור,,דאב אל סבון מוצק קלא,גרמים,590.00,100 גרם,false,,16.90,0.0286,true,1,6476163
8723400756552,false,מארז סוכריות מנטוס Mentos ריינבואו,פרפטי ואן מלה ברדה,,מנטוס ריינבואו 1/4,גרמים,150.00,100 גרם,false,,10.70,0.0713,true,1,814861
8723400782520,false,מנטוס סוכריות לעיסה בתפזורת בטעם פירות 160 ג',ליימן שליסל בעמ,,מנטוס סוכריות פירות,גרמים,160.00,100 גרם,false,,9.90,0.0619,true,1,3488983
8723400782544,false,מנטוס סוכריות לעיסה בתפזורת בטעם מנטה 160 ג',ליימן שליסל בע`מ,,מנטוס סוכריות מנטה ש,גרמים,160.00,100 גרם,false,,9.90,0.0619,true,1,3959538
8727272860713,false,בלנדר ידני BENATON BT-6071,,,W 250 וואט בלנדר מוט,יח',1.00,יח',false,,109.90,109.9000,true,1,6367495
8783662804057,false,קומקום זכוכית + חליטת תה+שומר חום,,,קומקום זכוכית BT-804,יח',1.00,יח',false,,119.90,119.9000,true,1,5972064
8801055707966,false,קפה טייסטרס צ`ויס בריסטה נסקפה (180 גרם),קבוצת אוסם סחר שותפות מוגבלת,,טסטר צ'ויס בריסטה 18,גרמים,180.00,100 גרם,false,,29.90,0.1661,true,1,1483648
8801055708772,false,מארז טייסטרס צ'ויס 200 גרם+50 גר' מתנה,קבוצת אוסם סחר-שות.מוגבלת,,מארז טסטר צויס 250 ג,גרמים,250.00,100 גרם,false,,29.90,0.1196,true,1,4915995
8801055709458,false,אבקה להכנת משקה קפה בטעם קפוצ'ינו קרמל,קבוצת אוסם סחר שותפות מוגבלת,,נסקפה קפוצינו קרמל 1,גרמים,170.00,100 גרם,false,,17.90,0.1053,true,1,6429898
8801055709465,false,אבקה להכנת משקה קפה בטעם קפוצ'ינו וניל,קבוצת אוסם סחר שותפות מוגבלת,,נסקפה קפוצינו וניל 1,גרמים,185.00,100 גרם,false,,17.90,0.0968,true,1,6429899
8801055709472,false,נסטלה - נסקפה קפוצ'ינו קלאסי 12.50 גרם * 10,קבוצת אוסם סחר שותפות מוגבלת,,נסקפה קפוצ'ינו קלאסי,גרמים,125.00,100 גרם,false,,18.70,0.1496,true,1,6429900
8801055709526,false,אבקה להכנת משקה קפה בטעם קפוצ'ינו שוקולד לבן,קבוצת אוסם סחר שותפות מוגבלת,,נסקפה קפוצ'ינו שוקול,גרמים,180.00,100 גרם,false,,17.90,0.0994,true,1,6448476
8804880400095,false,גומיות מקרופיבר חזק שחור,,,גומיות מקרופיבר חזק,יח',1.00,יח',false,,8.30,8.3000,true,1,5165607
8804880400217,false,גומיות סט עגולים צבעונים,,,גומיות סט עגולים צבע,יח',1.00,יח',false,,8.30,8.3000,true,1,5165619
8804880400279,false,גומיות סיליקון זורח,,,גומיות סיליקון זורח,יח',1.00,יח',false,,7.90,7.9000,true,1,5165625
8804880400286,false,גומיות סיליקון מוטלי,,,גומיות סיליקון מוטלי,יח',1.00,יח',false,,7.90,7.9000,true,1,5165626
8804880400323,false,קליפס פרחים יוקרתי,,,קליפס פרחים יוקרתי,יח',1.00,יח',false,,8.30,8.3000,true,1,5165630
8804880400330,false,זוג קליפסים מעורב,,,זוג קליפסים מעורב,יח',1.00,יח',false,,8.30,8.3000,true,1,5165631
8805880588240,false,מברשת עגולה צבעונית,,,מברשת עגולה צבעונית,יח',1.00,יח',false,,16.70,16.7000,true,1,5085588
8805880588295,false,מברשת ספרים מקצועית,,,מברשת ספרים מקצועית,יח',1.00,יח',false,,16.70,16.7000,true,1,5085593
8805880588318,false,מברשת ספרים מקצועית,,,מברשת ספרים מקצועית,קילו,100.00,קילו,false,,16.70,0.1670,true,1,5085595
8805880588325,false,מברשת ספרים מקצועית,,,מברשת ספרים מקצועית,יח',1.00,יח',false,,16.70,16.7000,true,1,5085596
8809168840488,false,חטיף אצות מיובשות 4.5ג*3 יחידות,מזרח ומערב יבוא ושיווק,,חטיף אצות מיובשות 3י,יח',1.00,יח',false,,11.90,11.9000,true,1,6331795
8850006932964,false,חמישיית מברשות שיניים קןלגייט טוויסטר מארז,קולגייט פלמוליב,,מארז מברשת קולגייט ט,יח',1.00,יח',false,,21.90,21.9000,true,1,6363653
8850161167089,false,קוקו וואי משקה קוקוס 1 ליטר,טויו טייקאן קו.אל.טי.די,,קוקו וואי משקה קוקוס,מטרים,1000.00,100 מ'ל,false,,17.90,0.0179,true,1,6178896
8850180040028,false,"טמפורה 500 גרם ""מזרח ומערב""",מזרח ומערב יבוא ושיווק,,טמפורה 500גרם (GOGI),גרמים,500.00,100 גרם,false,,10.70,0.0214,true,1,963140
8850206250592,false,רוטב צ'ילי סריראצ'ה 540 גרם (מזרח ומערב),מזרח ומערב יבוא ושיווק,,רוטב צילי סיראצ'ה 54,גרמים,540.00,100 גרם,false,,19.40,0.0359,true,1,3316734
8850206280049,false,רוטב צ'ילי חריף מיו 250 גרם,יאן וואל יון קו.לטד,,רוטב צ'ילי חריף 250,גרמים,250.00,100 גרם,false,,16.70,0.0668,true,1,6406606
8850367990443,false,"רוטב לסלט בסגנון אסייאתי 285 מ""לTCC (כ)ללא גלוטן",מזרח ומערב יבוא ושיווק,,רוטב לסלט בסגנון אסי,מיליליטרים,285.00,"100 מ""ל",false,,9.90,0.0347,true,1,1019046
8850367992164,false,קרם קוקוס 250 מל 20-22% ללא חומר משמר,מזרח ומערב יבוא ושיווק,,קרם קוקוס 250 מל -מז,מיליליטרים,250.00,"100 מ""ל",false,,7.90,0.0316,true,1,996863
8850367994427,false,נוזל קוקוס מרוכז וממותק 330 גרם,c coconut Theppadungporn,,נוזל קוקוס מרוכז וממ,מיליליטרים,330.00,"100 מ""ל",false,,11.90,0.0361,true,1,6346293
8850367994779,false,מחית קארי ירוקה 50 גרם,מזרח ומערב יבוא ושיווק,,מחית קארי ירוקה 50 ג,גרמים,50.00,100 גרם,false,,4.90,0.0980,true,1,6377835
8850389103111,false,סאפי משקה אלוורה בטעם ענבים 300מל,פארייפאבה אגרואינדוס,,סאפי משקה אלוורה בטע,יח',1.00,יח',false,,6.70,6.7000,true,1,6342013
8850389105825,false,משקה אלוורה בטעם ענבים סאפה 1 ליטר,סאפה פובליק קומפני לימיט,TH,סאפה אלוורה ענבים 1ל,ליטרים,1.00,ליטר,false,,11.90,11.9000,true,1,799832
8850389105832,false,סאפה משקה אלוורה בטעם תפוח עם קוביות אלוורה 1 ליטר,סאפה פובליק קומפני לימיט,,סאפה אלוורה תפוחים 1,ליטרים,1.00,ליטר,false,,11.90,11.9000,true,1,799833
8850389105849,false,סאפה משקה אלוורה מופחת קלוריות בטעם אפרסק 1 ליטר,סאפה פובליק קומפני לימיט,TH,סאפה אלוורה אפרסק 1ל,ליטרים,1.00,ליטר,false,,11.90,11.9000,true,1,799834
8850389115336,false,משקה אלוורה בטעם מלון סאפה 1 ליטר,סאפה פובליק קומפני לימיט,,סאפה אלוורה מלון 1ל',ליטרים,1.00,ליטר,false,,11.90,11.9000,true,1,4071661
8850632604259,false,"יוגטה, חיספוסים, ממתק חמוץ בצורת מקלות בטעם תות שדה,50 גרם",ליימן שליסל בע`מ,,חמצוצים מקלות בטעם ת,גרמים,50.00,100 גרם,false,,3.50,0.0700,true,1,814864
8850632604266,false,"יוגטה, ממתק חמוץ בצורת מקלות בטעם קולה, 50 גרם",ליימן שליסל בע`מ,,חמצוצים מקלות בטעם ק,גרמים,50.00,100 גרם,false,,3.50,0.0700,true,1,814865
8850632604372,false,"יוגטה, חיספוסים בצורת שטיח בטעם תות שדה 50 גרם",ליימן שליסל בע`מ,,חמצוצים שטיח בטעם תו,גרמים,50.00,100 גרם,false,,3.50,0.0700,true,1,814866
8850632604402,false,יוגטה חיספוסים בטעם מעורב תות שדה אבטיח ענבים בננה 50 גרם,ליימן שליסל בע`מ,,חמצוצים שטיח בטעם מע,גרמים,50.00,100 גרם,false,,3.50,0.0700,true,1,814867
8850632605201,false,"יוגטה, חיספוסים, ממתק חמוץ בצורת שטיח, בטעם מעורב- תות בננה, תפוח, תפוז, 50 גרם",הדקלאים אגודת שיתופי,,חמצוצים שטיח בטעם מע,גרמים,50.00,100 גרם,false,,3.50,0.0700,true,1,814868
8850788718077,false,תירס גמדי שלם 230 גרם,,,תירס גמדי שלם 230 גר,גרמים,230.00,100 גרם,false,,5.70,0.0248,true,1,5093932
8850788718084,false,תירס גמדי חתוך 230 גרם,,,תירס גמדי חתוך 230 ג,גרמים,230.00,100 גרם,false,,4.90,0.0213,true,1,5093933
8851613101385,false,"חלב קוקוס ארוי-די קרטון 500מ""ל",גורי מוצרי צריכה (1991) בעמ,TH,"חלב קוקוס 500 מ""ל",מיליליטרים,500.00,"100 מ""ל",false,,12.90,0.0258,true,1,801349
8851613101392,false,נוזלי אגוז קוקוס 1ליטר,גורי מוצרי צריכה (1991) בעמ,,חלב קוקוס 100% 1 ל,קילו,100.00,קילו,false,,25.20,0.2520,true,1,4328178
8852633020403,false,פניני טפיוקה 500 גרם (כשר),מזרח ומערב יבוא ושיווק,,פניני טפיוקה 500 גרם,גרמים,500.00,100 גרם,false,,11.70,0.0234,true,1,875270
8857101301008,false,רוטב צילי מתוק וילי 700 מל יצרןמותג: פאן,ג.וילי פוד אינטרנשיונל בעמ,,רוטב צ'ילי מתוק 700,מיליליטרים,700.00,"100 מ""ל",false,,9.50,0.0136,true,1,813540
8858271002870,false,רוטב פאד תאי 250 מ'ל - מקסצ'אפ,מזרח ומערב יבוא ושיווק,,רוטב פאד תאי 250 מ'ל,גרמים,250.00,100 גרם,false,,9.90,0.0396,true,1,818045
8858271002887,false,רוטב טריאקי 250 מ'ל - מקסצ'אפ,מזרח ומערב יבוא ושיווק,,רוטב טריאקי 250 מ'ל,גרמים,250.00,100 גרם,false,,9.90,0.0396,true,1,818046
8858271003020,false,רוטב סויה פורמולה 1 - 700 מ'ל מקסצ'אפ,מזרח ומערב יבוא ושיווק,,רוטב סויה פורמולה 1,גרמים,700.00,100 גרם,false,,14.80,0.0211,true,1,818047
8858271003044,false,רוטב סויה כהה פורמולה 5 700 גרם מקסצאפ,מזרח ומערב יבוא ושיווק,,רוטב סויה פורמולה 5,גרמים,700.00,100 גרם,false,,15.90,0.0227,true,1,818048
8858271003068,false,"רוטב סויה מתוקה כהה 250 מ""ל מקסצאפ",מזרח ומערב יבוא ושיווק,,רוטב סויה מתוקה 250,גרמים,250.00,100 גרם,false,,10.90,0.0436,true,1,818049
8858271003075,false,"רוטב סויה מתוקה מקסצ'אפ 700 מ""ל",מזרח ומערב יבוא ושיווק,,רוטב סויה מתוקה 700,גרמים,700.00,100 גרם,false,,16.90,0.0241,true,1,818050
8858271003921,false,רוטב קארי אדום 250 מ'ל - מקסצ'אפ,מזרח ומערב יבוא ושיווק,,רוטב קארי אדום 250 מ,גרמים,250.00,100 גרם,false,,9.90,0.0396,true,1,818054
8858271003938,false,רוטב קארי ירוק 250 מ'ל - מקסצ'אפ,מזרח ומערב יבוא ושיווק,,רוטב קארי ירוק 250 מ,גרמים,250.00,100 גרם,false,,9.90,0.0396,true,1,818055
8858271003945,false,"רוטב קארי צהוב 250 מ""ל מקסצאפ",Yan Wal Yun Corpora,,רוטב קארי צהוב 250 מ,מיליליטרים,250.00,"100 מ""ל",false,,10.90,0.0436,true,1,6346294
8858271004034,false,רוטב צ'ילי חריף 700 מ'ל מקסצ'אפ,מזרח ומערב יבוא ושיווק,,רוטב צ'ילי חריף 700,גרמים,700.00,100 גרם,false,,15.50,0.0221,true,1,818056
8858271004126,false,רוטב חמוץ מתוק 700 מ'ל - מקסצ'אפ,מזרח ומערב יבוא ושיווק,,רוטב חמוץ מתוק 700 מ,גרמים,700.00,100 גרם,false,,14.80,0.0211,true,1,818058
8858271004300,false,"רוטב טרייאקי 70 מ""ל מקסצ`אפ",מזרח ומערב יבוא ושיווק,,רוטב טריאקי 700 מ'ל,גרמים,227.00,100 גרם,false,,19.90,0.0877,true,1,818059
8858271004423,false,רוטב טום יאם 250 מל מקסצאפ,מזרח ומערב יבוא ושיווק,,"רוטב טום ים 250 מ""ל",מיליליטרים,250.00,"100 מ""ל",false,,10.90,0.0436,true,1,818063
8858271004799,false,"רוטב צילי מתוק אל פורפסיס 700 מ""ל",מזרח ומערב יבוא ושיווק,,רוטב צ'ילי מתוק 700,מיליליטרים,700.00,"100 מ""ל",false,,12.50,0.0179,true,1,923358
8858271005451,false,"רוטב סויה פורמולה 1 - 250 מ""ל מקסצ'אפ",מזרח ומערב יבוא ושיווק,,רוטב סויה פורמולה 1,מיליליטרים,250.00,"100 מ""ל",false,,9.90,0.0396,true,1,1026264
8858271005499,false,"רוטב ברביקיו 250 מ""ל מקצ'אפ",מזרח ומערב יבוא ושיווק,,"רוטב ברביקיו 250 מ""ל",מיליליטרים,250.00,"100 מ""ל",false,,9.90,0.0396,true,1,1026265
8874328380418,false,קומקום 8041 שחור/כחול/כתום,,,קומקום 8041 שחור/כחו,יח',1.00,יח',false,,79.90,79.9000,true,1,6475336
8888021200256,false,סוללות אנרג'ייזר AA מקס 8 יחידות,יצרן: אנרג'ייזר סינג,US,סוללות ENERGIZER 1X8 AA M,יחידה,0.00,יחידה,false,,24.90,0.0000,true,1,830505
8888021200720,false,סוללות אנרג'ייזר AAA מקס 8 יחידות,יצרן: אנרג'ייזר סינג,US,סוללות ENERGIZER 1X8 *AAA,יחידה,0.00,יחידה,false,,24.90,0.0000,true,1,830506
8888111030053,false,"מיץ אננס SW טבעי מארז 240X4מ""ל פרימיום",בני פאוזי שמשום (2009) בעמ,,מיץ אננס רביעייה 4*2,מיליליטרים,960.00,"100 מ""ל",false,,14.90,0.0155,true,1,5564991
8888757101506,false,100% שמן מזוכך משומשום קלוי,אוך אייק גואן פוד אי,,"שמן שומשום 150 מ""ל",מיליליטרים,150.00,"100 מ""ל",false,,11.10,0.0740,true,1,801358
8901537024014,false,"אורז בסמטי מובחר 1 ק""ג - דוואט) יורה דיעה",ג. וילי-פוד אינטרנשיונל בע`מ,,אורז בסמטי וילי פוד,גרמים,1000.00,100 גרם,false,,11.90,0.0119,true,1,813541
8908015961144,false,אורז הודי בסמטי ארוך 5 קג,,,אורז הודי בסמטי ארוך,קילוגרמים,5.00,"ק""ג",false,,34.90,6.9800,true,1,6501112
8934878081866,false,"דפי אורז 22 ס""מ מרובעים 400 גרם TRAV",Chanh Khang Company,,דפי אורז מרובעים 440,גרמים,400.00,100 גרם,false,,10.90,0.0273,true,1,6306244
8938535541366,false,"דפי אורז 22ס""מ צבעוני 400גר ללא גלוטן",מזרח ומערב יבוא ושיווק,,דפי אורז צבעוניים לל,יח',1.00,יח',false,,14.90,14.9000,true,1,6367128
8938544204016,false,אורז יסמין אורנים 1 קג,,,אורז יסמין אורנים 1,קג,1.00,קג,false,,7.90,7.9000,true,1,6503603
8957123840223,false,פלטה קרמית כפולה BT-4022 BENATON,,,פלטה קרמית כפולה BT-,יח',1.00,יח',false,,199.90,199.9000,true,1,6451606
8997206332016,false,סוכר קוקוס אורגני 454 גרם אינדונזיה,נטורפוד בעמ,,סוכר קוקוס אורגני 45,גרמים,454.00,100 גרם,false,,19.50,0.0430,true,1,3604111
9000100806657,false,"פה - דאודורנט רול און לאישה בלתי נראה 50 מ""ל",שוורצקופף והנקל,,דאו פה ספורט רולאון,100 מל,50.00,100 מל,false,,9.90,0.1980,true,1,858414
9000100843256,false,"גליס תמציות שמן 6 פעולות משקמות 75 מ""ל",שוורצקוף Schwarzkopf,,קרם ברק גליס 75מל,100 מל,75.00,100 מל,false,,24.90,0.3320,true,1,932582
9000101329742,false,סבון אסלה בניחוח מתחלף אפרסק תפוח 50 ג' ברף,גורי שיווק בעמ,,ברף פרימיום בניחוח א,יח',1.00,יח',false,,9.90,9.9000,true,1,6389266
9000101380255,false,פרסיל דיסקס לכביסה ניקיון היגייני 22 יחידות,גורי שיווק בעמ,,פרסיל דיסקס ניקיון ה,יח',22.00,יח',false,,34.90,1.5864,true,1,6400424
9000101418163,false,שלישיית סבון אסלה בניחוח מתחלף תפוח ירוק ברף,גורי שיווק בעמ,,ברף בניחוח מתחלף תפו,גרמים,150.00,100 גרם,false,,19.90,0.1327,true,1,6433050
9000101520965,false,שלישיית סבון אסלה בניחוח מתחלף לוטוס עדין ברף,גורי שיווק בעמ,,ברף בניחוח מתחלף לוט,גרמים,150.00,100 גרם,false,,19.90,0.1327,true,1,6433051
9000101521436,false,סבון אסלה בניחוח מתחלף לוטוס במבוק 50 ג' ברף,גורי שיווק בעמ,,ברף פרימיום בניחוח ל,יח',1.00,יח',false,,9.90,9.9000,true,1,6389269
9000101537550,false,פרסיל קאפסולות לכביסה לבנה וצבעונית 52 יח',גורי שיווק בעמ,,פרסיל פאוור קאפס 52,יח',1.00,יח',false,,59.90,59.9000,true,1,6433052
9000101537581,false,פרסיל קאפסולות לכביסה צבעונית 52 יחידו,גורי שיווק בעמ,,פרסיל פאוור קאפס 52,יח',1.00,יח',false,,59.90,59.9000,true,1,6433053
9000101548419,false,קולור קאצ`ר דפים למכונת לכביסה מחדש צבע לבן 18 יח',"הנקל סוד בע""\מ",,סוד מחדש צבע לבן לכב,יח',1.00,יח',false,,22.90,22.9000,true,1,6441717
9001616202100,false,מוצץ לתינוק ללא ביספנול 6+ מאם 2 יחידות,אלפא קוסמטיקה בעמ,,מוצץ לתינוק ללא ביספ,יח',1.00,יח',false,,32.80,32.8000,true,1,811983
9001616202131,false,זוג מוצצי מיניבנים 0-6 עיגולים סיליקון,אלפא קוסמטיקה בעמ,,מוצץ לתינוק מיני ללא,יח',1.00,יח',false,,32.80,32.8000,true,1,811985
9001616202377,false,מאם מוצצים סיליקון 0-6 לילה זוהרים תכלת,אלפא קוסמטיקה בעמ,,מאם מוצץ מיני אולטי,יח',1.00,יח',false,,32.80,32.8000,true,1,811991
9001616202445,false,מוצץ לתינוק מיני אולטי סיליקון עיגולים מאם 2 יחידות,אלפא קוסמטיקה בעמ,,מוצץ לתינוק מיני אול,יח',2.00,יח',false,,32.80,16.4000,true,1,811992
9001616202988,false,מוצץ לתינוק סיליקון 6 Air מאם 2 יחידות,מאם Mam,,מוצץ לתינוק סיליקון,יח',1.00,יח',false,,32.80,32.8000,true,1,811994
9001616203350,false,מאם זוג פטמות מס 1 זרימה איטית,אלפא קוסמטיקה בעמ,,פטמה לבקבוק שלב 1 מא,יח',1.00,יח',false,,28.90,28.9000,true,1,811998
9001616203367,false,מאם זוג פטמות מס 2 זרימה בינונית,אלפא קוסמטיקה,,פטמה לבקבוק שלב 2 מא,יח',1.00,יח',false,,24.90,24.9000,true,1,811999
9001616203626,false,מאם זוג פטמות מס 3 זרימה מהירה,אלפא קוסמטיקה בעמ,,פטמה לבקבוק שלב 3 מא,יח',1.00,יח',false,,28.90,28.9000,true,1,812000
9001616205828,false,מאם מברשת לניקוי בקבוקים ירוק,אלפא,,מברשת לניקוי בקבוקים,יח',1.00,יח',false,,32.80,32.8000,true,1,2133147
9001616661099,false,"בקבוק לתינוק 270 מ""ל 2+ חודשים Easy Active",אלפא קוסמטיקה בעמ,,בקבוק לתינוק שלב 2 מ,יח',1.00,יח',false,,32.80,32.8000,true,1,812005
9001616669903,false,"בקבוק לתינוק ללא ביספנול 0+ מאם 160 מ""ל",אלפא קוסמטיקה,,בקבוק לתינוק ללא ביס,יח',1.00,יח',false,,27.80,27.8000,true,1,812006
9001616671715,false,מאם בקבוק 130 מל+מוצץ 0-2 ערכת התנסות,General,,מאמ בקבוק 130מל+מוצץ,יח',0.00,יח',false,,24.90,0.0000,true,1,6505638
9001616680991,false,"בקבוק לתינוק אנטי קוליק מאמ 260 מ""ל",אלפא קוסמטיקה בעמ,,בקבוק לתינוק אנטי קו,יח',1.00,יח',false,,32.80,32.8000,true,1,5146305
9001616692857,false,בקבוק אימון 220 מ``ל מאמ בנים,אלפא קוסמטיקה,,בקבוק טרינר 220 מל מ,יח',1.00,יח',false,,39.90,39.9000,true,1,2133149
9001616702686,false,זוג מוצצים סיליקון אי לאב מאמי מאמ 0-6 ורוד,אלפא קוסמטיקה,,זוג מוצצים סיליקון א,יח',1.00,יח',false,,32.80,32.8000,true,1,5146233
9001616702693,false,מוצצים 0-6 סיליקון בעלי חיים בת(ורוד),אלפא קוסמטיקה בעמ,,זוג מוצצים סיליקון ב,יח',1.00,יח',false,,32.80,32.8000,true,1,5146234
9001616702785,false,זוג מוצצי סיליקון כיתובים בעברית 6+ בנות,אלפא,,זוג מוצצים סיליקון ב,יח',1.00,יח',false,,32.80,32.8000,true,1,5146243
9001616702822,false,זוג מוצצים סיליקון קריסטל מאמ +6 ורוד,General,,זוג מוצצים סיליקון ק,יח',1.00,יח',false,,32.80,32.8000,true,1,5146247
9001616702921,false,מאם בקבוק אנטי קוליק 260 מל לבן,אלפא קוסמטיקה בעמ,,בקבוק לתינוק אנטי קו,יח',1.00,יח',false,,32.80,32.8000,true,1,5146308
9001616702952,false,מאם בקבוק אנטי קוליק 320 מל ירוק,אלפא,,בקבוק לתינוק אנטי קו,יח',1.00,יח',false,,32.80,32.8000,true,1,5146311
9001616702969,false,"בקבוק 270מ""ל ללא חלקים מתפרקים ורוד",אלפא קוסמטיקה בעמ,,בקבוק לתינוק מאם 270,יח',1.00,יח',false,,32.80,32.8000,true,1,5146312
9001616702976,false,"בקבוק 270מ""ל ללא חלקים מתפרקים לבן",אלפא קוסמטיקה,,בקבוק לתינוק מאם 270,יח',1.00,יח',false,,32.80,32.8000,true,1,5146313
9001616702983,false,בקבוק תינוק 330 מל -סגול,אלפא קוסמטיקה בעמ,,בקבוק לתינוק מאמ 330,יח',1.00,יח',false,,32.80,32.8000,true,1,5146314
9001616703010,false,"בקבוק 330מ""ל ללא חלקים מתפרקים",אלפא קוסמטיקה בעמ,,בקבוק לתינוק מאמ 330,יח',1.00,יח',false,,32.80,32.8000,true,1,5146316
9001616703089,false,מאם כוס ספורט 330 מל ורוד,אלפא,,כוס ספורט מאמ 330 מל,יח',1.00,יח',false,,35.90,35.9000,true,1,5146354
9001616703409,false,"בקבוק לתינוק אנטי קוליק מאמ 160 מ""ל",אלפא,,בקבוק לתינוק אנטי קו,יח',1.00,יח',false,,27.80,27.8000,true,1,5146318
9001616804571,false,מאם זוג ידיות לבקבוק יום ולילה ורוד,אלפא,,זוג ידיות לבק' ורוד,יח',1.00,יח',false,,27.90,27.9000,true,1,6353374
9001616813856,false,מוצצי +6 יום לילה מארז שלישיה,אלפא קוסמטיקה,,מאמ מוצצים אריזת שלי,יחידה,0.00,יחידה,false,,34.90,0.0000,true,1,6456969
9005835312732,false,"קלרו נוזל הברקה למדיח כלים 500 מ""ל CLARO","יעקב יעקבי ובניו בע""מ",,נוזל הברקה למדיח,יח',1.00,יח',false,,13.90,13.9000,true,1,6082200
9008700148146,false,נקטר ליצי 1 ליטר ראוך,Rauch fruchtsafte gm,,נקטר ליצי 1ל,ליטרים,1.00,ליטר,false,,11.10,11.1000,true,1,5433098
9008700155458,false,נקטר גויאבה 1 ליטר ראוך,לפ תומר יבוא ושיווק מזון,,נקטר גויאבה 1 ליטר,ליטרים,1.00,ליטר,false,,11.10,11.1000,true,1,5433099
9044400826861,false,סוכריות פז מילוי סוכריות בטעם בננה אגס אסיאתי,פז פרודקשיין יורו,,סוכריות פז טעם בננה,יח',1.00,יח',false,,7.50,7.5000,true,1,6351053
9044400851672,false,סוכריות פז סוגים שונים + 3 מילויים,ר.ב. מוצרי דגנים בעמ,,סוכריות פז סוגים שונ,יח',1.00,יח',false,,10.70,10.7000,true,1,6445164
9272345678041,false,מפת שולחן עם גומי לשולחן מתקפל,ד.ג.ש ייבוא ושיווק בעמ,,מפה עם גומי לשולחן מ,יחידה,0.00,יחידה,false,,19.90,0.0000,true,1,6495228
9272345678089,false,קנקן תה משובח,,,קנקן תה משובח,יח',1.00,יח',false,,39.90,39.9000,true,1,6495230
9310072028743,false,טים טם ביסקוויט במילוי שוקולד 200 גרם,"ארנוטס ביסקוויטס בע""",,טים טם ביסקוויט במיל,גרמים,200.00,100 גרם,false,,19.80,0.0990,true,1,1279941
9310072028750,false,חטיף שוקולד דאבל קרם טים טם (200 גרם),"ארנוטס ביסקוויטס בע""",,טים טם ביסקוויט שוקו,גרמים,200.00,100 גרם,false,,19.80,0.0990,true,1,1169381
9322969000015,false,פריכיות תירס בטעם אורגינל ריל פודס 150 ג',אף.סי תבליני בגליל ב,IL,פריכיות תירס - 150ג' בטעם,גרמים,150.00,100 גרם,false,,11.90,0.0793,true,1,830508
9322969000022,false,"ריל פוד פריכיות תירס עם סויה וזרעי פשתן, ללא גלוטן 150 גרם",אף.סי תבליני בגליל ב,IL,פריכיות תירס - 150ג' עם ס,גרמים,150.00,100 גרם,false,,11.90,0.0793,true,1,830509
9322969000039,false,פריכיות תירס עם ארבע דגנים מלאים 150 גר`,ריאל פודס בעמ,,פריכיות תירס 150 גרם,גרמים,150.00,100 גרם,false,,11.90,0.0793,true,1,5165247
9322969000046,false,פריכיות תירס שומשום אורגני ריל פודס 150 ג',אף.סי תבליני בגליל ב,IL,פריכיות תירס אורגניות - 1,גרמים,150.00,100 גרם,false,,11.90,0.0793,true,1,830510
9322969000053,false,פריכיות אורז מלא ריל פוד 150 גרם,סנו מפעלי ברונוס.,,פריכיות אורז חום מלא,גרמים,150.00,100 גרם,false,,11.90,0.0793,true,1,6415811
9324054906400,false,כלורוקס מגבוני ניקוי אקספרט במיכל 30 יח,כלורקס,,מגבוני כלורוקס אקספר,יח',1.00,יח',false,,16.90,16.9000,true,1,6403949
9330344004473,false,סכין גילוח שיק היידרו סילק חד פעמי 2 יח,"אם החיטה בע""מ",,שיק היידרו סילק חד פ,יח',1.00,יח',false,,26.90,26.9000,true,1,6274889
9770793914006,false,עיתון גירוסלים פוסט יום שישי,ג רוזלם פוסט בעמ,,גרוזלם פוסט יום שישי,יח',1.00,יח',false,,15.90,15.9000,true,1,1012426
9771565025005,false,עיתון מעריב סוף השבוע,ג רוזלם פוסט בעמ,,מעריב שישי,יח',1.00,יח',false,,6.00,6.0000,true,1,1009110
9771565038357,false,עיתון ידיעות אחרונות,ידיעות אחרונות בעמ,,עיתון ידיעות יום ה,יח',1.00,יח',false,,3.30,3.3000,true,1,804319
9771565039125,false,עיתון לאישה יום ב,ידיעות אחרונות בעמ,,עיתון לאישה,יח',1.00,יח',false,,21.90,21.9000,true,1,804321
9771565051066,false,עיתון ידיעות אחרונות,ידיעות אחרונות בעמ,,עיתון ידיעות אחרונות,יח',1.00,יח',false,,12.00,12.0000,true,1,804330
9843022871019,false,נר הבדלה צמה דונג,,,נר הבדלה דונג,יח',1.00,יח',false,,8.90,8.9000,true,1,6124783
9843022871118,false,נר הבדלה דקורטיבי עמודי שלמה,,,נר הבדלה עמודי שלמה,יח',1.00,יח',false,,29.90,29.9000,true,1,6323575
9843022871972,false,מארז 6 כוסיות לנרונים ללא רגל,צבע ומכחול (2014) בעמ,,מארז כוסיות בלי רגל,100 יח',72.00,100 יח',false,,9.90,0.1375,true,1,6412156
9999036214110,false,כיסוי הפלא של טפאל לקרש גיהוץ,,,כיסוי הפלא Tefal,יח',1.00,יח',false,,99.90,99.9000,true,1,1039044
