code,internal_code,name,manufacturer_name,manufacture_country,manufacturer_item_description,unit_qty,quantity,unit_of_measure,weighted,qty_in_package,price,unit_of_measure_price,allow_discount,status,item_id
4,true,עגבנייה ארוזה שמיטה,חקלאי,,עגבניה ארוזה שמיטה,קילוגרמים,1.00,"ק""ג",true,,8.90,8.9000,true,1,187238
910,true,עגבניות טעם,חקלאי,IL,עגבניות טעם,קילוגרמים,1.00,"ק""ג",true,,10.90,10.9000,true,1,80923
917,true,עגבניה,חקלאי,IL,עגבניה,קילוגרמים,1.00,"ק""ג",true,,9.90,9.9000,true,1,80924
918,true,עגבניה תמר,חקלאי,IL,עגבניה תמר,קילוגרמים,1.00,"ק""ג",true,,9.90,9.9000,true,1,191805
920,true,מלפפון,חקלאי,IL,מלפפון,קילוגרמים,1.00,"ק""ג",true,,8.90,8.9000,true,1,80926
941,true,סלק,חקלאי,IL,סלק,קילוגרמים,1.00,"ק""ג",true,,6.90,6.9000,true,1,80925
942,true,ענבים לבנים,חקלאי,IL,ענבים לבנים,קילוגרמים,1.00,"ק""ג",true,,29.90,29.9000,true,1,80868
943,true,ענב שחור,חקלאי,IL,ענב שחור,קילוגרמים,1.00,"ק""ג",true,,25.90,25.9000,true,1,82478
945,true,כרוב לבן,חקלאי,IL,כרוב לבן,קילוגרמים,1.00,"ק""ג",true,,6.90,6.9000,true,1,80928
960,true,כרובית ארוזה שקיל,חקלאי,IL,כרובית ארוזה שקיל,קילוגרמים,1.00,"ק""ג",true,,13.90,13.9000,true,1,80876
981,true,צנונית בייבי ארוזה,חקלאי,IL,צנונית בייבי ארוזה,Unknown,0.00,Unknown,false,1,5.90,0.0000,true,1,80915
990,true,בצל יבש,חקלאי,IL,בצל יבש,קילוגרמים,1.00,"ק""ג",true,,5.90,5.9000,true,1,80934
993,true,שרי שלושה צבעים יח,חקלאי,IL,שרי שלושה צבעים יח,Unknown,0.00,Unknown,false,1,10.90,0.0000,true,1,83114
995,true,בצל ירוק ארוז,חקלאי,IL,בצל ירוק ארוז,לא מנהל יחידת מידה,0.00,לא מנהל יחידת מידה,false,1,5.90,0.0000,true,1,80859
997,true,בצל  אדום,חקלאי,IL,בצל  אדום,קילוגרמים,1.00,"ק""ג",true,,8.90,8.9000,true,1,80815
5485,true,מאפה במשקל גדרון,גדרון,IL,מאפה במשקל גדרון,קילוגרמים,1.00,"ק""ג",true,,37.90,37.9000,true,1,197243
6638,true,חבילת מצה 500 גרם,,,חבילת מצה 500 גרם,קילוגרמים,2.50,"ק""ג",false,1,6.90,2.7600,true,1,54822
8734,true,קרואסון חמאה אישי גד,לה פרינה,IL,קרואסון חמאה אישי גדול La Farina,לא מנהל יחידת מידה,0.00,לא מנהל יחידת מידה,false,1,12.90,0.0000,true,1,230027
9110,true,בטטה,חקלאי,IL,בטטה,קילוגרמים,1.00,"ק""ג",true,,7.90,7.9000,true,1,81076
9113,true,כוסברה ארוזה,חקלאי,IL,כוסברה ארוזה,Unknown,0.00,Unknown,false,1,4.90,0.0000,true,1,80855
9114,true,נענע ארוזה,חקלאי,IL,נענע ארוזה,Unknown,0.00,Unknown,false,1,4.90,0.0000,true,1,80856
9131,true,דלעת ארוזה,חקלאי,IL,דלעת ארוזה,קילוגרמים,1.00,"ק""ג",true,,14.90,14.9000,true,1,80931
9140,true,חצילים,חקלאי,IL,חצילים,קילוגרמים,1.00,"ק""ג",true,,8.90,8.9000,true,1,80930
9147,true,אפרסמון,חקלאי,IL,אפרסמון,קילוגרמים,1.00,"ק""ג",true,,18.90,18.9000,true,1,80900
9155,true,פלפל כהה,חקלאי,IL,פלפל כהה,קילוגרמים,1.00,"ק""ג",true,,9.90,9.9000,true,1,80920
9158,true,פלפל חריף ירוק,חקלאי,IL,פלפל חריף ירוק,קילוגרמים,1.00,"ק""ג",true,,10.90,10.9000,true,1,80917
9160,true,פלפל אדום,חקלאי,IL,פלפל אדום,קילוגרמים,1.00,"ק""ג",true,,9.90,9.9000,true,1,80921
9163,true,פלפל צהוב,חקלאי,IL,פלפל צהוב,קילוגרמים,1.00,"ק""ג",true,,9.90,9.9000,true,1,80918
9167,true,פלפל כתום,חקלאי,IL,פלפל כתום,קילוגרמים,1.00,"ק""ג",true,,9.90,9.9000,true,1,80919
9170,true,קולורבי,חקלאי,IL,קולורבי,קילוגרמים,1.00,"ק""ג",true,,10.90,10.9000,true,1,80916
9180,true,קשואים,חקלאי,IL,קשואים,קילוגרמים,1.00,"ק""ג",true,,11.90,11.9000,true,1,80911
9187,true,קישוא זוקיני ארוז,חקלאי,IL,קישוא זוקיני ארוז,קילוגרמים,1.00,"ק""ג",true,,11.90,11.9000,true,1,80913
9201,true,תירס ארוז,חקלאי,IL,תירס ארוז,קילוגרמים,1.00,"ק""ג",true,,13.90,13.9000,true,1,81906
9236,true,לבבות חסה,חקלאי,IL,לבבות חסה,לא מנהל יחידת מידה,0.01,לא מנהל יחידת מידה,false,1,9.90,990.0000,true,1,234643
9245,true,מנגולד,חקלאי,IL,מנגולד,יחידה,1.00,יחידה,false,1,6.90,6.9000,true,1,80844
9250,true,חסה עגולה ארוזה,חקלאי,IL,חסה עגולה ארוזה,לא מנהל יחידת מידה,0.00,לא מנהל יחידת מידה,false,1,8.90,0.0000,true,1,80841
9260,true,חסה ערבית ארוזה,חקלאי,IL,חסה ערבית ארוזה,יחידה,1.00,יחידה,false,1,6.90,6.9000,true,1,80840
9290,true,תפוח אדמה אדום,חקלאי,IL,תפוח אדמה אדום,קילוגרמים,1.00,"ק""ג",true,,6.90,6.9000,true,1,80906
9295,true,תפוח אדמה לבן,חקלאי,IL,תפוח אדמה לבן,קילוגרמים,1.00,"ק""ג",true,,5.90,5.9000,true,1,80905
9296,true,שורש ארוז,חקלאי,IL,שורש ארוז,לא מנהל יחידת מידה,0.00,לא מנהל יחידת מידה,false,1,5.90,0.0000,true,1,80849
9297,true,פטרוזליה ארוזה,חקלאי,IL,פטרוזליה ארוזה,לא מנהל יחידת מידה,0.00,לא מנהל יחידת מידה,false,1,4.90,0.0000,true,1,80858
9299,true,סלרי ראש ארוז,חקלאי,IL,סלרי ראש ארוז,Unknown,0.00,Unknown,false,1,5.90,0.0000,true,1,80848
9306,true,סלרי עלים,חקלאי,IL,סלרי עלים,לא מנהל יחידת מידה,0.00,לא מנהל יחידת מידה,false,1,6.90,0.0000,true,1,80850
9307,true,גינגר ארוז,חקלאי,IL,גינגר ארוז,יחידה,0.00,יחידה,false,1,15.90,0.0000,true,1,80824
9311,true,גזר ארוז,חקלאי,IL,גזר ארוז,קילוגרמים,1.00,"ק""ג",true,,5.90,5.9000,true,1,80933
9312,true,מלון גליה,חקלאי,IL,מלון גליה,קילוגרמים,1.00,"ק""ג",true,,6.90,6.9000,true,1,80904
9323,true,פטריות פורטובלו,חקלאי,IL,פטריות פורטובלו,יחידה,1.00,יחידה,false,1,10.90,10.9000,true,1,80831
9324,true,פטריות שמפניון,חקלאי,IL,פטריות שמפניון,לא מנהל יחידת מידה,0.00,לא מנהל יחידת מידה,false,1,10.90,0.0000,true,1,80832
9333,true,פטריות מארז זוגות,חקלאי,IL,פטריות מארז זוגות,גרמים,0.00,100 גרם,false,1,18.90,0.0000,true,1,88966
9370,true,שומר,חקלאי,IL,שומר,קילוגרמים,1.00,"ק""ג",true,,9.90,9.9000,true,1,80908
9376,true,ארטישוק ירושלמי,חקלאי,IL,ארטישוק ירושלמי,קילוגרמים,1.00,"ק""ג",true,,19.90,19.9000,true,1,234631
9441,true,סלק אדום בואקום,חקלאי,IL,סלק אדום בואקום,לא מנהל יחידת מידה,0.00,לא מנהל יחידת מידה,false,1,7.90,0.0000,true,1,80829
9486,true,לימון,חקלאי,IL,לימון,קילוגרמים,1.00,"ק""ג",true,,11.90,11.9000,true,1,80882
9500,true,תפוז מובחר,חקלאי,IL,תפוז מובחר,קילוגרמים,1.00,"ק""ג",true,,7.90,7.9000,true,1,80878
9510,true,מנדרינה,חקלאי,IL,מנדרינה,קילוגרמים,1.00,"ק""ג",true,,9.90,9.9000,true,1,80880
9522,true,אשכולית לבנה / אדומה,חקלאי,IL,אשכולית לבנה / אדומה,קילוגרמים,1.00,"ק""ג",true,,9.90,9.9000,true,1,80884
9525,true,פומלה,חקלאי,IL,פומלה,קילוגרמים,1.00,"ק""ג",true,,7.90,7.9000,true,1,80881
9555,true,בננות,חקלאי,IL,בננות,קילוגרמים,1.00,"ק""ג",true,,8.90,8.9000,true,1,80898
9560,true,אבוקדו,חקלאי,IL,אבוקדו,קילוגרמים,1.00,"ק""ג",true,,18.90,18.9000,true,1,80902
9568,true,רימון,חקלאי,IL,רימון,קילוגרמים,1.00,"ק""ג",true,,15.90,15.9000,true,1,234629
9604,true,אגס ספדונה,חקלאי,IL,אגס ספדונה,קילוגרמים,1.00,"ק""ג",true,,13.90,13.9000,true,1,80901
9613,true,גויאבה,חקלאי,IL,גויאבה,קילוגרמים,1.00,"ק""ג",true,,15.90,15.9000,true,1,80893
9626,true,מנגו,חקלאי,IL,מנגו,קילוגרמים,1.00,"ק""ג",true,,20.90,20.9000,true,1,80864
9632,true,אנונה,חקלאי,IL,אנונה,קילוגרמים,1.00,"ק""ג",true,,29.90,29.9000,true,1,84360
9634,true,אננס יח,חקלאי,IL,אננס יח,קילוגרמים,1.20,"ק""ג",false,1,39.90,33.2500,true,1,80896
9658,true,תפוח עץ סמיט,חקלאי,IL,תפוח עץ סמיט,קילוגרמים,1.00,"ק""ג",true,,11.90,11.9000,true,1,80888
9684,true,תפוח עץ זהוב,חקלאי,IL,תפוח עץ זהוב,קילוגרמים,1.00,"ק""ג",true,,11.90,11.9000,true,1,80890
9697,true,תפוח עץ סטארקינג,חקלאי,IL,תפוח עץ סטארקינג,קילוגרמים,1.00,"ק""ג",true,,11.90,11.9000,true,1,80889
9756,true,שזיף אדום,חקלאי,IL,שזיף אדום,קילוגרמים,1.00,"ק""ג",true,,19.90,19.9000,true,1,80865
9891,true,ברוקולי ארוז,חקלאי,IL,ברוקולי ארוז,מיליליטרים,1.00,"100 מ""ל",false,1,11.90,11.9000,true,1,80936
9928,true,שמיר,חקלאי,IL,שמיר,לא מנהל יחידת מידה,0.00,לא מנהל יחידת מידה,false,1,4.90,0.0000,true,1,187581
9950,true,כרוב אדום,חקלאי,IL,כרוב אדום,קילוגרמים,1.00,"ק""ג",true,,7.90,7.9000,true,1,80929
9965,true,תפוח עץ פינק,חקלאי,IL,תפוח עץ פינק,קילוגרמים,1.00,"ק""ג",true,,19.90,19.9000,true,1,80887
9994,true,קרמבולה,חקלאי,IL,קרמבולה,קילוגרמים,1.00,"ק""ג",true,,39.90,39.9000,true,1,88228
40554,true,טימין,חקלאי,IL,טימין,גרמים,70.00,100 גרם,false,1,5.90,0.0843,true,1,238742
41612,true,בייגל רומני  La Fari,לה פרינה,IL,בייגל רומני  La Farina,יחידה,1.00,יחידה,false,1,6.90,6.9000,true,1,230009
41896,true,"קוקיס מריר מחיר לק""ג","גידרון תעשיות בע""מ",,קוקיס מריר מחיר לקג-גדרון,קילוגרמים,1.00,"ק""ג",true,,49.90,49.9000,true,1,13138
41926,true,קוקיס שוקו,"גידרון תעשיות בע""מ",,קוקיס שוקו,קילוגרמים,1.00,"ק""ג",true,,49.90,49.9000,true,1,14524
91211,true,לחמנית חלה מתוקה,גדרון,IL,לחמנית חלה מתוקה,לא מנהל יחידת מידה,0.00,לא מנהל יחידת מידה,false,1,5.90,0.0000,true,1,71874
91808,true,בייגל שמיניה פרצל,"גידרון תעשיות בע""מ",,בייגל שמיניה פרצל,גרמים,150.00,100 גרם,false,1,3.90,0.0260,true,1,15062
92218,true,מאפה ביס תפוע,"גידרון תעשיות בע""מ",,מאפה ביס תפוע       מחיר לקג-גידרון,קילוגרמים,1.00,"ק""ג",true,,39.90,39.9000,true,1,12229
92614,true,בורקס טורקי פיטריות,"גידרון תעשיות בע""מ",,בורקס טורקי פיטריות מחיר לקג-גדרון,קילוגרמים,1.00,"ק""ג",true,,39.90,39.9000,true,1,12231
94274,true,חצי בגט גדרון א.ק,גדרון,IL,חצי בגט גדרון א.ק,לא מנהל יחידת מידה,0.00,לא מנהל יחידת מידה,false,1,3.90,0.0000,true,1,14404
94373,true,לחם חצי גבטה,"גידרון תעשיות בע""מ",,לחם חצי גבטה,גרמים,150.00,100 גרם,false,1,3.90,0.0260,true,1,15072
96445,true,אזני המן שוקולד,"גידרון תעשיות בע""מ",,אזני המן שוקולד,קילוגרמים,1.00,"ק""ג",true,,39.90,39.9000,true,1,20166
96476,true,אוזני המן פרג,"גידרון תעשיות בע""מ",,אוזני המן פרג,קילוגרמים,1.00,"ק""ג",true,,39.90,39.9000,true,1,20168
96513,true,אוזני המן תמרים,"גידרון תעשיות בע""מ",,אוזני המן תמרים,קילוגרמים,1.00,"ק""ג",true,,39.90,39.9000,true,1,16150
96520,true,"בורקס טורקי תפו""א לפ","גידרון תעשיות בע""מ",,בורקס טורקי תפוא לפי משקל-גדרון,קילוגרמים,1.00,"ק""ג",true,,39.90,39.9000,true,1,13140
97282,true,קוראסון שוקולד ענק 1,"גידרון תעשיות בע""מ",,קוראסון שוקולד ענק 1 יח-גדרון,יחידה,1.00,יחידה,false,1,7.90,7.9000,true,1,13144
99248,true,בורקס גבינה,"גידרון תעשיות בע""מ",,בורקס גבינה            מחיר לקג גידרון,קילוגרמים,1.00,"ק""ג",true,,39.90,39.9000,true,1,12240
99255,true,בורקס תפוא,"גידרון תעשיות בע""מ",,בורקס תפוא              מחיר לקג -גידרון,קילוגרמים,1.00,"ק""ג",true,,39.90,39.9000,true,1,12241
99385,true,גביניות,"גידרון תעשיות בע""מ",,גביניות               מחיר לקג-גידרון,קילוגרמים,1.00,"ק""ג",true,,39.90,39.9000,true,1,211594
99415,true,רוגלך,"גידרון תעשיות בע""מ",,רוגלך                    מחיר לקג-גידרון,קילוגרמים,1.00,"ק""ג",true,,39.90,39.9000,true,1,12245
99477,true,ק.ביס שוקולד,"גידרון תעשיות בע""מ",,ק.ביס שוקולד             מחיר לקג-גידרון,קילוגרמים,1.00,"ק""ג",true,,39.90,39.9000,true,1,12247
99545,true,מאפה גבינת בוקר,"גידרון תעשיות בע""מ",,מאפה גבינת בוקר,יחידה,1.00,יחידה,false,1,4.90,4.9000,true,1,235709
99927,true,בורקס בולגרי,"גידרון תעשיות בע""מ",,בורקס בולגרי            מחיר לקג-גידרון,קילוגרמים,1.00,"ק""ג",true,,39.90,39.9000,true,1,12249
101132,true,לקט קטניות לחמין,"איי, בי, אינבוו",IL,לקט קטניות לחמין,גרמים,800.00,100 גרם,false,1,24.90,0.0311,true,1,204831
176147,true,מוקה מס 1,פרוטרופיק סיה.,PL,מוקה 1 פילטר בריק,Unknown,0.00,Unknown,false,1,59.90,0.0000,true,1,876
192581,true,מגבת ניקול 6=12,קימברלי-קלארק,IL,מגבת ניקול כפול 6=12,Unknown,0.00,Unknown,false,1,21.90,0.0000,true,1,208940
1507339,true,פתיתים כוסמין,המאפיה של הרמן,IL,פתיתים מקמח כוסמין מלא,גרמים,400.00,100 גרם,false,1,18.90,0.0472,true,1,46127
1865460,true,פמילי משאבה ליים,המאפיה של הרמן,TR,פמלי 1 ליטר אל סבון מפנק בניחוח קוקוס,ליטרים,1.00,ליטר,false,1,14.90,14.9000,true,1,18556
2128410,true,נרות שבת אורה מספר 6,מנורה,IL,נרות שבת אורה מספר 6,יחידה,1.00,יחידה,false,1,3.90,3.9000,true,1,240479
2128946,true,נר נשמה מנורה  בכוס,מנורה,IL,נר נשמה מנורה  בכוס 84 שעות,יחידה,1.00,יחידה,false,1,5.90,5.9000,true,1,240480
2814320,true,פרפקטו גל כביסה מרוכ,קומפלקס כימיקלים,IL,פרפקטו גל כביסה מרוכז 3 ליטר,ליטרים,3.00,ליטר,false,1,19.90,6.6333,true,1,239217
2814412,true,סנט מוריץ נוזל כלים,ארבה כימיקלים,TR,סנט מוריץ נוזל כלים לימון ליים 1.6 ליטר,ליטרים,1.60,ליטר,false,1,11.90,7.4375,true,1,239216
2814436,true,סנט מוריץ נוזל כלים,ארבה כימיקלים,TR,סנט מוריץ נוזל כלים לימון 1.6 ליטר 18%,ליטרים,1.60,ליטר,false,1,11.90,7.4375,true,1,239215
3072804,true,פסטרמה של פעם  200גר,הנסיך- מפעל לייצור ט,IL,"טירת צבי, פסטרמה של פעם, 200 גרם, ללא גלוטן",Unknown,0.00,Unknown,false,1,26.90,0.0000,true,1,210028
3072811,true,נקניקיות בראטוורסט ל,הנסיך- מפעל לייצור ט,IL,"נקניקיות בראטוורסט לל""ג 320 גרם",גרמים,320.00,100 גרם,false,1,22.90,0.0716,true,1,210029
3072835,true,נקניקיות קנאקוורסט ל,הנסיך- מפעל לייצור ט,IL,נקניקיות קנאקוורסט 320 גרם,גרמים,320.00,100 גרם,false,1,22.90,0.0716,true,1,210030
3102280,true,צמרוני שסתום לתינוק,F.H.P CO LT,CN,צמרוני שסתום לתינוק טוליפס,לא מנהל יחידת מידה,0.00,לא מנהל יחידת מידה,false,1,4.90,0.0000,true,1,204571
3131570,true,תירס קלוי,,,תירס קלוי,קילוגרמים,1.00,"ק""ג",true,,59.00,59.0000,true,1,230076
3143337,true,סילאן לחיץ טבעי 350,"טעמי הגליל בע""מ",IL,קליית גת סילאן טבעי לחיץ 350 גרם,גרמים,350.00,100 גרם,false,1,16.90,0.0483,true,1,205815
3521180,true,סרקל שמפו + מרכך500,הדקלאים אגודת שיתופי,IL,דר פישר סרקל שמפו+מרכך לילדים עם רוזמרין 500 מל,מיליליטרים,500.00,"100 מ""ל",false,1,15.90,0.0318,true,1,206433
3578719,true,ירקות כבושים 1.6,,,ירקות כבושים 1.6,Unknown,0.00,Unknown,false,1,19.90,0.0000,true,1,3414
4170134,true,בורקס תפוא גדול-גידר,"גידרון תעשיות בע""מ",,בורקס תפוא גדול-גידרון,קילוגרמים,1.60,"ק""ג",false,1,7.90,4.9375,true,1,210449
4170141,true,בורקס גבינה גדול איש,"גידרון תעשיות בע""מ",,בורקס גבינה גדול אישי גידרון,קילוגרמים,1.70,"ק""ג",false,1,7.90,4.6471,true,1,210448
4256920,true,טחון מן הצומח 400 גר,טיבון ויל אחזקות בעמ,IL,טחון מן הצומח מחלבון אפונה קפוא,גרמים,400.00,100 גרם,false,1,26.90,0.0672,true,1,209873
4343354,true,מספריים גרמניה לעור,,,מספריים אל חלד לעור,יחידה,1.00,יחידה,false,1,39.90,39.9000,true,1,234669
8425186,true,זיתים אורגניים סורי4,,,זיתים אורגניים סורי4,Unknown,0.00,Unknown,false,1,21.90,0.0000,true,1,220494
8425193,true,זיתים נאבלי,,,זיתים נאבלי,גרמים,400.00,100 גרם,false,1,21.90,0.0547,true,1,220495
8425209,true,זיתים אורגניים פיקוא,,,זיתים אורגניים פיקוא,Unknown,0.00,Unknown,false,1,21.90,0.0000,true,1,220496
10163069,false,צנובר  100 גר,"דין שיווק וקליה בע""מ",,צנובר  100 גר,גרמים,150.00,100 גרם,false,1,24.90,0.1660,false,1,235739
30107014,false,נייר גלגול גדול +פיל,,,נייר גלגול גדול +פילטר בודד,יחידה,1.00,יחידה,false,1,10.00,10.0000,true,1,187099
30112902,false,נייר גלגול קטן+פילטר,,,נייר גלגול קטן+פילטר בודד,יחידה,1.00,יחידה,false,1,8.90,8.9000,false,1,190317
30112919,false,נ.ג. בינוני+פילטר בו,,,נ.ג. בינוני+פילטר בודד,Unknown,0.00,Unknown,false,1,10.00,0.0000,false,1,187103
32147230,false,מיץ לימון משומר לימו,ג'נרל מילס סאן אדריא,,סיצילה מיץ לימון משומר לימונית 200 מל,מיליליטרים,200.00,"100 מ""ל",false,1,8.50,0.0425,true,1,48947
40084077,false,קינדר מקסי,קדבורי,DE,קינדר מקסי,יחידה,1.00,יחידה,false,1,3.50,3.5000,true,1,195836
40084107,false,ביצת הפתעה קינדר בוד,קדבורי,IT,ביצת הפתעה - עשיר בחלב,גרמים,20.00,100 גרם,false,1,6.00,0.3000,true,1,13333
40099583,false,מסטיק סטיקס        .,ריגלי צרפת,FR,מסטיק אורביט ילדים קלאסי סטיקס בודד,Unknown,0.00,Unknown,false,1,2.90,0.0000,true,1,13284
40099606,false,מסטיק אורביט סטיקס ס,ריגלי צרפת,FR,מסטיק אורביט ספרמינט סטיקס בודד,לא מנהל יחידת מידה,0.00,לא מנהל יחידת מידה,false,1,2.90,0.0000,true,1,13285
40099705,false,מסטיק אורביט סטיקס פ,ריגלי צרפת,FR,מסטיק אורביט פפרמינט סטיקס בודד,לא מנהל יחידת מידה,0.00,לא מנהל יחידת מידה,false,1,2.90,0.0000,true,1,13280
40111216,false,חטיף שוקולד באונטי 5,"נארז ע""י : א.ג. גילר",NL,חטיף שוקולד באונטי 57 גרם,גרמים,57.00,100 גרם,false,1,4.90,0.0860,true,1,4113
40144016,false,סוכריות חמאה וורטר 5,קריניציה ויטמינה אס,DE,וורטר 24 גליל'(ב-(3,גרמים,50.00,100 גרם,false,1,4.90,0.0980,true,1,12184
42113263,false,מסטיק אורביט סטיקס ת,ריגלי צרפת,FR,מסטיק אורביט תות סטיקס בודד,לא מנהל יחידת מידה,0.00,לא מנהל יחידת מידה,false,1,2.90,0.0000,true,1,45758
42138105,false,סיגריות וינסטון סלימ,גיי טי אינטרנשיונל,,סיגריות וינסטון סלימס כחול חפיסה בודד,לא מנהל יחידת מידה,0.00,לא מנהל יחידת מידה,false,1,34.30,0.0000,false,1,57026
42139430,false,סיגריות כאמל שחור חפ,JTI,,סיגריות כאמל שחור חפיסה בודד,לא מנהל יחידת מידה,0.00,לא מנהל יחידת מידה,false,1,32.00,0.0000,false,1,186404
42154662,false,מסטיק אורביט באריזת,ריגלי,,מסטיק אורביט באריזת מעטפה ספירמינט,לא מנהל יחידת מידה,0.00,לא מנהל יחידת מידה,false,1,7.90,0.0000,true,1,46007
42182108,false,מסטיק פייב פפרמינט ס,מרס נדרלנד,,מסטיק פייב פפרמינט סטיקס,לא מנהל יחידת מידה,0.00,לא מנהל יחידת מידה,false,1,6.90,0.0000,true,1,63801
42182115,false,מסטיק פייב ספירמינט,מרס נדרלנד,,מסטיק פייב ספירמינט סטיקס,Unknown,0.00,Unknown,false,1,7.50,0.0000,true,1,63802
42188889,false,מסטיק פייב אבטיח סטי,מרס נדרלנד,,מסטיק פייב אבטיח סטיקס,גרמים,31.00,100 גרם,false,1,7.50,0.2419,true,1,71458
42212119,false,מסטיק אורביט באריזת,ריגלי,,מסטיק אורביט באריזת מעטפה פפרמינט,לא מנהל יחידת מידה,0.00,לא מנהל יחידת מידה,false,1,7.90,0.0000,true,1,196037
59039549,false,סיגריות ווג פריזון מ,BAT,,סיגריות ווג פריזון מנטול חפיסה בודד,Unknown,0.00,Unknown,false,1,40.00,0.0000,false,1,71746
59455233,false,סיגריות ווג ליידי כח,BAT,,סיגריות ווג ליידי כחול חפיסה בודד,לא מנהל יחידת מידה,0.00,לא מנהל יחידת מידה,false,1,40.00,0.0000,false,1,76905
59455240,false,סיגריות ווג ליידי לי,BAT,,סיגריות ווג ליידי לילך חפיסה בודד,Unknown,0.00,Unknown,false,1,40.00,0.0000,false,1,76906
72940754,false,מילקי וניל 133 גרם,"שטראוס גרופ בע""מ",IL,מילקי בטעם וניל,גרמים,133.00,100 גרם,false,1,3.00,0.0226,true,1,8026
72940761,false,מילקי שוקולד 133 גרם,מיוצר עי קונדיטוריית,IL,מילקי בטעם שוקולד,גרמים,133.00,100 גרם,false,1,3.00,0.0226,true,1,8027
72940952,false,מילקי פי 2 קצפת 107,"שטראוס גרופ בע""מ",IL,מילקי אקסטרה קצפת,גרמים,107.00,100 גרם,false,1,3.90,0.0364,true,1,8029
72961247,false,"גיל  3% 125 מ""ל",תנובה,,"גיל  3% 125 מ""ל",מיליליטרים,125.00,"100 מ""ל",false,1,0.94,0.0075,true,1,197772
72961506,false,פרילי תות בגביע 125,מיוצר עי קונדיטוריית,IL,פרילי תות בגביע 125 גרם,מיליליטרים,125.00,"100 מ""ל",false,1,3.50,0.0280,true,1,8327
72961520,false,פרילי אננס בגביע 125,מיוצר עי קונדיטוריית,IL,פרילי אננס בגביע 125 גרם,מיליליטרים,125.00,"100 מ""ל",false,1,3.50,0.0280,true,1,8328
72961544,false,באדי תות 125 גרם,מחלבת אלון תבור,IL,באדי תות 125 גרם,גרמים,125.00,100 גרם,false,1,3.40,0.0272,true,1,8334
72963753,false,שמנת של פעם 27% תנוב,תנובה,IL,תנובה שמנת של פעם אורגינל 27% שומן,מיליליטרים,200.00,"100 מ""ל",false,1,4.20,0.0210,true,1,8370
72964132,false,טבעגורט יוגורט עם גר,מיוצר עי קונדיטוריית,IL,טבעגורט יוגורט עם גרנולה 200 גרם,גרמים,200.00,100 גרם,false,1,4.90,0.0245,true,1,8372
72964422,false,יוגורט תנובה 4% 200,מחלבת תנובה,IL,תנובה יוגורט 4.5% שומן 200 מל,גרמים,200.00,100 גרם,false,1,2.90,0.0145,true,1,8373
72983225,false,מילקי הפוך,שטראוס גרופ,,מילקי הפוך 130 גרם,גרמים,130.00,100 גרם,false,1,4.40,0.0338,true,1,20787
72986233,false,באדי וניל בדצ,מחלבת אלון תבור,IL,באדי מעדן וניל גביע 125גרם 2% בדצ,מיליליטרים,125.00,"100 מ""ל",false,1,3.20,0.0256,true,1,19426
72986240,false,באדי שוקו בדצ,מחלבת אלון תבור,IL,"באדי שוקו 125 מל מהדרין בד""צ",מיליליטרים,125.00,"100 מ""ל",false,1,3.20,0.0256,true,1,13044
72986370,false,"גלידה וניל 500 מ""ל",המאפיה של הרמן,IL,פיינט וניל FT,מיליליטרים,500.00,"100 מ""ל",false,1,23.90,0.0478,true,1,9156
72986424,false,גלידה קרם עוגיות 500,המאפיה של הרמן,IL,"פיינט קרם עוגיות בד""ץ",מיליליטרים,500.00,"100 מ""ל",false,1,23.90,0.0478,true,1,9157
72986448,false,גלידה טופי קראנץ 500,המאפיה של הרמן,IL,גלידת  וניל עם חתיכות טופי  מצופות שוקולד,מיליליטרים,500.00,"100 מ""ל",false,1,23.90,0.0478,true,1,9158
72986455,false,גלידה ניו יורק סופר,המאפיה של הרמן,IL,פיינט ניו-יורק סופר FT,מיליליטרים,500.00,"100 מ""ל",false,1,23.90,0.0478,true,1,9159
72986479,false,גלידה צינקי מונקי 50,המאפיה של הרמן,IL,פיינט צאנקי מנקי FT,מיליליטרים,500.00,"100 מ""ל",false,1,23.90,0.0478,true,1,9160
72989395,false,טילון קרם עוגיות 100,מוצרי איכות אמריקאיי,IL,טילון קרם עוגיות,גרמים,100.00,100 גרם,false,1,8.90,0.0890,true,1,12212
72991497,false,סיגריות נובלס פילטר,דובק,,סיגריות נובלס פילטר חפיסה בודד,יחידה,0.00,יחידה,false,1,30.60,0.0000,false,1,9174
72991886,false,גלידה דולצה דה לצה 5,המאפיה של הרמן,IL,פיינט דולצ'ה דה לצ'ה,מיליליטרים,500.00,"100 מ""ל",false,1,23.90,0.0478,true,1,9180
72993637,false,דני שוקולד מהדרין,"ב.א מזון בע""מ",IL,דני שוקולד,גרמים,125.00,100 גרם,false,1,2.90,0.0232,true,1,47757
72994061,false,חטיף פסק זמן 2GOOD מ,אף.סי תבליני בגליל ב,TR,פסק זמן 2GOOD,גרמים,36.00,100 גרם,false,1,5.90,0.1639,true,1,69890
76136184,false,סיגריות פאל מל סלימס,BAT,,סיגריות פאל מל סלימס כחול חפיסה בודד,לא מנהל יחידת מידה,0.00,לא מנהל יחידת מידה,false,1,31.40,0.0000,false,1,42219
80001287,false,חטיף גרדנה אגוז,לואקר,AT,חטיף גרדנה אגוז 38 גרם,גרמים,38.00,100 גרם,false,1,4.50,0.1184,true,1,9501
80001461,false,חטיף גרדנה שוקולד,"אינסטנטה בע""מ",AT,חטיף גרדנה שוקולד 38 גרם,גרמים,38.00,100 גרם,false,1,4.50,0.1184,true,1,43065
80001485,false,גרדנה קוקוס,קריניציה ויטמינה אס,IT,לואקר גרדנה קוקוס,גרמים,38.00,100 גרם,false,1,4.50,0.1184,true,1,43066
80001911,false,חטיף גרדנה לבן 38 גר,א. לואקר,AT,חטיף גרדנה לבן 38 גרם,גרמים,38.00,100 גרם,false,1,4.50,0.1184,true,1,198072
80042563,false,מחית רסק עגבניות  פא,"איי, בי, אינבוו",IT,רסק עגבניות 700 גרם (צהוב) MUTTI,גרמים,700.00,100 גרם,false,1,11.90,0.0170,true,1,199259
80043638,true,כורכום טחון אורגני 4,בנומנולי,IT,סנומאלה כורכום טחון אורגני 47 גרם,גרמים,47.00,100 גרם,false,1,14.90,0.3170,true,1,202930
80043645,true,קארי טחון אורגני,בנומנולי,IT,סנומאלה קארי טחון אורגני 52 גרם,גרמים,32.00,100 גרם,false,1,14.90,0.4656,true,1,202931
80044079,true,קינמון טחון אורגני,בנומנולי,IT,סנומאלה קינמון טחון אורגני 42 גרם,גרמים,42.00,100 גרם,false,1,14.90,0.3548,true,1,202935
80050025,false,סוכריות טיק טק תפוז,קדבורי,ZA,דחוסות בטעם תפוז,גרמים,16.00,100 גרם,false,1,4.50,0.2813,true,1,9700
80050124,false,סוכריות טיק טק מנטה,קדבורי,ZA,טיק טק מנטה,גרמים,16.00,100 גרם,false,1,4.50,0.2813,true,1,9701
80050278,false,פררו רושה שלישייה,קדבורי,IT,פררו רושה שלישייה,גרמים,38.00,100 גרם,false,1,6.50,0.1711,true,1,15380
80052487,false,רפאלו  30 גרי שלישיי,פררו,PL,רפאלו  30 גרי שלישייה,גרמים,30.00,100 גרם,false,1,4.50,0.1500,true,1,71104
80052760,false,חטיף וופל קינדר בואנ,קדבורי,PL,קינדר בואנו,גרמים,43.00,100 גרם,false,1,5.00,0.1163,true,1,9705
80083665,false,עוגיות שוקולד ציפס א,תות תעשיות מזון (201,IT,עוגיות אורגניות עם שוקולד צ'יפס 250 גרם,גרמים,350.00,100 גרם,false,1,16.90,0.0483,true,1,232233
80083764,false,עוגיות דגנים שיבולת,תות תעשיות מזון (201,IT,עוגיות דגנים אורגניות עם שיבולת שועל 250 גרם,גרמים,350.00,100 גרם,false,1,16.90,0.0483,true,1,232234
80136194,false,קינדר הפי היפו אגוזי,קדבורי,DE,"הפי היפו קקאו, וופל במילוי קרם חלבי וקרם אגוזי לוז",לא מנהל יחידת מידה,0.21,לא מנהל יחידת מידה,false,1,14.90,70.9524,true,1,216646
80176800,false,ממרח שוקולד נוטלה 75,אף.סי תבליני בגליל ב,IT,ממרח שוקולד נוטלה 750 גרם,גרמים,750.00,100 גרם,false,1,27.90,0.0372,true,1,9767
80177173,false,ממרח שוקולד נוטלה,פררו,IT,ממרח שוקולד נוטלה אגוזים 350 גרם,גרמים,350.00,100 גרם,false,1,15.90,0.0454,true,1,9768
80177180,false,שוקולד קינדר קאנטרי,קדבורי,IT,שוקולד קינדר קאנטרי 23.5 גרם,גרמים,24.00,100 גרם,false,1,3.50,0.1458,true,1,72343
80177609,false,שוקולד קינדר אצבעות,קדבורי,IT,שוקולד חלב עם תכולת חלב גבוהה במילוי קרם חלבי,גרמים,50.00,100 גרם,false,1,5.90,0.1180,true,1,9769
80177616,false,שוקולד חלב ממולא קינ,פררו,IT,שוקולד חלב עם תכולת חלב גבוהה במילוי קרם חלבי,גרמים,100.00,100 גרם,false,1,9.50,0.0950,true,1,9770
80273639,false,מלח ים במטחנה 90 גרם,DROGHERIA E ALIMENTA,,מלח ים במטחנה 90 גרם,גרמים,90.00,100 גרם,false,1,12.90,0.1433,true,1,9812
80273660,false,שום במטחנה 50 גרם,DROGHERIA E ALIMENTA,,שום במטחנה 50 גרם,גרמים,50.00,100 גרם,false,1,12.90,0.2580,true,1,9815
80473206,true,פפריקה מתוקה קנהמלה,קנהמלה,IT,פפריקה מתוקה אורגנית,גרמים,50.00,100 גרם,false,1,14.90,0.2980,true,1,202946
80541776,false,אורגנו אורגני,האי נאם סי או אל.טי.,IT,אורגנו אורגני,גרמים,14.00,100 גרם,false,1,14.90,1.0643,true,1,210191
80651000,false,"שום וצ""ילי במטחנה 30",DROGHERIA E ALIMENTA,,"שום וצ""ילי במטחנה 30 גרם",גרמים,30.00,100 גרם,false,1,12.90,0.4300,true,1,9865
80655404,true,שום גבישי אורגני,בנומנולי,IT,סנומאלה שום גבישי אורגני 70 גרם,גרמים,70.00,100 גרם,false,1,14.90,0.2129,true,1,202949
80655428,true,בזיליקום אורגני קנהמ,בנומנולי,IT,סנומאלה בזיליקום אורגני 15 גרם,גרמים,15.00,100 גרם,false,1,14.90,0.9933,true,1,202950
80718758,false,טונה בשמן זית בצנצנת,קליפו קונסרב,IT,גושי טונה בהירה בשמן זית,גרמים,160.00,100 גרם,false,1,21.90,0.1369,true,1,53388
80724353,false,ארטישוק מתובל 280 ג,מודנצטי ויה פראדה,IT,ארטישוק מתובל 280 גרם PONTI,גרמים,280.00,100 גרם,false,1,29.90,0.1068,true,1,207568
80761761,false,חטיף וופל קינדר בואנ,קדבורי,PL,חטיף וופל קינדר בואנו שוקולד לבן 39 גרם,גרמים,39.00,100 גרם,false,1,5.00,0.1282,true,1,73636
80768258,false,ביצת קינדר גוי ורוד,פררו,ZA,קינדר ג'וי ורוד,גרמים,20.00,100 גרם,false,1,6.00,0.3000,true,1,185293
80773429,false,מסטיק מנטוס פיור פרש,"פרפטי ואן מלה ג'ידה,",TR,מנטוס גומי לעיסה ללא סוכר בטעם תות שדה,גרמים,60.00,100 גרם,false,1,9.90,0.1650,true,1,202346
80773443,false,מסטיק מנטוס מנטה פיר,פרפטי ואן מלה ברדה,TR,מנטוס גומי לעיסה ללא סוכר בטעם מנטה,גרמים,60.00,100 גרם,false,1,9.90,0.1650,true,1,200612
80820956,false,לואקר חטיף פטיסרי אג,לואקר,IT,לואקר חטיף פטיסרי אגוז 21 גרם,גרמים,21.00,100 גרם,false,1,4.50,0.2143,true,1,235298
80831402,false,סוכרית מנטוס מנטה עד,קדבורי,NL,סוכרית מנטוס מנטה עדינה ללא סוכר,לא מנהל יחידת מידה,0.00,לא מנהל יחידת מידה,false,1,6.90,0.0000,true,1,212510
80843184,false,מסטיק בקבוקון פיור ע,פרפטי ואן מלה,TR,מסטיק בקבוקון פיור ענבים 60 גרם,גרמים,60.00,100 גרם,false,1,9.90,0.1650,true,1,235678
80864059,false,גרדנה חמאת בוטנים 38,לואקר,IT,גרדנה חמאת בוטנים 38 גרם,גרמים,38.00,100 גרם,false,1,4.50,0.1184,true,1,238919
80864295,false,מסטיק בקבקון מ.עדינה,פרפטי ואן מלה,TR,מסטיק בקבקון מ.עדינה pure white 60 גרם,גרמים,60.00,100 גרם,false,1,9.90,0.1650,true,1,236044
80874652,false,קינדר קארדס 25.6 גרם,פררו,IT,קינדר קארדס 25.6 גרם,גרמים,26.00,100 גרם,false,1,4.90,0.1885,true,1,240085
80913467,false,מסטיק מנטוס מנטה בקב,"אינסטנטה בע""מ",TR,mentos - pure fresh,גרמים,60.00,100 גרם,false,1,9.90,0.1650,true,1,200613
80936848,false,סוכריות טיק טק תות 1,קדבורי,ZA,טיק טק תות,גרמים,16.00,100 גרם,false,1,4.50,0.2813,true,1,184591
80945468,false,מסטיק בקבקון מ.מתוקה,פרפטי ואן מלה,TR,מסטיק בקבקון מ.מתוקה pure white 60 גרם,גרמים,60.00,100 גרם,false,1,9.90,0.1650,true,1,236045
80974482,false,ביצת קינדר גוי כחול,פררו,ZA,קינדר ג'וי כחול,גרמים,20.00,100 גרם,false,1,6.00,0.3000,true,1,185294
80982470,false,מסטיק מנטוס פיור מנט,פרפטי ואן מלה ברדה,TR,מסטיק מנטוס פיור מנטה חזקה 60 ג,גרמים,60.00,100 גרם,false,1,9.90,0.1650,true,1,215888
80986348,false,מסטיק בקבקון מנטה pu,פרפטי ואן מלה,TR,מסטיק בקבקון מנטה pure white 60 גרם,גרמים,60.00,100 גרם,false,1,9.90,0.1650,true,1,236046
85939868,false,נייר קצר ללא פילטר,,,נייר קצר ללא פילטר,יחידה,0.00,יחידה,false,1,3.00,0.0000,true,1,180901
85942677,false,נייר קצר כולל פילטר,,,נייר קצר כולל פילטר,Unknown,0.00,Unknown,false,1,6.00,0.0000,false,1,84137
85942707,false,נייר קצר עבה,,,נייר קצר עבה,Unknown,0.00,Unknown,false,1,3.00,0.0000,false,1,189879
85951730,false,120 פילטרים SLIM PAR,,,120 פילטרים SLIM PARTY,Unknown,0.00,Unknown,false,1,6.50,0.0000,false,1,78071
85966611,false,נייר גלגול גדול כולל,,,נייר גלגול גדול כולל פילטר PIH,יחידה,1.00,יחידה,false,1,7.50,7.5000,false,1,211281
85967069,false,נייר גלגול גדול כולל,,,נייר גלגול גדול כולל פילטר חום,יחידה,1.00,יחידה,false,1,8.00,8.0000,false,1,209315
85967076,false,נייר בינוני כולל פיל,,,נייר בינוני כולל פיל,יחידה,1.00,יחידה,false,1,7.00,7.0000,true,1,211280
87311396,false,סוכריות מנטוס ריינבא,קדבורי,NL,מנטוס  ריינבאוו סוכריות לעיסה בטעמי פירות 37.5 גרם,גרמים,38.00,100 גרם,false,1,3.90,0.1026,true,1,84584
90162602,false,משקה אנרגיה רד בול,רד בול ג'י.אם.בי. אץ,AT,"משקה אנרגיה רד בול 250 מ""ל",מיליליטרים,250.00,"100 מ""ל",false,1,8.00,0.0320,true,1,42148
90162800,false,משקה אנרגיה רד בול,רד בול ג'י.אם.בי. אץ,AT,רד בול,מיליליטרים,250.00,"100 מ""ל",false,1,8.00,0.0320,true,1,42149
8421361472,false,בובת TY עיניים גדולו,TY,,בובת TY עיניים גדולות הזהבה,Unknown,0.00,Unknown,false,1,29.90,0.0000,true,1,194178
9800800056,false,נוטלה גו בייגלה מלוח,פררו,DE,נוטלה גו בייגלה מלוח,גרמים,52.00,100 גרם,false,1,6.90,0.1327,true,1,197401
11182700954,false,שעועית שחורה קינג קו,קינג קול,,שעועית שחורה קינג קול 436 גרם,גרמים,436.00,100 גרם,false,1,10.90,0.0250,true,1,74387
11210000094,false,"רוטב טבסקו 60 מ""ל",מקאילהייני אייבורי,,"רוטב טבסקו 60 מ""ל",מיליליטרים,60.00,"100 מ""ל",false,1,11.90,0.1983,true,1,117
11210007253,false,רוטב טבסקו שום ופלפל,מקאילהייני אייבורי,,"רוטב טבסקו שום ופלפל 60 מ""ל",מיליליטרים,60.00,"100 מ""ל",false,1,11.90,0.1983,true,1,118
11210009387,false,רוטב טבסקו פלפל ירוק,מקאילהייני אייבורי,,"רוטב טבסקו פלפל ירוק 60 מ""ל",מיליליטרים,60.00,"100 מ""ל",false,1,11.90,0.1983,true,1,119
14100078609,false,עוגיות דאבל שוקולד פ,פפרדג פארם,,עוגיות דאבל שוקולד פפרידג 220 גרם,גרמים,220.00,100 גרם,false,1,19.90,0.0905,true,1,41480
14100089001,false,עוגיות מונטוק שוקולד,,,עוגיות מונטוק שוקולד חלב פפרידג 244 גרם,גרמים,244.00,100 גרם,false,1,19.90,0.0816,true,1,87343
16000142220,false,נייטצר ואלי פרוטאין,ג'נרל מילס,US,נייטצר ואלי פרוטאין XL בוטנים קרמל מלוח,גרמים,60.00,100 גרם,false,1,11.90,0.1983,true,1,237013
16000185517,false,דגני פייבר 1 555גרם,בטר אנד דיפרנט,US,דגני פייבר 1 555גרם,גרמים,555.00,100 גרם,false,1,29.90,0.0539,true,1,236340
16000423534,false,חטיפי גרנולה קראנצי,ג'נרל מילס סאן אדריא,ES,חטיפי גרנולה קראנצי שיבולת שועל מריר 210,גרמים,210.00,100 גרם,false,1,14.90,0.0710,true,1,74319
16000548404,false,חטיפי גרנולה קראנצי,ג'נרל מילס סאן אדריא,ES,"נייטשר וואלי, קראנצ'י שיבולת שועל עם דבש",גרמים,210.00,100 גרם,false,1,14.90,0.0710,true,1,803
16000548503,false,חטיפי גרנולה קראנצי,ג'נרל מילס סאן אדריא,ES,חטיפי גרנולה קראנצי מייפל וסוכר חום 210,גרמים,210.00,100 גרם,false,1,14.90,0.0710,true,1,804
16000548602,false,חטיפי גרנולה קראנצי,ג'נרל מילס סאן אדריא,ES,חטיפי גרנולה קראנצי קינמון 210 גרם,גרמים,210.00,100 גרם,false,1,14.90,0.0710,true,1,805
16000548909,false,חטיפי גרנולה קראנצי,ג'נרל מילס סאן אדריא,ES,חטיפי גרנולה קראנצי מגוון טעמים 210 גרם,גרמים,210.00,100 גרם,false,1,14.90,0.0710,true,1,806
16229924263,true,קרם קוקוס 250 מל,,,קרם קוקוס 250 מל,Unknown,0.00,Unknown,false,1,9.90,0.0000,true,1,215484
18000701223,false,תערובת להכנת עוגת שו,הדקלאים אגודת שיתופי,IL,תערובת להכנת עוגת שוקולד פילסברי 500 גרם,גרמים,500.00,100 גרם,false,1,17.90,0.0358,true,1,920
18000703494,false,תערובת לעוגת וניל,הדקלאים אגודת שיתופי,IL,תערובת לעוגה וניל פילסברי,גרמים,524.00,100 גרם,false,1,17.90,0.0342,true,1,921
18000703517,false,תערובת לעוגת שיש,הדקלאים אגודת שיתופי,IL,תערובת לעוגת שיש 559 גר                .,גרמים,559.00,100 גרם,false,1,17.90,0.0320,true,1,922
22200956932,false,"ג""ל כחול ספיד סטיק 2",הנסיך- מפעל לייצור ט,US,דאודורנט 24/7 ג'ל כחול ספיד סטיק,מיליליטרים,85.00,"100 מ""ל",false,1,21.90,0.2576,true,1,1612
22224500715,false,סוויט כאוס פופקורן ע,קניז קודי קומפוני,US,סוויט כאוס פופקורן עם חמאת בוטנים ושוקלד 156 גרם,גרמים,156.00,100 גרם,false,1,24.90,0.1596,true,1,235182
24100577163,false,ציז איט קלאסי מיקס ח,"קלוגס בריטניה בע""ם",US,ציז איט קלאסי מיקס חטיפי גבינה 127 גרם,גרמים,127.00,100 גרם,false,1,12.90,0.1016,true,1,233806
25675301108,false,מקלות חמוצים פשקס תו,פאסין,,מקלות חמוצים פשקס תות 50 גרם,גרמים,50.00,100 גרם,false,1,7.00,0.1400,true,1,25029
25675301184,false,מקלות חמוצים קולה 50,יושלם,,מקלות חמוצים קולה 50 גרם,גרמים,50.00,100 גרם,false,1,7.00,0.1400,true,1,25030
25700005650,false,זיפלוק שקיות הקפאה ג,אס.סי גונוסון,US,זיפלוק שקיות הקפאה גדולות 14 יח,יחידה,1.00,יחידה,false,1,13.90,13.9000,true,1,214490
25700005681,false,זיפלוק סליידר בינוני,אס.סי גונוסון,US,יפלוק סליידר בינוניות 20יח,יחידה,1.00,יחידה,false,1,16.90,16.9000,true,1,232481
30100487197,false,קיבלר קרקר גבינת צדר,"מאכלי עולם ר.ז. בע""מ",,קיבלר קרקר גבינת צדר לבן 39 גרם,גרמים,39.00,100 גרם,false,1,4.00,0.1026,true,1,187773
30100545101,false,קיבלר קרקר קלאב צדר,"מאכלי עולם ר.ז. בע""מ",,קיבלר קרקר קלאב צדר כתום 39 גרם,גרמים,39.00,100 גרם,false,1,4.00,0.1026,true,1,185453
31200001597,false,חמוציות מומתקים  גת,,,חמוציות מומתקים ומיובשים170 גר,גרמים,170.00,100 גרם,false,1,13.90,0.0818,true,1,15478
33617322616,false,פת פריכה ואזה מקמח ש,כלורוקס אוקלנד,DE,ווזה פת פריכה קלה מקמח שיפון 270 גרם,גרמים,270.00,100 גרם,false,1,13.90,0.0515,true,1,78397
34000196173,false,שוקולד קוקיס אנד קרי,הרשי,,שוקולד קוקיס אנד קרים 120 גרם,גרמים,120.00,100 גרם,false,1,9.90,0.0825,true,1,198194
34000312177,false,סירופ שוקולד למאפים,הרשי,,סירופ שוקולד למאפים  קינוחים,גרמים,680.00,100 גרם,false,1,20.90,0.0307,true,1,182998
34000442652,false,שוקולד ממולא קרם בוט,הרשי,,שוקולד ממולא קרם בוטנים 121 גרם,גרמים,121.00,100 גרם,false,1,9.90,0.0818,true,1,203908
34000470228,false,שוקולד חלב מיני ריזס,הרשי,,שוקולד חלב מיני ריזס 70 גרם,גרמים,70.00,100 גרם,false,1,6.90,0.0986,true,1,182616
34000544028,false,טוויזלרס  ממתק בטעם,הרשי,,טוויזלרס  ממתק בטעם תות 198 גרם,גרמים,198.00,100 גרם,false,1,8.90,0.0449,true,1,22270
36000183399,false,חיתולי האגיס שחיה מי,KC Czech,,חיתולי האגיס שחיה מידה S/M,לא מנהל יחידת מידה,0.00,לא מנהל יחידת מידה,false,1,42.90,0.0000,true,1,3432
36000516876,false,קלינקס לושן 75 - 3 ש,קימברלי,GB,קלינקס לושן 75 - 3 שכבות,יחידה,27.00,יחידה,false,1,12.90,0.4778,true,1,211205
36000516890,false,קלינקס לושן אלוורה 1,קימברלי,GB,קלינקס לושן אלוורה 120 - 3 שכבות,יחידה,24.00,יחידה,false,1,17.90,0.7458,true,1,211204
37600207188,false,חמאת בוטנים סקיפי קל,פלזנסקי,US,חמאת בוטנים סקיפי קלאסיק 462 גרם,גרמים,462.00,100 גרם,false,1,20.90,0.0452,true,1,187317
37600207256,false,חמאת בוטנים סקיפי בו,פלזנסקי,US,חמאת בוטנים סקיפי עם שברי בוטנים 462 גרם,גרמים,462.00,100 גרם,false,1,24.90,0.0539,true,1,187438
37600297943,false,439גרם  CHI-CHISמטבל,,US,439גרם  CHI-CHISמטבל סלסה חריף,גרמים,439.00,100 גרם,false,1,16.90,0.0385,true,1,240281
38000138638,false,פרינגלס פיצה 158 גרם,לני אנד לארי,US,פרינגלס פיצה 158 גרם,גרמים,158.00,100 גרם,false,1,9.90,0.0627,true,1,198138
38000138720,false,פרינגלס ראנץ 158 גרם,פרינגלס מניופקצ'ורינ,US,פרינגלס ראנץ 158 גרם,גרמים,158.00,100 גרם,false,1,9.90,0.0627,true,1,205040
38000183690,true,פרינגלס ברביקיו מידי,פרינגלס מניופקצ'ורינ,US,פרינגלס ברביקיו מידי חלבי 74 גרם,גרמים,74.00,100 גרם,false,1,5.90,0.0797,true,1,206017
38000197840,false,פרינגלס גלי חריף מתו,פרינגלס מניופקצ'ורינ,US,פרינגלס גלי חריף מתוק 137 גרם,גרמים,137.00,100 גרם,false,1,9.90,0.0723,true,1,213976
38000202278,false,פרינגלס גלי  אורגינל,פרינגלס מניופקצ'ורינ,US,פרינגלס גלי  אורגינל 130 גרם,גרמים,130.00,100 גרם,false,1,9.90,0.0762,true,1,213975
38000232152,false,פרינגלס ברביקיו 158ג,פרינגלס מניופקצ'ורינ,US,פרינגלס ברביקיו 158גרם,גרמים,158.00,100 גרם,false,1,9.90,0.0627,true,1,211570
38000232169,false,פרינגלס מידי אורגינל,פרינגלס מניופקצ'ורינ,US,פרינגלס מידי אורגינל 67גרם,גרמים,67.00,100 גרם,false,1,5.90,0.0881,true,1,211571
38000232176,false,פרינגלס שמנת בצל 158,פרינגלס מניופקצ'ורינ,US,פרינגלס שמנת בצל 158גרם,גרמים,158.00,100 גרם,false,1,9.90,0.0627,true,1,211569
38000232183,false,פרינגלס אורגינל 149,פרינגלס מניופקצ'ורינ,US,פרינגלס אורגינל 149 גרם,גרמים,149.00,100 גרם,false,1,9.90,0.0664,true,1,211568
38000845253,false,פרינגלס מידי שמנת בצ,פרינגלס מנופקצורינג,US,פרינגלס מידי שמנת בצל 71 גרם,גרמים,71.00,100 גרם,false,1,5.90,0.0831,true,1,206015
38527591053,false,דגני קוואקר מרובעים,BEVERAGES FOODS & SE,,דגני קוואקר מרובעים קינמון 411 גרם,גרמים,411.00,100 גרם,false,1,21.90,0.0533,true,1,79788
38527591060,false,דגני קוואקר מרובעים,BEVERAGES FOODS & SE,,דגני קוואקר מרובעים סוכר חום 411 גרם,גרמים,411.00,100 גרם,false,1,21.90,0.0533,true,1,80402
39000008006,false,אורטגה טאקו מקסיקני,בי אנד גי,US,אורטגה טאקו מקסיקני 12 יחידות 164 גרם,גרמים,164.00,100 גרם,false,1,22.90,0.1396,true,1,60203
40000123415,false,כרזה    1X,ארסלן,,כרזה    1X,Unknown,0.00,Unknown,false,1,6.90,0.0000,true,1,3987
40000513568,false,m&m שוקולד 156 גרם,מארס,US,m&m שוקולד 156 גרם,גרמים,156.00,100 גרם,false,1,12.90,0.0827,true,1,208238
40000513582,false,m&m בוטנים 156 גרם,מארס,US,m&m בוטנים 156 גרם,גרמים,156.00,100 גרם,false,1,12.90,0.0827,true,1,208239
40000514480,false,סוכריות M&M בטעם שוק,מרס נדרלנד,,סוכריות M&M בטעם שוקולד 48 גרם,גרמים,48.00,100 גרם,false,1,5.80,0.1208,true,1,197263
40000514510,false,סוכריות שוקולד M&M,מרס נדרלנד,,סוכריות שוקולד M&M  בוטנים 49 גרם,גרמים,49.00,100 גרם,false,1,5.80,0.1184,true,1,196957
40000555391,false,M&Ms  בראוניז 40 גרם,מרס ריגלי קונפקשונרי,US,M&Ms  בראוניז 40 גרם,גרמים,40.00,100 גרם,false,1,5.80,0.1450,true,1,237012
41190032518,false,שופרייט חרדל חום מתו,ווקפרן פוד קורפ,US,שופרייט חרדל חום מתובל 340 גרם,גרמים,340.00,100 גרם,false,1,10.90,0.0321,true,1,208863
41190064533,false,רוטב סלסה בחריפות מע,ווקפרן פוד קורפ,US,רוטב סלסה בחריפות מעודנת 439 גרם,גרמים,439.00,100 גרם,false,1,17.90,0.0408,true,1,233474
41190064564,false,רוטב סלסלה חריפה 439,ווקפרן פוד קורפ,US,רוטב סלסלה חריפה 439 גרם,גרמים,439.00,100 גרם,false,1,17.90,0.0408,true,1,233473
41321005459,false,ווישבון רוטב סגנון א,פיניקל פודס גרופ,US,"ווישבון רוטב סגנון איטלקי 444 מ""ל",גרמים,444.00,100 גרם,false,1,22.90,0.0516,true,1,206729
41390000058,false,רוטב טריאקי קיקומן 2,קדבורי,US,"רוטב טריאקי קיקומן 296 מ""ל",מיליליטרים,296.00,"100 מ""ל",false,1,23.90,0.0807,true,1,4340
44600300580,false,כלורקס קלין אפ פרש 9,כלורוקס אוקלנד,US,כלורקס קלין אפ פרש 946 מל,מיליליטרים,946.00,"100 מ""ל",false,1,19.90,0.0210,true,1,233293
46214382259,false,עוגיות בראוניס,בנקטבקריי מרבה בי.וי,NL,"עוגיות בראוניס 225 גר                  """,גרמים,225.00,100 גרם,false,1,9.90,0.0440,true,1,4796
46214731552,false,עוגיות שוקולד ציפס מ,קריניציה ויטמינה אס,NL,מרבה עוגיות עם 37% שוקולד צ'יפס 225 גרם,גרמים,225.00,100 גרם,false,1,9.90,0.0440,true,1,4797
47495112900,false,חטיף תאנים ואוכמניות,בלה פור בייקרי,,חטיף תאנים ואוכמניות פיג בר 57 גרם,גרמים,57.00,100 גרם,false,1,6.90,0.1211,true,1,206503
47495117806,false,חטיף תאנים פיג בר 57,בלה פור בייקרי,,חטיף תאנים פיג בר 57 גרם,גרמים,57.00,100 גרם,false,1,6.90,0.1211,true,1,206501
47997130204,false,תערובת תיבול לסלמון,מגיק סיזנינג בלנד,US,תערובת תיבול לסלמון 198 גר,גרמים,198.00,100 גרם,false,1,22.90,0.1157,true,1,195937
49568200347,false,וגה מיונז טבעוני מופ,אריויה,,וגה מיונז טבעוני מופחת שומן  340 גרם,גרמים,340.00,100 גרם,false,1,23.90,0.0703,true,1,198557
49568720340,false,מיונז ציפוטלה טבעוני,ארת' איילנד,,מיונז ציפוטלה טבעוני 340 גרם,גרמים,340.00,100 גרם,false,1,28.90,0.0850,true,1,199411
49568730349,false,וגה מיונז פסטו טבעונ,ארת' איילנד,,וגה מיונז פסטו טבעוני 340 גרם,גרמים,340.00,100 גרם,false,1,28.90,0.0850,true,1,199410
50000100347,false,פריסקיז מעדני החתול,פורינה,US,פריסקיז מעדני החתול מועשר בחלב 1.4קג,קילוגרמים,1.40,"ק""ג",false,1,35.90,25.6429,true,1,30365
50000168583,false,פריסקיז אקסטרא קראנץ,פורינה,US,פריסקיז אקסטרא קראנץ 1.47 קג,קילוגרמים,1.47,"ק""ג",false,1,35.90,24.4218,true,1,215898
50000397587,false,נסטלה אבקת שוקו חלב,נסטלה,US,נסטלה אבקת שוקו חלב 121 גרם,גרמים,121.00,100 גרם,false,1,20.90,0.1727,true,1,206725
51500255162,false,JIF חמאת בוטנים 454,ג'י.אס.קיי קונסיומר,US,JIF חמאת בוטנים 454 גרם,גרמים,454.00,100 גרם,false,1,17.90,0.0394,true,1,235642
52100002460,false,תערובת תיבול לעוף וד,מקרומיק,US,תערובת תיבול לעוף ודג 77 גרם,גרמים,77.00,100 גרם,false,1,19.90,0.2584,true,1,205943
52100004488,false,פפריקה 60 גרם,מקרומיק,US,פפריקה 60 גרם,גרמים,60.00,100 גרם,false,1,21.90,0.3650,true,1,205945
52100006260,false,אבקת שום 88 גרם,מקרומיק,US,אבקת שום 88 גרם,גרמים,88.00,100 גרם,false,1,26.90,0.3057,true,1,205948
52100030043,false,פלפל שחור טחון גס 42,מקרומיק,US,פלפל שחור טחון גס 42 גרם,גרמים,42.00,100 גרם,false,1,19.90,0.4738,true,1,205944
52100034898,false,תמצית ליים טהורה 29,מקורמיק,US,"תמצית ליים טהורה 29 מ""ל",מיליליטרים,29.00,"100 מ""ל",false,1,16.90,0.5828,true,1,231819
52100136387,false,פלפל שום במטחנה,מקורמיק,FR,פלפל שום במטחנה 34 גרם,גרמים,34.00,100 גרם,false,1,19.90,0.5853,true,1,205941
52100746043,false,תערובת פלפלים במטחנה,מקורמיק,FR,תערובת פלפלים במטחנה 24 גרם,גרמים,24.00,100 גרם,false,1,17.90,0.7458,true,1,205939
52600751219,true,ממרח מרשמלו בטעם וני,,,ממרח מרשמלו בטעם וניל213 גרם,גרמים,213.00,100 גרם,false,1,16.90,0.0793,true,1,209817
52600751233,false,ממרח מרשמלו בטעם תות,Duracell,US,ממרח מרשמלו בטעם תות213גרם,גרמים,213.00,100 גרם,false,1,16.90,0.0793,true,1,209819
55369901673,false,מחית אפרסק ללא סוכר,ליייהי אורצ'רדס,,מחית אפרסק ללא סוכר אפלסנקס רביעייה,גרמים,113.00,100 גרם,false,1,14.90,0.1319,true,1,61327
55369901703,false,מחית תות שדה ללא סוכ,ליייהי אורצ'רדס,,מחית תות שדה ללא סוכר אפלסנקס רביעייה,גרמים,113.00,100 גרם,false,1,14.90,0.1319,true,1,57620
55369902342,false,רסק תפוחי עץ אפלסנק,לייהי אורצרדס,CA,רסק תפוחי עץ אפלסנקס    680 גרם,גרמים,680.00,100 גרם,false,1,14.90,0.0219,true,1,127763
55369902564,false,מחית תפוחי עץ ללא סו,ליייהי אורצ'רדס,,מחית תפוחי עץ ללא סוכר אפלסנקס רביעייה,גרמים,113.00,100 גרם,false,1,14.90,0.1319,true,1,58618
55369903295,false,רסק תפוחי עץ ללא תוס,לייהי אורצרדס,CA,רסק תפוחי עץ ללא תוספת סוכר אפלסנקס 652,גרמים,452.00,100 גרם,false,1,14.90,0.0330,true,1,198864
58449450030,true,NATURS PATHדייסת מיי,נייצרס פת,US,NATURS PATHדייסת מייפל ואגוז לוז,גרמים,400.00,100 גרם,false,1,33.90,0.0847,true,1,32387
58449450047,false,NATURS PATHדייסת שיב,נייצר וואלי,,NATURS PATHדייסת שיבולת שועל תפוח קינמון,גרמים,400.00,100 גרם,false,1,33.90,0.0847,true,1,34131
58449860013,false,דגני בוקר אמאזון אור,נייצר וואלי,,דגני בוקר אמאזון אורגני 400 גרם,גרמים,400.00,100 גרם,false,1,28.90,0.0722,true,1,25728
58449860075,true,לאמור דגני שוקולד וח,נייצרס פת,US,לאמור דגני שוקולד וחמאת בוטנים 284גר,גרמים,284.00,100 גרם,false,1,28.90,0.1018,true,1,204777
58449870241,false,דגני  שוקו שימפס כדו,ניישר פאט',US,דגני  שוקו שימפס כדורוני תירס  קקאו ללג,גרמים,284.00,100 גרם,false,1,28.90,0.1018,true,1,232804
63517877152,false,פרנקיז חטיף אורגני ח,,CA,פרנקיז חטיף אורגני חלפניו עם אורז מלא וק,גרמים,113.00,100 גרם,false,1,19.90,0.1761,true,1,237020
64144090020,false,PAM תרסיס שמן זית 14,קונאגרה פודס,,"PAM תרסיס שמן זית 148 מ""ל",מיליליטרים,148.00,"100 מ""ל",false,1,18.90,0.1277,true,1,82218
64144090051,false,PAM תרסיס שמן קנולה,קונאגרה פודס,,"PAM תרסיס שמן קנולה 148 מ""ל",מיליליטרים,148.00,"100 מ""ל",false,1,18.90,0.1277,true,1,190456
70177077563,false,תה טווינינג ארל גריי,אר. טווינינגס אנד קו,PL,תה טווינינג ארל גריי 50 גרם,גרמים,50.00,100 גרם,false,1,18.90,0.3780,true,1,198862
70177077693,false,תה אינגליש טוונינג 5,אר. טווינינגס אנד קו,PL,1X12X50G אינגליש ברקפסט,גרמים,50.00,100 גרם,false,1,18.90,0.3780,true,1,197555
70177078775,true,תה ליידי,אר. טווינינגס אנד קו,PL,תה שחור בטעם הדרים,גרמים,50.00,100 גרם,false,1,18.90,0.3780,true,1,191238
70177086664,false,תה ירוק טהור 25 שק,טוינינג,GB,טווינינג תה ירוק טהור 25 שק,גרמים,50.00,100 גרם,false,1,21.90,0.4380,true,1,53070
70970473562,false,מייק אנד אייק מגה מי,ג'אסט בורן,,מייק אנד אייק מגה מיקס 141 גרם,גרמים,141.00,100 גרם,false,1,9.90,0.0702,true,1,200476
71570001667,false,גלי בלי סוכריות גלי,ג'לי בלי קינדי,TH,גלי בלי סוכריות גלי 20טעמים 70 גרם,גרמים,70.00,100 גרם,false,1,11.90,0.1700,true,1,229168
71570001841,false,גלי בלי סוכריות גליב,ג'לי בלי קינדי,TH,גלי בלי סוכריות גליבטעם חמוצים 70 גרם,גרמים,70.00,100 גרם,false,1,11.90,0.1700,true,1,229170
71570001858,false,גלי בלי סוכריות גליב,ג'לי בלי קינדי,TH,גלי בלי סוכריות גליבטעם פירות 70 גרם,גרמים,70.00,100 גרם,false,1,11.90,0.1700,true,1,229169
72600062290,false,חטיף בטעם מגבינה 198,הר פודס,US,חטיף גבינה חלפניו חריף 198 גרם,גרמים,198.00,100 גרם,false,1,26.90,0.1359,true,1,194898
72600062306,false,חטיף גבינה הר 198 גר,הר פודס,,חטיף גבינה הר 198 גרם,גרמים,198.00,100 גרם,false,1,26.90,0.1359,true,1,192094
72600062313,false,חטיף גבינה בטעם בופא,הר פודס,,חטיף גבינה בטעם בופאלו כחולה 198 גרם,גרמים,198.00,100 גרם,false,1,26.90,0.1359,true,1,198865
72600062740,false,"חטיף תפו""א קטל מלח ו",הר פודס,US,"חטיף תפו""א קטל מלח וחומץ 170 גרם",גרמים,170.00,100 גרם,false,1,22.90,0.1347,true,1,229491
74570610051,false,גלידת שמנת שוקלד בלג,האגן דאז,,"גלידת שמנת שוקלד בלגי 473 מ""ל",מיליליטרים,473.00,"100 מ""ל",false,1,22.90,0.0484,true,1,9289
75810021255,false,רוטב תמרי ללא גלוטן,סאן גיי אינטרנשיונל,,"רוטב תמרי ללא גלוטן סאן גיי 296 מ""ל",מיליליטרים,296.00,"100 מ""ל",false,1,29.90,0.1010,true,1,207417
76840001743,false,פינט בצק עוגיות ללא,בן & ג'ריס,IL,פינט בצק עוגיות ללא חלב 473 גרם,גרמים,473.00,100 גרם,false,1,29.90,0.0632,true,1,209048
76840001767,false,גלידה בן&גרי wake &,מוצרי איכות אמריקאים,IL,"גלידה בן&גרי wake & no bake core 500 מ""ל",גרמים,500.00,100 גרם,false,1,23.90,0.0478,true,1,212052
76840001774,false,בצק עוגות שוקולד ציפ,מוצרי איכות אמריקאים,IL,"גלידה בן&גרי שוקולד צפס קור 500מ""ל",גרמים,500.00,100 גרם,false,1,23.90,0.0478,true,1,212051
76840002542,false,פיינט נטפליקס וצילד,מוצרי איכות אמריקאים,IL,פיינט נטפליקס וצילד,גרמים,500.00,100 גרם,false,1,23.90,0.0478,true,1,212602
76840002566,false,גלידה בן&גרי נטפליקס,בן & ג'ריס,US,"גלידה בן&גרי נטפליקס ללא חלב 500 מ""ל",מיליליטרים,500.00,"100 מ""ל",false,1,29.90,0.0598,true,1,212601
76840100156,false,גלידה צרי גרסיה 500,מוצרי איכות אמריקאיי,,"גלידה צרי גרסיה 500 מ""ל",מיליליטרים,500.00,"100 מ""ל",false,1,23.90,0.0478,true,1,97452
76840100583,false,גלידה בצק עוגיות 473,מוצרי איכות אמריקאיי,,"גלידה בצק עוגיות 473 מ""ל",מיליליטרים,473.00,"100 מ""ל",false,1,23.90,0.0505,true,1,66749
76840400027,false,"גלידה שוקולד 500 מ""ל",מוצרי איכות אמריקאיי,,"גלידה שוקולד 500 מ""ל",מיליליטרים,500.00,"100 מ""ל",false,1,23.90,0.0478,true,1,9345
76840400218,false,גלידה עוגת גבינה ותו,מוצרי איכות אמריקאיי,,"גלידה עוגת גבינה ותות שדה 473 מ""ל",מיליליטרים,473.00,"100 מ""ל",false,1,23.90,0.0505,true,1,183583
76840657841,false,גלידה בן&גרי סלייס ב,מוצרי איכות אמריקאים,IL,גלידה בן&גרי סלייס בצק עוגיות 82 גרם,גרמים,82.00,100 גרם,false,1,8.90,0.1085,true,1,211376
77245110610,false,סוכריות מאסט מנטה לל,MIESZKO S.A - MS. JO,,סוכריות מאסט מנטה ללא סוכר 80 גרם,גרמים,80.00,100 גרם,false,1,8.90,0.1113,true,1,14248
77343000233,false,נרות חימום אורה 50,מנורה,IL,נרות חימום אורה 50,יחידה,1.00,יחידה,false,1,12.90,12.9000,true,1,196689
77343002213,false,מיני מנגל חד פעמי,טיי פרידה,CN,מיני מנגל חד פעמי,יחידה,1.00,יחידה,false,1,13.90,13.9000,true,1,212711
77975094624,false,שברי בייגלה סניידרס,סניידרס,US,שברי בייגלה סניידרס חמאת בוטנים 283 גרם,גרמים,284.00,100 גרם,false,1,17.90,0.0630,true,1,213748
77975094761,false,סניידרס בטעם צדר 340,סניידרס,US,סניידרס בטעם צדר 340 גרם,גרמים,340.00,100 גרם,false,1,17.90,0.0526,true,1,215809
78300098362,false,פלייטקס רגולר סופר ס,אנרג'ייזר,,פלייטקס רגולר סופר סימפלי גנטל גלייד18,יחידה,1.00,יחידה,false,1,26.90,26.9000,true,1,207975
80432402931,false,וויסקי שיבאס ריגאל,"איי, בי, אינבוו",GB,"וויסקי סקוטי, שיבאס ריגאל 12 שנה, 700 מ''ל",מיליליטרים,700.00,"100 מ""ל",false,1,139.90,0.1999,true,1,188031
80480280048,false,וודקה גריי גוס 200 מ,בקרדי מרטיני,FR,"וודקה גריי גוס 200 מ""ל",מיליליטרים,200.00,"100 מ""ל",false,1,49.90,0.2495,true,1,204299
80518532743,false,שקית בלון 50 בלונים,NORTHERN,,שקית בלון 50 בלונים,מיליליטרים,0.00,"100 מ""ל",false,1,15.90,0.0000,true,1,9830
84213017475,false,מיסלי אורגני עם פירו,מסטמכר,,מיסלי אורגני עם פירות יבשים 500 גרם,גרמים,500.00,100 גרם,false,1,20.90,0.0418,true,1,10275
85696607207,false,טופו מרינו 340 גר,פסיפיק נוטרישונל פוד,,טופו מרינו 340 גרם,גרמים,340.00,100 גרם,false,1,12.90,0.0379,true,1,188193
85696608044,false,טופו ללא גלוטן 349 ג,Morinaga NUTRITIONAL,US,טופו ללא גלוטן מרינו 340  גרם,גרמים,340.00,100 גרם,false,1,10.90,0.0321,true,1,188242
89397344348,false,רוטב פסטה +שום צלוי.,ג'יאובני פוד אינק,,רוטב פסטה עם שום קלוי דיניקולה,גרמים,737.00,100 גרם,false,1,15.90,0.0216,true,1,38650
89397344362,false,רוטב פסטה קלאסי דיני,ג'יאובני פוד אינק,,רוטב פסטה קלאסי דיניקולה 737 גרם,גרמים,737.00,100 גרם,false,1,17.90,0.0243,true,1,85296
93133675030,true,רוטב בוטנים בסגנון ת,,,רוטב בוטנים בסגנון תאילנדי 566 גרם,גרמים,566.00,100 גרם,false,1,39.90,0.0705,true,1,209761
195480030088,false,בלוק צמקאו חום אופנה,אופנהיימר,IL,בלוק צמקאו חום אופנהיימר 300 גרם,גרמים,300.00,100 גרם,false,1,8.90,0.0297,true,1,207561
413900010558,false,רוטב סויה קיקומן ליי,קיקומן פודז אינק,,"רוטב סויה קיקומן לייט 296 מ""ל",מיליליטרים,296.00,"100 מ""ל",false,1,22.90,0.0774,true,1,4341
608614307135,false,חסה סלנובה 160 גרם,חקלאי,IL,חסה סלנובה 160 גרם,גרמים,300.00,100 גרם,false,1,12.90,0.0430,true,1,202787
613008742348,false,אריזונה גנסנג ודבש ב,"נטורלה גטרנק בע""מ",DE,אריזונה גנסנג ודבש בקבוק 1 ליטר,ליטרים,1.00,ליטר,false,1,12.90,12.9000,true,1,212799
613008742409,false,אריזונה אפרסק בקבוק,"נטורלה גטרנק בע""מ",DE,אריזונה אפרסק בקבוק 1 ליטר,ליטרים,1.00,ליטר,false,1,12.90,12.9000,true,1,212798
613008753290,false,אריזונה אפרסק 450 מל,לני אנד לארי,BG,אריזונה אפרסק 450 מל,מיליליטרים,450.00,"100 מ""ל",false,1,8.50,0.0189,true,1,207915
613008753320,false,אריזונה גינסנג ודבש,לני אנד לארי,BG,אריזונה גינסנג ודבש 450 מל,מיליליטרים,450.00,"100 מ""ל",false,1,8.50,0.0189,true,1,207916
613008753382,false,אריזונה אוכמניות 450,לני אנד לארי,BG,אריזונה אוכמניות 450 מל,מיליליטרים,450.00,"100 מ""ל",false,1,8.50,0.0189,true,1,207914
613008755461,false,אריזונה אוכמניות בקב,"נטורלה גטרנק בע""מ",DE,אריזונה אוכמניות בקבוק 1 ליטר,ליטרים,1.00,ליטר,false,1,12.90,12.9000,true,1,212797
633824913432,false,וודקה ואן גוך אסאי ב,מזקקת דירקזוואכר סכי,,"וודקה ואן גוך אסאי בלוברי בקבוק 750 מ""ל",מיליליטרים,750.00,"100 מ""ל",false,1,149.90,0.1999,true,1,179892
638102201010,false,חטיף זון קלאסיק שוקו,"אבוט נוטרישן, מעבדות",US,חטיף זון קלאסיק שוקולד חמאת בוטנים,גרמים,50.00,100 גרם,false,1,12.90,0.2580,true,1,209172
638102532817,false,חטיף זון דאבל שוקולד,"אבוט נוטרישן, מעבדות",US,חטיף זון דאבל שוקולד,גרמים,50.00,100 גרם,false,1,12.90,0.2580,true,1,207159
644209405923,false,דנקן היינס ציפוי מוק,רוזקםבייקינג קומפני,US,דנקן היינס ציפוי מוקצף וניל 397 גרם,גרמים,397.00,100 גרם,false,1,19.90,0.0501,true,1,206726
644209405930,false,דנקן היינס ציפוי מוק,רוזקםבייקינג קומפני,US,דנקן היינס ציפוי מוקצף שוקולד 397 גרם,גרמים,397.00,100 גרם,false,1,19.90,0.0501,true,1,206727
645692555942,false,פפושדו מצה עשירה מרו,TLV צ'יף,IL,מצה עשירה עוגיות יין לפסח 400 גרם,גרמים,400.00,100 גרם,false,1,10.90,0.0273,true,1,51577
645692555966,false,פפושדו מצה עשירה פרח,TLV צ'יף,IL,מצה עשירה עוגיות יין לפסח 400 גרם,גרמים,400.00,100 גרם,false,1,10.90,0.0273,true,1,51579
645692556017,false,עוגיות יין מצופה 300,מולינו ניקולי s.p.a,IL,עוגיות יין מצופה 300 גר,גרמים,300.00,100 גרם,false,1,10.90,0.0363,true,1,51580
645692556024,false,עוגיות יין חצי מצופה,מולינו ניקולי s.p.a,IL,עוגיות יין חצי מצופה 300גר,גרמים,300.00,100 גרם,false,1,10.90,0.0363,true,1,51581
651080161510,false,קיסמים לשיניים פלאקר,מיוצר עי קונדיטוריית,CN,"פלקרס קיסם עם חוט, 35 יחידות",יחידה,1.00,יחידה,false,1,11.90,11.9000,true,1,199659
651080647519,false,קיסמים לשיניים פלאקר,המאפיה של הרמן,US,פלאקרס פלוסר חוט דנטלי ירוק -מנטה,יחידה,1.00,יחידה,false,1,11.90,11.9000,true,1,199660
653694000117,false,רוטב AH חזרת 454 גרם,GALLO,US,רוטב AH חזרת 454 גרם,גרמים,454.00,100 גרם,false,1,21.90,0.0482,true,1,232031
686412282984,false,טונה לבנה בשמן זית (,אורטיז,ES,טונה לבנה בשמן זית (צנצנת)220 גרם ORTIZ,גרמים,220.00,100 גרם,false,1,41.90,0.1905,true,1,213872
693493010788,false,נאצוס בטעם ברביקיו 2,או. קיי סניקס,DK,נאצוס בטעם ברביקיו 200 גרם,גרמים,200.00,100 גרם,false,1,13.90,0.0695,true,1,239236
693493010818,false,נאצוס בטעם טבעי 200,או. קיי סניקס,DK,נאצוס בטעם טבעי 200 גרם,גרמים,200.00,100 גרם,false,1,13.90,0.0695,true,1,239237
693493075640,false,עוגיות זיו בראוניז 3,זיו,IL,עוגיות זיו בראוניז 300גרם,גרמים,300.00,100 גרם,false,1,34.90,0.1163,true,1,234025
693493102575,false,שרי ארוז יחידות 450,חקלאי,IL,שרי ארוז יחידות 450 גרם,גרמים,450.00,100 גרם,false,1,9.90,0.0220,true,1,213903
721733000739,false,פטרון סילבר 700 מל,פטרון דיסטרליס,MX,טקילה פטרון סילבר 700 מל,מיליליטרים,700.00,"100 מ""ל",false,1,169.90,0.2427,true,1,214096
728229123590,false,טרה ירקות בטעם טבעי,הונדורס צ'יפס יצור א,HN,טרה חטיף על בסיס ירקות שורש בטעם טבעי 110 גרם,גרמים,110.00,100 גרם,false,1,14.90,0.1355,true,1,36817
728229123811,false,טרה ירקות ים תיכוני,הונדורס צ'יפס יצור א,HN,טרה ירקות ים תיכוני 110 גרם,גרמים,110.00,100 גרם,false,1,14.90,0.1355,true,1,36819
728229130154,false,טרה בטטה וסלק טבעי 1,הונדורס צ'יפס יצור א,HN,טרה חטיף על בסיס בטטה וסלק בטעם טבעי 110 גרם,גרמים,110.00,100 גרם,false,1,14.90,0.1355,true,1,60263
769904000997,false,שקדי מרק ללא גלוטן 2,פתח תקווה,IL,שקדי מרק,גרמים,200.00,100 גרם,false,1,15.90,0.0795,true,1,72317
770009250262,false,שקיות אוכל מנייר 100,Source Atlantic,IL,שקיות אוכל מנייר,לא מנהל יחידת מידה,0.00,לא מנהל יחידת מידה,false,1,22.90,0.0000,true,1,231015
777915888299,false,אקיטה רוטב סויה ללא,אלימנטשן אקיטה,CA,אקיטה רוטב סויה ללא גלוטן 450 מל,מיליליטרים,450.00,"100 מ""ל",false,1,19.90,0.0442,true,1,38640
818570007066,false,תמצית וניל טהור וטקי,"ג'יי אר ווטקינס בע""מ",US,סידס תמצית מוניל טהור עם פולי וניל ממדגסקר 29 מל,מיליליטרים,29.00,"100 מ""ל",false,1,30.90,1.0655,true,1,199705
833949000264,false,סירופ מייפל אורגני 3,כפרי בריא,CA,סירופ מייפל אורגני 330 גרם,גרמים,330.00,100 גרם,false,1,34.90,0.1058,true,1,82061
835811000167,false,נר נשמה 7 ימים,MULDER NATURAL FOODS,PL,נר נשמה 7 ימים,יחידה,1.00,יחידה,false,1,10.90,10.9000,true,1,231701
835811000235,false,סכינים מסיבי עץ 20 י,,TR,סכינים מסיבי עץ 20 יח`,יחידה,1.00,יחידה,false,1,10.90,10.9000,true,1,231319
835811000242,false,כפות מסיבי עץ 20 יח`,,TR,כפות מסיבי עץ 20 יח`,יחידה,1.00,יחידה,false,1,10.90,10.9000,true,1,231314
835811000273,false,כפיות מסיבי  עץ 20,,TR,כפיות מסיבי  עץ 20  יח`,יחידה,1.00,יחידה,false,1,9.90,9.9000,true,1,231305
835811000297,false,כוסות שתייה חמה קרטו,אכיף,IL,כוסות שתייה חמה קרטון הנמל 50 יח,יחידה,1.00,יחידה,false,1,16.90,16.9000,true,1,211700
835811000877,false,כוסות מעוטרות 40 יח`,,TR,כוסות מעוטרות 40 יח` זהב 285 CC,יחידה,1.00,יחידה,false,1,13.90,13.9000,true,1,231306
835811000884,false,כוסות מעוטרות 40 יח`,,TR,כוסות מעוטרות 40 יח` כסף 285 CC,יחידה,1.00,יחידה,false,1,13.90,13.9000,true,1,231307
835811001102,false,פרורי לחם מוזהבים שו,מאפית אנגל,IL,פרורי לחם מוזהבים שומשום הנמל  200 גרם,גרמים,200.00,100 גרם,false,1,4.50,0.0225,true,1,231528
835811001676,false,מגש הכסף תבנית מלבן,,IL,מגש הכסף תבנית מלבן  גדול 9 יח`,יחידה,1.00,יחידה,false,1,11.90,11.9000,true,1,203881
835811001829,true,מגש מרובע שקוף ונציה,בי רייט,CN,מגש מרובע שקוף ונציה 30.5X30.5,לא מנהל יחידת מידה,0.01,לא מנהל יחידת מידה,false,1,11.90,1190.0000,true,1,191207
835811001843,true,מגש אינגליש קייק שקו,בי רייט,CN,מגש אינגליש קייק שקוף  ונציה  37X17 סמ 1,לא מנהל יחידת מידה,0.01,לא מנהל יחידת מידה,false,1,6.90,690.0000,true,1,191206
835811002413,false,מפת רנר גליל כסף,"איטיליאן פוד, אס.פי.",IL,מפת שולחן אלבד עם רנר כסף מודפס  בגליל 16 מ`,יחידה,1.00,יחידה,false,1,37.90,37.9000,true,1,203884
835811004424,false,חלב מרוכז,פוליבה בעמ,IL,הנמל חלב מרוכז 340 גרם,גרמים,340.00,100 גרם,false,1,13.90,0.0409,true,1,230511
835811004455,false,קישקשים מנייר  125,הנג טונג,CN,קישקשים מנייר  125  יח` צבעוני פי.וי.סי,לא מנהל יחידת מידה,0.00,לא מנהל יחידת מידה,false,1,8.90,0.0000,true,1,230704
835811004509,false,קערה  פסים גדולה לסל,,CN,קערה  פסים גדולה לסלט ענק 2500,יחידה,1.00,יחידה,false,1,8.90,8.9000,true,1,208240
835811004516,false,קערה  פסים לסלט קטנה,,CN,קערה  פסים לסלט קטנה עגולה 950 מל 1 יח`,יחידה,1.00,יחידה,false,1,5.90,5.9000,true,1,208132
835811005018,false,כוס קריסטל יהלום 50,,TR,כוס קריסטל יהלום 50 יח`,Unknown,0.00,Unknown,false,1,15.90,0.0000,true,1,65901
835811005209,false,מגש עגול פסים 12 אינ,הנג טונג,CN,מגש עגול פסים 12 אינג 1 יח`,יחידה,1.00,יחידה,false,1,5.90,5.9000,true,1,80801
835811005407,false,קפה לדרך ענק 12יח  +,הנג טונג,CN,קפה לדרך ענק 12יח  + מכסה  12 או,יחידה,1.00,יחידה,false,1,17.90,17.9000,true,1,79344
835811005421,false,שיפודים עבים 25 סמ,שוורצקוף& הנקל דיסלד,IL,הנמל שיפודי במבוק עבים 25 סמ 75 יח',Unknown,0.00,Unknown,false,1,4.50,0.0000,true,1,75547
835811005513,false,כוסות ויסקי 10 יח,,,כוסות ויסקי 10 יח,לא מנהל יחידת מידה,0.00,לא מנהל יחידת מידה,false,1,9.90,0.0000,true,1,191694
835811005933,false,תבנית אלומיניום ענק,ווינפאק,,תבנית אלומיניום ענק 5 יחידות,לא מנהל יחידת מידה,0.00,לא מנהל יחידת מידה,false,1,12.90,0.0000,true,1,87834
835811005957,false,מגש הכסף תבנית אלומ`,כלורוקס אוקלנד,IL,"הנמל תבנית אלומניום מלבנית, 8 יחידות",לא מנהל יחידת מידה,0.00,לא מנהל יחידת מידה,false,1,11.90,0.0000,true,1,86222
835811006060,false,כוסות נייר אספרסו 50,אכיף,,כוסות נייר אספרסו 50 יח,Unknown,0.00,Unknown,false,1,7.90,0.0000,true,1,84975
835811006213,false,קערות למרק  מקנה סוכ,"איטיליאן פוד, אס.פי.",IL,הנמל קעריות מקנה סוכר טבעי 25 יחידות,Unknown,0.00,Unknown,false,1,14.90,0.0000,true,1,81236
835811006503,false,צלחת זהב + תחרה,,IL,צלחת זהב + תחרה,Unknown,0.00,Unknown,false,1,14.90,0.0000,true,1,181283
835811006527,false,קשיות שתיה למילקשייק,שיווק: הנמל אריזות ו,IL,הנמל קשיות שתיה למילקשייק 125 יח',Unknown,0.00,Unknown,false,1,9.90,0.0000,true,1,181917
835811006596,false,ליפתן הגשה + 6 OZ מכ,,TR,ליפתן הגשה + 6 OZ מכסה  12 יח,Unknown,0.00,Unknown,false,1,14.90,0.0000,true,1,180766
835811006701,false,קוקטים לאפייה  24 יח,שוורצקוף& הנקל דיסלד,IL,הנמל קוקוטים לאפייה 24 יח' 3 OZ,Unknown,0.00,Unknown,false,1,11.90,0.0000,true,1,181914
835811006763,false,תבנית אלומיניום 20 י,,CN,תבנית אלומיניום 20 יח,Unknown,0.00,Unknown,false,1,6.90,0.0000,true,1,181392
835811007166,false,כוסות לקפה לדרך+מכסה,,,כוסות לקפה לדרך+מכסה 16 יחידות,Unknown,0.00,Unknown,false,1,17.90,0.0000,true,1,32363
835811007234,false,אפונה הנמל 500 גרם,יבוא ושיווק: הנמל אר,IL,הנמל אפונה יבשה מקור לחלבון 500 גרם,גרמים,500.00,100 גרם,false,1,5.90,0.0118,true,1,60560
835811008699,false,כפות עבות במיוחד,,,"כפות עבות במיוחד 50 יח                 """,Unknown,0.00,Unknown,false,1,16.90,0.0000,true,1,79675
835811008927,false,כוס ויסקי גבוהה 10 י,בי רייט,CN,כוס ויסקי גבוהה 10 יח`,יחידה,1.00,יחידה,false,1,12.90,12.9000,true,1,58300
835811008934,false,מזלגות עבה,,,"מזלגות עבה במיוחד 50 יח                """,Unknown,0.00,Unknown,false,1,16.90,0.0000,true,1,49463
835811008941,false,סכינים עבה,"איטיליאן פוד, אס.פי.",IL,הנמל סכינים 50 יחידות,יחידה,1.00,יחידה,false,1,16.90,16.9000,true,1,49464
835811008958,false,כפיות עבה,הנמל אריזות.,,"כפיות עבה במיוחד 50 יח                 """,יחידה,1.00,יחידה,false,1,16.90,16.9000,true,1,49465
835811008996,false,כוסות נייר שתיה חמה,אכיף,,כוסות נייר שתיה חמה 10 אונז 50 יח,יחידה,1.00,יחידה,false,1,23.90,23.9000,true,1,53063
835811009023,false,כוסות קרטון,אכיף,,כוסות קרטון,יחידה,0.50,יחידה,false,1,12.90,25.8000,true,1,60973
835811009191,false,צלחות אלגנט 9 בינוני,בי רייט,CN,צלחות אלגנט 9 בינוני 18 יח`,Unknown,0.00,Unknown,false,1,47.90,0.0000,true,1,49592
835811009368,false,מרקיה צבעוני,,,"מרקיה צבעוני 25 יח                     """,Unknown,0.00,Unknown,false,1,10.90,0.0000,true,1,75589
835811009689,false,כוסות צבעוני קשיח,הנמל אריזות.,,"כוסות צבעוני קשיח 50 יח                """,יחידה,1.00,יחידה,false,1,15.90,15.9000,true,1,56038
839762000641,false,נקטר איילנד מנגו 1 ל,פארייפאבה אגרואינדוס,EG,איילנד מנגו 1 ליטר,ליטרים,1.00,ליטר,false,1,11.50,11.5000,true,1,21076
839762000658,false,נקטר איילנד גויאבה 1,The Egyptian Co. for,EG,איילנד גויאבה המשקה של חופי סיני 1 ליטר,ליטרים,1.00,ליטר,false,1,11.50,11.5000,true,1,20560
852629004774,false,רביעיית נקניקיות ביו,תאי פרזידנט פוד פאבל,US,רביעיית נקניקיות ביונד מיט4000 גרם,גרמים,400.00,100 גרם,false,1,44.90,0.1122,true,1,235576
853152120344,false,פרו בר בטעם שוקולד,פרובאר,US,פרו בר בטעם שוקולד  70 גרם,גרמים,70.00,100 גרם,false,1,17.90,0.2557,true,1,214880
856591000055,true,עוגיות עבאדי קריספי,קריניציה ויטמינה אס,IL,"עבאדי עוגיות מזרחיות קריספי, 400 גרם",Unknown,0.00,Unknown,false,1,19.90,0.0000,true,1,207997
856591000062,false,עוגיות מזרחיות עבאדי,מאפיית יוסף ושמחה עב,IL,מזרח. מלח 400ג 856591000062,גרמים,400.00,100 גרם,false,1,19.90,0.0497,true,1,22258
856591000109,false,עוגיות מזרחיות עבאדי,מאפיית יוסף ושמחה עב,IL,עבאדי עוגיות מזרחיות פריך במיוחד 400 גרם,גרמים,400.00,100 גרם,false,1,19.90,0.0497,true,1,64703
856591000574,false,מיני נשנוש בטעם טבעי,מאפיית יוסף ושמחה עב,IL,מיני נשנוש בטעם טבעי 40 גרם,גרמים,40.00,100 גרם,false,1,2.90,0.0725,true,1,239858
857532000271,false,וודקה טראמפ סופר פרי,,,"וודקה טראמפ סופר פרימיום 700מ""ל",מיליליטרים,700.00,"100 מ""ל",false,1,89.90,0.1284,true,1,70256
859547004329,false,ספוג סקראב דדי,סקארקיסט,US,ספוג סקראב דדי,יחידה,1.00,יחידה,false,1,16.90,16.9000,true,1,238403
859547004466,false,סקראב מאמי ספוג ניקו,סקארקיסט,US,סקראב מאמי ספוג ניקוי דו צדדי,יחידה,1.00,יחידה,false,1,16.90,16.9000,true,1,238404
884912102102,false,דגני גרייט גריינס או,הנסיך- מפעל לייצור ט,US,דגני בוקר עם שקדים ואוכמניות,גרמים,382.00,100 גרם,false,1,27.90,0.0730,true,1,216817
884912126115,false,דגני פוסט גרייט גריי,הנסיך- מפעל לייצור ט,US,דגני פוסט גרייט גריינס צימוקים 453 גרם,גרמים,453.00,100 גרם,false,1,27.90,0.0616,true,1,69232
884912342737,false,וופל קריספ 325 גרם,הנסיך- מפעל לייצור ט,US,תערובת דגנים בטעם וואפל אמריקאי,גרמים,325.00,100 גרם,false,1,24.90,0.0766,true,1,231117
884912359162,false,האני באנצ אלמונד,post consumer brands,US,POST האני באנצ אלמונד 340 גרם,גרמים,411.00,100 גרם,false,1,22.90,0.0557,true,1,238310
897581000365,false,מרשמלו טבעוני  ווגה,גוד פוד פרודקטס S.p,US,מרשמלו טבעוני דנדיס 283גרם,גרמים,283.00,100 גרם,false,1,23.90,0.0845,true,1,232805
1230000068314,false,בשר טחון ביונד מיט 3,זנברגן וורלד פינסט מ,NL,בשר טחון ביונד מיט 300 גרם,גרמים,300.00,100 גרם,false,1,34.90,0.1163,true,1,235575
3014260287030,false,סכיני גילוח חד פעמי,פרוטקר אנד גמבל,MD,סכיני גילוח חד פעמי גילט 5 יחידות,לא מנהל יחידת מידה,0.00,לא מנהל יחידת מידה,false,1,7.90,0.0000,true,1,38073
3014260289287,false,סכיני גילוח בלו 2 לנ,קדבורי,RU,ג'ילט  סכיני בלו 2 לנשים חמישייה,יחידה,1.00,יחידה,false,1,14.90,14.9000,true,1,76513
3045206312257,false,דזיטול-מגבון מחטא ומ,יוליניבר,ES,דזיטול מגבונים מחטא ומשמיד חיידקים לכל משטח,יחידה,1.00,יחידה,false,1,12.90,12.9000,true,1,201224
3046920027281,false,שוקולד לינדט אקסלנס,לינדט ושפרונגלי,FR,שוקולד לינדט אקסלנס קרמלסולט 100 גרם,גרמים,100.00,100 גרם,false,1,14.90,0.1490,true,1,213514
3046920028004,false,שוקולד לינדט אקסלנס,לינדט ושפרונגלי,FR,לינדט אקסלנס 70% שוקולד מריר 100 גר,גרמים,100.00,100 גרם,false,1,14.90,0.1490,true,1,2741
3046920028363,false,שוקולד לינדט אקסלנס,לינדט ושפרונגלי,FR,שוקולד לינדט אקסלנס 85%  100 גרם,גרמים,100.00,100 גרם,false,1,14.90,0.1490,true,1,24795
3046920028721,false,שוקולד לינדט אקסלנס,לינדט ושפרונגלי,FR,שוקולד לינדט אקסלנס 99%  50 גרם,גרמים,50.00,100 גרם,false,1,14.90,0.2980,true,1,198476
3046920028752,false,שוקולד לינדט אקסלנס,לינדט ושפרונגלי,FR,לינדט אקסלנס שוקולד מריר שוויצרי עם מלח ים 100 גרם,גרמים,100.00,100 גרם,false,1,14.90,0.1490,true,1,45931
3046920029674,false,שוקולד לינדט אקסלנס,לינדט ושפרונגלי,DE,לינדט אקסלנס שוקולד מריר עם נגיעות מלח ים 100 גרם,גרמים,100.00,100 גרם,false,1,14.90,0.1490,true,1,56769
3046920029759,false,שוקולד לינדט אקסלנס,לינדט ושפרונגלי ג'י.,DE,שוקולד לינדט אקסלנס 90% 100 גרם,גרמים,100.00,100 גרם,false,1,14.90,0.1490,true,1,213513
3073781161663,false,גבינת לבש קירי כשר12,בל,FR,גבינת לה וואש קירי,גרמים,128.00,100 גרם,false,1,13.90,0.1086,true,1,234334
3073781162790,false,גבינת בייבי בל אדום,מחלבות בל,FR,גבינת בייבי בל אדום 120 גרם,גרמים,120.00,100 גרם,false,1,22.90,0.1908,true,1,237786
3073781177220,false,בייבי בל ספיירול 85ג,בל,FR,בייבי בל ספיירול 85גרם,גרמים,85.00,100 גרם,false,1,22.90,0.2694,true,1,239387
3120581456267,false,יין שבלי מ.דה ליני ל,,FR,"יין שבלי מ.דה ליני לבן יבש 750 מ""ל",מיליליטרים,750.00,"100 מ""ל",false,1,99.90,0.1332,true,1,214098
3120581458490,false,שאטו טרבון רוזה יבש,שאטו בלוו,FR,"שאטו טרבון רוזה יבש 750 מ""ל",מיליליטרים,750.00,"100 מ""ל",false,1,89.90,0.1199,true,1,237845
3141360054405,false,פיניש ציטרופרש ריח ל,הדקלאים אגודת שיתופי,HU,מפיץ ריח למדיח לימון פיניש,לא מנהל יחידת מידה,0.00,לא מנהל יחידת מידה,false,1,16.90,0.0000,true,1,205338
3161911366429,false,חמאה רכה מלוחה אלווי,ארזינא,FR,חמאה רכה מלוחה אלוויר 250 גרם,גרמים,250.00,100 גרם,false,1,22.90,0.0916,true,1,2887
3161911393210,false,חמאת אלוויר עם מלח,אלוויר,FR,חמאת אלוויר עם מלח   200גרם,גרמים,200.00,100 גרם,false,1,17.90,0.0895,true,1,237852
3175460000062,false,גבינה בורסאן פלפל,השחר,FR,גבינה בורסאן פלפל 150 גרם,גרמים,150.00,100 גרם,false,1,22.90,0.1527,true,1,32800
3178530402353,false,מיני מדלן 175גרם,סאן מישל,FR,מיני מדלן 175גרם,גרמים,175.00,100 גרם,false,1,10.90,0.0623,true,1,238357
3178530407938,false,מיני מדלן עם פצפוצי,סאן מישל,FR,מיני מדלן עם פצפוצי שוקולד 175גרם,גרמים,175.00,100 גרם,false,1,10.90,0.0623,true,1,238359
3179730011024,false,מים מינרלים פרייה,נסטלה ווטרס ספלאי,FR,פרייה מים מינרלים מבעבעים טבעיים 330 מל,מיליליטרים,330.00,"100 מ""ל",false,1,6.90,0.0209,true,1,67266
3179732348913,false,מים פריה ירוק 1 ליטר,"איי, בי, אינבוו",FR,פרייה מים מינרליים טבעיים מבעבעים 1 ליטר,ליטרים,100.00,ליטר,false,1,9.90,0.0990,true,1,56577
3228022910023,false,פרזידנט חמאה 200 גרם,גוד פוד פרודקטס S.p,FR,פרזידנט חמאה 200 גרם,גרמים,200.00,100 גרם,false,1,15.50,0.0775,true,1,3001
3387390320244,false,דגני פיטנס פירות 375,סי. פי. צרפת,FR,דגני פיטנס פירות 375 גרם,גרמים,375.00,100 גרם,false,1,21.90,0.0584,true,1,28301
3387390525960,false,דגני קראנץ נסטלה 500,הנסיך- מפעל לייצור ט,FR,דגני קראנץ נסטלה 500 גרם,גרמים,500.00,100 גרם,false,1,26.90,0.0538,true,1,50545
3415587400186,false,שלגון וניל ואגוזי מק,האגן דאז,,שלגון וניל ואגוזי מקדמיה בציפוי שוקולד,גרמים,110.00,100 גרם,false,1,9.90,0.0900,true,1,196606
3415587404054,false,שלגון שוקולד בציפוי,האגן דאז,FR,האגן דאז שלגון שוקולד שקדים 24*70גרם,גרמים,70.00,100 גרם,false,1,9.90,0.1414,true,1,196609
3451492750190,false,יין שאבלי קווה אמאנד,"איי, בי, אינבוו",FR,שבלי יין לבן יבש 750 מל,מיליליטרים,750.00,"100 מ""ל",false,1,99.90,0.1332,true,1,214791
3500610150500,false,שאטו הו פורה מרלו 75,,FR,"שאטו הו פורה מרלו 750 מ""ל",מיליליטרים,750.00,"100 מ""ל",false,1,79.90,0.1065,true,1,237843
3500610150524,false,שאטו הו פוטו סובינ.ב,שאטו בלוו,FR,"שאטו הו פוטו סובינ.בלאן 750 מ""ל",מיליליטרים,750.00,"100 מ""ל",false,1,89.90,0.1199,true,1,237846
3523230032278,false,גבינת עזים אוריאל  1,השחר,FR,גבינת עיזים למריחה 150 גרם,גרמים,150.00,100 גרם,false,1,25.90,0.1727,true,1,214063
3523230038959,false,בושה מפוחם של נני 12,השחר,FR,בושה מפוחם של נני 125 גרם,גרמים,125.00,100 גרם,false,1,25.90,0.2072,true,1,211955
3542862722111,false,קומטה גורה פלור 200,שארל ארנו,FR,קומטה גורה פלור 200 גרם,גרמים,200.00,100 גרם,false,1,54.90,0.2745,true,1,237855
3574660115154,false,טמפוני O.B סופר 32 י,CILAG GMBH INTERNATI,,טמפוני O.B סופר 32 יח,יחידה,1.00,יחידה,false,1,24.90,24.9000,true,1,43080
3574660239829,false,ניטרוגינה קרם ידיים,CILAG GMBH INTERNATI,,"ניטרוגינה קרם ידיים 75 מ""ל",מיליליטרים,75.00,"100 מ""ל",false,1,25.90,0.3453,true,1,59562
3574660333466,false,טמפוני O.B קומפורט מ,הנסיך- מפעל לייצור ט,DE,אובה מיני טמפונים ללא מוליך 32 יחידות,ליטרים,0.00,ליטר,false,1,24.90,0.0000,true,1,82892
3574660666519,false,גונסון בייבי אל סבון,CILAG GMBH INTERNATI,,גונסון בייבי אל סבון וקצף אמבט,מיליליטרים,750.00,"100 מ""ל",false,1,21.90,0.0292,true,1,81561
3574661141022,true,וניה מקסי לילה 12 יח,,,וניה מקסי לילה 12 יח,Unknown,0.00,Unknown,false,1,24.90,0.0000,true,1,217101
3574661425139,true,גונסונס בייבי קרם הח,גונסון,IT,גונסונס בייבי קרם החתלה 100 מל חדש,מיליליטרים,100.00,"100 מ""ל",false,1,15.90,0.1590,true,1,208343
3574661425696,true,גונסונס בייבי תחליב,גונסון,IT,גונסונס בייבי תחליב 500 חדש,Unknown,0.00,Unknown,false,1,26.90,0.0000,true,1,208344
3574661487328,false,קרפרי מגן תחתון רגיל,הדקלאים אגודת שיתופי,GR,קארפריי מגיני תחתון אורג'ינל עם שכבה מגינה 58 יח',יחידה,1.00,יחידה,false,1,19.90,19.9000,true,1,210525
3574661487625,false,קרפרי מגן תחתון מקסי,הדקלאים אגודת שיתופי,GR,קרפרי פלוס מגן תחתון לארג' 48 יחידות,יחידה,1.00,יחידה,false,1,19.90,19.9000,true,1,210526
3574661552576,false,קרפרי מגן תחתון רגיל,הדקלאים אגודת שיתופי,GR,קרפרי מגן תחתון אוורירי טנגה 58 יחידות,יחידה,1.00,יחידה,false,1,19.90,19.9000,true,1,212108
3574661552804,false,קרפרי מגן תחתון אלוו,הדקלאים אגודת שיתופי,GR,קרפרי מגן תחתון אלוורה קרפרי 58 יחידות,יחידה,1.00,יחידה,false,1,19.90,19.9000,true,1,213681
3574669908665,false,גונסון בייבי אל סבון,גונסון,IT,גונסון בייבי אל סבון לפני שינה 750 חדש,מיליליטרים,750.00,"100 מ""ל",false,1,19.90,0.0265,true,1,208340
3574669909204,false,גונסונס בייבי שמן 30,גונסון,IT,גונסונס בייבי שמן 300 מל חדש,מיליליטרים,300.00,"100 מ""ל",false,1,19.90,0.0663,true,1,208124
3607343817547,false,אדידס דאו ספריי לגבר,,PT,"אדידס דאו ספריי לגבר קליימקול 150 מ""ל",מיליליטרים,150.00,"100 מ""ל",false,1,14.90,0.0993,true,1,232135
3607345264912,false,"פיוז""ן ספריי אייס",המאפיה של הרמן,ES,אדידס בודי ספריי לגבר אייס דייב 96 גרם,מיליליטרים,150.00,"100 מ""ל",false,1,19.90,0.1327,true,1,71889
3614224050986,false,אדידס דאו ספריי לגבר,"ב.א מזון בע""מ",PT,"אדידס דאו ספריי לגבר אדיפאוור 150 מ""ל",מיליליטרים,150.00,"100 מ""ל",false,1,14.90,0.0993,true,1,232137
3661163970448,false,ספרי גברים דריי מקס,מיוצר עי קונדיטוריית,PT,200 מל דאודורנט ספריי דריי פאוור לגבר פרש,מיליליטרים,200.00,"100 מ""ל",false,1,19.90,0.0995,true,1,65848
3661163990545,false,ספריי גברים דריי מקס,מיוצר עי קונדיטוריית,PT,200 מל דאודורנט ספריי קליימקול לגבר אדידס,מיליליטרים,200.00,"100 מ""ל",false,1,19.90,0.0995,true,1,65087
3661163991146,false,ספרי נשים דריי מקס פ,מיוצר עי קונדיטוריית,PT,אדידס דאודורנט ספריי לאישה פרש 150 מל,מיליליטרים,200.00,"100 מ""ל",false,1,19.90,0.0995,true,1,65849
3661163991580,false,ספרי נשים דריי מקס א,מיוצר עי קונדיטוריית,PT,אדידס דאודורנט ספריי לאישה 6 ב-1 150 מל,מיליליטרים,200.00,"100 מ""ל",false,1,19.90,0.0995,true,1,66180
4000417022004,false,שוקולד ריטר ספורט חל,מולינו ניקולי s.p.a,DE,שוקולד ריטר ספורט חלב צימוק אגוזים 100 ג,גרמים,100.00,100 גרם,false,1,11.20,0.1120,true,1,73461
4000417025005,false,שוקולד ריטר ספורט מר,מולינו ניקולי s.p.a,DE,שוקולד מריר ממולא מרציפן,גרמים,100.00,100 גרם,false,1,11.20,0.1120,true,1,73463
4000417026002,false,שוקולד ריטר ספורט נו,מולינו ניקולי s.p.a,DE,שוקולד ריטר ספורט נוגט פרלין 100 גרם,גרמים,100.00,100 גרם,false,1,11.20,0.1120,true,1,73464
4000417101211,false,אמיצלי גלילי וופל 15,קימס,AT,אמיצלי גלילי וופל 150 גרם,גרמים,150.00,100 גרם,false,1,17.90,0.1193,true,1,237072
4000417224002,false,שוקולד ריטר ספורט מר,מולינו ניקולי s.p.a,DE,שוקולד ריטר ספורט מריר אגוזים 100 גרם,גרמים,100.00,100 גרם,false,1,11.90,0.1190,true,1,192887
4000799109416,false,מאונט האגן – קפה אור,מאונט האגן,DE,קפה אורגני קלוי וטחון,גרמים,250.00,100 גרם,false,1,34.90,0.1396,true,1,230386
4002590000022,false,סוכ.קלפני בפחית פירו,קדבורי,DE,קלפני פירות יער 150 גר',גרמים,150.00,100 גרם,false,1,12.00,0.0800,true,1,20999
4002590000046,false,סוכריות מרעננות,קדבורי,DE,קלפני מנטה מרענן 150 גר',גרמים,150.00,100 גרם,false,1,12.00,0.0800,true,1,12183
4002590703541,false,קלפני תות,קדבורי,DE,קלפני בטעם תות 150 גר',גרמים,150.00,100 גרם,false,1,12.00,0.0800,true,1,192516
4002720005736,false,קפה פילטר מליטה,המאפיה של הרמן,DE,מליטה קפה לפילטר פרימיום 250 גרם,גרמים,250.00,100 גרם,false,1,24.70,0.0988,true,1,60302
4004666042004,false,משמיד עובש מרסס מלרו,פרח,DE,יעקבי מלרוד ספריי משמיד עובש 500 מל,מיליליטרים,500.00,"100 מ""ל",false,1,29.90,0.0598,true,1,22504
4004666107819,false,מלרוד מרסס לניקוי וט,פרח,DE,מלרוד ניקוי וטיהור מזגן 500 מל,מיליליטרים,500.00,"100 מ""ל",false,1,27.90,0.0558,true,1,209341
4005808650712,false,לבלו שפתון דובדבן,ביסיצורי,,לבלו שפתון דובדבן,גרמים,5.00,100 גרם,false,1,14.90,2.9800,true,1,49897
4007745058804,false,מיונז אמיתי אורגני נ,אף.סי תבליני בגליל ב,DE,נטורפוד מיונז אורגני 350 גרם,גרמים,340.00,100 גרם,false,1,24.90,0.0732,true,1,184777
4008239313409,false,מעדן ויטקראפט  בשר ו,,,מעדן ויטקראפט  בשר וחמוציות 85 גרם,גרמים,85.00,100 גרם,false,1,5.90,0.0694,true,1,240316
4008400170428,false,פררו רושה לב,גוד פוד פרודקטס S.p,PL,פררו רושה לב,גרמים,125.00,100 גרם,false,1,17.90,0.1432,true,1,208618
4009300522935,false,תה ירוק לימונית ולוא,"איטיליאן פוד, אס.פי.",DE,פומפדור תה ירוק לימונית ולואיזה 30 גר',גרמים,30.00,100 גרם,false,1,19.90,0.6633,true,1,49995
4009300524588,false,תה פומפדור חליטה,"איטיליאן פוד, אס.פי.",DE,פומפדור חליטת פירות וצמחים בטעם פירות יער 60 גר',גרמים,60.00,100 גרם,false,1,16.90,0.2817,true,1,59738
4009300525684,false,חליטת לימון גינגר,"איטיליאן פוד, אס.פי.",DE,פומפדור חליטת צמחים גינג'ר לימון 35 גר',גרמים,35.00,100 גרם,false,1,16.90,0.4829,true,1,85664
4009300529613,false,פומפדור חליטה אורגני,"איטיליאן פוד, אס.פי.",DE,פומפדור חליטת צמחים אורגנית,לא מנהל יחידת מידה,0.00,לא מנהל יחידת מידה,false,1,17.90,0.0000,true,1,232101
4009300529651,false,פומפדור חליטה אורגני,טיקנה,DE,פומפדור חליטת צמחים אורגנית,לא מנהל יחידת מידה,0.00,לא מנהל יחידת מידה,false,1,17.90,0.0000,true,1,232100
4009309022399,true,כרוב כבוש אורגני 670,נטורפוד,DE,כרוב כבוש אורגני 670 גרם,גרמים,670.00,100 גרם,false,1,16.90,0.0252,true,1,202903
4009900379564,false,הובה בובה טייפ פירות,ריגלי,,הובה בובה טייפ פירות,לא מנהל יחידת מידה,0.00,לא מנהל יחידת מידה,false,1,7.90,0.0000,true,1,35539
4009900402965,false,מסטיק אורביט וויט פי,ריגלי,,מסטיק אורביט וויט פירות בקבוקון,Unknown,0.00,Unknown,false,1,9.90,0.0000,true,1,86346
4009900403023,false,מסטיק אורביט וויט מנ,"ב.א מזון בע""מ",PL,מסטיק אורביט וויט קלאסי בקבוקון,גרמים,64.00,100 גרם,false,1,9.90,0.1547,true,1,86347
4009900406918,false,הובה בובה טייפ טריפל,ריגלי,,הובה בובה טייפ טריפל מיקס,Unknown,0.00,Unknown,false,1,7.90,0.0000,true,1,42278
4009900420129,false,אורביט פרופשיונל פפר,מרס נדרלנד,PL,אורביט פרופשיונל פפרמינט בקבוקון,לא מנהל יחידת מידה,0.00,לא מנהל יחידת מידה,false,1,9.90,0.0000,true,1,206489
4009900426039,false,מסטיק איירווייבס מנט,ריגלי,,מסטיק איירווייבס מנטה אקליפטוס בקבוקון,גרמים,64.00,100 גרם,false,1,9.90,0.1547,true,1,197464
4009900455299,false,סקיטלס פירות 174 גרם,ריגלי,CZ,סקיטלס פירות 174 גרם,גרמים,174.00,100 גרם,false,1,9.90,0.0569,true,1,188091
4009900465304,false,סקיטלס חמוץ 174 גרם,ריגלי,CZ,סקיטלס חמוץ 174 גרם,גרמים,174.00,100 גרם,false,1,9.90,0.0569,true,1,188092
4009900479998,false,מסטיק אורביט אוכמניו,ריגלי,,מסטיק אורביט אוכמניות בקבוקון,Unknown,0.00,Unknown,false,1,9.90,0.0000,true,1,188093
4009900482417,false,מסטיק אורביט בבאבל מ,ריגלי,,מסטיק אורביט בבאבל מינט בקבוקון,Unknown,0.00,Unknown,false,1,9.90,0.0000,true,1,180463
4009900500166,false,סוכריות סקיטלס פירות,מארס,,סוכריות סקיטלס פירות בקבוקון 125 גרם,גרמים,125.00,100 גרם,false,1,10.90,0.0872,true,1,198030
4009900521581,false,סוכריות אורביט מינטס,מרס נדרלנד,,סוכריות אורביט מינטס דובדבן בקבוקון,לא מנהל יחידת מידה,0.00,לא מנהל יחידת מידה,false,1,11.90,0.0000,true,1,200350
4009900525138,false,מסטיק אורביט  וויט ת,ריגלי,,מסטיק אורביט  וויט תות בקבוקון,יחידה,1.00,יחידה,false,1,9.90,9.9000,true,1,210936
4009900531122,false,אורביט פרופשיונל ספי,מרס נדרלנד,PL,אורביט פרופשיונל ספירמינט בקבוקון,לא מנהל יחידת מידה,0.00,לא מנהל יחידת מידה,false,1,9.90,0.0000,true,1,206490
4009900534611,false,מסטיק בקבוקון איירוו,ריגלי,IL,מסטיק בקבוקון איירוויז מלון מנטה 64גרם,גרמים,64.00,100 גרם,false,1,9.90,0.1547,true,1,212054
4009900536257,false,מסטיק אורביט רפרשרס,מרס ריגלי קונפקשונרי,PL,מסטיק אורביט רפרשרס ספירמנט 67 ג,גרמים,67.00,100 גרם,false,1,10.90,0.1627,true,1,215889
4009900536288,false,מסטיק אורביט רפרשרס,מרס ריגלי קונפקשונרי,PL,מסטיק אורביט רפרשרס פפרמ 67 ג,גרמים,67.00,100 גרם,false,1,10.90,0.1627,true,1,215890
4009900536486,false,מסטיק אורביט רפרשרס,מרס ריגלי קונפקשונרי,PL,מסטיק אורביט רפרשרס באבלמ 67 ג,גרמים,67.00,100 גרם,false,1,10.90,0.1627,true,1,215891
4009900539340,false,סקיטלס גיינט סאוור 1,מרס ריגלי קונפקשונרי,PL,סקיטלס גיינט סאוור 141 גר,גרמים,141.00,100 גרם,false,1,9.90,0.0702,true,1,237010
4009900539685,false,מסטיק פייב מנטה בקבו,מרס נדרלנד,PL,מסטיק פייב מנטה בקבוקון 61.8גרם,גרמים,62.00,100 גרם,false,1,11.90,0.1919,true,1,237500
4009900539746,false,מסטיק פייב אבטיח בקב,מרס נדרלנד,PL,מסטיק פייב אבטיח בקבוקון 61.8גרם,גרמים,62.00,100 גרם,false,1,11.90,0.1919,true,1,237501
4011800567613,false,חטיף קורני סנדוויץ ש,מיוצר עי קונדיטוריית,DE,חטיף קורני סנדוויץ שחור לבן מארז 4 יח,גרמים,120.00,100 גרם,false,1,12.90,0.1075,true,1,187089
4011800628512,false,חטיף קורני שוקולד חל,מיוצר עי קונדיטוריית,DE,קורני חטיף דגנים עם שוקולד חלב 6 יחידות 150 גרם,גרמים,150.00,100 גרם,false,1,12.90,0.0860,true,1,184370
4011800630515,false,קורני בייס שוק בננה,שוורטאוור וורקה,DE,קורני חטיף דגנים עם שוקולד חלב ובננה 175 גרם,גרמים,150.00,100 גרם,false,1,12.90,0.0860,true,1,184372
4011800632519,false,חטיף קורני שוקולד חל,מיוצר עי קונדיטוריית,DE,חטיף קורני שוקולד חלב וקוקוס מארז 6 יח,גרמים,150.00,100 גרם,false,1,12.90,0.0860,true,1,184486
4011800633516,false,חטיף קורני שוקולד מר,שוורטאוור וורקה,DE,חטיף קורני שוקולד מריר מארז 6 יח,גרמים,138.00,100 גרם,false,1,12.90,0.0935,true,1,183871
4011800636517,false,חטיף קורני FREE שוקו,מיוצר עי קונדיטוריית,DE,חטיף קורני FREE שוקולד חלב מארז 6 יח,גרמים,120.00,100 גרם,false,1,12.90,0.1075,true,1,183873
4014400901191,false,בונבוניירה מרסי 250,אוגוסט שטורק,DE,בונבוניירה מרסי 250 גרם,גרמים,250.00,100 גרם,false,1,29.90,0.1196,true,1,4131
4014400904277,false,סוכריות אייס פרש,תות ממתקי איכות,DE,אייספרש 425 גרם (15 בקרטון),גרמים,425.00,100 גרם,false,1,19.90,0.0468,true,1,16838
4014400904307,false,סוכריות קליפורניה 42,קריניציה ויטמינה אס,DE,קליפורניה שקית 425 גר',גרמים,425.00,100 גרם,false,1,19.90,0.0468,true,1,205820
4014400904376,false,סוכריות שוקולדן,קריניציה ויטמינה אס,DE,סוכ.שטורק שוקולדן 325 גר,גרמים,326.00,100 גרם,false,1,19.90,0.0610,true,1,4133
4014400904390,false,סוכריות שטורק וולמיל,קריניציה ויטמינה אס,DE,וולמילש 325 גר',גרמים,325.00,100 גרם,false,1,19.90,0.0612,true,1,4134
4014400907902,false,סוכריות ללא סוכר,תות ממתקי איכות,DE,ורטרס אורגינל 42 גרם,גרמים,42.00,100 גרם,false,1,6.90,0.1643,true,1,66917
4014400910063,false,סוכריות חמאה וורטר1,אוגוסט שטורק,DE,וורטרס אורגינל סוכריות חמאה 135 גרם,גרמים,135.00,100 גרם,false,1,10.90,0.0807,true,1,67735
4014400914924,false,סוכריות קפה וורטר לל,קריניציה ויטמינה אס,DE,סוכריות חמאה וורטרס ללא סוכר בטעם קפוצ'ינו,גרמים,80.00,100 גרם,false,1,11.90,0.1488,true,1,71000
4014400923711,false,בונבוניירה טופיפי שו,אוגוסט שטורק,DE,בונבוניירה טופיפי שוקולד 125 גרם,גרמים,125.00,100 גרם,false,1,13.90,0.1112,true,1,197776
4014400925319,false,וורטר פופקורן קרמל 1,שטורק,DE,חטיף פופקורן בציפוי קרמל,גרמים,140.00,100 גרם,false,1,14.90,0.1064,true,1,214480
4015400564034,false,מגן תחתון לונג פלוס,פרוקטר אנד גמבל,DE,אולוויז מגן תחתון מגה פק לונג פלוס 58 יח',לא מנהל יחידת מידה,0.00,לא מנהל יחידת מידה,false,1,19.90,0.0000,true,1,87777
4015400681670,false,תחבושות אולוויז לילה,פרוקטר אנד גמבל,UA,תחבושות אולוויז לילה בטוח 18 יחידות,לא מנהל יחידת מידה,0.00,לא מנהל יחידת מידה,false,1,18.90,0.0000,true,1,195231
4015400731719,false,תחבושות אולווייז ולי,פרוקטר אנד גמבל,UA,אולוויז תחבושות  וליו פק לילה 20 יח',לא מנהל יחידת מידה,0.00,לא מנהל יחידת מידה,false,1,18.90,0.0000,true,1,196933
4015400824701,false,טמפונים טמפקס פלאש ר,פרוקטר אנד גמבל,HU,טמפונים טמפקס פלאש רגולר מוליך 30 יח,גרמים,0.00,100 גרם,false,1,28.90,0.0000,true,1,4158
4015600762780,false,שמפו הד אנד שולדרס 2,קדבורי,RO,"הד אנד שולדרס 2 ב 1 קלאסי 500  מ""ל",מיליליטרים,500.00,"100 מ""ל",false,1,24.90,0.0498,true,1,198626
4015600763022,false,שמפו הד אנד שולדרס ל,קדבורי,RO,"שמפו הד אנד שולדרס למניעת קשקשים 500 מ""ל",מיליליטרים,500.00,"100 מ""ל",false,1,24.90,0.0498,true,1,194968
4015600766900,false,שמפו הד אנד שולדרס 2,קדבורי,RO,"הד אנד שולדרס שמפו 2 ב1 מנטול 500 מ""ל",מיליליטרים,500.00,"100 מ""ל",false,1,24.90,0.0498,true,1,198625
4015600810849,false,Gillette Clear Gel A,פרוקטר אנד גמבל,PL,Gillette Clear Gel AP Deo Stick Power Ru,מיליליטרים,70.00,"100 מ""ל",false,1,16.90,0.2414,true,1,187527
4017100210105,false,וופלטן וופל מגולגל מ,הדקלאים אגודת שיתופי,DE,וופלטן וופל מגולגל מריר 100 גרם,גרמים,100.00,100 גרם,false,1,13.90,0.1390,true,1,194550
4017100291005,false,ביסקוויטבלזן מצופה ש,הדקלאים אגודת שיתופי,DE,בלזן לייבניז בסקויט חמאה מצופה שוקולד מריר,גרמים,125.00,100 גרם,false,1,13.90,0.1112,true,1,198927
4018722100157,false,פסטה פוזילי כוסמין מ,האחים פלם הגפן,DE,פסטה פוזילי כוסמין מלא 250 גרם,גרמים,250.00,100 גרם,false,1,13.90,0.0556,true,1,202970
4022025001752,true,יין בלו נאן מבעבע כש,,,"יין בלו נאן מבעבע כשר 750 מ""ל",מיליליטרים,750.00,"100 מ""ל",false,1,54.90,0.0732,true,1,209722
4022025001790,false,יין בלו נאן 24K גולד,היי סישל סוהן טראבן,DE,"יין בלו נאן 24K גולד מבעבע כשר 750 מ""ל",מיליליטרים,750.00,"100 מ""ל",false,1,54.90,0.0732,true,1,208677
4022025001905,false,בלו ווין מבעבע זהב כ,היי סישל סוהן טראבן,DE,"בלו ווין מבעבע זהב כשר 750 מ""ל",מיליליטרים,750.00,"100 מ""ל",false,1,54.90,0.0732,true,1,206497
4022025002087,false,24K יין בלו נאן רוזה,בלו נאן,DE,"24K יין בלו נאן רוזה מבעבע כשר 750 מ""ל",מיליליטרים,750.00,"100 מ""ל",false,1,54.90,0.0732,true,1,236870
4022025262009,false,יין בלו נאן גוורצטרמ,לנגוט טראבן,,"יין בלו נאן גוורצטרמינר כשר  750 מ""ל",מיליליטרים,750.00,"100 מ""ל",false,1,49.90,0.0665,true,1,202068
4022025290309,false,יין בלו נאן פינק רוז,בלו נאן,DE,"יין בלו נאן פינק רוזה כשר 750 מ""ל",מיליליטרים,750.00,"100 מ""ל",false,1,49.90,0.0665,true,1,236869
4022025773000,false,בלו נאן מוסקטו כשר 7,בלו נאן,DE,"בלו נאן מוסקטו כשר 750 מ""ל",מיליליטרים,750.00,"100 מ""ל",false,1,49.90,0.0665,true,1,236868
4025700001962,false,שוקולד מילקה לבן,פי אר ג'יי אס סי מונ,UA,שוקולד מילקה לבן 100 גרם,גרמים,100.00,100 גרם,false,1,6.90,0.0690,true,1,62238
4032900111308,false,סיגריות ווינסטון קומ,JTI,UA,סיגריות ווינסטון קומפקט סילבר בודד,לא מנהל יחידת מידה,0.00,לא מנהל יחידת מידה,false,1,29.80,0.0000,false,1,208022
4032900112879,false,סיגריות כאמל קומפקט,,,סיגריות כאמל קומפקט כחול בודד,יחידה,1.00,יחידה,false,1,27.60,27.6000,false,1,208262
4032900124193,false,סיגריות כאמל צהוב אר,,,סיגריות כאמל צהוב ארוך בודד PP,לא מנהל יחידת מידה,0.00,לא מנהל יחידת מידה,false,1,32.00,0.0000,false,1,211718
4033100024146,false,סיגריות וינסטון קוד,JTI,,סיגריות וינסטון קוד חפיסה בודד,לא מנהל יחידת מידה,0.00,לא מנהל יחידת מידה,false,1,32.00,0.0000,false,1,85369
4033100024252,false,סיגריות וינסטון אקוו,JTI,,סיגריות וינסטון אקווה חפיסה בודד,יחידה,0.00,יחידה,false,1,32.00,0.0000,false,1,85371
4033100038914,false,טבק לגלגול קאמל צהוב,JTI,,טבק לגלגול קאמל צהוב חפיסה30 גרם,גרמים,30.00,100 גרם,false,1,81.20,2.7067,false,1,182946
4033100047350,false,טבק לגלגול קאמל כחול,JTI,,טבק לגלגול קאמל כחול חפיסה30 גרם,גרמים,30.00,100 גרם,false,1,81.20,2.7067,false,1,182947
4033100064036,false,טבק לגלגול וינסטון כ,JTI,,טבק לגלגול וינסטון כחול חפיסה30 גרם,גרמים,30.00,100 גרם,false,1,81.20,2.7067,false,1,193760
4066600999614,false,בירה פאולנר בקבוק 50,"איי, בי, אינבוו",DE,"בירה פאולנר, בירת חיטה מעוננת, בקבוק 500 מ""ל",מיליליטרים,500.00,"100 מ""ל",false,1,12.90,0.0258,true,1,198456
4067700014849,false,"ייגרמייסטר 700 מ""ל",פארייפאבה אגרואינדוס,DE,"ייגרמייסטר 700 מ""ל",מיליליטרים,700.00,"100 מ""ל",false,1,99.90,0.1427,true,1,197135
4084500853836,false,פיירי ורדים ומשי נוז,פרוקטר אנד גמבל,,"פיירי ורדים ומשי נוזל כלים 515 מ""ל",מיליליטרים,515.00,"100 מ""ל",false,1,9.90,0.0192,true,1,195230
4084500854048,true,נוזל לכלים פיירי לימ,פרוקטר אנד גמבל,,פיירי נוזל לניקוי כלים לימון 1.24 ליטר,ליטרים,1.24,ליטר,false,1,17.90,14.4355,true,1,205745
4084500920880,true,נוזל לכלים פיירי אור,פרוקטר אנד גמבל,,פיירי נוזל לניקוי כלים קלאסי 1.24 ליטר,ליטרים,1.24,ליטר,false,1,17.90,14.4355,true,1,210286
4100470106700,true,חומץ תפוחים טבעי ואו,ברוקהרט,DE,נטורפוד חומץ תפוחים טבעי ואורגני,מיליליטרים,750.00,"100 מ""ל",false,1,25.90,0.0345,true,1,202910
4260334140193,false,ממרח אגוזי לוז וקקאו,גוד פוד פרודקטס S.p,DE,ממרח אגוזי לוז קקאו אורגני 200 גרם עם כוס זכוכית,גרמים,200.00,100 גרם,false,1,26.90,0.1345,true,1,207255
4260334140308,false,וגו  מריר שקדים ופיר,איקאם ספא,IT,וגו  מריר שקדים ופירות יער אורגני  85  גרם,גרמים,85.00,100 גרם,false,1,24.90,0.2929,true,1,237053
4260334140605,false,שוקולד גנדויה טבעוני,האי נאם סי או אל.טי.,IT,שוקולד גנדויה טבעוני עם אגוזי לוז 150גרם,גרמים,150.00,100 גרם,false,1,20.90,0.1393,true,1,232082
4600659914015,false,וודקה סטולי גולד בקב,פארייפאבה אגרואינדוס,LV,וודקה סטוליצ'ניה גולד 40% כוהל 700 מל,מיליליטרים,700.00,"100 מ""ל",false,1,139.90,0.1999,true,1,55981
4603928000976,false,"וודקה בלוגה 700 מ""ל",מרינסקי ליקרו-וודאצ',RU,"וודקה בלוגה 700 מ""ל",מיליליטרים,700.00,"100 מ""ל",false,1,139.90,0.1999,true,1,180148
4607002990474,false,עגבניות מוחמצות  דאד,רוסקויי פולה אלבאשי,RU,עגבניות מוחמצות  דאדיה וניה 680גר,גרמים,680.00,100 גרם,false,1,11.90,0.0175,true,1,230823
4607012351005,false,מרטין גרעיני חמניות,"נארז ע""י : א.ג. גילר",RU,גרעיני חמניה קלויים מרטין 200 גרם,גרמים,200.00,100 גרם,false,1,12.90,0.0645,true,1,217936
4607012351999,false,גרעיני חמניות מרטין,"נארז ע""י : א.ג. גילר",RU,גרעיני חמנייה במלח מרטין 200 גרם,גרמים,200.00,100 גרם,false,1,12.90,0.0645,true,1,217937
4607109409619,false,פיניש טבליות 25 יח A,הדקלאים אגודת שיתופי,PL,טבליות למדיח כלים פיניש אול אין וואן 25 טבליות,גרמים,530.00,100 גרם,false,1,29.90,0.0564,true,1,197608
4640018993343,false,פיניש קוואנטום 30 יח,רקיט בנקיזר,PL,פיניש קוואנטום קפסולות למדיח 30 טבליות,גרמים,375.00,100 גרם,false,1,39.90,0.1064,true,1,214752
4710068001692,false,מאסטר קפה לאטה 240 מ,תאיט מרקטינג אנד דיס,,מאסטר קפה לאטה פחית,מיליליטרים,240.00,"100 מ""ל",false,1,7.50,0.0313,true,1,186031
4710068001715,false,מאסטר קפה טירמיסו 24,"איי, בי, אינבוו",,מאסטר קפה טרמיסו פחית 240 מל,מיליליטרים,240.00,"100 מ""ל",false,1,7.50,0.0313,true,1,186092
4710068001739,false,מאסטר קפה קולומביאני,"איי, בי, אינבוו",,מאסטר קפה משקה קפה קר קלאסיקו 240 מל,מיליליטרים,240.00,"100 מ""ל",false,1,7.50,0.0313,true,1,186032
4710068002798,false,מאסטר קפה וונילה פחי,מאיטה פוד אינדוסטריא,,מאסטר קפה לאטה פחית,מיליליטרים,240.00,"100 מ""ל",false,1,7.50,0.0313,true,1,209103
4711476002813,false,קפה קר מוקצינו 240 מ,,CN,קפה קר מוקצינו 240 מל,מיליליטרים,240.00,"100 מ""ל",false,1,9.60,0.0400,true,1,240383
4796019790013,false,שמן קוקוס אורגני גרי,כפרי בריא,,שמן קוקוס אורגני,מיליליטרים,300.00,"100 מ""ל",false,1,23.90,0.0797,true,1,199017
4801234159856,false,מטהר גלייד מיני גל,ג'ינסו ג'ונסון טונגד,CN,גלייד מיני-ג'ל מפיץ ריח בניחוח מרכך כביסה 70 גרם,גרמים,70.00,100 גרם,false,1,9.90,0.1414,true,1,89865
4891228308032,false,שיק אינטואיישן ידית+,ארץ ייצור סכינים: אר,US,schick - Hydro 5 - sense,יחידה,1.00,יחידה,false,1,69.90,69.9000,true,1,231397
4891228308049,false,שיק היידרו 5 ידית+7,ארץ ייצור סכינים: אר,US,schick - Hydro 5 - sense,יחידה,1.00,יחידה,false,1,69.90,69.9000,true,1,231396
4891228430085,false,סכיני גילוח שייק אקס,השחר,CN,סכיני גילוח שייק אקסטרים 3 כחול רביעייה,לא מנהל יחידת מידה,0.00,לא מנהל יחידת מידה,false,1,19.90,0.0000,true,1,31830
4891228430092,false,סכיני גילוח שייק אקס,השחר,CN,שיק אקסטרים 3 סכיני גילוח לאישה לעור רגיש,לא מנהל יחידת מידה,0.00,לא מנהל יחידת מידה,false,1,19.90,0.0000,true,1,41815
4891228460242,false,סכין שיק קואטרו נשים,השחר,CN,שיק קוואטרו סכיני גילוח חד פעמיים לאישה 3 יחידות,לא מנהל יחידת מידה,0.00,לא מנהל יחידת מידה,false,1,31.60,0.0000,true,1,55903
5000111001007,false,"רוטב HP255 מ""ל",HP,,"רוטב HP255 מ""ל",גרמים,250.00,100 גרם,false,1,23.90,0.0956,true,1,87830
5000111041065,false,רוטב וויטרשייר 150 מ,תאי פרזידנט פוד פאבל,,היינץ ווורסטרשייר 150 מל,מיליליטרים,150.00,"100 מ""ל",false,1,12.90,0.0860,true,1,230380
5000111047364,true,HP ברביקיו דבש,יוניליוור גרמניה  Gm,NL,HP  ברביקיו דבש 465 גרם,גרמים,465.00,100 גרם,false,1,16.90,0.0363,true,1,218280
5000157143365,true,מתבל בטעם מיונז וקטש,תאי פרזידנט פוד פאבל,PL,מתבל בטעם מיונז וקטשופ היינץ 425 מל,מיליליטרים,425.00,"100 מ""ל",false,1,15.90,0.0374,true,1,211824
5000159376655,false,סוכריות סקיטלס פירות,ריגלי ממתקים,,סוכריות סקיטלס פירות 38 גרם,גרמים,38.00,100 גרם,false,1,4.50,0.1184,true,1,87713
5000159376792,false,סוכריות סקיטלס חמוץ,ריגלי ממתקים,,סוכריות סקיטלס חמוץ 38 גרם,גרמים,38.00,100 גרם,false,1,4.50,0.1184,true,1,87714
5000159407236,false,חטיף מרס,מרס נדרלנד,,חטיף מרס 51 גרם,גרמים,51.00,100 גרם,false,1,4.90,0.0961,true,1,49581
5000159414197,false,מלטיזרס 135גרם,מרס שוקולד צ.אמריקה,NL,מלטיזרס 135גרם,גרמים,135.00,100 גרם,false,1,15.90,0.1178,true,1,238687
5000159452977,false,חטיפי שוקולד מיקס מי,מרס הולנד בי.וי.,NL,חטיפי שוקולד מיקס מיני 400 גרם,גרמים,400.00,100 גרם,false,1,28.90,0.0722,true,1,183876
5000159459228,false,חטיף טויקס שוקולד,"נארז ע""י : א.ג. גילר",NL,חטיף טויקס 50 גרם,גרמים,50.00,100 גרם,false,1,4.90,0.0980,true,1,89413
5000159528931,false,טוויקס קרמל מלוח 46,מרס נדרלנד,DE,טוויקס קרמל מלוח 46 גרם,גרמים,46.00,100 גרם,false,1,4.90,0.1065,true,1,235087
5000159541152,false,טוייקס לבן 46 גרם,מרס.גי אם. בי אייץ,DE,טוייקס לבן 46 גרם,גרמים,46.00,100 גרם,false,1,4.90,0.1065,true,1,235281
5000204048711,false,קיווי להגנת נעלי ספו,ג'ונסון אנד ג'ונסון,PL,"קיווי להגנת נעלי ספורט 200 מ""ל",מיליליטרים,200.00,"100 מ""ל",false,1,17.90,0.0895,true,1,236238
5000204048803,false,קיווי לניקוי נעלי ספ,ג'ונסון אנד ג'ונסון,PL,"קיווי לניקוי נעלי ספורט 75 מ""ל",מיליליטרים,75.00,"100 מ""ל",false,1,17.90,0.2387,true,1,236239
5000204657883,false,משחת נעליים קיוי חום,המאפיה של הרמן,ID,משחת נעליים בצבע חום,יחידה,0.00,יחידה,false,1,6.80,0.0000,true,1,87064
5000204657913,false,משחת נעליים קווי שחו,המאפיה של הרמן,ID,קיווי משחת נעליים בקופסא שחור 35 גרם,יחידה,1.00,יחידה,false,1,6.80,6.8000,true,1,87065
5000204658064,false,משחת נעליים קיוי אקס,המאפיה של הרמן,HN,קיווי ספוג ייחודי לצחצוח והברקת נעליים 6 מל,מיליליטרים,0.00,"100 מ""ל",false,1,16.20,0.0000,true,1,87066
5000204658125,false,משחת נעליים קיוי קרא,המאפיה של הרמן,PL,קיווי משחת נעליים נוזלית לנעלי עור-צבע חום 75 מל,מיליליטרים,75.00,"100 מ""ל",false,1,13.90,0.1853,true,1,87067
5000204658187,false,משחת נעליים קיווי קר,המאפיה של הרמן,PL,קיווי נוזל לניקוי נעליים שחור 75 מל,מיליליטרים,75.00,"100 מ""ל",false,1,13.90,0.1853,true,1,87068
5000204661392,false,משחת נעליים קיוי אקס,המאפיה של הרמן,ID,קיווי משחת נעליים שחור 65 גרם,יחידה,0.00,יחידה,false,1,10.90,0.0000,true,1,87070
5000204690026,false,מבריק רהיטים פלדג,מיוצר עי קונדיטוריית,NL,פלדג לניקוי רהיטי עץ טבעי,מיליליטרים,250.00,"100 מ""ל",false,1,15.80,0.0632,true,1,86478
5000204886566,true,פלדג שמן לרהיטים,"איטיליאן פוד, אס.פי.",US,"פלדג' שמן התפוז לניקוי רהיטי עץ 473 מ""ל",Unknown,0.00,Unknown,false,1,34.90,0.0000,true,1,225628
5000329002193,false,גין,"איי, בי, אינבוו",,"ג'ין ביפאיטר, 700 מ''ל",מיליליטרים,1.00,"100 מ""ל",false,1,119.90,119.9000,true,1,194194
5000394019089,false,סוללות דורסל C פלוס,יוליניבר,US,סוללות דורסל C פלוס פאור זוג,יחידה,1.00,יחידה,false,1,28.90,28.9000,true,1,200247
5000394019171,false,סוללות דורסל D פלוס,יוליניבר,US,דורסל סוללות D|2,יחידה,1.00,יחידה,false,1,28.90,28.9000,true,1,200248
5000396037548,true,מקוויטיס ביסקויט מצו,קריניציה ויטמינה אס,,מקוויטיס ביסקויט מצו,Unknown,0.00,Unknown,false,1,14.90,0.0000,true,1,218291
5000396037944,true,מקוויטיס ביסקויט קלא,קריניציה ויטמינה אס,,"מקויטיס,  ביסקוויט מקמח חיטה קלאסי 250 גרם",Unknown,0.00,Unknown,false,1,9.90,0.0000,true,1,210641
5010029000252,true,וויטביקס מקורי 430 ג,ויטהביקס לימיטד,,וויטביקס מקורי 430 גרם,גרמים,430.00,100 גרם,false,1,22.90,0.0533,true,1,235806
5010123703585,false,ליסטרין מי פה קול מי,גונסון אנד גונסון,,"ליסטרין מי פה קול מינט 500 מ""ל",מיליליטרים,500.00,"100 מ""ל",false,1,17.90,0.0358,true,1,216424
5010182997253,false,תרסיס רייד מקס קוטל,אס.סי.ג'ונסון מידרכט,NL,"תרסיס רייד מקס קוטל חרקים 300 מ""ל",מיליליטרים,300.00,"100 מ""ל",false,1,19.90,0.0663,true,1,5306
5010182997338,false,טואלט דאק ניחוח רענן,"איטיליאן פוד, אס.פי.",IT,ג'ל נוזלי לאסלה בניחוח רענן 55 מל,מיליליטרים,55.00,"100 מ""ל",false,1,11.90,0.2164,true,1,5307
5010182997680,false,תרסיס רייד קוטל נמלי,אס.סי.ג'ונסון מידרכט,NL,"תרסיס רייד קוטל נמלים אדום 300 מ""ל",מיליליטרים,300.00,"100 מ""ל",false,1,19.90,0.0663,true,1,5310
5010182998847,false,נוזל לאסלה כחול ים,מיוצר עי קונדיטוריית,NL,ניקוי נוזל לאסלה,מיליליטרים,750.00,"100 מ""ל",false,1,12.90,0.0172,true,1,71174
5010232964211,false,קונדומים דורקס אקסטר,תאילנד,TH,קונדומים דורקס אקסטרא סייף 12 יחידות,לא מנהל יחידת מידה,0.00,לא מנהל יחידת מידה,false,1,39.90,0.0000,true,1,19194
5010232964228,false,קונדומים דקים דורקס,תאילנד,TH,"קונדמים קצר ולעניין, דק 12 יחידות",לא מנהל יחידת מידה,0.00,לא מנהל יחידת מידה,false,1,39.90,0.0000,true,1,19195
5010265002836,true,רויטה פת פריכה שיפון,דה ג'ורנדסאנד ריוויט,AO,פת פריכה קמח שיפון מלא 250 גרם,גרמים,250.00,100 גרם,false,1,12.90,0.0516,true,1,202912
5010327000046,false,"ויסקי גרנטס 700 מ""ל","איי, בי, אינבוו",,"ויסקי גרנטס 700 מ""ל",מיליליטרים,700.00,"100 מ""ל",false,1,89.90,0.1284,true,1,5319
5010677551397,false,בקרדי בריזר ליים בקב,"ברקדי בע""מ",BE,"בקרדי בריזר ליים בקבוק 275 מ""ל",מיליליטרים,275.00,"100 מ""ל",false,1,14.90,0.0542,true,1,191300
5010677552387,false,בקרדי בריזר אננס בקב,בקרדי בעמ,BE,"בריזר - משקה כוהלי מוגז בטעם אננס 275 מ""ל",מיליליטרים,275.00,"100 מ""ל",false,1,14.90,0.0542,true,1,5323
5010677554398,false,בקרדי בריזר אבטיח בק,בקרדי בעמ,BE,"בריזר - משקה כוהלי מוגז בטעם אבטיח 275 מ""ל",מיליליטרים,275.00,"100 מ""ל",false,1,14.90,0.0542,true,1,5325
5010677714006,false,גין בומביי ספייר 700,בומביי ספיריטס,ES,ג'ין בומביי ספייר,מיליליטרים,700.00,"100 מ""ל",false,1,129.90,0.1856,true,1,214095
5010677850100,false,וודקה גריי גוס בקבוק,גריי גוס,FR,"וודקה גריי גוס 750 מ""ל",מיליליטרים,700.00,"100 מ""ל",false,1,139.90,0.1999,true,1,207654
5014271002675,false,מעדן תפוח וקינמון 28,סנדלפור,FR,מעדן פרי תפוח וקינמון סנדלפור 284 גרם,גרמים,284.00,100 גרם,false,1,21.90,0.0771,true,1,210594
5014271300429,false,מעדן משמש,פלזנסקי,FR,"מעדן משמש 284 גר                       """,גרמים,284.00,100 גרם,false,1,21.90,0.0771,true,1,5341
5014271330426,false,מעדן אוכמניות כחולות,פלזנסקי,FR,מעדן אוכמניות כחולות סן דלפור 284 גרם,גרמים,284.00,100 גרם,false,1,21.90,0.0771,true,1,5343
5014271350424,false,מעדן ארבע פירות סן ד,המאפיה של הרמן,FR,מעדן ארבע פירות סן דלפור 284 גרם,גרמים,284.00,100 גרם,false,1,21.90,0.0771,true,1,14217
5014271360423,false,מעדן תפוז,המאפיה של הרמן,FR,מעדן סנדלפור תפוז 284 גרם,גרמים,284.00,100 גרם,false,1,21.90,0.0771,true,1,5344
5014271370422,false,מעדן אפרסק סן דלפור,סנט דלפור,FR,מעדן אפרסק סן דלפור 284 גרם,גרמים,284.00,100 גרם,false,1,21.90,0.0771,true,1,5345
5014271390420,false,מעדן פטל סן דלפור 28,המאפיה של הרמן,FR,מעדן סנדלפור פטל 284 גרם,גרמים,284.00,100 גרם,false,1,21.90,0.0771,true,1,5346
5014271400426,false,מעדן תות שדה סן דלפו,המאפיה של הרמן,FR,מעדן תות שדה סן דלפור 284 גרם,גרמים,284.00,100 גרם,false,1,21.90,0.0771,true,1,5347
5014271560427,false,מעדן תפוז גינגר    .,סנט דלפור,FR,מעדן סנדלפור תפוז ג'ינגר 284 גרם,גרמים,284.00,100 גרם,false,1,21.90,0.0771,true,1,14219
5014271795980,false,מעדן חמוציות אוכמניו,סנדלפור,FR,סנדלפור מעדן חמוציות ואוכמניות 284 גרם,גרמים,284.00,100 גרם,false,1,21.90,0.0771,true,1,22216
5029053523446,false,קוטקס תחבושות נייט 2,קימברלי קלארק,,קוטקס תחבושות עם כנפיים נייט 20 יחידות,לא מנהל יחידת מידה,0.00,לא מנהל יחידת מידה,false,1,19.90,0.0000,true,1,5381
5035766044673,false,סיידר תפוחים 5% אלכו,האי נאם סי או אל.טי.,BE,סיידר תפוחים 5% אלכוהול סטרונגבאו 330 מל,מיליליטרים,330.00,"100 מ""ל",false,1,9.00,0.0273,true,1,190330
5035766044772,false,סיידר תפוחים 5% אלכו,האי נאם סי או אל.טי.,BE,סיידר תפוחים 5% אלכוהול סטרונגבאו רביעיי,ליטרים,1.32,ליטר,false,1,32.10,24.3182,true,1,189335
5038483207949,false,קונדומים דורקס אינימ,תאילנד,TH,קונדומים דורקס אינימט פיל סיכה 12 יחידות,לא מנהל יחידת מידה,0.00,לא מנהל יחידת מידה,false,1,39.90,0.0000,true,1,41512
5038483574386,false,קונדומים דורקס פדרלי,רקיט בנקיזר הלת'קר,,קונדומים דורקס פדרלייט 3 * 12 יח,לא מנהל יחידת מידה,0.00,לא מנהל יחידת מידה,false,1,14.90,0.0000,true,1,56883
5038483574416,false,קונדומים דורקס אקסטר,רקיט בנקיזר הלת'קר,,קונדומים דורקס אקסטרא 3 יחידות,לא מנהל יחידת מידה,0.00,לא מנהל יחידת מידה,false,1,14.90,0.0000,true,1,85669
5038483578780,false,קונדומים דורקס עלית,רקיט בנקיזר הלת'קר,,קונדומים דורקס עלית  3 יחידות,לא מנהל יחידת מידה,0.00,לא מנהל יחידת מידה,false,1,14.90,0.0000,true,1,57179
5056357900925,false,סניקרס חמאת בוטנים 5,מרס נדרלנד,US,סניקרס חמאת בוטנים 57 גרם,גרמים,59.00,100 גרם,false,1,16.90,0.2864,true,1,214872
5060305460195,false,חטיף קינואה שמנת חמו,איי אי בי פודס לימיט,,חטיף קינואה שמנת חמוצה סקראביס 80 גרם,גרמים,80.00,100 גרם,false,1,19.90,0.2487,true,1,206507
5060305460232,false,חטיף קינואה סקראביס,איי אי בי פודס לימיט,,חטיף קינואה סקראביס 80 גרם,גרמים,80.00,100 גרם,false,1,19.90,0.2487,true,1,206506
5060319120047,true,תה וורי ברי - הייר ל,אף.סי תבליני בגליל ב,GB,הייר ליווינג תה ורי ברי אורגני 33 גרם,גרמים,40.00,100 גרם,false,1,18.90,0.4725,true,1,202914
5060319120078,true,תה הייר ליבינג סוויט,אף.סי תבליני בגליל ב,GB,תה הייר ליבינג סוויט דרימס 15 שקיקים,גרמים,40.00,100 גרם,false,1,18.90,0.4725,true,1,202915
5060319120108,true,תה ארל גריי הייר ליב,אונלי נטורל פרודקטס,GB,הייר ליווינג תה ארל גריי אורגני 45 גרם,גרמים,45.00,100 גרם,false,1,18.90,0.4200,true,1,202916
5060319120115,true,תה ירוק אורגני-הייר,אף.סי תבליני בגליל ב,GB,הייר ליווינג תה ירוק אורגני 40 גרם,גרמים,50.00,100 גרם,false,1,18.90,0.3780,true,1,202917
5060402908248,false,סניקרס פרוטאין 55 גר,מרס נדרלנד,US,סניקרס פרוטאין 55 גרם,גרמים,59.00,100 גרם,false,1,16.90,0.2864,true,1,214873
5060402908286,false,מארס פרוטאין 59 גרם,מרס נדרלנד,US,מארס פרוטאין 59 גרם,גרמים,59.00,100 גרם,false,1,16.90,0.2864,true,1,214870
5060517886486,false,משקה אנרגיה מונסטר פ,Monster energy סרביה,RU,"מונסטר אנרג'י פח 500 מ""ל",מיליליטרים,500.00,"100 מ""ל",false,1,8.90,0.0178,true,1,211201
5060517886516,false,משקה אנרגיה מונסטר ז,Monster energy סרביה,RU,"מונסטר אנרג'י זירו פח 500 מ""ל",מיליליטרים,500.00,"100 מ""ל",false,1,8.90,0.0178,true,1,211202
5060517886547,false,משקה אנרגיה מונסטר ר,Monster energy סרביה,RU,"מונסטר אנרג'י רוזי פח 500 מ""ל",מיליליטרים,500.00,"100 מ""ל",false,1,8.90,0.0178,true,1,211203
5060639128051,false,מונסטר ULTRA פח 500,Monster energy סרביה,RS,"מונסטר ULTRA פח 500 מ""ל",מיליליטרים,500.00,"100 מ""ל",false,1,8.90,0.0178,true,1,212811
5060639129102,false,משקה אנרגיה מונסטר M,Monster energy סרביה,RS,"מונסטר Mango Loco פח 500 מ""ל",מיליליטרים,500.00,"100 מ""ל",false,1,8.90,0.0178,true,1,214783
5060751219033,false,משקה אנרגיה מונסטר א,Monster energy סרביה,IE,"מונסטר  ULTRA PARADISE פח 500 מ""ל",מיליליטרים,500.00,"100 מ""ל",false,1,8.90,0.0178,true,1,238213
5200133120476,false,גליליות וופלים 400 ג,יוניליוור גרמניה  Gm,GR,גליליות וופלים 400 גרם אגוזים וקקאו,גרמים,400.00,100 גרם,false,1,18.90,0.0472,true,1,212873
5200133120483,false,גליליות וופלים 400 ג,יוניליוור גרמניה  Gm,GR,"גליליות וופלים ממולאות קרם בטעם וניל, 400 גרם",גרמים,400.00,100 גרם,false,1,18.90,0.0472,true,1,210265
5201004020338,false,קפריס רולס קלאסיק 40,פפדופולוס,GR,קפריס רולס קלאסיק 400 גרם,גרמים,400.00,100 גרם,false,1,19.90,0.0497,true,1,210000
5201178801054,false,ניוואה קרם 250 מל,טרופיקל דגיל תעשיות,DE,"ניוואה קרם לחות רב שימושי 250 מ""ל",מיליליטרים,250.00,"100 מ""ל",false,1,29.90,0.1196,true,1,5495
5201940010110,false,זיתים שחורים טבעיים,סיוארס אס.איי,GR,זיתים שחורים טבעיים קלמטה 454 גרם,גרמים,454.00,100 גרם,false,1,14.90,0.0328,true,1,37694
5202302000039,true,זיתים שחורים טבעיים,לילייה פודס,GR,זיתים שחורים טבעיים קלמטה ליליה 275 גרם,גרמים,275.00,100 גרם,false,1,17.90,0.0651,true,1,202921
5202390014222,false,צהובה עגבניות בזיל ט,פרוטרופיק סיה.,GR,צהובה עגבניות בזיל טבעוני 200 גרם ויוליף,גרמים,200.00,100 גרם,false,1,23.90,0.1195,true,1,202185
5202390014239,false,צהובה עשבי תיבול טבע,פרוטרופיק סיה.,GR,צהובה עשבי תיבול טבעוני 200 גרם ויולייף,גרמים,200.00,100 גרם,false,1,23.90,0.1195,true,1,202186
5202390015618,false,צהובה אורגינל טבעוני,פרוטרופיק סיה.,GR,צהובה אורגינל טבעוני 200 גרם ויולייף,גרמים,200.00,100 גרם,false,1,23.90,0.1195,true,1,185598
5202390016325,false,צהובה מעושנת טבעוני,"אריביה אס.אי., יוון",GR,צהובה מעושנת טבעוני 200 גרם ויולייף,גרמים,200.00,100 גרם,false,1,23.90,0.1195,true,1,207262
5202390016967,false,צהובה עם פטריות טבעו,פרוטרופיק סיה.,GR,צהובה עם פטריות טבעוני 200 גרם ויולייף,גרמים,200.00,100 גרם,false,1,23.90,0.1195,true,1,207261
5202390020407,false,יוונית בסגנון פטה טב,פרוטרופיק סיה.,GR,יוונית בסגנון פטה טבעוני 200 גרם ויולייף,גרמים,200.00,100 גרם,false,1,27.90,0.1395,true,1,206210
5202390021121,false,קרמי אורגינל טבעוני,וויטרוס אס.אי.,GR,ויולייף קרמית טבעונית בסגנון אורגינלי 150 גרם,גרמים,150.00,100 גרם,false,1,20.90,0.1393,true,1,206209
5208049001483,false,גולדן וירגיניה לבן30,,,גולדן וירגיניה לבן30 גר+ נייר גלגול P,גרמים,30.00,100 גרם,false,1,70.00,2.3333,true,1,210475
5208049006624,false,פאל מאל אקסטרה סילבר,BAT,DE,פאל מאל אקסטרה סילבר חפיסה,יחידה,1.00,יחידה,false,1,30.20,30.2000,true,1,239333
5391523057936,false,סימילאק גולד 700 גר,אבוט לבורטיז,IE,סימילאק גולד 700 גר שלב 2,גרמים,700.00,100 גרם,false,1,74.90,0.1070,true,1,205134
5391523058063,false,סימילאק אדבנס פלוס 7,טרופיקל דגיל תעשיות,IE,סימילאק אדבנס פלוס 700 שלב1,גרמים,700.00,100 גרם,false,1,69.90,0.0999,true,1,205103
5391523058070,false,סימילאק אדבנס פלוס 7,טרופיקל דגיל תעשיות,IE,סימילאק אדבנס פלוס 700 שלב3,גרמים,700.00,100 גרם,false,1,69.90,0.0999,true,1,205132
5391523058087,false,סימילאק אדבנס פלוס 7,טרופיקל דגיל תעשיות,IE,סימילאק אדבנס פלוס 700 שלב2,גרמים,700.00,100 גרם,false,1,69.90,0.0999,true,1,205131
5410126006087,false,ביסקוויט לוטוס,כלורוקס אוקלנד,BE,עוגיות לוטוס 700 גרם,גרמים,700.00,100 גרם,false,1,29.90,0.0427,true,1,184606
5410126006360,false,לוטוס עוגיות סנדוויץ,מונדלייז,BE,לוטוס עוגיות סנדוויץ במילוי לוטוס 150 גר,גרמים,150.00,100 גרם,false,1,9.90,0.0660,true,1,236257
5410126006377,false,לוטוס עוגיות סנדוויץ,מונדלייז,BE,לוטוס עוגיות סנדוויץ במילוי וניל 150 גרם,גרמים,150.00,100 גרם,false,1,9.90,0.0660,true,1,236258
5410126106183,false,ביסקוויט קרמל לוטוס,כלורוקס אוקלנד,BE,"ביסקויט קרמל 312 גרם בד""צ 50 יח ארוז בנפ",גרמים,312.00,100 גרם,false,1,19.90,0.0638,true,1,14377
5410126116953,false,ממרח לוטוס עוגיות קר,כלורוקס אוקלנד,BE,ממרח עוגיות לוטוס קרמל,גרמים,400.00,100 גרם,false,1,22.90,0.0572,true,1,87007
5410126716016,false,ביסקוויט לוטוס טעם ק,לוטוס ביקרי בלגיה,BE,"ביסקויט בטעם קרמל לוטוס 250 גרם בד""צ",גרמים,250.00,100 גרם,false,1,12.90,0.0516,true,1,5851
5410126726947,false,ממרח לוטוס עוגיות קר,כלורוקס אוקלנד,BE,ממרח עוגיות לוטוס קראנץ',גרמים,380.00,100 גרם,false,1,22.90,0.0603,true,1,185942
5410228217732,false,סטלה ארטואה - פחית 4,מנדלז סי.אר. פרודקשן,BE,בירה סטלה ארטואה בפחית 440 מל,מיליליטרים,440.00,"100 מ""ל",false,1,12.90,0.0293,true,1,214784
5410316983693,false,סמירנוף אייס בקבוק .,דיאג'ו אופריישנס,IT,סמירנוף אייס בודד,מיליליטרים,275.00,"100 מ""ל",false,1,12.90,0.0469,true,1,13104
5411188081852,false,משקה סויה אלפרו וניל,הנסיך- מפעל לייצור ט,BE,אלפרו משקה סויה וניל 1ל,ליטרים,1.00,ליטר,false,1,14.90,14.9000,true,1,185990
5411188096108,false,שמנת לבישול אלפרו 25,אלפרו C.V.A,BE,"שמנת לבישול אלפרו 250 מ""ל",מיליליטרים,250.00,"100 מ""ל",false,1,9.90,0.0396,true,1,63663
5411188110835,false,משקה אלפרו חלב שקדים,הנסיך- מפעל לייצור ט,BE,אלפרו משקה שקדים 1ל,ליטרים,1.00,ליטר,false,1,14.90,14.9000,true,1,89388
5411188112709,false,אלפרו משקה שקדים ללא,הנסיך- מפעל לייצור ט,BE,אלפרו משקה שקדים ללס 1ל,ליטרים,1.00,ליטר,false,1,14.90,14.9000,true,1,188599
5411188115472,false,משקה סויה אלפרו 1ל,הנסיך- מפעל לייצור ט,BE,אלפרו משקה סויה  1ל,ליטרים,1.00,ליטר,false,1,14.90,14.9000,true,1,213145
5411188118732,false,משקה אלפרו קוקוס שקד,הנסיך- מפעל לייצור ט,BE,אלפרו משקה שקדים קוקוס 1ל,ליטרים,1.00,ליטר,false,1,14.90,14.9000,true,1,195860
5411188120742,false,משקה אלפרו שקדים בטע,הנסיך- מפעל לייצור ט,BE,אלפרו משקה שקדים וניל 1ל,ליטרים,1.00,ליטר,false,1,14.90,14.9000,true,1,195859
5411188121923,false,משקה סויה אלפרו סידן,הנסיך- מפעל לייצור ט,BE,אלפרו משקה סויה 3*250מל,מיליליטרים,750.00,"100 מ""ל",false,1,14.90,0.0199,true,1,201288
5411188134985,false,3.5%שומן  NOT MILK א,הנסיך- מפעל לייצור ט,BE,3.5%שומן  NOT MILK אלפרו שבולת שועל 1 לי,ליטרים,1.00,ליטר,false,1,13.90,13.9000,true,1,234325
5411188135005,false,1.8%שומן  NOT MILK א,הנסיך- מפעל לייצור ט,BE,1.8%שומן  NOT MILK אלפרו שבולת שועל 1 לי,ליטרים,1.00,ליטר,false,1,13.90,13.9000,true,1,234324
5411188543398,false,משקה סויה  אלפרו ללא,הנסיך- מפעל לייצור ט,BE,אלפרו משקה סויה ללס 1ל,ליטרים,1.00,ליטר,false,1,14.90,14.9000,true,1,213149
5412533001617,false,נוזל כלים 1 ליטר,השחר,BE,נוזל לניקוי כלים אלוורה ולימון,ליטרים,1.00,ליטר,false,1,19.90,19.9000,true,1,50297
5413149655522,false,אבקת כביסה אריאל שוש,קדבורי,,איראל אבקת כביסה שושן צחור 1.25 קג,קילוגרמים,1.25,"ק""ג",false,1,18.90,15.1200,true,1,50645
5413149922907,false,אריאל קולור וסטייל 5,קדבורי,,"אריאל אבקת כביסה קולור 5 ק""ג",קילוגרמים,6.00,"ק""ג",false,1,49.90,8.3167,true,1,195237
5413548040479,false,רפאלו T24,קדבורי,PL,כדור וופל בציפוי קוקוס פריך במילוי קרם ושקד שלם,גרמים,240.00,100 גרם,false,1,25.90,0.1079,true,1,76518
5601217129420,true,ווליט דפים 20יח,מנוטרסיו איטליה,IT,דפים לשמירה על הצבע ווליט קולור פרוטקשן 20 דפים,Unknown,0.00,Unknown,false,1,22.90,0.0000,true,1,206195
5604912425040,false,מקרלים בשמן חמניה פו,תאי פרזידנט פוד פאבל,PT,מקרלים קטנים בשמן חמניות 125 גרם,גרמים,125.00,100 גרם,false,1,6.90,0.0552,true,1,230168
5701932026964,false,פופקורן עם מלח הוטפו,פופז בעמ,US,פופקורן עם מלח הוטפופ  600 גרם,גרמים,600.00,100 גרם,false,1,15.90,0.0265,true,1,6232
5701932026971,false,פופקורן עם חמאה הוטפ,"פופז בע""מ",US,הוט חמאה 600 ג') ב(12,גרמים,600.00,100 גרם,false,1,15.90,0.0265,true,1,6233
5701932026995,false,פופקורן לייט טבעי הו,קריניציה ויטמינה אס,US,פופקורן לייט טבעי הוטפופ 510 גרם,גרמים,510.00,100 גרם,false,1,15.90,0.0312,true,1,6234
5709405437187,false,תחתוני רונאלדו - S,,,תחתוני רונאלדו - S,יחידה,1.00,יחידה,false,1,59.90,59.9000,true,1,212545
5709405527246,false,תחתוני רונאלדו - M,,,תחתוני רונאלדו - M,יחידה,1.00,יחידה,false,1,59.90,59.9000,true,1,212364
5709405527253,false,תחתוני רונאלדו - L,,,תחתוני רונאלדו - L,יחידה,1.00,יחידה,false,1,59.90,59.9000,true,1,212546
5710840209437,false,באלי נטוראל 40 גר,,,באלי נטוראל 40 גר,גרמים,40.00,100 גרם,false,1,100.00,2.5000,true,1,210861
5710840210013,false,באלי לבן 40 גר,,,באלי לבן 40 גר,גרמים,40.00,100 גרם,false,1,100.00,2.5000,true,1,210860
5710840210136,false,באלי אדום 40 גר,S.T.G,,באלי אדום 40 גר,גרמים,40.00,100 גרם,false,1,100.00,2.5000,false,1,211124
5711953106583,false,ארלה גבינת שמנת טבעי,ארזינא,DK,ארלה גבינת שמנת טבעי,גרמים,200.00,100 גרם,false,1,16.90,0.0845,true,1,210378
5711953106590,false,ארלה גבינת שמנת שום,ארזינא,DK,ארלה גבינת שמנת שום,גרמים,200.00,100 גרם,false,1,16.90,0.0845,true,1,210379
5711953106606,false,ארלה גבינת שמנת עשבי,ארזינא,DK,ארלה גבינת שמנת עשבי תיבול,גרמים,200.00,100 גרם,false,1,16.90,0.0845,true,1,210380
5740900403215,true,ממרח לורפק עם מלח 25,ארזינא,DK,ממרח לורפק עם מלח 250,גרמים,250.00,100 גרם,false,1,18.90,0.0756,true,1,205503
5740900403222,true,ממרח לורפק עם מלח מו,ארזינא,DK,ממרח לורפק עם מלח מופחת שומן,גרמים,250.00,100 גרם,false,1,19.90,0.0796,true,1,205504
5740900403260,false,ממרח לורפק ללא מלח מ,ארזינא,DK,ממרח לורפק ללא מלח מופחת שומן,גרמים,250.00,100 גרם,false,1,19.90,0.0796,true,1,205508
5900020026552,false,דגני האני נאט ציריוס,הנסיך- מפעל לייצור ט,FR,דגני האני נאט ציריוס  625 גרם,גרמים,625.00,100 גרם,false,1,26.90,0.0430,true,1,196640
5900020033314,false,חטיף דגנים ליון מאגד,סי.פי. פולין,PL,חטיף דגנים ליון מאגדת 8*25 גרם,גרמים,200.00,100 גרם,false,1,14.90,0.0745,true,1,205949
5900020036407,true,ליון דגני בוקר שוקול,סי.פי פולין,PL,ליון דגני בוקר שוקולד וקרמל 480גרם,גרמים,480.00,100 גרם,false,1,26.90,0.0560,true,1,212581
5900627063233,false,פיניש טבליות AIO 50,רקיט בנקיזר,PL,פיניש טבליות AIO 50 יחידות,יחידה,1.00,יחידה,false,1,37.90,37.9000,true,1,208574
5900951283963,false,dro סניקרס קרימי ח.ב,סנו מפעלי ברונוס.,PL,dro סניקרס קרימי ח.בוטנים 36.5,גרמים,37.00,100 גרם,false,1,4.90,0.1324,true,1,237011
5901414200411,false,עוגיות היט מיני קקאו,בלזן,PL,עוגיות היט מיני קקאו 130 גרם,גרמים,130.00,100 גרם,false,1,6.90,0.0531,true,1,23822
5902198160403,false,משקה אנרגיה XL TEN,"טמפו משקאות בע""מ",IL,"משקה אנרגיה XL TEN  פחית 250 מ""ל",מיליליטרים,250.00,"100 מ""ל",false,1,4.50,0.0180,true,1,199161
5904941750312,false,משקה אנרגיה BLU דיי,אקו - ביט,PL,בלו משקה אנרגיה מוגז 250 מל,מיליליטרים,250.00,"100 מ""ל",false,1,5.00,0.0200,true,1,88960
5904941751302,false,משקה אנרגיה BLU  פחי,אקו - ביט,PL,בלו משקה אנרגיה מוגז 250 מל,מיליליטרים,250.00,"100 מ""ל",false,1,5.00,0.0200,true,1,49876
5904941751920,false,משקה אנרגיה BLU דיי,אקו - ביט,PL,בלו משקה אנרגיה מוגז 250 מל,מיליליטרים,250.00,"100 מ""ל",false,1,5.00,0.0200,true,1,83094
5904941752262,false,משקה אנרגיה בלו 6 קל,הנסיך- מפעל לייצור ט,PL,בלו משקה אנרגיה מוגז 250 מל,מיליליטרים,250.00,"100 מ""ל",false,1,5.00,0.0200,true,1,212819
5906485301012,false,משקה אנרגיה XL פחית,"טמפו משקאות בע""מ",IL,אקס אל אנרג'י דרינק משקה אנרגיה מוגז,מיליליטרים,250.00,"100 מ""ל",false,1,4.50,0.0180,true,1,25560
5998623526739,false,יין גוורצטרמינר סי ג,דנוביאנה,HU,"יין גוורצטרמינר סי גראס 750 מ""ל",מיליליטרים,750.00,"100 מ""ל",false,1,44.90,0.0599,true,1,211600
5998623530637,false,אדלמה קברנה סובוניון,אדלמה,HU,אדלמה קברנה סובוניון יין אדום 750 מל,מיליליטרים,750.00,"100 מ""ל",false,1,49.90,0.0665,true,1,237601
5998623530644,false,יין רוזה יבש אדלמה פ,אדלמה,HU,יין רוזה יבש אדלמה פינו גרגיו סמוק 750 מ,מיליליטרים,750.00,"100 מ""ל",false,1,49.90,0.0665,true,1,237602
6001067017530,false,מברשת שיניים גוניור,יבואן ומשווק: ש. שסט,CN,מברשת שיניים קולגייט גוניור,יחידה,1.00,יחידה,false,1,13.90,13.9000,true,1,89080
6111094000808,false,"קוסקוס דארי 1 ק""ג+10",דרי קוספט,MA,"קוסקוס דארי 1 ק""ג+10% תוספת",קילוגרמים,1.00,"ק""ג",false,1,15.90,15.9000,true,1,230378
6253017300012,false,טחינה קראוון המקורית,אחדות ביחר לטחינה  ח,IL,טחינה קראוון המקורית 500 גרם,גרמים,500.00,100 גרם,false,1,15.90,0.0318,true,1,84613
6253341100029,false,טחינה עאייש 100% שומ,עומר עאייש שכם,PS,טחינה עאייש 100% שומשום 450 גרם,גרמים,450.00,100 גרם,false,1,15.90,0.0353,true,1,210070
6926572510386,false,סוכריית לקקן גלי ממו,אחים מזרחי,,סוכריית לקקן גלי ממותג,לא מנהל יחידת מידה,0.00,לא מנהל יחידת מידה,false,1,4.50,0.0000,true,1,7718
6936613888667,true,שום יחידה בשרוול,חקלאי,IL,שום יחי,לא מנהל יחידת מידה,0.00,לא מנהל יחידת מידה,false,1,9.90,0.0000,true,1,236802
7038513829002,false,חוט דנטלי גורדן,JORDAN,,חוט דנטלי גורדן 50 מטר,Unknown,0.00,Unknown,false,1,16.30,0.0000,true,1,86480
7038513866304,false,מברשת שיניים    0-2,JORDAN,,מברשת שיניים לילדים 0-2 גורדן,Unknown,0.00,Unknown,false,1,11.90,0.0000,true,1,45980
7038513866311,false,מברשת שיניים    3-5,JORDAN,,מברשת שיניים לילדים-3-5 גורדן,Unknown,0.00,Unknown,false,1,11.90,0.0000,true,1,45981
7038513866328,false,מברשת שיניים    6-8,JORDAN,,מברשת שיניים לילדים-6-8 גורדן,Unknown,0.00,Unknown,false,1,11.90,0.0000,true,1,45982
7038513909018,false,קיסמי שיניים דקים,JORDAN,,"קיסמי שיניים דקים - ג""ורדן",Unknown,0.00,Unknown,false,1,19.90,0.0000,true,1,46018
7038513909117,false,קיסמי שיניים דקים,JORDAN,,קיסמי שיניים דקים במיוחד-גורדן,Unknown,0.00,Unknown,false,1,19.90,0.0000,true,1,45984
7038516140357,false,מברשת שיניים גורדן ט,פרוטרופיק סיה.,NO,ג'ורדן מברשת שיניים רביעייה סופט,Unknown,0.00,Unknown,false,1,16.90,0.0000,true,1,182233
7038516140418,false,גורדן מברשת שיניים,JORDAN,MY,מברשות שיניים טוטאל קלין,Unknown,0.00,Unknown,false,1,16.90,0.0000,true,1,182234
7038516825506,false,חוט דנטלי אקטיב קייר,JORDAN,,חוט דנטלי אקטיב קייר גורדן,Unknown,0.00,Unknown,false,1,17.70,0.0000,true,1,87715
7262626055168,false,חפיסת קלפי משחק,,,חפיסת קלפי משחק,יחידה,1.00,יחידה,false,1,19.90,19.9000,true,1,214968
7290000003068,false,"מאפה אישי כשל""פ -יח",איתנס,IL,"מאפה אישי כשל""פ -יח",יחידה,1.00,יחידה,false,1,9.90,9.9000,true,1,229456
7290000005489,false,קוקיס במשקל גדרון,גדרון,IL,קוקיס במשקל גדרון,קילוגרמים,1.00,"ק""ג",true,,59.90,59.9000,true,1,234157
7290000008384,false,דונאטס במגוון טעמים,פילסברי,IL,דונאטס במגוון טעמים,יחידה,1.00,יחידה,false,1,7.90,7.9000,true,1,213105
7290000023809,false,יין ברקן קלאסיק קברנ,"איי, בי, אינבוו",IL,ברקן קלאסיק קברנה סוביניון יין אדום יבש 2015,מיליליטרים,750.00,"100 מ""ל",false,1,32.90,0.0439,true,1,1942
7290000023816,false,יין ברקן קלאסיק אמרל,"איי, בי, אינבוו",IL,ברקן קלאסיק אמרלד ריזלינג יין לבן חצי יבש 2016,מיליליטרים,750.00,"100 מ""ל",false,1,32.90,0.0439,true,1,1943
7290000023823,false,יין סוביניון בלאן,ברקן סגל,,יין קלאסיק סוביניון בלאן750 מל,Unknown,0.00,Unknown,false,1,32.90,0.0000,true,1,1946
7290000023977,false,יין ברקן קלאסיק מרלו,"איי, בי, אינבוו",IL,ברקן קלאסיק מרלו יין אדום יבש 2015 750 מל,מיליליטרים,750.00,"100 מ""ל",false,1,32.90,0.0439,true,1,1953
7290000024202,false,יין ברקן רזרב קברנה,ברקן שיווק והפצה בעמ,IL,"יין ברקן רזרב קברנה סובניון 750 מ""ל",מיליליטרים,750.00,"100 מ""ל",false,1,49.90,0.0665,true,1,1985
7290000024264,false,יין ברקן רזרב מרלו 7,כרמי צבי - אחים סגל,IL,ברקן רזרב מרלו,מיליליטרים,750.00,"100 מ""ל",false,1,49.90,0.0665,true,1,1990
7290000024523,false,מיץ ענבים תירוש סגל,כרמי צבי - האחים סגל,IL,מיץ ענבים תירוש סגל 1 ליטר,ליטרים,1.00,ליטר,false,1,14.90,14.9000,true,1,189697
7290000024530,false,"יין מתוק סגל 750 מ""ל",יקב סגל,,"יין מתוק סגל 750 מ""ל",מיליליטרים,750.00,"100 מ""ל",false,1,16.30,0.0217,true,1,66699
7290000040042,false,יוגורט יופלה תות 3%,תנובה בעמ,IL,יופלה יוגורט תות %3 גביע 150 גרם,גרמים,150.00,100 גרם,false,1,4.90,0.0327,true,1,3997
7290000040080,false,יוגורט יופלה אפרסק 3,תנובה בעמ,IL,יופלה יוגורט אפרסק %3 גביע 150 גרם,גרמים,150.00,100 גרם,false,1,4.90,0.0327,true,1,4052
7290000040301,false,גבינה קולאז קממבר 12,תנובה,IL,קממבר 24%,גרמים,125.00,100 גרם,false,1,20.50,0.1640,true,1,4179
7290000040318,false,גבינת ברי קולאז 125,תנובה,IL,גבינת ברי קולאז 125 גרם קולקשיין,גרמים,125.00,100 גרם,false,1,20.50,0.1640,true,1,4181
7290000040974,false,חלב דל לקטוז 2% בקרט,"תנובה, מחלבת רחובות",IL,חלב תנובה דל לקטוז 2% שומן 1 ליטר,ליטרים,1.00,ליטר,false,1,7.20,7.2000,true,1,73143
7290000041131,false,חסה סלנובה,חקלאי,IL,חסה סלנובה,יחידה,1.00,יחידה,false,1,10.90,10.9000,true,1,238799
7290000041445,false,קוטג 5% תנובה 250 גר,מחלבת אלון תבור,IL,קוטג תנובה גביע 250 גרם 5% בדצ,גרמים,250.00,100 גרם,false,1,5.70,0.0228,true,1,4343
7290000041858,false,שמנת יטבתה מעושרת 20,,IL,שמנת חמוצה 15% מועשרת מהדרין,מיליליטרים,200.00,"100 מ""ל",false,1,2.40,0.0120,true,1,4390
7290000042015,false,"חלב 3% שקית בד""ץ פיק",תנובה,IL,"חלב 3% שקית בד""ץ פיקוח 1 ליטר",ליטרים,1.00,ליטר,false,1,5.43,5.4300,true,1,4414
7290000042435,false,חלב 1% קרטון פיקוח 1,תנובה,IL,תנובה חלב טרי 1% שומן,ליטרים,1.00,ליטר,false,1,5.86,5.8600,true,1,4451
7290000042480,false,קובו טרופי,חקלאי,IL,קובו טרופי,קילוגרמים,1.00,"ק""ג",true,,39.90,39.9000,true,1,239856
7290000042497,false,פלפל שושקה,חקלאי,IL,פלפל שושקה,קילוגרמים,1.00,"ק""ג",true,,19.90,19.9000,true,1,239857
7290000042503,false,חלב עמיד3% קרטון 1 ל,תנובה,IL,תנובה חלב עמיד 3% שומן 1 ליטר,ליטרים,1.00,ליטר,false,1,7.20,7.2000,true,1,4454
7290000042640,false,"חלב עמיד 250 מ""ל",תנובה,IL,תנובה חלב עמיד 3% שומן 250 מל,מיליליטרים,250.00,"100 מ""ל",false,1,2.90,0.0116,true,1,12185
7290000042855,false,שוקו יטבתה בשקית 225,שטראוס גרופ,,"שוקו יטבתה בשקית 225 מ""ל",מיליליטרים,225.00,"100 מ""ל",false,1,2.60,0.0116,true,1,4478
7290000043012,false,שוקו עמיד 2% בקרטון,תנובה,IL,תנובה שוקו עמיד 2% שומן 250 מל,מיליליטרים,250.00,"100 מ""ל",false,1,4.90,0.0196,true,1,4486
7290000043814,false,שמנת מתוקה עמידה 38%,תנובה,IL,השף הלבן שמנת להקצפה 38% שומן 250 מל,מיליליטרים,250.00,"100 מ""ל",false,1,6.47,0.0259,true,1,4635
7290000043890,false,רויון בקרטון 1 ליטר,תנובה,IL,תנובה רויון לבן מחלב מפסוטר 1.5% 1 ליטר,ליטרים,1.00,ליטר,false,1,10.90,10.9000,true,1,4657
7290000043944,false,יוגורט 4.5% בכד תנוב,מחלבת אלון תבור,IL,יוגורט 4.5% בכד תנובה 1.5 ליטר,ליטרים,1.50,ליטר,false,1,16.80,11.2000,true,1,4670
7290000044712,false,"פרילי תות 500 מ""ל",מיוצר עי קונדיטוריית,IL,"פרילי תות 500 מ""ל",מיליליטרים,500.00,"100 מ""ל",false,1,10.90,0.0218,true,1,4694
7290000045580,false,גבינה מותכת חורש 240,תנובה,IL,נעמה גבינה מותכת משולשים 25% שומן,גרמים,240.00,100 גרם,false,1,19.90,0.0829,true,1,4752
7290000045917,false,גבינה צאן פרומעז גלי,תנובה,IL,תנובה פרומעז גבינה מותכת מחלב עיזים 23% שומן,גרמים,200.00,100 גרם,false,1,26.60,0.1330,true,1,4770
7290000046327,false,גבינה צהובה גלבוע פר,מולינו ניקולי s.p.a,IL,גלבוע גבינה צהובה חצי קשה פרוס 22% שומן,גרמים,200.00,100 גרם,false,1,13.20,0.0660,true,1,4804
7290000047621,false,גבינה למריחה 5% תנוב,מחלבת אלון תבור,IL,גבינה לבנה 5% 250 גרם בדצ,גרמים,250.00,100 גרם,false,1,4.98,0.0199,true,1,14515
7290000048185,false,גבינה למריחה 5% תנוב,מחלבת אלון תבור,IL,גבינה למריחה 5% תנובה פיקוח 250 גרם,גרמים,250.00,100 גרם,false,1,4.98,0.0199,true,1,4964
7290000048192,false,גבינה למריחה 9% תנוב,מחלבת אלון תבור,IL,גבינה למריחה 9% תנובה 250 גרם,גרמים,250.00,100 גרם,false,1,4.80,0.0192,true,1,4965
7290000048307,false,קוטג 5% זיתים 250 גר,מחלבת אלון תבור,IL,קוטג 5% זיתים 250 גרם,גרמים,250.00,100 גרם,false,1,6.10,0.0244,true,1,4977
7290000048413,false,גבינת חמד פיראוס בשק,תנובה,IL,פיראוס חמד גבינה כפרית מלוחה 16% שומן,גרמים,250.00,100 גרם,false,1,18.90,0.0756,true,1,4986
7290000048437,false,גבינה צפתית 5% פיראו,תנובה מחלבת טנא נוגה,IL,גבינה צפתית 5% שומן,גרמים,200.00,100 גרם,false,1,15.50,0.0775,true,1,4995
7290000049458,false,גבינת פטה עזים 16% פ,תנובה,IL,פיראוס פטה עיזים 16% שומן,גרמים,250.00,100 גרם,false,1,27.90,0.1116,true,1,5125
7290000050447,false,יופלה תות 500 גרם,מיוצר עי קונדיטוריית,IL,יופלה תות 3% גביע 500 גרם,גרמים,500.00,100 גרם,false,1,13.80,0.0276,true,1,54705
7290000051307,false,מארז הפסקת אוכל,"תנובה, מחלבת טנא נוג",IL,מארז הפסקת אוכל חלב+דגני עוגי,לא מנהל יחידת מידה,0.00,לא מנהל יחידת מידה,false,1,9.30,0.0000,true,1,58158
7290000051352,false,חלב של פעם 3.5% /3.8,הרדוף תוצרת מזון אור,IL,חלב מלא בטעם של פעם 3.8% שומן 1 ליטר,ליטרים,1.00,ליטר,false,1,7.50,7.5000,true,1,58159
7290000051376,false,יוגורט יופלה דיאט אנ,תנובה בעמ,IL,יופלה דיאט אננס גביע 150 גרם,גרמים,150.00,100 גרם,false,1,4.90,0.0327,true,1,60120
7290000051710,false,גבינת לאבנה שמן זית,"תנובה, מחלבת אלון תב",IL,פיראוס לאבנה אסלית עם שמן זית וזעתר על בסיס יוגורט,גרמים,263.00,100 גרם,false,1,14.20,0.0540,true,1,60123
7290000052311,false,גבינה עמק 15% פרוס 2,תנובה,IL,עמק פרוסות גבינה צהובה חצי קשה 15% מופחתת שומן,גרמים,200.00,100 גרם,false,1,15.90,0.0795,true,1,67126
7290000055015,false,גבינה פטה כבשים 5% פ,תנובה מחלבת טנא נוגה,IL,פיראוס פטה כבשים גבינה מלוחה 5% שומן,גרמים,250.00,100 גרם,false,1,27.90,0.1116,true,1,73473
7290000055329,false,משקה יוגורט יופלה תו,תנובה בעמ,IL,"משקה יוגורט יופלה תות מלון 250 מ""ל",מיליליטרים,250.00,"100 מ""ל",false,1,5.90,0.0236,true,1,75462
7290000055336,false,משקה יוגורט יופלה בנ,תנובה בעמ,IL,"משקה יוגורט יופלה בננה אפרסק 250 מ""ל",מיליליטרים,250.00,"100 מ""ל",false,1,5.90,0.0236,true,1,75463
7290000055893,false,חמאה תנובה 200 גרם,תנובה,IL,חמאה תנובה 200 גרם,גרמים,200.00,100 גרם,false,1,7.90,0.0395,true,1,180051
7290000056081,false,מאגדת יוגורט פרילי ט,מיוצר עי קונדיטוריית,IL,מאגדת יוגורט פרילי טבע          25% 1/6,קילוגרמים,1.20,"ק""ג",false,1,23.60,19.6667,true,1,76505
7290000056272,false,גבינה לבנה 5% זיתים,מחלבת אלון תבור,IL,גבינה לבנה 5% זיתים 250 גרם,גרמים,250.00,100 גרם,false,1,5.80,0.0232,true,1,79292
7290000056845,false,חלב 3% קרטון פיקוח 1,"תנובה, מחלבת רחובות",IL,תנובה חלב טרי 3% שומן אריזת נוחות,ליטרים,1.50,ליטר,false,1,9.34,6.2267,true,1,80370
7290000056883,false,מאגדת יופלה טעמים שו,תנובה בעמ,IL,מאגדת יופלה טעמים שונים שמיניי,קילוגרמים,1.20,"ק""ג",false,1,31.90,26.5833,true,1,78377
7290000056968,false,שמנ מתוקה הקצפה  38%,תנובה,IL,השף הלבן שמנת להקפצה 38% שומן,מיליליטרים,500.00,"100 מ""ל",false,1,12.94,0.0259,true,1,81690
7290000057088,false,גבינה עמק 28% דק 200,תנובה,IL,גבינה עמק 28% דק 200 גרם,גרמים,200.00,100 גרם,false,1,15.90,0.0795,true,1,80101
7290000057118,false,גבינה צהובה עמק קלאס,תנובה,IL,גבינת עמק קלאסית חצי קשה פרוסות 28% שומן,גרמים,400.00,100 גרם,false,1,22.90,0.0572,true,1,80213
7290000057132,false,יוגורט ביו 1.5% תנוב,מחלבת אלון תבור,IL,יוגורט ביו 1.5% תנובה 200 גרם,גרמים,200.00,100 גרם,false,1,3.20,0.0160,true,1,80102
7290000058047,false,שמנת מתוקה,תנובה,IL,שמנת מתוקה להקצפה 500 38% גרם,מיליליטרים,500.00,"100 מ""ל",false,1,12.94,0.0259,true,1,84272
7290000058580,false,קוקילידה 80 גרם,תות תעשיות מזון (201,IL,נסטלה קוקילידה 28*80גרם,גרמים,80.00,100 גרם,false,1,10.50,0.1313,true,1,13203
7290000060071,false,חטיפי פריכונים טבעי,"מיוצר ע""י PT, משווק",IL,אסם חטיפי פריכונים טבעי 12*80גרם,גרמים,80.00,100 גרם,false,1,7.90,0.0988,true,1,6651
7290000060088,false,בייגלה מקלות מלוחים,מיוצר עי קונדיטוריית,IL,אסם בייגלה מקלות מלוחים 12*400גרם,גרמים,400.00,100 גרם,false,1,11.90,0.0298,true,1,51034
7290000060156,false,אטריות ביצים דקות 20,"אסם השקעות בע""מ",IL,אסם אטריות ביצים דקות 12*200גרם,גרמים,200.00,100 גרם,false,1,7.90,0.0395,true,1,6670
7290000060163,false,אטריות דקות 400 גרם,"אסם השקעות בע""מ",IL,אסם אטריות דקות 12*400גרם,גרמים,400.00,100 גרם,false,1,7.90,0.0198,true,1,6672
7290000060200,false,פתיתים אפויים קוסקוס,"אסם השקעות בע""מ",IL,פתיתים אפויים קוסקוס 500 גרם,גרמים,500.00,100 גרם,false,1,6.90,0.0138,true,1,6675
7290000060248,false,פסטה תלתלים,פסטה זארה,IT,אסם פסטה תלתלים 12*500גרם,גרמים,500.00,100 גרם,false,1,6.90,0.0138,true,1,6679
7290000060262,false,קרחון לימונענע,נגה גלידות,,קרחון לימונענע,גרמים,80.00,100 גרם,false,1,2.90,0.0362,true,1,87145
7290000060408,false,פתיתים אפויים טבעות,"אסם השקעות בע""מ",IL,אסם פתיתים אפויים טבעות 12*500גרם,גרמים,500.00,100 גרם,false,1,6.90,0.0138,true,1,6689
7290000060576,false,פתיתים אפויים כוכבים,"אסם השקעות בע""מ",IL,אסם פתיתים אפויים כוכבים 12*500גרם,גרמים,500.00,100 גרם,false,1,6.90,0.0138,true,1,6699
7290000060781,false,פסטה מסולסלים אסם 50,פסטה זארה,IT,אסם פסטה מסולסלים לאחר הפסח 12*500גרם,גרמים,500.00,100 גרם,false,1,6.90,0.0138,true,1,6709
7290000060811,false,טילון אקסטרים ענק מט,תות תעשיות מזון (201,IL,אקסטרים ענק מטבע שוקולד 18*120גרם,גרמים,141.00,100 גרם,false,1,10.50,0.0745,true,1,87136
7290000060842,false,פסטה צדפים גדולים,פסטה זארה,IT,אסם פסטה צדפים גדולים 12*500גרם,גרמים,500.00,100 גרם,false,1,6.90,0.0138,true,1,6714
7290000060859,false,פסטה צדפים קטנים,פסטה זארה,IT,אסם פסטה צדפים קטנים 24 20*500גרם,גרמים,500.00,100 גרם,false,1,6.90,0.0138,true,1,6715
7290000060880,false,ספגטי אסם 500 גרם,פסטה זארה,IT,ספגטי אסם 500 גרם,גרמים,500.00,100 גרם,false,1,6.90,0.0138,true,1,6717
7290000060903,false,פתיתים אפויים אורז 5,"אסם השקעות בע""מ",IL,אסם פתיתים אפויים אורז 12*500גרם,גרמים,500.00,100 גרם,false,1,6.90,0.0138,true,1,6718
7290000060958,false,אטריות בינוניות 400,"אסם השקעות בע""מ",IL,אסם אטריות בינוניות 12*400גרם,גרמים,400.00,100 גרם,false,1,7.90,0.0198,true,1,6722
7290000060965,false,אטריות רחבות 400 גרם,"אסם השקעות בע""מ",IL,אסם אטריות רחבות 12*400גרם,גרמים,400.00,100 גרם,false,1,7.90,0.0198,true,1,6723
7290000061245,false,עוגיות שוקוציפס משהו,מיוצר עי קונדיטוריית,IL,אסם עוגיות שוקוצ'יפס ממולאות 12*220גרם,גרמים,220.00,100 גרם,false,1,11.90,0.0541,true,1,6788
7290000061764,false,קפה נמס רד מאג 200 ג,נסטלה ספרד,ES,נסקפה רד מאג טעם חדש 6*200גרם2017,גרמים,200.00,100 גרם,false,1,24.90,0.1245,true,1,6813
7290000063102,false,קמח תופח אסם 350 גרם,"אסם השקעות בע""מ",IL,קמח תופח אסם 350 גרם,גרמים,350.00,100 גרם,false,1,5.50,0.0157,true,1,7000
7290000063140,false,שקדי מרק אסם בשקית 4,"אסם השקעות בע""מ",IL,אסם שקדי מרק רכיבים טבעיים 12*400גרם,גרמים,400.00,100 גרם,false,1,12.90,0.0323,true,1,7008
7290000063157,false,"קמח תופח מאליו 1 ק""ג","אסם השקעות בע""מ",IL,"קמח תופח מאליו 1 ק""ג אסם",קילוגרמים,1.00,"ק""ג",false,1,9.70,9.7000,true,1,7010
7290000064758,false,קוסקוס אמיתי אסם 350,"מיוצר ע""י קוד יצרן K",IL,אסם קוסקוס אמיתי 12*350גרם,גרמים,350.00,100 גרם,false,1,7.90,0.0226,true,1,15300
7290000065090,false,קרוטונים למרק ולסלט,עינת תעשיות,IL,אסם מיני קרוטונים למרק וסלט 12*400גרם,גרמים,400.00,100 גרם,false,1,25.90,0.0647,true,1,7160
7290000065557,false,מנה חמה קוסקוס עם יר,"אסם תעשיות מזון בע""מ",IL,מנה חמה קוסקוס וירקות בדצ 12*84גרם,גרמים,84.00,100 גרם,false,1,6.90,0.0821,true,1,7182
7290000065977,false,אסם חטיפי פריכונים ת,"מיוצר ע""י פרח, משווק",IL,אסם חטיפי פריכונים תירס 12*80גרם,גרמים,80.00,100 גרם,false,1,7.90,0.0988,true,1,65703
7290000066196,false,ביסלי גריל 200 גרם,מיוצר עי קונדיטוריית,IL,ביסלי גריל 25*200גרם,גרמים,200.00,100 גרם,false,1,7.90,0.0395,true,1,7285
7290000066226,false,ביסלי פיצה 200 גרם,מיוצר עי קונדיטוריית,IL,ביסלי פיצה 25*200גרם,גרמים,200.00,100 גרם,false,1,7.90,0.0395,true,1,7288
7290000066295,false,במבה תות 30 גרם,מיוצר עי קונדיטוריית,IL,במבה מתוקה מחומרים טבעיים 40*30גרם,גרמים,30.00,100 גרם,false,1,3.00,0.1000,true,1,7333
7290000066332,false,אפרופו 50 גרם,מיוצר עי קונדיטוריית,IL,אפרופו 36*50גרם,גרמים,50.00,100 גרם,false,1,5.20,0.1040,true,1,7336
7290000066431,false,חטיף פופקו תירס חמאה,מיוצר עי קונדיטוריית,IL,פופקו חמאה ודבש 40*80גרם,גרמים,80.00,100 גרם,false,1,5.20,0.0650,true,1,7339
7290000067070,false,עוגיות מיני ממולאות,מיוצר עי קונדיטוריית,IL,אסם עוגיות מיני ממולאות שוקולד 6*300גרם,גרמים,300.00,100 גרם,false,1,11.90,0.0397,true,1,7411
7290000067735,false,ניוקי בצקיות מתפוח א,גרנדי פסטי,IT,ניוקי בצקיות מתפוח אדמה בואקום 500 גרם,גרמים,500.00,100 גרם,false,1,13.90,0.0278,true,1,7494
7290000068138,false,פודינג אינסטנט וניל,מיוצר עי קונדיטוריית,IL,אסם פודינג אינסטנט וניל 12*80גרם,גרמים,80.00,100 גרם,false,1,5.90,0.0738,true,1,7556
7290000068152,false,"רוטב צלי לבשר כשל""פ",אסם,,"רוטב צלי לבשר כשל""פ 22 גרם",גרמים,22.00,100 גרם,false,1,3.90,0.1773,true,1,53947
7290000068190,false,"ג""לי בזק טעם תות שדה",מיוצר עי קונדיטוריית,IL,אסם ג'לי תות שדה צבעים טבעיים 12*90גרם,גרמים,90.00,100 גרם,false,1,6.90,0.0767,true,1,7568
7290000068206,false,"ג""לי בזק טעם משמש 85",מיוצר עי קונדיטוריית,IL,אסם ג'לי משמש צבעים טבעיים 12*85גרם,גרמים,85.00,100 גרם,false,1,6.90,0.0812,true,1,7569
7290000068237,false,"ג""לי בזק טעם פטל 85",מיוצר עי קונדיטוריית,IL,אסם ג'לי פטל צבעים טבעיים 12*85גרם,גרמים,85.00,100 גרם,false,1,6.90,0.0812,true,1,7572
7290000068343,false,אסם פריכונים מאורז מ,"מיוצר ע""י PT, משווק",IL,אסם פריכונים מאורז מלא 12*140גרם,גרמים,140.00,100 גרם,false,1,8.90,0.0636,true,1,7587
7290000068701,false,שקדי מרק אסם במיכל 4,"אסם השקעות בע""מ",IL,אסם שקדי מרק רכיבים טבע.מיכל 10*400גרם,גרמים,400.00,100 גרם,false,1,18.30,0.0458,true,1,7606
7290000068787,false,במבה יום הולדת 25 גר,מיוצר עי קונדיטוריית,IL,במבה יום הולדת 108*25גרם,גרמים,25.00,100 גרם,false,1,2.50,0.1000,true,1,7612
7290000069364,false,"פריכונים 140 גר ""דל","מיוצר ע""י PT, משווק",IL,אסם פריכונים עגול אורז דל נת.12*140ג,גרמים,140.00,100 גרם,false,1,8.90,0.0636,true,1,16202
7290000069739,false,חטיפי קרקר שומשום,מיוצר עי קונדיטוריית,IL,אסם חטיפי קרקר שומשום 12*300גרם,גרמים,300.00,100 גרם,false,1,13.30,0.0443,true,1,56290
7290000070308,false,מרק עוף אמיתי 400 גר,"אסם השקעות בע""מ",IL,אסם מרק עוף אמיתי חתם סופר כלפ.6*400גרם,גרמים,400.00,100 גרם,false,1,21.90,0.0547,true,1,7801
7290000070353,false,"מרק בצל כשל""פ 400 גר","אסם השקעות בע""מ",IL,"מרק בצל כשל""פ 400 גרם",גרמים,400.00,100 גרם,false,1,28.90,0.0722,true,1,7803
7290000070919,false,"בייגלה רשתות בד    """,מיוצר עי קונדיטוריית,IL,אסם בייגלה רשתות מלח 9*400גרם,גרמים,400.00,100 גרם,false,1,14.50,0.0363,true,1,70609
7290000071008,false,בייגלה שטוחים עם מלח,"אסם השקעות בע""מ",IL,אסם בייגלה שטוחים מלח 24*60גרם,גרמים,60.00,100 גרם,false,1,3.70,0.0617,true,1,70610
7290000072067,false,במבה במילוי קרם חלבה,מיוצר עי קונדיטוריית,IL,במבה במילוי קרם חלבה 36*60גרם,גרמים,60.00,100 גרם,false,1,4.90,0.0817,true,1,61725
7290000072623,false,קטשופ לחיץ רגיל,"אסם השקעות בע""מ",IL,אסם קטשופ בקבוק לחיץ 9*750גרם-חדש,גרמים,750.00,100 גרם,false,1,11.90,0.0159,true,1,7858
7290000072630,false,קטשופ לחיץ חריף,"אסם השקעות בע""מ",IL,אסם קטשופ חריף כלפ.9*750גרם 2015,גרמים,750.00,100 גרם,false,1,15.80,0.0211,true,1,7859
7290000072753,false,קפה טסטרצויס 200 גרם,לוטה נסטלה קוריאה,,טייסטרס צ'וייס 12*200גרם,גרמים,200.00,100 גרם,false,1,31.90,0.1595,true,1,7862
7290000072777,false,קפה טסטרצויס נטול קפ,לוטה נסטלה קוריאה,,טייסטרס צוייס נטול קופאין 12*200גרם,גרמים,200.00,100 גרם,false,1,39.90,0.1995,true,1,7864
7290000072968,false,דגני סיני מיניס קינמ,סי. פי. פולין,PL,דגני סיני מיניס קינמון 500 גרם,גרמים,500.00,100 גרם,false,1,26.90,0.0538,true,1,8376
7290000073125,false,מנה חמה פסטה ברוטב ע,"אסם השקעות בע""מ",IL,מנה חמה פסטה עם עגבניות ר.טבע. בדץ12*62ג,גרמים,62.00,100 גרם,false,1,6.90,0.1113,true,1,9200
7290000074184,false,ביסקוויט פתיבר 500 ג,"אסם השקעות בע""מ",IL,ביסקוויט פתיבר 500 גרם,גרמים,500.00,100 גרם,false,1,9.90,0.0198,true,1,9275
7290000074245,false,קרם קרקר 250 גרם,"אסם השקעות בע""מ",IL,אסם קרם קרקר 12*250גרם,גרמים,250.00,100 גרם,false,1,10.90,0.0436,true,1,9277
7290000074252,false,קרקר שומשום 250 גרם,"אסם השקעות בע""מ",IL,אסם קרקר שומשום 12*250גרם,גרמים,250.00,100 גרם,false,1,10.90,0.0436,true,1,9278
7290000074276,false,קרקר פיקנטי 250 גרם,"אסם השקעות בע""מ",IL,אסם קרקר פיקנטי 12*250גרם,גרמים,250.00,100 גרם,false,1,10.90,0.0436,true,1,9279
7290000074696,false,קרם קרקר,"אסם השקעות בע""מ",IL,אסם קרם קרקר 4*1קג חדש,קילוגרמים,1.00,"ק""ג",false,1,29.50,29.5000,true,1,9294
7290000075204,false,לחמית קרקר חיטה מלאה,"אסם השקעות בע""מ",IL,לחמית חיטה מלאה 10*250גרם חדש,גרמים,250.00,100 גרם,false,1,10.90,0.0436,true,1,9305
7290000076126,false,בייגלה שמיניות קטנות,"אסם השקעות בע""מ",IL,אסם בייגלה שמיניות קטנות 24*80גרם,גרמים,80.00,100 גרם,false,1,3.70,0.0463,true,1,9330
7290000076133,false,בייגלה שמיניות קטנות,"אסם השקעות בע""מ",IL,אסם בייגלה שמיניות קטנות 12*400גרם,גרמים,400.00,100 גרם,false,1,11.90,0.0298,true,1,9331
7290000077017,false,עוגיות משהו קרמוגית,מיוצר עי קונדיטוריית,IL,אסם קרמוגית במילוי שוקולד 12*200גרם,גרמים,200.00,100 גרם,false,1,11.90,0.0595,true,1,9358
7290000077925,false,טוסטעים צנימים עגולי,ון דר מולן האלום,NL,אסם טוסטעים צנימים עגולים חטה.מלא12*125ג,גרמים,125.00,100 גרם,false,1,11.30,0.0904,true,1,64700
7290000078212,false,קרוטונים מתובלים 250,עינת תעשיות,IL,אסם קרוטונים מתובלים 12*250גרם,גרמים,250.00,100 גרם,false,1,15.90,0.0636,true,1,9404
7290000078762,false,אסם חטיפי פריכונים א,סנורייס בלגיום אן. ו,,אסם חטיפי פריכונים אורז ודבש 14*80גרם,גרמים,80.00,100 גרם,false,1,7.90,0.0988,true,1,9477
7290000080758,false,פת טוסטעים קלויה 100,ון דר מולן האלום,NL,אסם טוסטעים 14*100גרם,גרמים,100.00,100 גרם,false,1,11.30,0.1130,true,1,9872
7290000080765,false,פת טוסטעים עם שומשום,ון דר מולן האלום,NL,אסם טוסטעים עם שומשום 14*100גרם,גרמים,100.00,100 גרם,false,1,11.30,0.1130,true,1,9873
7290000085159,false,פירורי ביסקויט וניל,מגדנית הדר,,פירורי ביסקויט וניל 300 גר,גרמים,300.00,100 גרם,false,1,5.80,0.0193,true,1,233559
7290000085180,false,ביסקוויט פתיבר וניל,"אחים גטניו בע""מ",,ביסקוויט פתיבר וניל גטניו 470 גרם,גרמים,470.00,100 גרם,false,1,9.90,0.0211,true,1,34771
7290000100128,false,פירות קפואים תות,סנפרוסט בעמ,IL,פירות קפואים תות,גרמים,300.00,100 גרם,false,1,19.90,0.0663,true,1,204339
7290000100135,false,פירות קפואים דובדבן,סנפרוסט בעמ,IL,פירות קפואים דובדבן,גרמים,300.00,100 גרם,false,1,19.90,0.0663,true,1,204340
7290000100166,false,סמוטיז אדום 300 גרם,"איי, בי, אינבוו",IL,סמוטיז אדום300 גרם,גרמים,300.00,100 גרם,false,1,19.90,0.0663,true,1,204344
7290000101927,false,אוכמניות כחולות מוקפ,"סנפרוסט בע""מ",IL,אוכמניות כחולות מוקפאות 300 גרם,גרמים,300.00,100 גרם,false,1,19.90,0.0663,true,1,199229
7290000101941,false,אננס מוקפא 300 גרם,"סנפרוסט בע""מ",IL,אננס מוקפא 300 גרם,גרמים,300.00,100 גרם,false,1,19.90,0.0663,true,1,199293
7290000101958,false,מנגו מוקפא 300 גרם,"סנפרוסט בע""מ",IL,מנגו מוקפא 300 גרם,גרמים,300.00,100 גרם,false,1,19.90,0.0663,true,1,199286
7290000103365,false,מרק ירקות קפוא 560 ג,"סנפרוסט בע""מ",IL,מרק ירקות סנפרוסט 550 גרם,גרמים,550.00,100 גרם,false,1,19.90,0.0362,true,1,84798
7290000103433,false,לקט ירקות לתנור 800,"איי, בי, אינבוו",IL,פסטיבל ירקות לתנור 800 גרם סנפרוסט,גרמים,800.00,100 גרם,false,1,24.90,0.0311,true,1,197208
7290000103730,false,לקט להקפצה עם פסטה,"איי, בי, אינבוו",IL,לקט להקפצה עם פסטה פוזולי סנפרוסט,גרמים,800.00,100 גרם,false,1,24.90,0.0311,true,1,62024
7290000103839,false,מרק כתום 570 גרם,"סנפרוסט בע""מ",IL,מרק כתום סנפרוסט 570 גרם,גרמים,570.00,100 גרם,false,1,19.90,0.0349,true,1,78125
7290000103846,false,מרק אפונה קפוא 572 ג,"סנפרוסט בע""מ",IL,מרק אפונה קפוא סנפרוסט 572 גרם,גרמים,572.00,100 גרם,false,1,19.90,0.0348,true,1,78197
7290000103860,false,מרק עדשים 570 גרם,"סנפרוסט בע""מ",IL,מרק עדשים סנפרוסט 570 גרם,גרמים,570.00,100 גרם,false,1,19.90,0.0349,true,1,78127
7290000103877,false,מרק שעועית 640 גרם,"סנפרוסט בע""מ",IL,מרק שעועית סנפרוסט 640 גרם,גרמים,644.00,100 גרם,false,1,19.90,0.0309,true,1,78144
7290000104072,false,עדשים ירוקות מבושלות,"איי, בי, אינבוו",IL,עדשים ירוקות מבושלות 800 גרם,גרמים,800.00,100 גרם,false,1,22.50,0.0281,true,1,70724
7290000104188,false,שעועית אדומה מבושלת,"סנפרוסט בע""מ",IL,שעועית אדומה מבושלת 800 גרם,גרמים,800.00,100 גרם,false,1,22.90,0.0286,true,1,62026
7290000104201,false,אפונה עדינה סנפרוסט,"סנפרוסט בע""מ",IL,אפונה עדינה סנפרוסט 600 גרם,גרמים,600.00,100 גרם,false,1,19.90,0.0332,true,1,17
7290000104218,false,במיה 600 גרם,"איי, בי, אינבוו",IL,במיה 600 גרם,גרמים,600.00,100 גרם,false,1,19.90,0.0332,true,1,18
7290000104683,false,שעועית ירוקה שלמה סנ,"סנפרוסט בע""מ",IL,שעועית ירוקה שלמה סנפרוסט 800גרם,גרמים,800.00,100 גרם,false,1,21.90,0.0274,true,1,37
7290000104690,false,תירס גרעינים סנפרוסט,"סנפרוסט בע""מ",IL,תירס גרעינים סנפרוסט 800גרם,גרמים,800.00,100 גרם,false,1,19.90,0.0249,true,1,38
7290000104706,false,גזר גמדי 800 גרם,"סנפרוסט בע""מ",IL,גזר גמדי 800 גרם,גרמים,800.00,100 גרם,false,1,19.90,0.0249,true,1,39
7290000104713,false,פול ירוק 800 גרם,"איי, בי, אינבוו",IL,פול ירוק 800 גרם,גרמים,800.00,100 גרם,false,1,26.90,0.0336,true,1,40
7290000104720,false,שעועית ירוקה חתוכה ס,"סנפרוסט בע""מ",IL,שעועית ירוקה חתוכה סנפרוסט 800גרם,גרמים,800.00,100 גרם,false,1,20.90,0.0261,true,1,41
7290000104744,false,כרובית 800 גרם,"סנפרוסט בע""מ",IL,כרובית 800 גרם סנפרוסט,גרמים,800.00,100 גרם,false,1,26.90,0.0336,true,1,43
7290000104768,false,תרד עלים,"איי, בי, אינבוו",IL,תרד עלים 800-גר                        .,גרמים,800.00,100 גרם,false,1,27.90,0.0349,true,1,45
7290000104805,false,גרגרי חומוס מבושלים,"סנפרוסט בע""מ",IL,גרגרי חומוס מבושלים קפואים 800 גרם,גרמים,800.00,100 גרם,false,1,21.90,0.0274,true,1,48
7290000104829,false,"קלחוני תירס 1 ק""ג","סנפרוסט בע""מ",IL,"קלחוני תירס 1 ק""ג",קילוגרמים,1.00,"ק""ג",false,1,23.90,23.9000,true,1,50
7290000104874,false,לקט לקוסקוס 800 גרם,"סנפרוסט בע""מ",IL,ירקות לקוסקוס של אמא 800 גרם סנפרוסט,גרמים,800.00,100 גרם,false,1,24.90,0.0311,true,1,51
7290000104881,false,לקט אפונה וגזר 800 ג,"סנפרוסט בע""מ",IL,לקט אפונה וגזר 800 גרם,גרמים,800.00,100 גרם,false,1,19.90,0.0249,true,1,52
7290000104911,false,לקט נורמנדי 800 גרם,"איי, בי, אינבוו",IL,לקט נורמנדי 800 גרם סנפרוסט,גרמים,800.00,100 גרם,false,1,24.90,0.0311,true,1,55
7290000106526,false,ירקות להקפצה חגיגה,"סנפרוסט בע""מ",IL,ירקות להקפצה חגיגה ירוקה  800גרם,גרמים,800.00,100 גרם,false,1,26.90,0.0336,true,1,208853
7290000107165,false,חטיף פולי סויה אדממה,"סנפרוסט בע""מ",IL,חטיף פולי סויה אדממה 400 גרם סנפרוסט,גרמים,400.00,100 גרם,false,1,13.90,0.0348,true,1,33322
7290000107295,false,ברוקולי מוקפא 800 גר,"איי, בי, אינבוו",IL,ברוקולי מוקפא 800 גרם סנפרוסט,גרמים,800.00,100 גרם,false,1,27.90,0.0349,true,1,63
7290000110844,false,חטיף כיפלי גריל 70 ג,יוניליור ישראל מזון,IL,כיפלי חטיף בטעם גריל,גרמים,70.00,100 גרם,false,1,6.50,0.0929,true,1,16216
7290000111117,false,מרכך כביסה בדין לבן,יוניליור ישראל טיפוח,IL,מרכך כביסה בדין לבן,ליטרים,4.00,ליטר,false,1,24.90,6.2250,true,1,80
7290000111186,false,מיונז אמיתי תלמה 500,יוניליוור ישראל מזון,IL,תלמה  מיונז אמיתי 500 גרם,גרמים,500.00,100 גרם,false,1,10.90,0.0218,true,1,82
7290000111353,false,מיונז אמיתי תלמה 1 ק,יוניליוור ישראל מזון,IL,תלמה  מיונז  1 קג,קילוגרמים,1.00,"ק""ג",false,1,19.90,19.9000,true,1,85
7290000112220,false,טחינה קלאסית בארכה 5,רושדי תעשיות מזון בע,IL,בארכה טחינה 100% שומשום 12*500גרם,גרמים,500.00,100 גרם,false,1,14.90,0.0298,true,1,127
7290000112503,false,מרק עשיר ירקות קנור,יוניליוור ישראל מזון,IL,מרק עשיר ירקות קנור 61 גרם,גרמים,61.00,100 גרם,false,1,12.90,0.2115,true,1,146
7290000112619,false,מרק עוף אמיתי לתיבול,יוניליוור ישראל מזון,IL,קנור מרק עוף אמיתי 400 גרם,גרמים,400.00,100 גרם,false,1,22.90,0.0572,true,1,160
7290000116884,false,רוטב ברביקיו קנור 30,יוניליוור ישראל מזון,IL,רוטב ברביקיו קנור,מיליליטרים,300.00,"100 מ""ל",false,1,12.90,0.0430,true,1,13949
7290000117171,false,מרק נמס בכוס דל קלור,יוניליוור ישראל מזון,IL,קנור מרק נמס בכוס בטעם עוף 48 גרם,גרמים,48.00,100 גרם,false,1,8.60,0.1792,true,1,271
7290000117720,false,מרק נמס בכוס פטריות,יוניליוור ישראל מזון,IL,קנור נמס בכוס פטריות 43 גרם,גרמים,43.00,100 גרם,false,1,7.50,0.1744,true,1,276
7290000118277,false,קניידלך קנור 130 גרם,יוניליוור ישראל מזון,IL,קנור  קניידל  130 גרם,גרמים,130.00,100 גרם,false,1,12.90,0.0992,true,1,284
7290000120836,false,מיונז הלמנס 394 גרם,קונפקו אינק' די.בי.א,CA,hellmanns real  מיונז אמיתי הלמנס,גרמים,394.00,100 גרם,false,1,12.90,0.0327,true,1,309
7290000120874,false,מיונז הלמנס לייט 424,"שד' קילבורן 2816, שי",US,hellmanns light ממרח מופחת קלוריות,גרמים,424.00,100 גרם,false,1,12.90,0.0304,true,1,310
7290000121239,false,מיוקל 5% מופחת שומן,יוניליוור ישראל מזון,IL,מיוקל ממרח 5% שומן תלמה,גרמים,500.00,100 גרם,false,1,13.90,0.0278,true,1,20189
7290000123363,false,צימקאו שוקולד אפיכל,"דרך השוקולד 1, צפת 1",IL,אפיכל צמקאו לציפוי ולאפייה 500 גרם,גרמים,500.00,100 גרם,false,1,15.50,0.0310,true,1,343
7290000124841,false,שוקולד חלב ורד הגליל,יוניליוור ישראל מזון,IL,שוקולד חלב ורד הגליל 300 גרם,גרמים,300.00,100 גרם,false,1,18.70,0.0623,true,1,28246
7290000130545,false,מצות 5 חלקים פסח,הנסיך- מפעל לייצור ט,IL,אביב מצות 2.5 קג החמישיה,קילוגרמים,2.50,"ק""ג",false,1,28.90,11.5600,true,1,442
7290000134147,false,מוסקט טחון 40 גרם,תות ממתקי איכות,IL,"תבליני טעם וריח, מוסקט טחון 100%, 40 גרם",גרמים,40.00,100 גרם,false,1,14.90,0.3725,true,1,16909
7290000134307,false,קינמון טחון שקית 50,תות ממתקי איכות,IL,"תבליני טעם וריח, 100% קינמון טחון, 50 גרם",גרמים,50.00,100 גרם,false,1,5.90,0.1180,true,1,21541
7290000134314,false,תיבול לפיצה,תות ממתקי איכות,IL,תבליני טעם וריח תערובת תיבול לפיצה 120 גרם,גרמים,120.00,100 גרם,false,1,9.90,0.0825,true,1,21589
7290000134338,false,תב.אבקת שום 90 גר מי,תבליני טעם וריח,IL,תבליני טעם וריח אבקת שום 90 גרם,גרמים,90.00,100 גרם,false,1,9.90,0.1100,true,1,16238
7290000134352,false,תבלין קינמון טחון,תות ממתקי איכות,IL,"תבליני טעם וריח, 100% קינמון טחון, 90 גרם",גרמים,80.00,100 גרם,false,1,9.90,0.1238,true,1,16023
7290000134550,false,עלי דפנה בשקית 20 גר,תות ממתקי איכות,IL,"תבליני טעם וריח, 100% עלי דפנה, 20 גרם",גרמים,20.00,100 גרם,false,1,5.90,0.2950,true,1,16024
7290000134666,false,רוזמרין 15 גרם,תות ממתקי איכות,IL,"תבליני טעם וריח, 100% רוזמרין, 15 גרם",גרמים,15.00,100 גרם,false,1,6.90,0.4600,true,1,42101
7290000134673,false,זנגביל 30 גרם,תות ממתקי איכות,IL,"תבליני טעם וריח, 100% זנגביל טחון, 30 גרם",גרמים,30.00,100 גרם,false,1,6.90,0.2300,true,1,42102
7290000134680,false,קימל שלם 40 מיכל קטן,תות ממתקי איכות,IL,"תבליני טעם וריח, 100% מקלות קינמון, 15 גרם",גרמים,40.00,100 גרם,false,1,6.90,0.1725,true,1,42103
7290000134758,false,תיבול לתפוא  מיכל,תות ממתקי איכות,IL,"תבליני טעם וריח, תערובת תיבול לתפוחי אדמה, 100 גרם",גרמים,100.00,100 גרם,false,1,9.90,0.0990,true,1,42104
7290000134826,false,תבלין זעתר 100 גרם,תות ממתקי איכות,IL,"תבליני טעם וריח, תערובת תיבול זעתר , 100 גרם",גרמים,100.00,100 גרם,false,1,9.90,0.0990,true,1,16170
7290000134833,false,תבלין כמון 100  גר,תות ממתקי איכות,IL,"תבליני טעם וריח, 100% כמון מזרחי",גרמים,100.00,100 גרם,false,1,9.90,0.0990,true,1,16171
7290000134840,false,תבלין כורכום   מיכל,תות ממתקי איכות,IL,"תבליני טעם וריח, 100% כורכום, 100 גרם",גרמים,100.00,100 גרם,false,1,9.90,0.0990,true,1,16312
7290000134857,false,תבלין פפריקה מתוקה 1,תות ממתקי איכות,IL,"תבליני טעם וריח, פפריקה מתוקה 100%, 100 גרם",גרמים,100.00,100 גרם,false,1,9.90,0.0990,true,1,16313
7290000134864,false,תבלין פפריקה חריפה,יוליניבר,IL,תבליני טעם וריח פפריקה חריפה 100% 100 גרם,גרמים,100.00,100 גרם,false,1,9.90,0.0990,true,1,16172
7290000134871,false,פלפל שחור טחון 100 ג,תות ממתקי איכות,IL,"תבליני טעם וריח, 100% פלפל שחור טחון, 100 גרם",גרמים,100.00,100 גרם,false,1,12.90,0.1290,true,1,16352
7290000134970,false,תבלין חאוויגי מיכל,תות ממתקי איכות,IL,"תבליני טעם וריח, חוויאג' למרק, 100 גרם",גרמים,100.00,100 גרם,false,1,9.90,0.0990,true,1,16282
7290000134987,false,פלפל שחור גרוס מיכל,תבליני טעם וריח,,"פלפל שחור גרוס 90 גר  ""מכיל",גרמים,90.00,100 גרם,false,1,12.90,0.1433,true,1,16025
7290000134994,false,טימין 20 גרם,תות ממתקי איכות,IL,"תבליני טעם וריח, 100% טימין, 20 גרם",גרמים,20.00,100 גרם,false,1,6.90,0.3450,true,1,42105
7290000135052,false,משקה אנרגיה XL TEN מ,"טמפו משקאות בע""מ",IL,משקה אנרגיה XL TEN מנגו פחית 250 מל,מיליליטרים,250.00,"100 מ""ל",false,1,4.50,0.0180,true,1,207883
7290000136240,false,מי סודה 1.5 ליטר,טמפו,IL,מי סודה 1.5 ליטר,ליטרים,1.50,ליטר,false,1,3.80,2.5333,true,1,236406
7290000136646,false,בירה נשר מאלט בקבוק,טמפו,IL,בירה נשר מאלט בקבוק 1.5 ליטר,ליטרים,1.50,ליטר,false,1,8.90,5.9333,true,1,236416
7290000136653,false,בירה נשר מאלט דיאט ב,טמפו,IL,בירה נשר מאלט דיאט בקבוק 1.5 ליטר,ליטרים,1.50,ליטר,false,1,8.90,5.9333,true,1,236417
7290000136677,false,פפסי קולה בקבוק 1.5,טמפו,IL,פפסי קולה בקבוק 1.5 ליטר,ליטרים,1.50,ליטר,false,1,8.50,5.6667,true,1,236707
7290000136684,false,פפסי קולה מקס ללא סו,טמפו,IL,פפסי קולה מקס ללא סוכר בקבוק 1.5 ליטר,ליטרים,1.50,ליטר,false,1,8.50,5.6667,true,1,236708
7290000136691,false,סבן אפ שישייה בקבוק,טמפו,IL,סבן אפ שישייה בקבוק 1.5 ליטר,ליטרים,9.00,ליטר,false,6,49.90,5.5444,true,1,236418
7290000136752,false,סבן אפ דיאט שישייה ב,"טמפו משקאות בע""מ",IL,סבן אפ דיאט שישייה בקבוק 1.5 ליטר,ליטרים,9.00,ליטר,false,6,45.90,5.1000,true,1,236806
7290000136776,false,פפסי מקס קולה שישייה,טמפו,IL,פפסי מקס קולה שישייה בקבוק 1.5 ליטר,ליטרים,9.00,ליטר,false,6,45.90,5.1000,true,1,236420
7290000136783,false,שישיית מירינדה,טמפו,IL,שישיית מירינדה,ליטרים,9.00,ליטר,false,6,49.90,5.5444,true,1,236421
7290000136790,false,מי סודה שישייה בקבוק,טמפו,IL,מי סודה שישייה בקבוק 1.5 ליטר,ליטרים,9.00,ליטר,false,6,17.90,1.9889,true,1,236422
7290000136844,false,מים אקווה נובה שישיי,טמפו,IL,מים אקווה נובה שישייה בקבוק 2 ליטר,ליטרים,12.00,ליטר,false,6,13.90,1.1583,true,1,236425
7290000136868,false,מים סן בנדטו שישייה,טמפו,IL,מים סן בנדטו שישייה בקבוק 1.5 ליטר,ליטרים,9.00,ליטר,false,6,19.90,2.2111,true,1,236426
7290000136875,false,שישיית סןבנדטו מוגז,טמפו,IL,שישיית סןבנדטו מוגז בקבוק 1.5 ליטר,ליטרים,9.00,ליטר,false,6,19.90,2.2111,true,1,236805
7290000136936,false,סבן אפ דיאט בקבוק 1.,טמפו,IL,סבן אפ דיאט בקבוק 1.5 ליטר,ליטרים,1.50,ליטר,false,1,8.50,5.6667,true,1,236704
7290000137513,false,גלידונית קרמיסימו  1,"גלידת שטראוס בע""מ, ר",IL,גלידונית קרמיסימו  1/60  630 גרם,גרמים,630.00,100 גרם,false,1,41.90,0.0665,true,1,518
7290000139227,false,דגן תפוח ממותק 150 ג,"אשב""ל בע""מ",,דגן תפוח ממותק 150 גרם,גרמים,150.00,100 גרם,false,1,9.90,0.0660,true,1,50905
7290000143279,false,שמפו הוואי למניעת קש,שוורצקוף& הנקל דיסלד,IL,"שמפו הוואי למניעת קשקשים 700 מ""ל",מיליליטרים,700.00,"100 מ""ל",false,1,12.90,0.0184,true,1,562
7290000144160,false,שמן זית כתית מעולה ב,"מרקאולאו, ספרד.אבסה,",IT,שמן זית ארומתי,מיליליטרים,750.00,"100 מ""ל",false,1,36.90,0.0492,true,1,65948
7290000144467,false,עץ הזית שמן חמניות ב,"נארז ע""י : א.ג. גילר",GR,שמן חמניות מועשר בנוגדי חמצון 1 ליטר,ליטרים,1.00,ליטר,false,1,16.90,16.9000,true,1,575
7290000144474,false,שמן קנולה מועשר בנוג,סקנולה,EE,שמן קנולה מועשר בנוגדי חמצון 1 ליטר,ליטרים,1.00,ליטר,false,1,15.90,15.9000,true,1,576
7290000148489,false,גרעיני דלעת קליית גת,קרלו,IL,"קליית גת גרעיני דלעת קלויים,200 גרם",גרמים,200.00,100 גרם,false,1,10.30,0.0515,true,1,14557
7290000149615,false,סבון מוצק  תינוק,גליל כימיקלים בעממשו,IL,נקה 7 סבון מוצק  תינוק              1/4,גרמים,400.00,100 גרם,false,1,12.90,0.0323,true,1,35427
7290000149844,false,סינטבון חתול,סנו,,סינטבון חתול 230 גר                    .,גרמים,230.00,100 גרם,false,1,7.90,0.0343,true,1,680
7290000152288,false,נקניקיות עוף עוף טוב,מולינו ניקולי s.p.a,IL,עוף טוב נקניקיות עוף 12*400גרם-חדש,גרמים,400.00,100 גרם,false,1,13.90,0.0348,true,1,745
7290000155661,false,נקניקיות 1.600 קג,מוצרי עוף טוב (2001),IL,נקניקיות 1.600 קג,קילוגרמים,1.60,"ק""ג",false,1,43.90,27.4375,true,1,40616
7290000156545,false,פסטרמה מקסיקנית 300,מולינו ניקולי s.p.a,IL,עוף טוב פסטרמה מקסיקנית 8*300גרם,גרמים,300.00,100 גרם,false,1,24.90,0.0830,true,1,58706
7290000161631,false,חטיף קליק IN במילוי,יוניליוור ישראל מזון,IL,קליק קליק אין חטיף נוגט 38 גרם,גרמים,38.00,100 גרם,false,1,5.90,0.1553,true,1,30104
7290000161648,false,חטיף קליק במילוי קרם,יוניליוור ישראל מזון,IL,קליק  חטיף קליק אין קרם חלב 38 גרם,גרמים,38.00,100 גרם,false,1,5.90,0.1553,true,1,30105
7290000169798,false,דגני עוגי מופחת 20%,יוניליוור שפע ישראל,IL,תלמה דגני בוקר עוגי  500 גרם,גרמים,500.00,100 גרם,false,1,24.90,0.0498,true,1,181423
7290000174723,false,שוקולית עלית 500 גרם,הנסיך- מפעל לייצור ט,IL,שוקולית קופסא 500  / 12 קופ'/ 500ג',גרמים,500.00,100 גרם,false,1,13.90,0.0278,true,1,862
7290000176062,false,קפה טורקי בצלופן 100,שטראוס קפה בי.וי.,IL,עלית טורקי שקית 100ג/1שק'/100גר',גרמים,100.00,100 גרם,false,1,8.90,0.0890,true,1,872
7290000176079,false,קפה עם הל 100 גרם,הנסיך- מפעל לייצור ט,IL,עלית טורקי עם הל 00/1שק'/100גר',גרמים,100.00,100 גרם,false,1,10.20,0.1020,true,1,873
7290000176093,false,קפה טורקי אלדין 200,הנסיך- מפעל לייצור ט,IL,אלדין ואקום 200 גרם,גרמים,200.00,100 גרם,false,1,22.50,0.1125,true,1,875
7290000176116,false,קפה טורקי וואקום,הנסיך- מפעל לייצור ט,IL,"עלית טורקי ואקום  1 ק""ג",קילוגרמים,1.00,"ק""ג",false,1,88.00,88.0000,true,1,12954
7290000176413,false,קפה נמס עלית 50 גרם,הנסיך- מפעל לייצור ט,IL,קפה נמס עלית 50 גרם,גרמים,50.00,100 גרם,false,1,10.80,0.2160,true,1,878
7290000176420,false,קפה נמס עלית פחית 20,שטראוס קפה בי.וי,IL,קפה נמס עלית פחית 200 גרם,גרמים,200.00,100 גרם,false,1,19.90,0.0995,true,1,879
7290000176468,false,קפה נמס האג עלית 50,"איי, בי, אינבוו",,האג נמס אבקתי פחית 50 גר חדש,גרמים,50.00,100 גרם,false,1,13.10,0.2620,true,1,880
7290000178707,false,תפוציפס מלוח 50 גרם,"שטראוס פריטו ליי בע""",IL,תפו טבעי 50 גר 48 יח - שמיטה,גרמים,50.00,100 גרם,false,1,3.90,0.0780,true,1,916
7290000178721,false,תפוציפס מלוח 200 גרם,"שטראוס פריטו ליי בע""",IL,תפו טבעי 200 גר 12 יח,גרמים,200.00,100 גרם,false,1,9.90,0.0495,true,1,918
7290000185019,false,ממרח תמרים טחינה  לל,,IL,ממרח תמרים טחינה  ללס כנרת 225 גרם,גרמים,225.00,100 גרם,false,1,10.90,0.0484,true,1,231867
7290000185460,false,חרוסת כנרת 250 גרם,מנדלז סי.אר. פרודקשן,IL,חרוסת 250 גר',גרמים,250.00,100 גרם,false,1,9.90,0.0396,true,1,991
7290000187952,false,נייר טואלט לילי טריו,חוגלה קימברלי,,נייר טואלט לילי טריו 32 גלילים,מטרים,53470.00,מטר,false,1,45.90,0.0009,true,1,48945
7290000188355,false,מגבות נייר ניקול 6 ג,קימברלי-קלארק,IL,ניקול מגבת 6 בלי בנדלר,מטרים,6400.00,מטר,false,1,12.90,0.0020,true,1,48852
7290000189079,false,תבניות אינגליש ניקול,סין,CN,תבניות אינגליש ניקול 6 יחידות,לא מנהל יחידת מידה,0.00,לא מנהל יחידת מידה,false,1,10.90,0.0000,true,1,189776
7290000189482,false,תבנית אפייה מלבן4 יח,"דוקארט בעמ, קיבוץ כפ",IL,תבנית אפייה קרטון מלבן 4 יח,לא מנהל יחידת מידה,0.00,לא מנהל יחידת מידה,false,1,11.90,0.0000,true,1,62692
7290000189505,false,תבנית אפייה קרטון אי,"דוקארט בעמ, קיבוץ כפ",IL,תבנית אפייה מקרטון אינגלי,לא מנהל יחידת מידה,0.00,לא מנהל יחידת מידה,false,1,11.90,0.0000,true,1,62693
7290000189659,false,מטליות לחות לרצפה,עלבד משואות יצחק בעמ,IL,ניקול מטליות לחות לניקוי הרצפה 10 יחידות,Unknown,0.00,Unknown,false,1,11.90,0.0000,true,1,60621
7290000190068,false,מפיות נייר ניקול 100,חוגלה קימברלי,IL,"מפיות ניקול חלקות לאירוח חד שכבתי, 100 יחידות",Unknown,0.00,Unknown,false,1,7.90,0.0000,true,1,52072
7290000191225,false,האגיס ליטל בייביס מי,קימברלי קלארק שיווק,IL,האגיס ליטל בייביס מידה 2,יחידה,1.00,יחידה,false,1,39.90,39.9000,true,1,194481
7290000191546,false,ממחטות טישיו לילי צב,חוגלה קימברלי,,ממחטות טישיו לילי צבעוני בניילון שלישייה,Unknown,0.00,Unknown,false,1,11.90,0.0000,true,1,1038
7290000191652,false,ממחטות טישיו קלינקס,חוגלה קימברלי,,ממחטות טישיו קלינקס ניילון מארז שלישייה,לא מנהל יחידת מידה,0.00,לא מנהל יחידת מידה,false,1,13.90,0.0000,true,1,45929
7290000195216,false,נייר אפיה 50 יח,אופל,,נייר אפיה ניקול 50 יח,לא מנהל יחידת מידה,0.00,לא מנהל יחידת מידה,false,1,11.90,0.0000,true,1,190223
7290000195537,false,מגבונים לחים האגיס ל,ווטנפס בעמ,IL,האגיס מגבונים לחים לתינוק ללא בישום מארז רביעייה,יחידה,1.00,יחידה,false,1,23.90,23.9000,true,1,15303
7290000196039,false,מפות שולחן ניקול זוג,דיספובד,,"מפות שולחן ניקול זוג  180*110 ס""מ",לא מנהל יחידת מידה,0.00,לא מנהל יחידת מידה,false,1,12.90,0.0000,true,1,1103
7290000196343,false,מפת שולחן ניקול,דיספובד,IL,ניקול מפת שולחן מהודרת,מיליליטרים,0.00,"100 מ""ל",false,1,13.90,0.0000,true,1,1104
7290000196763,false,שקיות אשפה השקית החז,אשפלסט,IL,שקיות אשפה השקית החזקה ניקול 40 יח,Unknown,0.00,Unknown,false,1,24.90,0.0000,true,1,77993
7290000197432,false,שקיות סנדוויצון 19*2,אשלפסט תעשיות בעמ,IL,סנדוויצון זוגות,לא מנהל יחידת מידה,0.00,לא מנהל יחידת מידה,false,1,14.90,0.0000,true,1,1116
7290000197456,false,חיתולים פרידום דריי,קימברלי קלארק ישראל,IL,חיתולים פרידום דריי שלב 4,יחידה,1.00,יחידה,false,1,45.90,45.9000,true,1,189411
7290000197753,false,ניילון נצמד זוג ניקו,GTC,,ניילון נצמד זוג ניקול,מטרים,3000.00,מטר,false,1,12.90,0.0043,true,1,1120
7290000197883,false,תבנית אלומיניום גדול,ארץ ייצור: סין,CN,תבנית אלומיניום גדול 4 יחידות,לא מנהל יחידת מידה,0.00,לא מנהל יחידת מידה,false,1,9.90,0.0000,true,1,16284
7290000197951,false,תבנית אלומיניום ענק,פאלאס,,תבנית אלומיניום ענק 2 יחידות,לא מנהל יחידת מידה,0.00,לא מנהל יחידת מידה,false,1,9.90,0.0000,true,1,16176
7290000204086,false,כרית קירצוף ניקול,UFO INC,US,"ניקול, כריות קרצוף גדולות וחזקות במיוחד, 3 יחידות",יחידה,0.00,יחידה,false,1,11.90,0.0000,true,1,12962
7290000204215,false,כרית יפנית שישייה,פלסטופוליש,IL,"ניקול,כריות יפניות ,6 יחידות",גרמים,0.00,100 גרם,false,1,11.90,0.0000,true,1,1309
7290000204253,false,מטליות ניקוי רב שימו,נועם אורים-קיבוץ אור,IL,"ניקול, מטליות ניקוי רב שימושיות, 9 יחידות",לא מנהל יחידת מידה,0.00,לא מנהל יחידת מידה,false,1,11.90,0.0000,true,1,1312
7290000207162,false,רסק עגבניות 22% 100,"זנלכל בע""מ",IL,יכין רוטב עגבניות מרוכז 100 גרם,גרמים,100.00,100 גרם,false,1,2.50,0.0250,true,1,1386
7290000208022,false,עגבניות מרוסקות יכין,"זנלכל בע""מ",IL,עגבניות מרוסקות יכין 800 גרם,גרמים,800.00,100 גרם,false,1,8.90,0.0111,true,1,40770
7290000208077,false,אפונה גדולה 550 גר .,"זנלכל בע""מ",IL,אפונה גדולה 550 גר .יכין,גרמים,550.00,100 גרם,false,1,7.90,0.0144,true,1,16030
7290000208114,false,אפונה וגזר,"זנלכל בע""מ",IL,יכין אפונת גינה וגזר 550 גרם,גרמים,550.00,100 גרם,false,1,7.90,0.0144,true,1,1430
7290000208213,false,שעועית לבנה ברוטב עג,היינץ צפון אמריקה מק,IL,יכין שעועית לבנה ברוטב עגבניות 580 גרם,גרמים,580.00,100 גרם,false,1,7.90,0.0136,true,1,100989
7290000208329,false,תירס גרעינים מתוק יכ,"זנלכל בע""מ",IL,תירס גרעינים מתוק יכין 560 גרם,גרמים,560.00,100 גרם,false,1,7.90,0.0141,true,1,12174
7290000208336,false,רסק עגבניות 240 גרם,"זנלכל בע""מ",IL,יכין רוטב עגבניות מרוכז 240 גרם,גרמים,240.00,100 גרם,false,1,4.50,0.0188,true,1,37787
7290000208428,false,חומוס שלם יכין 560 ג,היינץ צפון אמריקה מק,IL,יכין חומוס שלם 550 גרם,גרמים,560.00,100 גרם,false,1,7.90,0.0141,true,1,16032
7290000209043,false,מיץ לימון,היינץ צפון אמריקה מק,IL,יכין רוטב לימון משומר לתיבול 1 ליטר,ליטרים,1.00,ליטר,false,1,6.50,6.5000,true,1,16244
7290000209371,false,שלישיית תירס קטן יכי,היינץ צפון אמריקה מק,IL,יכין גרעיני תירס מתוק שלישייה 3*165,גרמים,165.00,100 גרם,false,1,13.90,0.0842,true,1,190872
7290000209722,false,תרכיז עגבניות פריכוז,"זנלכל בע""מ",IL,רסק עגבניות פריכוז 580 יכין,גרמים,580.00,100 גרם,false,1,9.90,0.0171,true,1,12175
7290000209944,false,רוטב עגבניות לשקשוקה,"זנלכל בע""מ",IL,רוטב עגבניות לשקשוקה יכין 240גרם,גרמים,240.00,100 גרם,false,1,5.50,0.0229,true,1,197191
7290000209951,false,רוטב פיצה,"זנלכל בע""מ",IL,רוטב פיצה 240גרם יכין,גרמים,240.00,100 גרם,false,1,5.50,0.0229,true,1,47767
7290000211169,false,"אורז תאילנדי 1 ק""ג",האי נאם סי או אל.טי.,IL,"אורז תאילנדי 1 ק""ג",קילוגרמים,1.00,"ק""ג",false,1,7.90,7.9000,true,1,16122
7290000211374,false,"קמח מלא 1 ק""ג סוגת",תחנות קמח דגן 2006 ב,IL,"קמח מלא 1 ק""ג סוגת",קילוגרמים,1.00,"ק""ג",false,1,7.90,7.9000,true,1,1472
7290000211442,false,אורז פרסי אחד אחד סו,האי נאם סי או אל.טי.,IL,"אורז פרסי 1 ק""ג",קילוגרמים,1.00,"ק""ג",false,1,12.90,12.9000,true,1,1475
7290000211503,false,סוכר לבן ארוז בשקית,"סוגת תעשיות בע""מ",IL,"סוכר לבן ארוז בשקית סוגת 1 ק""ג",קילוגרמים,1.00,"ק""ג",false,1,5.30,5.3000,true,1,1476
7290000211985,false,אורז ריזוטו עגול סוג,"סוגת תעשיות בע""מ",IL,"אורז עגול 1 ק""ג",קילוגרמים,1.00,"ק""ג",false,1,12.90,12.9000,true,1,1485
7290000238029,false,"בצק עלים 1 ק""ג","מעדנות בע""מ",IL,"בצק עלים 1 ק""ג",קילוגרמים,1.00,"ק""ג",false,1,25.90,25.9000,true,1,1940
7290000238036,false,מלווח 700 גרם,"מעדנות בע""מ",IL,מלווח 700 גרם מעדנות,גרמים,700.00,100 גרם,false,1,19.90,0.0284,true,1,1941
7290000238173,false,בורקס גבינה מעדנות 8,"מעדנות בע""מ",IL,בורקס גבינה מעדנות 800 גרם,גרמים,800.00,100 גרם,false,1,24.90,0.0311,true,1,1944
7290000238180,false,"בורקס תפו""א מעדנות 8","מעדנות בע""מ",IL,"בורקס תפו""א מעדנות 800 גרם",גרמים,800.00,100 גרם,false,1,24.90,0.0311,true,1,1945
7290000240541,false,ריבועי בצק עלים800ג.,"מעדנות בע""מ",IL,ריבועי בצק עלים800 גר                  .,גרמים,800.00,100 גרם,false,1,26.40,0.0330,true,1,1964
7290000243566,false,שמן קנולה מועשר בנוג,סקנולה,EE,"עץ הזית שמן קנולה בריאות 750 מ""ל",מיליליטרים,750.00,"100 מ""ל",false,1,11.90,0.0159,true,1,87233
7290000253220,false,שוקולד ציפס חום אופנ,אופנהיימר,IL,שוקולד ציפס חום אופנהיימר 260גרם,גרמים,260.00,100 גרם,false,1,12.90,0.0496,true,1,2102
7290000253251,false,שוקולד ציפס אופנהיימ,אופנהיימר,IL,שוקולד ציפס אופנהיימר לבן260גר,גרמים,260.00,100 גרם,false,1,12.90,0.0496,true,1,2103
7290000253374,false,שוקולד ציפס 66%מוצקי,אופנהיימר,IL,שוקולד ציפס 66%מוצקי קקאו 250גרם,גרמים,250.00,100 גרם,false,1,14.90,0.0596,true,1,233529
7290000253411,false,סוכריות לקישוט צבעונ,אחים מזרחי,IL,סוכריות לקישוט צבעוני אופנהיימר 90גרם,גרמים,90.00,100 גרם,false,1,4.90,0.0544,true,1,57749
7290000253800,false,סוכריות קישוט אופנהי,אופנהיימר,IL,סוכריות קישוט אופנהיימר 90 גרם,גרמים,90.00,100 גרם,false,1,8.90,0.0989,true,1,202300
7290000254197,false,קפה אספרסו זהב,פרח,IL,אספרסו טחון 200 גרם,גרמים,200.00,100 גרם,false,1,28.60,0.1430,true,1,2115
7290000263359,false,חיתולים האגיס מידה 1,קימברלי קלארק שיווק,IL,חיתולים האגיס מידה 1 ליטל בייביז,יחידה,1.00,יחידה,false,1,39.90,39.9000,true,1,67470
7290000267012,false,שקד טבעי מולבן שלם 1,,IL,שקד טבעי מולבן שלם 100 גרם שקדיה,גרמים,100.00,100 גרם,false,1,11.90,0.1190,false,1,2208
7290000267029,false,שקד טבעי מולבן חצוי,,IL,שקד טבעי מולבן חצוי 100 גרם שקדיה,גרמים,100.00,100 גרם,false,1,11.90,0.1190,true,1,235852
7290000267036,false,שקד טבעי מולבן משובב,,IL,שקד טבעי מולבן משובב 100 גרם שקדיה,גרמים,100.00,100 גרם,false,1,11.90,0.1190,true,1,235853
7290000267043,false,שקד טבעי מולבן פרוס,,IL,שקד טבעי מולבן פרוס 100 גרם שקדיה,גרמים,100.00,100 גרם,false,1,11.90,0.1190,false,1,235854
7290000267050,false,שקדים טחונים 100 גרם,,IL,שקדים טחונים 100 גרם שקדיה,גרמים,100.00,100 גרם,false,1,11.90,0.1190,false,1,2212
7290000267548,false,אגוז גרוס 100 גרם,,IL,אגוז גרוס 100 גרם שקדיה,גרמים,100.00,100 גרם,false,1,10.70,0.1070,true,1,235743
7290000286297,false,מסיר אבן מקומקום/פרק,סנו מפעלי ברונוס בעמ,IL,אנטי קלאק מסיר אבנית מקומקום 700 מל,מיליליטרים,700.00,"100 מ""ל",false,1,13.90,0.0199,true,1,2407
7290000286471,false,סנו מדיק אלכו גל דמו,nantong health & bey,CN,סנו מדיק אלכו גל דמות סיליקון לתליה 30,מיליליטרים,30.00,"100 מ""ל",false,1,9.90,0.3300,true,1,210130
7290000286549,false,מטליות לניקוי כללי ס,טרופיקל דגיל תעשיות,IL,"סנו סושי מטליות לניקוי כללי, 9 יחידות",לא מנהל יחידת מידה,0.00,לא מנהל יחידת מידה,false,1,9.90,0.0000,true,1,2413
7290000286877,false,לניקוי סנו רב מתכת,סנו,,לניקוי סנו רב מתכת,מיליליטרים,300.00,"100 מ""ל",false,1,23.90,0.0797,true,1,2421
7290000286907,false,מסיר כתמים סנו ספריי,סנו מפעלי ברונוס בעמ,IL,סנו מסיר כתמים 125 גרם,מיליליטרים,170.00,"100 מ""ל",false,1,24.90,0.1465,true,1,2426
7290000286921,false,סנוקל רסס וכבס,סנו מפעלי ברונוס בעמ,IL,סנו קל BIO,מיליליטרים,750.00,"100 מ""ל",false,1,15.90,0.0212,true,1,62701
7290000287102,false,סנו ספריי לשטיחים 60,מיוצר עי קונדיטוריית,IL,"סנו ספריי לשטיחים 600 מ""ל",מיליליטרים,600.00,"100 מ""ל",false,1,22.40,0.0373,true,1,2430
7290000287195,false,סנורהיט ספריי  לרהיט,מיוצר עי קונדיטוריית,IL,"סנו רהיט אירוסול מנקה, מבריק, מגן ודוחה אבק 300 מל",מיליליטרים,305.00,"100 מ""ל",false,1,16.90,0.0554,true,1,2438
7290000287355,false,סנו סופר פוליש לרצפה,סנו,IL,"סנו סופר פוליש, מבריק רצפות מעצמו, ללא שפשוף.",ליטרים,1.00,ליטר,false,1,26.90,26.9000,true,1,2439
7290000287492,false,סנובון נוזלי לימון 7,"איי, בי, אינבוו",IL,"סנובון נוזלי לימון 750 מ""ל",מיליליטרים,750.00,"100 מ""ל",false,1,11.90,0.0159,true,1,2442
7290000287621,false,מנקה אסלות אנטי קאלק,מיוצר עי קונדיטוריית,IL,"מנקה אסלות אנטי קאלק 750 מ""ל",מיליליטרים,750.00,"100 מ""ל",false,1,12.90,0.0172,true,1,17782
7290000288000,false,סנו ארון פרש טבליות,סנו,IL,סנו ארון פרש טבליות,יחידה,1.00,יחידה,false,1,19.90,19.9000,true,1,2449
7290000288017,false,אקונומיקה סנו JAVEL,"סנו מפעלי ברונוס בע""",IL,אקונומיקה סנו JAVEL לימון 1 ליטר,ליטרים,1.00,ליטר,false,1,8.90,8.9000,true,1,2450
7290000288024,false,אקונומיקה סנו JAVEL,"איי, בי, אינבוו",IL,אקונומיקה סנו JAVEL לימון 4 ליטר,ליטרים,4.00,ליטר,false,1,16.90,4.2250,true,1,2451
7290000288079,false,אקונומיקה JAVEL לימו,"איי, בי, אינבוו",IL,אקונומיקה JAVEL לימון 2 ליטר,ליטרים,2.00,ליטר,false,1,12.80,6.4000,true,1,16252
7290000288086,false,חול לניקוי JAVEL אקו,מיוצר עי קונדיטוריית,IL,חול לניקוי JAVEL אקונ600לימון,גרמים,600.00,100 גרם,false,1,10.90,0.0182,true,1,2453
7290000288352,false,משמיד חרקים K300 סנו,"סנו מפעלי ברונוס בע""",IL,K-300,מיליליטרים,630.00,"100 מ""ל",false,1,23.90,0.0379,true,1,2460
7290000288383,false,משמיד זוחלים K500  ס,סנו מפעלי ברונוס בעמ,IL,"משמיד זוחלים K500  סנו 400 מ""ל",מיליליטרים,400.00,"100 מ""ל",false,1,23.90,0.0597,true,1,2461
7290000288390,false,משמיד זבובים יתושים,"איי, בי, אינבוו",IL,"משמיד זבובים יתושים K600 יבש 500 מ""ל",מיליליטרים,500.00,"100 מ""ל",false,1,23.90,0.0478,true,1,2462
7290000288413,false,סנו די דוחה יתושים כ,גוד פוד פרודקטס S.p,IL,"סנו די דוחה יתושים כדורי 50 מ""ל",מיליליטרים,50.00,"100 מ""ל",false,1,19.90,0.3980,true,1,2463
7290000288420,false,סנו די דוחה יתושיםספ,סנו מפעלי ברונוס בע',IL,סנו די דוחה יתושיםספריי 125 גרם,גרמים,125.00,100 גרם,false,1,19.90,0.1592,true,1,2464
7290000288659,false,סנו די גונגל,טרופיקל דגיל תעשיות,IL,סנו די! ג'ונגל - דוחה יתושים,לא מנהל יחידת מידה,0.00,לא מנהל יחידת מידה,false,1,19.90,0.0000,true,1,204200
7290000288840,false,מים מזוקקים 2 ליטר,סנו,IL,מים מזוקקים 2 ליטר,ליטרים,2.00,ליטר,false,1,16.60,8.3000,true,1,2474
7290000289069,false,קצף ניקוי JAVEL מרסס,"איי, בי, אינבוו",IL,קצף ניקוי JAVEL מרסס בריח לימון סנו 1 ל,ליטרים,1.00,ליטר,false,1,16.90,16.9000,true,1,2476
7290000289496,false,לניקוי כללי קרםJAVEL,הורביץ סחר,IL,לניקוי כללי קרםJAVELלימון           750,מיליליטרים,750.00,"100 מ""ל",false,1,12.90,0.0172,true,1,2480
7290000289748,false,מסיר שומנים פורטה פל,"איי, בי, אינבוו",IL,סנו פורטה פלוס 750 מ''ל,מיליליטרים,750.00,"100 מ""ל",false,1,15.90,0.0212,true,1,2481
7290000291963,false,אקונומיקה סנו JAVEL,סנו,,אקונומיקה סנו JAVEL סמיכה 1 ליטר,ליטרים,1.00,ליטר,false,1,8.90,8.9000,true,1,2499
7290000292007,false,פיתיון גל קוטל תיקני,מיוצר עי קונדיטוריית,IL,סנו K3 פיתיון ג'ל קוטל תיקנים,גרמים,0.00,100 גרם,false,1,49.90,0.0000,true,1,208033
7290000292137,false,סנו לניקוי מוצרי עור,מיוצר עי קונדיטוריית,IL,תחליב לניקוי ולטיפול במוצרי עור,מיליליטרים,500.00,"100 מ""ל",false,1,31.90,0.0638,true,1,2507
7290000292311,false,נוזל לניקוי רצפות פו,סנו מפעלי ברונוס.,IL,פוליויקס מנקה ומבריק רצפות 2 ליטר שחלבים,ליטרים,2.00,ליטר,false,1,22.90,11.4500,true,1,2510
7290000292502,false,K800,"איי, בי, אינבוו",IL,סנו קוטל נמלים K800 300 מל,לא מנהל יחידת מידה,0.00,לא מנהל יחידת מידה,false,1,18.90,0.0000,true,1,204201
7290000292557,false,סנומט נוזל מילוי,טרופיקל דגיל תעשיות,IT,"סנומט מילוי נוזלי למכשיר חשמלי, דוחה יתושים",Unknown,0.00,Unknown,false,1,17.90,0.0000,true,1,2515
7290000292564,false,משמיד חרקים K2000 לל,מיוצר עי קונדיטוריית,IL,תכשיר מיקרוקפסורי,מיליליטרים,750.00,"100 מ""ל",false,1,34.60,0.0461,true,1,2516
7290000292687,false,סנובון לאסלה כחול של,מיוצר עי קונדיטוריית,IL,סנובון כחול סבון מוצק לאסלה בניחוח קלאסי 3 יחידות,גרמים,165.00,100 גרם,false,1,19.90,0.1206,true,1,2518
7290000292915,false,רסס ונגב לניקוי כללי,"איי, בי, אינבוו",IL,סנו רסס ונגב - מנקה כל משטח ללא צורך בשטיפה 750 מל,מיליליטרים,750.00,"100 מ""ל",false,1,13.90,0.0185,true,1,2519
7290000293516,false,סנו סופג לחות,"איי, בי, אינבוו",IL,סנו פרש סופג לחות ומונע עובש 340 גרם,גרמים,340.00,100 גרם,false,1,29.90,0.0879,true,1,2523
7290000293561,false,סנו מסיר עובש,"איי, בי, אינבוו",IL,סנו מסיר עובש,מיליליטרים,750.00,"100 מ""ל",false,1,19.90,0.0265,true,1,2525
7290000293837,false,קרמה מן דאודורנט גל,קוסמופארם בעמ,IL,קרמה מן דאודורנט ג'ל קרבון פאוור,לא מנהל יחידת מידה,0.00,לא מנהל יחידת מידה,false,,16.90,0.0000,true,1,204214
7290000293943,false,מסיר אבנית אנטיקאלק,סנו מפעלי ברונוס בעמ,IL,אנטי קאלק מסיר אבנית וחלודה לשימוש כללי 1 ליטר,ליטרים,1.00,ליטר,false,1,17.90,17.9000,true,1,2527
7290000295336,false,אבק.כביסה מקסימה,סנו,,אבק.כביסה מקסימה סנסטיב1.25 קג,קילוגרמים,1.25,"ק""ג",false,1,14.90,11.9200,true,1,2540
7290000295367,false,אבקת כביסה מקסימה זא,הורביץ סחר,IL,"אבקת כביסה, אפקט JAVEL",קילוגרמים,2.50,"ק""ג",false,1,28.90,11.5600,true,1,2542
7290000295503,false,שקיות אוכל 19*25 סנו,הורביץ סחר,CN,סנו סושי -  שקיות אוכל 2*150,לא מנהל יחידת מידה,0.00,לא מנהל יחידת מידה,false,1,14.90,0.0000,true,1,2545
7290000295541,false,רב מגבת גמבו,מיוצר עי קונדיטוריית,IL,"סנו סושי, רב מגבת ג'מבו, 398 גרם",מטרים,2100.00,מטר,false,1,19.90,0.0095,true,1,2547
7290000295558,false,רדיד אלומיניום זוג 1,מולינו ניקולי s.p.a,CN,"רדיד אלומיניום זוג 15 מ רוחב 30 ס""מ",מטרים,1500.00,מטר,false,1,12.90,0.0086,true,1,16126
7290000300900,false,שניצל תירס טבעול 750,כצט,IL,שניצל תירס טבעול 750 גרם,גרמים,750.00,100 גרם,false,1,29.90,0.0399,true,1,2623
7290000305882,false,דגים ברוטב עגבניות פ,לחמנו,TR,קוליאס 120 גרם בדצ עדה חרדית,גרמים,120.00,100 גרם,false,1,5.90,0.0492,true,1,2784
7290000311128,false,עוגיות בטעם חמאה,תות ממתקי איכות,IL,עוגיות מובחרות בטעם חמאה,גרמים,300.00,100 גרם,false,1,8.50,0.0283,true,1,57381
7290000311203,false,ופלים מן בטעם שוקולד,תות ממתקי איכות,IL,ופלים מן בטעם שוקולד 200 גרם,גרמים,200.00,100 גרם,false,1,5.50,0.0275,true,1,2824
7290000311425,false,וופל מצופה עשיריות מ,תות ממתקי איכות,IL,מאגדת ופל מצופה כחול-עשיריה,גרמים,220.00,100 גרם,false,1,9.90,0.0450,true,1,208278
7290000311869,false,ופל מן ללא סוכר 180,תות ממתקי איכות,IL,ופל מן ללא סוכר 180 גרם,גרמים,180.00,100 גרם,false,1,9.90,0.0550,true,1,172374
7290000313160,false,עוגיות ביסקוויט זהבה,היינץ צפון אמריקה מק,IL,עוגיות ביסקוויט זהבה ו 3 הדובים 250 גרם,גרמים,250.00,100 גרם,false,1,9.70,0.0388,true,1,16127
7290000313290,false,נודלס אטריות מסולסלת,תאי פרזידנט פוד בנגק,TH,אסם נודלס אטריות מסולסלות 12*200גרם,גרמים,200.00,100 גרם,false,1,10.90,0.0545,true,1,2862
7290000315126,false,ציר עוף קנור 300 גרם,יוניליוור ישראל מזון,IL,קנור ציר עוף 300 גרם,גרמים,300.00,100 גרם,false,1,30.60,0.1020,true,1,33940
7290000315133,false,ציר בקר קנור 300 גרם,יוניליוור ישראל מזון,IL,קנור ציר בקר 300 גרם,גרמים,300.00,100 גרם,false,1,30.60,0.1020,true,1,33941
7290000315140,false,קורנפלקס מלא תלמה 50,יוניליוור שפע ישראל,IL,תלמה קורנפלקס  מלא דגני בוקר 500 גרם,גרמים,500.00,100 גרם,false,1,21.70,0.0434,true,1,181859
7290000327020,false,פפסי פחית צרה 330 שי,פפסיקו ניורק,IL,פפסי פחית צרה 330 שישייה,ליטרים,1.98,ליטר,false,6,22.90,11.5657,true,1,238163
7290000327044,false,סבן אפ פחית צרה 330,פפסיקו ניורק,IL,סבן אפ פחית צרה 330 שיישיה,ליטרים,1.98,ליטר,false,6,22.90,11.5657,true,1,238164
7290000334745,false,אמריקן ציפס,,IL,תפוגן אמריקן צ'יפס 6*1.5קג,קילוגרמים,1.50,"ק""ג",false,1,26.90,17.9333,true,1,16336
7290000334912,false,תפוגן טוגן 15 800 גר,"תעשיות תפוגן בע""מ",IL,תפוגן טוגן 15*800גרם,גרמים,800.00,100 גרם,false,1,11.90,0.0149,true,1,57360
7290000334981,false,אמריקן צייפס 1-2-3,,IL,תפוגן אמריקן צ'יפס 10*750גרם,גרמים,750.00,100 גרם,false,1,24.90,0.0332,true,1,3146
7290000336053,false,סיידר הגליל תרכיז טב,"טמפו משקאות בע""מ",IL,סיידר תרכיז 330 בקבוק,מיליליטרים,330.00,"100 מ""ל",false,1,13.60,0.0412,true,1,3150
7290000336282,false,סיידר הגליל תפוח צלו,טמפו משקאות בעמ,IL,סיידר תפוח צלול 330 בקבוק,מיליליטרים,330.00,"100 מ""ל",false,1,8.50,0.0258,true,1,13322
7290000339566,false,מרכך כביסה בדין ורוד,יוניליור ישראל טיפוח,IL,מרכך כביסה בדין ורוד,ליטרים,4.00,ליטר,false,1,24.90,6.2250,true,1,3180
7290000341071,false,מרכך כביסה בייבי בדי,יוניליוור ישראל טיפו,IL,בדין  מרכך כביסה בייבי 2 ליטר,ליטרים,2.00,ליטר,false,1,20.70,10.3500,true,1,3199
7290000342856,false,מרכך כביסה בדין כחול,יוניליור ישראל טיפוח,IL,מרכך כביסה בדין כחול,ליטרים,4.00,ליטר,false,1,24.90,6.2250,true,1,3217
7290000345208,false,תה קלאסיק 1 גרם 25 ש,HIQ FOOD PRODUCTS,IL,-25/1תה מעודן,גרמים,25.00,100 גרם,false,1,8.40,0.3360,true,1,3259
7290000345260,false,תה קלאסיק 1.5 גרם,מולינו ניקולי s.p.a,IL,תה קלאסיק 1.5 גרם 25 שקיקים,גרמים,37.00,100 גרם,false,1,8.10,0.2189,true,1,3261
7290000345284,false,תה קלאסיק  100שקיקים,מולינו ניקולי s.p.a,IL,100/1.5במעטפה,יחידה,1.00,יחידה,false,1,17.90,17.9000,true,1,3263
7290000345291,false,תה ארל גריי 1.5 גרם,ויסוצקי,IL,ארל גריי TEAR TAPE - 25,גרמים,38.00,100 גרם,false,1,17.70,0.4658,true,1,3264
7290000345536,false,תה נענע ויסוצקי  25,מולינו ניקולי s.p.a,IL,תה נענע,גרמים,37.00,100 גרם,false,1,18.90,0.5108,true,1,3268
7290000346120,false,חליטת תה צמחים קינמו,HIQ FOOD PRODUCTS,IL,קסם הקינמון-הגן הקסום,גרמים,62.00,100 גרם,false,1,19.90,0.3210,true,1,3287
7290000346137,false,חליטת תה צמחים הילול,HIQ FOOD PRODUCTS,IL,"הילולי פירות-""הגן הקסום """,גרמים,62.00,100 גרם,false,1,19.90,0.3210,true,1,3288
7290000346199,false,חליטת תה צמחים פירות,HIQ FOOD PRODUCTS,IL,"פירות היער-""הגן הקסום """,גרמים,67.00,100 גרם,false,1,19.90,0.2970,true,1,3291
7290000346205,false,חליטת תה צמחים קמומי,HIQ FOOD PRODUCTS,IL,"קמומיל-""הגן הקסוםC24 ?",גרמים,37.00,100 גרם,false,1,19.90,0.5378,true,1,3292
7290000346960,false,תה נענע,ארזינא,IL,"ויסוצקי תה נענע , אריזה משפחתית 85 גרם",גרמים,75.00,100 גרם,false,1,31.90,0.4253,true,1,3315
7290000347738,false,תה ירוק נענע 25 שקיק,HIQ FOOD PRODUCTS,IL,תה ירוק עם נענע T.T,גרמים,37.00,100 גרם,false,1,25.90,0.7000,true,1,3319
7290000347752,false,תה ירוק לימונית ולוא,HIQ FOOD PRODUCTS,IL,תה ירוק עם לימונית/לואיזה T.T,גרמים,37.00,100 גרם,false,1,25.90,0.7000,true,1,3321
7290000364261,false,דקניקים סלסולי כתף ב,הנסיך- מפעל לייצור ט,IL,דקניקים סלסולי כתף בקר 120 גרם,גרמים,120.00,100 גרם,false,1,15.90,0.1325,true,1,65737
7290000364278,false,דקניקים סלסולי סלמי,הנסיך- מפעל לייצור ט,IL,דקניקים סלסולי סלמי איטלקי משובח 120 גרם,גרמים,120.00,100 גרם,false,1,15.90,0.1325,true,1,65738
7290000364285,false,דקניקים סלסולי פסטרמ,הנסיך- מפעל לייצור ט,IL,דקניקים סלסולי פסטרמה הודו 120 גרם,גרמים,120.00,100 גרם,false,1,15.90,0.1325,true,1,65739
7290000364292,false,דקניקים סלסולי פסטרמ,הנסיך- מפעל לייצור ט,IL,דקניקים סלסולי פסטרמה גחלים 120 גרם,גרמים,120.00,100 גרם,false,1,15.90,0.1325,true,1,70820
7290000364759,false,נקניקיות קרנץ הודו,הנסיך- מפעל לייצור ט,IL,נקניקיות וינר 500 גרם,גרמים,500.00,100 גרם,false,1,19.50,0.0390,true,1,3487
7290000364803,false,נקניקיות אמריקאיות,הנסיך- מפעל לייצור ט,IL,"טירת צבי, נקניקיות בקר בסגנון אמריקאי, 500 גרם",גרמים,500.00,100 גרם,false,1,29.90,0.0598,true,1,3492
7290000364858,false,נקניקיות עוף       .,הנסיך- מפעל לייצור ט,IL,"טירת צבי - נקניקיות עוף 1 ק""ג",קילוגרמים,1.00,"ק""ג",false,1,28.90,28.9000,true,1,3510
7290000364872,false,נקניקיות עוף 400 גרם,טיב טירת צבי 2000,IL,נקניקיות עוף 400 גרם,גרמים,400.00,100 גרם,false,1,13.90,0.0348,true,1,3512
7290000367590,false,צמד כפרי פסטרמה סלמי,טיב טירת צבי 2000,IL,צמד כפרי פסטרמה סלמי טירת צבי 800 גרם,גרמים,800.00,100 גרם,false,1,30.90,0.0386,true,1,3537
7290000377452,false,גרעיני אבטיח קליית ג,הדקלאים אגודת שיתופי,IL,גרעיני אבטיח שק'200 גר',גרמים,200.00,100 גרם,false,1,11.50,0.0575,true,1,12267
7290000377612,false,מיץ תפוזים סחוט פריג,מיוצר עי קונדיטוריית,IL,פריגת סחוט תפוזים קלאסי,מיליליטרים,400.00,"100 מ""ל",false,1,9.50,0.0238,true,1,3583
7290000379104,false,לחם אחיד פרוס 750 גר,מאפיית אנג'ל אורנים,IL,אנג'ל לחם אחיד פרוס ללא תוספת סוכר 750 גרם,גרמים,750.00,100 גרם,false,1,7.11,0.0095,true,1,3608
7290000379258,false,חלה קונדיטוריה ארוזה,מאפיית שלמה א. אנג'ל,IL,אנג'ל חלת קונדיטוריה 500 גרם,גרמים,500.00,100 גרם,false,1,14.90,0.0298,true,1,3615
7290000408316,false,יוגורט דנונה 3% 200,מיוצר עי קונדיטוריית,IL,דנונה ביו  3% 200 גרם,גרמים,200.00,100 גרם,false,1,3.70,0.0185,true,1,4215
7290000408354,false,דנונה בר דגנים שוקול,"שטראוס בריאות בע""מ",IL,בר דנונה פצפוצים,גרמים,175.00,100 גרם,false,1,4.80,0.0274,true,1,4216
7290000416021,false,ממרח שוקולד השחר 500,השחר העולה,IL,ממרח השחר העולה חלבי 500 גרם,גרמים,500.00,100 גרם,false,1,13.90,0.0278,true,1,4369
7290000416045,false,ממרח שוקולד השחר דלי,השחר העולה,IL,ממרח שוקולד השחר דלי1 קג,קילוגרמים,1.00,"ק""ג",false,1,25.90,25.9000,true,1,99114
7290000416618,false,ממרח שוקולד השחר 400,השחר העולה בעמ,IL,ממרח שוקולד השחר 400 גרם,גרמים,400.00,100 גרם,false,1,13.50,0.0338,true,1,4375
7290000420325,false,פופקורן פופ סטאר טעם,TLV צ'יף,US,"פופסטאר פופקורן למקירוגל בטעם טבעי 5 שקיות,500 גרם",גרמים,500.00,100 גרם,false,1,13.90,0.0278,true,1,4419
7290000420332,false,פופקורן פופ סטאר חמא,TLV צ'יף,US,פופקורן פופ סטאר חמאה 500 גרם,גרמים,500.00,100 גרם,false,1,13.90,0.0278,true,1,4420
7290000420417,false,שקיות אשפה 52*65 גלי,"איטיליאן פוד, אס.פי.",TH,גלילונית שקיות אשפה עם שרוך 52x65 60 יח,לא מנהל יחידת מידה,0.00,לא מנהל יחידת מידה,false,1,21.90,0.0000,true,1,4421
7290000430102,false,קוביות קרח בשקית,אייס קיוב,,קוביות קרח בשקית,יחידה,1.00,יחידה,false,1,14.90,14.9000,true,1,15230
7290000449111,false,פנטסטיק לניקוי כללי,יוניליוור ישראל טיפו,IL,cif  פנטסטיק תרכיז ניקוי רב תכליתי בניחוח לימון,ליטרים,1.00,ליטר,false,1,13.90,13.9000,true,1,4698
7290000450209,false,טונה בשמן פוסידון 10,"מיוצר עי וליגר בעמ,",IL,פוסידון נתחי טונה בהירה בשמן 108 גרם,גרמים,108.00,100 גרם,false,1,5.90,0.0546,true,1,4719
7290000453309,false,בצק פיצה תמי ללג 280,תמי,IL,בצק פיצה תמי ללג 230גרם,גרמים,230.00,100 גרם,false,1,21.90,0.0952,true,1,235590
7290000453316,false,בצק עלים תמי ללג 280,תמי,IL,בצק עלים תמי ללג 280גרם,גרמים,280.00,100 גרם,false,1,21.90,0.0782,true,1,235589
7290000453323,false,קמח תמי עמילן חיטה ל,תמי,IL,קמח תמי עמילן חיטה ללא גלוטן 500 גרם,גרמים,500.00,100 גרם,false,1,18.90,0.0378,true,1,238289
7290000453408,false,בצק פיצה דק מצונן ומ,"פאקא תעשיות בע""מ",GR,בצק פיצה דק מצונן ומוכן לאפייה - שמרית,גרמים,150.00,100 גרם,false,1,17.90,0.1193,true,1,210348
7290000453415,false,בצק עלים מצונן ומוכן,"פאקא תעשיות בע""מ",FR,בצק עלים מצונן ומוכן לאפייה - שמרית,גרמים,150.00,100 גרם,false,1,17.90,0.1193,true,1,210346
7290000453866,false,נטורינה קוקוס,גרונבאנג- גרונדנסק א,DK,נטורינה קוקוס לאפייה ובישול 200 גרם,גרמים,200.00,100 גרם,false,1,8.90,0.0445,true,1,206686
7290000453897,false,מרגרינה בטעם חמאה 20,גרונבאנג- גרונדנסק א,DK,מרגרינה שמרית בטעם חמאה ללא שומן מוקשה 200 גרם,גרמים,200.00,100 גרם,false,1,5.90,0.0295,true,1,196380
7290000461656,false,בייגלה מקלות מלוחים,בייגל את בייגל מזון,IL,כעכים בצורת מקלות עם מלח בייגל בייגל,גרמים,400.00,100 גרם,false,1,11.90,0.0298,true,1,4785
7290000462141,false,סחוג אדום חריף,אף.סי תבליני בגליל ב,IL,"זהבי הכרם זחוק תמני חריף, 150 גרם",גרמים,150.00,100 גרם,false,1,9.90,0.0660,true,1,55180
7290000462172,false,סחוג ירוק בצנצנת 150,אף.סי תבליני בגליל ב,IL,זחוק זהבי ירוק חריף 150 גרם,גרמים,150.00,100 גרם,false,1,9.90,0.0660,true,1,4798
7290000467153,false,חומוס סמיר הגדול מלך,לחמנו,IL,צבר חומוס סמיר הגדול 6*400גרם,גרמים,400.00,100 גרם,false,1,14.90,0.0373,true,1,184358
7290000467320,false,חומוס אבו מרוואן מלך,לחמנו,IL,צבר חומוס אבו מרוואן 6*400גרם,גרמים,400.00,100 גרם,false,1,14.90,0.0373,true,1,184359
7290000467511,false,ביסלי ברביקיו,אסם,,ביסלי ברביקיו 55 גרם,גרמים,55.00,100 גרם,false,1,4.00,0.0727,true,1,186703
7290000467887,false,ביסלי פיצה,אסם,,ביסלי פיצה 55 גרם,גרמים,55.00,100 גרם,false,1,4.00,0.0727,true,1,186704
7290000468747,false,ביסלי גריל,אסם,,ביסלי גריל 55 גרם,גרמים,55.00,100 גרם,false,1,4.00,0.0727,true,1,186705
7290000468877,false,ביסלי בצל,אסם,,ביסלי בצל 55 גרם,גרמים,55.00,100 גרם,false,1,4.00,0.0727,true,1,186706
7290000469638,false,לגיהוץ מריטו ספריי,BOLTON MANITOBA S.P.,,לגיהוץ מריטו ספריי 500 סמק,מיליליטרים,500.00,"100 מ""ל",false,1,22.70,0.0454,true,1,4873
7290000474076,false,חלב 3% קרטון מהדרין,טרה,IL,"חלב בקרטון 3%-1 ליטר בד""צ",ליטרים,1.00,ליטר,false,1,6.23,6.2300,true,1,4907
7290000474090,false,חלב 1% קרטון פיקוח 1,מילקו תעשיות בעמ,IL,"חלב בקרטון 1%- 1 ליטר בד""צ",ליטרים,1.00,ליטר,false,1,5.86,5.8600,true,1,4908
7290000474373,false,שמנת חמוצה      200,טרה,IL,"שמנת חמוצה  200 מ""ל בד""צ",גרמים,200.00,100 גרם,false,1,2.40,0.0120,true,1,4914
7290000474502,false,גבינה לבנה 5% פיקוח,טרה,IL,גבינה לבנה 5% פיקוח 250 גרם,גרמים,250.00,100 גרם,false,1,4.98,0.0199,true,1,4917
7290000474540,false,גבינה טוב טעם 3% 250,טרה,IL,"טרה, טוב טעם, גבינה לבנה  3% ,  250 גרם",גרמים,250.00,100 גרם,false,1,11.90,0.0476,true,1,4919
7290000480107,false,שיבולת שועל קוואקר פ,וולקרס סנקס לימיטד,,שיבולת שועל קוואקר פחית 500 גרם,גרמים,500.00,100 גרם,false,1,15.00,0.0300,true,1,4946
7290000480329,false,ממתיק הרמזית 800 טבל,סנרו ס.א,,"הרמזית טבליות ממתיק על בסיס סכרין, 800 טבליות",גרמים,12.00,100 גרם,false,1,27.60,2.3000,true,1,4949
7290000480442,false,שיבולת שועל קוואקר ש,שטראוס גרופ,IL,שיבולת שועל קוואקר שקית 500 גרם,גרמים,500.00,100 גרם,false,1,12.90,0.0258,true,1,4951
7290000482019,false,שקיות קוקי לצליה,"ש. שסטוביץ בע""מ",IL,שקיות לצליה קוקי 10 יחידות,לא מנהל יחידת מידה,0.00,לא מנהל יחידת מידה,false,1,14.20,0.0000,true,1,4968
7290000482033,false,שקיות קוקי ענק,"ש. שסטוביץ בע""מ",IL,קוקי שקיות לצליה מהירה ענק 5 יחידות,Unknown,0.00,Unknown,false,1,12.90,0.0000,true,1,4970
7290000483139,false,מרציפן לבן 100 גרם,"המרשלג פרלינס בע""מ",IL,המרשלג מרציפן  100 גרם טבעוני,גרמים,100.00,100 גרם,false,1,9.90,0.0990,true,1,4978
7290000484747,false,עלית הארק 40% בקבוק,יקבי הגליל יוסף,,"עלית הארק 40% בקבוק 700 מ""ל",מיליליטרים,700.00,"100 מ""ל",false,1,59.90,0.0856,true,1,196720
7290000493176,false,רוטב צלי בשר 22 גרם,"אסם השקעות בע""מ",IL,רוטב צלי בשר 22 גרם,גרמים,22.00,100 גרם,false,1,4.50,0.2045,true,1,5112
7290000493183,false,רוטב פטריות לבשר 30,"אסם השקעות בע""מ",IL,אסם אבקת רוטב פטריות 3 12*30גרם,גרמים,30.00,100 גרם,false,1,4.90,0.1633,true,1,5113
7290000504025,false,ממתיק סוכרזית פיטריה,אף.סי תבליני בגליל ב,IL,סוכרזית קלאסי 300,גרמים,25.00,100 גרם,false,1,9.80,0.3920,true,1,5385
7290000504278,false,ממתיק סוכרזית פטנט 7,אף.סי תבליני בגליל ב,IL,ממתיק סוכרזית פטנט 700 טבליות,גרמים,57.00,100 גרם,false,1,17.90,0.3140,true,1,5389
7290000518121,false,מתוק וקל 50 שקיות,פתח תקווה,IL,ממתיק אבקה דקסטרוזה וסכרין 50 גר,יחידה,1.00,יחידה,false,1,5.50,5.5000,true,1,5460
7290000518169,false,ממתיק מתוק וקל בקבוק,פתח תקווה,IL,טבליות ממתיק על בסיס סכרין 1000 יח' 80 גר,יחידה,1.00,יחידה,false,1,7.90,7.9000,true,1,5462
7290000518190,false,ממתיק סטיביה מתוק וק,מתוק וקל,,מתוק וקל סטיביה 100 שקיות,יחידה,1.00,יחידה,false,1,24.90,24.9000,true,1,198713
7290000518220,false,סוכרה דיאט 100 שקיות,פתח תקווה,IL,סוכרה להמתקה לבישול ואפייה 100 יח,גרמים,100.00,100 גרם,false,1,28.90,0.2890,true,1,198714
7290000518336,false,מוש  צמר גפן מתוק מס,מתוק וקל בעמ,IL,מוש  צמר גפן מתוק מסיבים תזונתיים 10 גרם,גרמים,10.00,100 גרם,false,1,4.90,0.4900,true,1,240072
7290000521008,false,יין של סגל אדום יבש,פארייפאבה אגרואינדוס,IL,יין אדום יבש של סגל 750 מל,מיליליטרים,750.00,"100 מ""ל",false,1,21.90,0.0292,true,1,5549
7290000521015,false,יין של סגל לבן יבש 7,פארייפאבה אגרואינדוס,IL,סגל יין לבן יבש 2016  750 מל,מיליליטרים,750.00,"100 מ""ל",false,1,21.90,0.0292,true,1,5550
7290000521022,false,יין של סגל לבן חצי י,פארייפאבה אגרואינדוס,IL,סגל לבן חצי יבש 2015 750 מל,מיליליטרים,750.00,"100 מ""ל",false,1,21.90,0.0292,true,1,5551
7290000523125,false,מלח ים יבש 250 גרם,מולינו ניקולי s.p.a,IL,מלח ים אדום דק 250 גרם,גרמים,250.00,100 גרם,false,1,5.90,0.0236,true,1,5623
7290000523224,false,מלח ים יבש 500 גרם,מולינו ניקולי s.p.a,IL,מלח ים אדום דק 500 גרם,גרמים,500.00,100 גרם,false,1,7.90,0.0158,true,1,5628
7290000523514,false,מלח ים יבש מופחת נתר,חברת מלח הארץ אילת ב,IL,מלח הארץ 50% מכמות נתרן 250 גרם,גרמים,250.00,100 גרם,false,1,10.90,0.0436,true,1,5631
7290000523521,false,מלח ים הארץ מועשר בי,חברת מלח הארץ אילת ב,IL,מלח מועשר ביוד מלחיה 250 גרם,גרמים,250.00,100 גרם,false,1,5.90,0.0236,true,1,5632
7290000523804,false,מלח הים האדום דק בצנ,חברת מלח הארץ אילת ב,IL,מלח הים האדום עדין צנצנת 1 קג,קילוגרמים,1.00,"ק""ג",false,1,7.20,7.2000,true,1,49174
7290000525969,false,מיץ תפוזים סחוט פרימ,השחר,IL,פרימור מיץ תפוזים 1 ליטר,ליטרים,1.00,ליטר,false,1,16.00,16.0000,true,1,5645
7290000530291,false,נקניק מבשר הודו קטן,כצט,IL,נקניק מבשר הודו קטן 750 גרם,גרמים,750.00,100 גרם,false,1,24.60,0.0328,true,1,5675
7290000530598,false,נקניקיות וינר זוגלוב,כצט,IL,נקניקיות וינר 500 גרם זוגלובק,גרמים,500.00,100 גרם,false,1,17.90,0.0358,true,1,5684
7290000530703,false,נקניק תה מעושן +פסטר,כצט,IL,זוגלובק זוג חרמון הודו ועוף 400+סלמי תה 400 גרם,גרמים,800.00,100 גרם,false,1,31.40,0.0392,true,1,5685
7290000537566,false,נקניקיות עוף זגלובק,כצט,IL,זוגלובק נקניקיות עוף 400 גרם,גרמים,400.00,100 גרם,false,1,15.90,0.0398,true,1,5766
7290000538709,false,תה מעושן,כצט,IL,זוגלובק סלמי תה מעושן 200 גרם,Unknown,0.00,Unknown,false,1,11.50,0.0000,true,1,53522
7290000552927,false,טחון עוף,קרלו,IL,טיבון ויל בשר עוף טחון 500 גרם,גרמים,500.00,100 גרם,false,1,14.90,0.0298,true,1,6054
7290000552989,false,טחון בקר מובחר 500 ג,קרלו,IL,טיבון וויל בשר עגל טחון קפוא 500 גרם,גרמים,500.00,100 גרם,false,1,29.90,0.0598,true,1,6056
7290000554457,false,גבינה צפתית 5% מיני,"מחלבות גד בע""מ",IL,גד צפתית גבינה מלוחה במליחות עדינה 5% 350 גרם,גרמים,350.00,100 גרם,false,1,22.90,0.0654,true,1,6107
7290000554471,false,גבינת מוצרלה 22% צמה,"מחלבות גד בע""מ",IL,גבינת מוצרלה 22% צמה 180 גרם,גרמים,180.00,100 גרם,false,1,18.90,0.1050,true,1,6108
7290000554532,false,גבינה צפתית 5% מעודנ,הנסיך- מפעל לייצור ט,IL,גד צפתית מעודנת 5% שומן,גרמים,200.00,100 גרם,false,1,15.90,0.0795,true,1,54498
7290000554686,false,גבינת לאבנה 5% בשמן,יוליניבר,IL,גד לאבנה בתוספת שמן זית וזעתר 5%,גרמים,250.00,100 גרם,false,1,15.90,0.0636,true,1,6112
7290000554822,false,גבינה ריקוטה גד 250,מחלבות גד בעמ,IL,גבינה ריקוטה גד 250 גרם,גרמים,250.00,100 גרם,false,1,15.90,0.0636,true,1,6118
7290000554839,false,גבינה מוקצפת מסקרפונ,יוליניבר,IL,גבינה מוקצפת מסקרפונה 250 גרם גד,גרמים,250.00,100 גרם,false,1,22.90,0.0916,true,1,6119
7290000560533,false,"ג""ל גילוח אדג רגיל 2",המאפיה של הרמן,US,200 מל גל גילוח אדג בתוספת אלוורה,מיליליטרים,200.00,"100 מ""ל",false,1,17.90,0.0895,true,1,6182
7290000560540,false,"ג""ל גילוח אדג לעור ר",המאפיה של הרמן,US,אדג ג'ל גילוח לעור רגיש עם אלוורה 200 מל,מיליליטרים,200.00,"100 מ""ל",false,1,17.90,0.0895,true,1,6183
7290000560557,false,"ג""ל גילוח אדג ריכוך",אס.סי ג'ונסון ובניו,US,"ג""ל גילוח אדג ריכוך עור 200 מ""ל",מיליליטרים,200.00,"100 מ""ל",false,1,17.90,0.0895,true,1,6184
7290000571478,false,גבינה עיזים תום פרוס,גבינות משק אחים מאיר,IL,גאודה-תום פרוסה 200 גרם,גרמים,150.00,100 גרם,false,1,38.90,0.2593,true,1,66204
7290000571843,false,יוגורט יוגורמה מחלב,גבינות משק אחים מאיר,IL,המחלבה יוגורמה גביע מחלב עזים 140 גרם,גרמים,140.00,100 גרם,false,1,6.90,0.0493,true,1,194489
7290000572208,false,חלבה אחוה 100 גרם,"אחדות ביח""ר לטחינה",IL,אחוה חלוה בטעם וניל 100 גרם,גרמים,100.00,100 גרם,false,1,2.90,0.0290,true,1,6249
7290000591742,false,קמח מצה לבן כשר לפסח,אם החיטה,,קמח מצה לבן כשר לפסח 500 גרם,גרמים,500.00,100 גרם,false,1,7.90,0.0158,true,1,6537
7290000652894,false,סטייק טונה קפוא  לקג,,,סטייק טונה קפוא  לקג,קילוגרמים,1.00,"ק""ג",true,1,54.00,54.0000,true,1,211621
7290000688077,false,מים מי עדן פקק רגיל,מופק ממקור בזלתי עדן,IL,מים מינרליים מי עדן פקק רגיל 0.5 ל',מיליליטרים,500.00,"100 מ""ל",false,1,3.90,0.0078,true,1,42272
7290000688084,false,מי עדן בקבוק ספורט 5,מופק ממקור בזלתי עדן,IL,"מי עדן בקבוק ספורט 500 מ""ל",מיליליטרים,500.00,"100 מ""ל",false,1,3.90,0.0078,true,1,7613
7290000688381,false,מי עדן בקבוק אישי שי,"מי עדן בע""מ",,"מי עדן בקבוק אישי שישייה  500 מ""ל",ליטרים,3.00,ליטר,false,1,12.90,4.3000,true,1,7617
7290000688466,false,מי עדן GYM בקבוק ספו,מופק ממקור בזלתי עדן,IL,"מי עדן GYM בקבוק ספורט 750 מ""ל",מיליליטרים,750.00,"100 מ""ל",false,1,5.20,0.0069,true,1,7618
7290000688503,false,מי עדן ספורט שישייה,"מי עדן בע""מ",,"מי עדן ספורט שישייה בקבוק 750 מ""ל",ליטרים,4.50,ליטר,false,1,19.90,4.4222,true,1,14072
7290000692210,false,נוזל לניקוי כללי ורצ,קולגייט פלמוליב,GR,אג'קס נוזל לניקוי כללי ורצפות בניחוח לבנדר 2 ליטר,ליטרים,2.00,ליטר,false,1,22.90,11.4500,true,1,7705
7290000692227,false,סבון כלים פלמוליב 1,יבואן ומשווק: ש. שסט,GR,פלמוליב נוזל לניקוי כלים קלאסי 1 ליטר,ליטרים,1.00,ליטר,false,1,13.90,13.9000,true,1,7707
7290000692456,false,לניקוי חלונות אגקס,"ש. שסטוביץ בע""מ",GR,לניקוי חלונות אגקס כחול זוג,ליטרים,1.50,ליטר,false,1,22.90,15.2667,true,1,7712
7290000849492,false,סרקל שמפו לילדים 500,הדקלאים אגודת שיתופי,IL,דר פישר סרקל שמפו לילדים ללא דמעות 500 מל,מיליליטרים,500.00,"100 מ""ל",false,1,15.90,0.0318,true,1,10354
7290000993461,false,שרי צהוב,חקלאי,IL,שרי צהוב,גרמים,450.00,100 גרם,false,1,10.90,0.0242,true,1,220085
7290000993560,false,עגבניות שרי שוקו לב,רון שרי,IL,עגבניות שרי שוקו לב 500 גרם,גרמים,500.00,100 גרם,false,1,14.90,0.0298,true,1,204959
7290000993621,false,קיווי ירוק ייבוא ארו,חקלאי,IL,קיווי ירוק ייבוא ארוז,גרמים,500.00,100 גרם,false,1,21.90,0.0438,true,1,204387
7290000995410,false,נבטים סינים,חקלאי,IL,נבטים סינים,גרמים,370.00,100 גרם,false,1,7.90,0.0214,true,1,51425
7290001041260,false,שומשום מיה 400 גרם,מיה,IL,שומשום מיה 400 גרם,גרמים,400.00,100 גרם,false,1,11.90,0.0298,true,1,239947
7290001041994,false,סוכר דמררה מיה בצנצנ,מיה,IL,סוכר דמררה מיה בצנצנת 1 קג,קילוגרמים,1.00,"ק""ג",false,1,11.90,11.9000,true,1,239968
7290001045169,false,מיץ תפוחים צלול פרימ,השחר,IL,פרימור מיץ תפוחים 100% 1 ליטר,ליטרים,1.00,ליטר,false,1,16.00,16.0000,true,1,13334
7290001045633,false,לימון עם נענע,השחר,IL,פרימור משקה קל לימונים ונענע 400 מל,מיליליטרים,400.00,"100 מ""ל",false,1,8.50,0.0213,true,1,13335
7290001045657,false,מיץ תפוחים צלול פרימ,השחר,IL,פרימור מיץ תפוחים 100% מיץ צלול מיוצר מרכז 400 מל,מיליליטרים,400.00,"100 מ""ל",false,1,8.50,0.0213,true,1,12167
7290001045688,false,מיץ תפוזים סחוט פרימ,השחר,IL,פרימור מיץ תפוזים סחוט 400 מל,מיליליטרים,400.00,"100 מ""ל",false,1,8.50,0.0213,true,1,13332
7290001123782,false,שווארמה הודו,טיבון ויל,IL,שווארמה הודו טיבון ויל 500 גרם,גרמים,500.00,100 גרם,false,1,29.90,0.0598,true,1,135
7290001136683,false,מרכך לשיער נקה    7,מולינו ניקולי s.p.a,IL,"נקה 7 מרכך שיער רגיל ירוק 750 מ""ל",מיליליטרים,750.00,"100 מ""ל",false,1,11.90,0.0159,true,1,218
7290001164266,false,גרנולה נטולת סוכר  .,אפקט טבעי בעמ,IL,"אפקט טבעי, גרנולה, ללא תוספת סוכר,500 גרם",גרמים,500.00,100 גרם,false,1,22.90,0.0458,true,1,21473
7290001216040,false,טחינת אל ארז 500 גרם,דולפין ספא,IL,טחינת אל ארז 500 גרם,גרמים,500.00,100 גרם,false,1,16.90,0.0338,true,1,62607
7290001216231,false,טחינה מלאה אל ארז 50,דולפין ספא,IL,טחינה מלאה אל ארז 500 גרם,גרמים,500.00,100 גרם,false,1,17.90,0.0358,true,1,62926
7290001230234,false,סיגריות כאמל סופט חפ,גיי טי אינטרנשיונל,,סיגריות כאמל סופט חפיסה בודד,יחידה,0.00,יחידה,false,1,32.00,0.0000,false,1,14555
7290001230331,false,סיגריות כאמל בוקס חפ,JTI,,סיגריות כאמל בוקס חפיסה בודד,יחידה,0.00,יחידה,false,1,32.00,0.0000,false,1,14556
7290001230739,false,סיגריות קאמל כחול,JTI,,סיגריות כאמל כחול חפיסה בודד,יחידה,0.00,יחידה,false,1,32.00,0.0000,false,1,20118
7290001231932,false,סיגריות וינסטון כחול,JTI,,סיגריות וינסטון כחול בוקס חפיסה בודד,לא מנהל יחידת מידה,0.00,לא מנהל יחידת מידה,false,1,34.30,0.0000,false,1,14545
7290001235938,false,סיגריות וינסטון כחול,JTI,,סיגריות וינסטון כחול 100 חפיסה בודד,לא מנהל יחידת מידה,0.00,לא מנהל יחידת מידה,false,1,34.30,0.0000,false,1,48072
7290001246900,false,אקופרנד מסיר שומנים,אקופרנד,IL,אקופרנד מסיר שומנים 750 מל,מיליליטרים,750.00,"100 מ""ל",false,1,19.90,0.0265,true,1,53083
7290001246917,false,אקופרנד מנקה אמבטיות,אקופרנד,IL,אקופרנד מנקה אמבטיות וכיורים 750 מל,מיליליטרים,750.00,"100 מ""ל",false,1,17.90,0.0239,true,1,51482
7290001246948,false,אקופרנד מלבין אל אקו,אקופרנד,IL,אקופרנד מלבין אל אקונומיקה 2 ליטר,ליטרים,2.00,ליטר,false,1,17.90,8.9500,true,1,234880
7290001246993,true,גל לכביסה אקופרנד 4,פ.פ.ח. שאביט,IL,אקופרינד נוזל רצפות אקולוגי 4 ליטר,ליטרים,4.00,ליטר,false,1,45.90,11.4750,true,1,203253
7290001247129,false,נקטר ספרינג תפוזים ק,"כד בני דרום בע""מ",IL,ספרינג קרטוניות תפוזים 1 ל',ליטרים,1.00,ליטר,false,1,8.60,8.6000,true,1,367
7290001302194,false,ביסלי פלאפל 55 גרם,אסם,,ביסלי פלאפל 55 גרם,גרמים,55.00,100 גרם,false,1,4.00,0.0727,true,1,186699
7290001302279,false,במבה קלאסי,מיוצר עי קונדיטוריית,IL,במבה קלאסי 48*60גרם,גרמים,60.00,100 גרם,false,1,4.90,0.0817,true,1,186701
7290001305058,false,סבון נוזלי פלמוליב ח,הנסיך- מפעל לייצור ט,TR,פלמוליב סבון נוזלי חלב ודבש 750 מל,מיליליטרים,500.00,"100 מ""ל",false,1,19.90,0.0398,true,1,438
7290001327180,false,גלידה קרמיסימו וניל,"גלידת שטראוס בע""מ",IL,גלידה קרמיסימו וניל צ'יפ 1.33 ל',ליטרים,1.33,ליטר,false,1,26.90,20.2256,true,1,456
7290001361924,false,עוגת פס מוס גבינה 45,נטלי,,עוגת פס מוס גבינה 450 גרם,גרמים,450.00,100 גרם,false,1,39.90,0.0887,true,1,88659
7290001407769,false,טחינה משומשום מלא בא,רושדי תעשיות מזון בע,IL,בארכה טחינה עם שומשום מלא 12*500גרם,גרמים,500.00,100 גרם,false,1,17.90,0.0358,true,1,38205
7290001419618,false,ופלים בלגי שוקולד על,גילרו,,ופלים בלגי שוקולד עלמה 200 גרם,גרמים,200.00,100 גרם,false,1,3.90,0.0195,true,1,65765
7290001419779,false,ופלים שוקולד עלמה 20,"גילרו בע""מ",,ופלים שוקולד עלמה 200 גרם,גרמים,200.00,100 גרם,false,1,3.90,0.0195,true,1,36902
7290001419892,false,ופלים לימון עלמה 200,"גילרו בע""מ",,ופלים לימון עלמה 200 גרם,גרמים,200.00,100 גרם,false,1,3.90,0.0195,true,1,49307
7290001439395,false,ג.ס .לגב רצועה,יושלם,,ג.ס .לגב רצועה,Unknown,0.00,Unknown,false,1,17.90,0.0000,true,1,38654
7290001439449,false,ספוג מגבת קרם,יושלם,,ספוג מגבת קרם,Unknown,0.00,Unknown,false,1,11.90,0.0000,true,1,21014
7290001468753,false,קמח תפוח אדמה נאמן,תבליני ביטון,IL,קמח תפוח אדמה נאמן  כשלפ  500 גרם,גרמים,500.00,100 גרם,false,1,6.50,0.0130,true,1,237790
7290001482186,false,אננס חתוך567 גר    .,הנסיך- מפעל לייצור ט,TH,ויליפוד חתיכות אננס בסירופ קל 565 גרם,גרמים,567.00,100 גרם,false,1,5.90,0.0104,true,1,103639
7290001482384,false,לפתן אננס חתוך פתחקל,,TH,לפתן אננס חתוך פתח קל 227 גרם,גרמים,227.00,100 גרם,false,1,4.50,0.0198,true,1,50810
7290001491010,false,תה ירוק יסמין 25 שקי,HIQ FOOD PRODUCTS,IL,תה ירוק עם יסמין T.T,גרמים,37.00,100 גרם,false,1,25.90,0.7000,true,1,658
7290001507063,false,פתיבר אורגני,דולפין ספא,IL,ביסקוויט פתי בר אורגני מקמח מלא,גרמים,200.00,100 גרם,false,1,9.90,0.0495,true,1,18495
7290001507070,false,פתיבר חרובים אורגני,דולפין ספא,IL,ביסקוויט פתי בר חרובים אורגני מקמח מלא,גרמים,200.00,100 גרם,false,1,9.90,0.0495,true,1,18496
7290001589342,false,דוחה יתושים אלתוש,סאסא קוסמטיקס,IL,ספירה אלתוש דוחה יתושים כדורי,מיליליטרים,70.00,"100 מ""ל",false,1,12.90,0.1843,true,1,18513
7290001591680,false,קניידלך מקמח מצה  של,שלושת האופים,IL,קניידלך מקמח מצה  שלושת האופים 500  גרם,גרמים,500.00,100 גרם,false,1,19.90,0.0398,true,1,237719
7290001594025,false,קוקה קולה קלאסי,החברה המרכזית לייצור,IL,"קוקה קולה קלאסי בקבוק 330 מ""ל",מיליליטרים,330.00,"100 מ""ל",false,1,7.00,0.0212,true,1,20502
7290001594155,false,קוקה קולה בקבוק 500,"אינסטנטה בע""מ",IL,"קוקה קולה 500 מ""ל",מיליליטרים,500.00,"100 מ""ל",false,1,7.50,0.0150,true,1,783
7290001594179,false,פאנטה אורנג בקבוק 50,"אינסטנטה בע""מ",IL,"פאנטה אורנג' 500 מ""ל",מיליליטרים,500.00,"100 מ""ל",false,1,7.50,0.0150,true,1,785
7290001594186,false,קוקה קולה דיאט בקבוק,תות תעשיות מזון (201,IL,"דיאט קוקה קולה 500 מ""ל",מיליליטרים,500.00,"100 מ""ל",false,1,7.50,0.0150,true,1,786
7290001594230,false,"סודה קינלי 250 מ""ל",החברה המרכזית לייצור,IL,"קינלי סודה 250 מ""ל",מיליליטרים,250.00,"100 מ""ל",false,1,5.90,0.0236,true,1,788
7290001594377,false,משקל פריגת תפוזים 50,מולינו ניקולי s.p.a,IL,פריגת משקה קל תפוזים 500 מל,מיליליטרים,500.00,"100 מ""ל",false,1,7.90,0.0158,true,1,789
7290001594391,false,משקל פריגת ענבים 500,מבשלות בירה בינלאומי,IL,"משקל פריגת ענבים 500 מ""ל",מיליליטרים,500.00,"100 מ""ל",false,1,7.90,0.0158,true,1,791
7290001594520,false,בירה טובורג 330 מל,מולינו ניקולי s.p.a,IL,"טובורג בק 330 מ""ל פקדון",מיליליטרים,330.00,"100 מ""ל",false,1,9.50,0.0288,true,1,12253
7290001594568,false,בירה קרלסברג פחית 50,מולינו ניקולי s.p.a,IL,קלסברג בירה 500 מל,מיליליטרים,500.00,"100 מ""ל",false,1,9.90,0.0198,true,1,794
7290001594575,false,בירה טובורג פחית 500,מולינו ניקולי s.p.a,IL,"טובורג רד פחית 500 מ""ל",מיליליטרים,500.00,"100 מ""ל",false,1,9.90,0.0198,true,1,795
7290001594865,false,בירה קרלסברג מארז שי,קרלסברג ישראל,,"בירה קרלסברג מארז שישייה בקבוק 330 מ""ל",ליטרים,1.98,ליטר,false,1,36.90,18.6364,true,1,802
7290001670057,false,כפיות חד פעמי 100 יח,"איטיליאן פוד, אס.פי.",IL,הנמל כפיות לבן  100 יחידות,Unknown,0.00,Unknown,false,1,12.90,0.0000,true,1,17838
7290001670071,false,כפות חד פעמי 100 יחי,"איטיליאן פוד, אס.פי.",IL,הנמל כפות לבן 100 יחידות,Unknown,0.00,Unknown,false,1,15.90,0.0000,true,1,12949
7290001670224,false,מלית פרג 400 גרם,"פוליבה בע""מ",IL,פוליבה מלית פרג 400 גרם,גרמים,400.00,100 גרם,false,1,13.90,0.0348,true,1,17843
7290001670408,false,להבונים בשקית 50 יחי,לחמנו,CN,נרות במעטפת מתכתית 50 יח`,Unknown,0.00,Unknown,false,1,12.90,0.0000,true,1,16027
7290001670521,false,מלית תפוחי עץ 400 גר,"פוליבה בע""מ",IL,פולביה מלית תפוחים וקינמון 400 גרם,גרמים,400.00,100 גרם,false,1,13.90,0.0348,true,1,17831
7290001670668,false,קרחונית 12 יחידות,"איטיליאן פוד, אס.פי.",IL,הנמל שקיות להכנת קרח 12 יחידות,Unknown,0.00,Unknown,false,1,4.90,0.0000,true,1,23739
7290001670736,false,כפפות ניילון 100 יח,יבוא ושיווק: הנמל אר,IL,הנמל כפפות ניילון שקוף 100 יחידות,Unknown,0.00,Unknown,false,1,5.10,0.0000,true,1,825
7290001670873,false,צלחות עבות במיוחד 66,"איטיליאן פוד, אס.פי.",IL,צלחות עבות במיוחד 66 יחידות,קילוגרמים,1.00,"ק""ג",false,1,54.90,54.9000,true,1,12950
7290001690147,false,טעם טוב גבינה מותכת,שלושת האופים,IL,טעם טוב גבינה מותכת למריחה 6%,לא מנהל יחידת מידה,0.00,לא מנהל יחידת מידה,false,1,11.90,0.0000,true,1,236942
7290001710128,false,"נקניקיות צ""וריסוס",מעדני הטלה,,"נקניקיות צ""וריסוס 500 גר",גרמים,500.00,100 גרם,false,1,26.90,0.0538,true,1,76186
7290001710159,false,"גולש עגל ארוז לק""ג",לאטי עזרא גלם ודגים,,"גולש עגל ארוז לק""ג",קילוגרמים,1.00,"ק""ג",true,,54.00,54.0000,true,1,60872
7290001710357,false,עוף שלם קפוא,לאטי עזרא,,"עוף שלם קפוא לק""ג",קילוגרמים,1.00,"ק""ג",true,,30.00,30.0000,true,1,85889
7290001710548,false,כנפיים עוף קפוא לקג,לאטי עזרא,,כנפיים עוף קפוא לקג,קילוגרמים,1.00,"ק""ג",true,,12.90,12.9000,true,1,80694
7290001710661,false,חזה עוף קפוא,מעדני הטלה והעגל,,חזה עוף קפוא קג,קילוגרמים,1.00,"ק""ג",true,,34.90,34.9000,true,1,80695
7290001710814,false,טחון בקר 500 גר,מעדני הטלה,,"טחון בקר 500 גר                        """,גרמים,500.00,100 גרם,false,1,26.90,0.0538,true,1,76508
7290001710869,false,"שניצל עוף קפוא לק""ג",לאטי עזרא,,"שניצל עוף קפוא לק""ג",קילוגרמים,1.00,"ק""ג",true,,47.00,47.0000,true,1,83061
7290001713020,false,עלמה שקיות אשפה 25 י,אסיר פלסט,TR,עלמה שקיות אשפה 25 יחידות 75 85,יחידה,25.00,יחידה,false,1,7.90,0.3160,true,1,239147
7290001713167,false,קצף לניקוי 1 ליטר,קומפלקס כימיקלים,IL,קצף לניקוי 1 ליטר,ליטרים,1.00,ליטר,false,1,12.90,12.9000,true,1,239150
7290001713501,false,עלמה רדיד אלומיניום,קומפלקס כימיקלים,IL,עלמה רדיד אלומיניום עלמה עבה 45 סמ 50 מ,יחידה,1.00,יחידה,false,1,38.90,38.9000,true,1,239369
7290001713907,false,בלנקו גל אקונומיקה ס,קומפלקס כימיקלים,IL,בלנקו גל אקונומיקה סמיכה בניחוח לימון 4,ליטרים,4.00,ליטר,false,1,13.90,3.4750,true,1,239164
7290001713921,false,אקונומיקה מבושמת סנט,קומפלקס כימיקלים,IL,אקונומיקה מבושמת סנט מוריץ 4 ליטר,ליטרים,4.00,ליטר,false,1,11.90,2.9750,true,1,239165
7290001713938,false,עלמה ניילון נצמד 150,קומפלקס כימיקלים,IL,עלמה ניילון נצמד 150 מטר,מטרים,150.00,מטר,false,1,18.90,0.1260,true,1,239370
7290001723357,false,מוצץ סילי אורטודנטי,הדקלאים אגודת שיתופי,DE,טוליפס 2 מוצצי סיליקון אורטודנטי בינוני עם ידיות,Unknown,0.00,Unknown,false,1,25.90,0.0000,true,1,204832
7290001723364,false,מוצץ סילי אורטודנטי,,,מוצץ סילי אורטודנטי ידית קצר,Unknown,0.00,Unknown,false,1,26.90,0.0000,true,1,16385
7290001778118,false,תריסר ביצים L,גליקסמן שיווק ביצים,,תריסר ביצים L12,יחידה,1.00,יחידה,false,1,12.05,12.0500,true,1,57166
7290001780138,false,שלגון קראנץ וניל בצי,תות תעשיות מזון (201,IL,קראנץ שלגון וניל בדצ 28*98גרם,Unknown,0.00,Unknown,false,1,10.50,0.0000,true,1,13678
7290001780800,false,שלגון קראנץ ליבת נוג,נגה גלידות,,שלגון קראנץ ליבת נוגט,Unknown,0.00,Unknown,false,1,10.50,0.0000,true,1,22340
7290001791349,false,אקונומיקה ריחנית פיס,"איי, בי, אינבוו",IL,אקונומיקה ריחנית פיסגה 4 ליטר,ליטרים,4.00,ליטר,false,1,11.90,2.9750,true,1,42106
7290001791776,false,סנו די רולאון+אלוורה,גוד פוד פרודקטס S.p,IL,סנו די פלוס אלוורה כדורית 50 מל,מיליליטרים,50.00,"100 מ""ל",false,1,19.90,0.3980,true,1,41791
7290001817377,false,"חטיף צ""יטוס איקס עיג",הנסיך- מפעל לייצור ט,IL,ציטוס איקס עיגול 60 גר 40 יח,גרמים,60.00,100 גרם,false,1,3.50,0.0583,true,1,956
7290001817728,false,חטיף ציטוס כאפה,"שטראוס פריטו ליי בע""",IL,"חטיף צ""יטוס כאפה 55 גר",גרמים,55.00,100 גרם,false,1,3.50,0.0636,true,1,957
7290001865439,false,אל סבון נוזלי וניל,אף.סי תבליני בגליל ב,IL,פמילי אל סבון נוזלי בניחוח וניל טהור 1 ליטר,ליטרים,1.00,ליטר,false,1,14.90,14.9000,true,1,995
7290001865453,false,פמילי אלסבון נוזלי ל,מיוצר עי קונדיטוריית,TR,פמילי אל סבון נוזלי לבנדר ארומטי 1 ליטר,ליטרים,1.00,ליטר,false,1,14.90,14.9000,true,1,997
7290001873472,false,קבב BLACK ANGOS 320,מולינו ניקולי s.p.a,IL,קבב BLACK ANGOS 320 גרם,גרמים,320.00,100 גרם,false,1,29.90,0.0934,true,1,212104
7290001902684,false,לחמניית חלה,גדרון,IL,לחמניית חלה,לא מנהל יחידת מידה,0.00,לא מנהל יחידת מידה,false,1,4.50,0.0000,true,1,64706
7290001929889,false,מיקס פירות יבשים 600,דין שיווק וקלייה בעמ,,מיקס פירות יבשים 600 גרם,גרמים,600.00,100 גרם,false,1,39.90,0.0665,true,1,91213
7290001975992,false,בירה ויינשטפן בקבוק,יושלם,,"בירה ויינשטפן בקבוק 330 מ""ל",מיליליטרים,330.00,"100 מ""ל",false,1,14.90,0.0452,true,1,88371
7290001990094,false,סוכר חום בצנצנת סוגת,האי נאם סי או אל.טי.,IL,"סוכר חום בצנצנת סוגת 1 ק""ג",קילוגרמים,1.00,"ק""ג",false,1,15.90,15.9000,true,1,16316
7290001990148,false,סוכר גולדן קלאסי סוג,האי נאם סי או אל.טי.,IL,סוכר גולדן קלאסי צנצנת 1 קג,קילוגרמים,1.00,"ק""ג",false,1,11.50,11.5000,true,1,16443
7290001990278,false,שעועית לבנה 1 קג,סוגת,,שעועית לבנה 1 קג,קילוגרמים,1.00,"ק""ג",false,1,18.90,18.9000,true,1,235630
7290001990407,false,עדשים ירוקות,סוגת,,עדשים ירוקות 1 קג,קילוגרמים,1.00,"ק""ג",false,1,14.90,14.9000,true,1,235873
7290002000136,false,שעווה למיקרו מגע משי,המאפיה של הרמן,IL,551שעווה למיקרו מגע משי הדבש 500 גרם,גרמים,500.00,100 גרם,false,1,21.70,0.0434,true,1,1146
7290002000266,false,שעווה למיקרו התפוח,המאפיה של הרמן,IL,מגע המשי התפוח- שעווה לחימום במיקרוגל 500 גרם,גרמים,500.00,100 גרם,false,1,21.70,0.0434,true,1,1148
7290002002857,false,נייר להסרת שיער50 יח,"איטיליאן פוד, אס.פי.",IL,נייר מגע המשי להסרת שיער 50 יח,יחידה,1.00,יחידה,false,1,21.90,21.9000,true,1,1173
7290002007180,false,קמח תירס 500 ג הנמל,הנמל אריזות ושיווק ב,IL,הנמל קמח תירס 500 גר' - מרובע,גרמים,500.00,100 גרם,false,1,5.90,0.0118,true,1,52740
7290002007234,false,אבקת סוכר הנמל 100 ג,"מיוצר וארוז ע""י: ר.ס",IL,הנמל אבקת סוכר 100 גרם,גרמים,100.00,100 גרם,false,1,2.20,0.0220,true,1,1181
7290002007241,false,אבקת סודה לשתיה 50 ג,"מיוצר וארוז ע""י: BAS",IL,סודה לשתייה 50גרם הנמל,גרמים,50.00,100 גרם,false,1,2.00,0.0400,true,1,1182
7290002007487,false,צמר פלדה 100 גרם,"איטיליאן פוד, אס.פי.",IL,הנמל צמר פלדה 100 גרם,יחידה,1.00,יחידה,false,1,4.90,4.9000,true,1,60596
7290002007500,false,קסמים חבית 500 יחידו,"איטיליאן פוד, אס.פי.",IL,קסמים חבית 500 יחידות,לא מנהל יחידת מידה,0.00,לא מנהל יחידת מידה,false,1,4.90,0.0000,true,1,1188
7290002007890,false,כוסות חד פעמי 100 יח,,IL,כוס שתיה קרה 100 יח,יחידה,100.00,יחידה,false,1,11.90,0.1190,true,1,1192
7290002007982,false,מזלגות חד פעמי 100 י,"איטיליאן פוד, אס.פי.",IL,"הנמל מזלגות, 100 יחידות",Unknown,0.00,Unknown,false,1,15.90,0.0000,true,1,12959
7290002008019,false,סוכריות לעוגה גמבו ש,ממתקי עלה יצור ושיוו,IL,הנמל סוכריות לקישוט שוקולד 200 גרם,גרמים,200.00,100 גרם,false,1,9.50,0.0475,true,1,28248
7290002008040,false,"שיפודי עץ 30 ס""מ",הנמל אריזות ושיווק ב,IL,הנמל שיפודי במבוק 100 יחידות,Unknown,0.00,Unknown,false,1,4.50,0.0000,true,1,1194
7290002008057,false,"תמצית אפיה רום 55 מ""",ממתקי עלה יצור שיווק,IL,הנמל תמצית אפייה בטעם רום 55 מל,מיליליטרים,55.00,"100 מ""ל",false,1,3.90,0.0709,true,1,1195
7290002008071,false,גביעי נייר מס 1.5 הנ,הנמל אריזות ושיווק ב,IL,הנמל עטרות נייר אפייה מספר 2 130 יחידות,לא מנהל יחידת מידה,0.00,לא מנהל יחידת מידה,false,1,4.90,0.0000,true,1,1196
7290002008149,false,מדליק פחם מוצק,"איטיליאן פוד, אס.פי.",,"הנמל מדליק פחם מוצק, 40 יחידות",Unknown,0.00,Unknown,false,1,7.90,0.0000,true,1,1198
7290002008231,false,אציטון 100 מל,מעבדות גרינפארם,IL,אציטון 100 מל,מיליליטרים,100.00,"100 מ""ל",false,1,4.90,0.0490,true,1,83123
7290002008262,false,מצע נושם לירקות,שיווק: הנמל אריזות ו,IL,"הנמל מצע נושם לירקות ולפירות, 1 יחידות",Unknown,0.00,Unknown,false,1,12.90,0.0000,true,1,184052
7290002008309,false,גביעי נייר מס 4 הנמל,"איטיליאן פוד, אס.פי.",IL,"הנמל עטרות נייר אפייה מספר 4 , 130 יח'",לא מנהל יחידת מידה,0.00,לא מנהל יחידת מידה,false,1,5.90,0.0000,true,1,1203
7290002008507,false,נייר אפיה הנמל 50 יח,"איטיליאן פוד, אס.פי.",IL,הנמל נייר אפייה 50 יח',לא מנהל יחידת מידה,0.00,לא מנהל יחידת מידה,false,1,10.90,0.0000,true,1,16445
7290002008620,false,צבע מאכל ירוק,ממתקי עלה יצור שיווק,IL,הנמל צבע מאכל ירוק 55 גרם,Unknown,0.00,Unknown,false,1,3.90,0.0000,true,1,64081
7290002008651,false,קמח תפוח אדמה 500 גר,ר.ס. חברה ליבוא וייצ,IL,הנמל קמח תפוח אדמה 500,גרמים,500.00,100 גרם,false,1,6.90,0.0138,true,1,74073
7290002008750,false,אבקת אפיה הנמל  1/10,"מיוצר ע""י:ר.ס. חברה",IL,הנמל אבקת אפיה 10 יחידות,גרמים,100.00,100 גרם,false,1,2.90,0.0290,true,1,1211
7290002008774,false,שומשום הנמל 200 גרם,הנמל אריזות ושיווק ב,IL,הנמל שומשום 200 גרם,גרמים,200.00,100 גרם,false,1,6.50,0.0325,true,1,72169
7290002008835,false,מגן כיריים,מיוצר בסין.יבוא ושיו,CN,הנמל מגן כיריים אלומיניום 4 יחידות,Unknown,0.00,Unknown,false,1,5.90,0.0000,true,1,1212
7290002008934,false,סוכריות לעוגה עגול,ממתקי עלה יצור שיווק,IL,הנמל סוכריות לקישוט צבעוניות 200 גרם,גרמים,200.00,100 גרם,false,1,9.50,0.0475,true,1,1213
7290002019787,false,רסק עגבניות 22% פרי,פריניר ( הדס 1987) ב,IL,רוטב עגבניות מרוכז,גרמים,260.00,100 גרם,false,1,4.90,0.0188,true,1,1246
7290002019794,false,רסק עגבניות 22% פרי,פריניר ( הדס 1987) ב,IL,רסק עגבניות 22% פרי ניר 100 גרם,גרמים,100.00,100 גרם,false,1,2.50,0.0250,true,1,1247
7290002020189,false,מיני סופגניה עם מילו,"גידרון תעשיות בע""מ",,מיני סופגניה עם מילוי ריבה 40 גרם,גרמים,40.00,100 גרם,false,1,2.90,0.0725,true,1,49594
7290002020493,false,שבלול פילו תרד,"גידרון תעשיות בע""מ",,שבלול פילו תרד,קילוגרמים,1.00,"ק""ג",true,,49.90,49.9000,true,1,59905
7290002020981,false,סופגניה מיני ללא ריב,"גידרון תעשיות בע""מ",,מיני סופגניה ללא ריבה כ 40 גר,גרמים,40.00,100 גרם,false,1,2.90,0.0725,true,1,60106
7290002026303,false,גלידה שורטי דולצה דה,מוצרי איכות אמריקאיי,IL,"דולצ'ה דה לצ'ה 150 מ""ל - שורטי",מיליליטרים,150.00,"100 מ""ל",false,1,10.90,0.0727,true,1,1254
7290002026402,false,בלינצס גבינה 350 גרם,המאפיה של הרמן,IL,בלינצס גבינה חם-בראנצ,גרמים,350.00,100 גרם,false,1,13.90,0.0397,true,1,89857
7290002027843,false,פינוק גרנולה תמר אגו,הום מייד,IL,חטיפי תמרים עם אגוזי לוז הום מייד 150גרם,גרמים,150.00,100 גרם,false,1,13.90,0.0927,true,1,209584
7290002040095,false,מארז קוסקוס 1.050 1/,טרופיקל דגיל תעשיות,IL,קוסקוס רגיל מארז 3 יח' 1.050 קג,קילוגרמים,1.05,"ק""ג",false,1,15.90,15.1429,true,1,70336
7290002043126,false,פריכוני אורז חום מלא,נוהלס,BG,פריכוני אורז חום מלא 7זרעי על 24גרם,גרמים,24.00,100 גרם,false,1,4.90,0.2042,true,1,214684
7290002053118,false,אטריות ביצים מס  14,האי נאם סי או אל.טי.,PL,אטריות ביצים רחבות מספר 14 אוריינט 200 גרם,גרמים,200.00,100 גרם,false,1,7.50,0.0375,true,1,1322
7290002053354,false,נודלס אטריות סיני,טאביט ספ.ז.או.או,PL,אטריות נודלס סיני להקפצה אוריינט 300 גרם,מיליליטרים,300.00,"100 מ""ל",false,1,11.90,0.0397,true,1,1324
7290002057123,false,זיתים ירוקים מנזנילו,קדבורי,IL,זיתים ירוקים מנזנילו ללא גלעין 540 יבנה,גרמים,540.00,100 גרם,false,1,9.50,0.0176,true,1,1336
7290002057369,false,מלפפונים במלח יבנה10,קדבורי,IL,מלפפונים במלח יבנה10-12 540 גרם,גרמים,540.00,100 גרם,false,1,8.50,0.0157,true,1,1344
7290002057383,false,מלפפונים במלח קטן 18,קדבורי,IL,מלפפונים במלח קטן 18-25 540 גרם,גרמים,540.00,100 גרם,false,1,12.30,0.0228,true,1,1346
7290002057437,false,2Aשיפקונית יבנה 540ג,קבוצת יבנה,IL,2Aשיפקונית יבנה 540גרם,גרמים,540.00,100 גרם,false,1,10.90,0.0202,true,1,235645
7290002057451,false,מלפפונים בחומץ גדול,אף.סי תבליני בגליל ב,IL,קבוצת יבנה מלפפונים גדולים בחומץ 7-9 גדול 560 גרם,גרמים,540.00,100 גרם,false,1,6.80,0.0126,true,1,1348
7290002057468,false,מלפפונים בחומץ יבנה1,קדבורי,IL,מלפפונים בחומץ יבנה10-12 540 גרם,גרמים,540.00,100 גרם,false,1,8.50,0.0157,true,1,15288
7290002057482,false,מלפפון בחומץA2 18-2,קדבורי,IL,מלפפון קטן בחומץ 18-25 יבנה 540גרם,גרמים,540.00,100 גרם,false,1,11.90,0.0220,true,1,15475
7290002065555,false,לחמניות ארוכות 6 יח,"איטיליאן פוד, אס.פי.",IL,אנג'ל הלחמניה -450 גרם,גרמים,450.00,100 גרם,false,1,10.90,0.0242,true,1,1376
7290002065616,false,לחם שיפון גרעינים,מאפיית שלמה א. אנג'ל,IL,לחם שיפון גרעינים 750 גרם,גרמים,750.00,100 גרם,false,1,14.90,0.0199,true,1,57024
7290002077268,false,מיני קציצות דג,האי נאם סי או אל.טי.,IL,דלידג מיני קציצות דג לבישול 500 גרם,גרמים,500.00,100 גרם,false,1,22.50,0.0450,true,1,84213
7290002096009,false,דובשניות,חפץ,,דובשניות רגילות450 גר .ש.חפץ,גרמים,450.00,100 גרם,false,1,10.90,0.0242,true,1,1436
7290002107385,false,גבינת עיזים גליל,משק צוריאל,IL,משק צוריאל מה-עז מחלב עיזים 20% שומן 180 גרם,גרמים,180.00,100 גרם,false,1,24.90,0.1383,true,1,48391
7290002107798,false,גבינה בולגרית צוריאל,משק צוריאל,IL,בולגרית מעודנת 5% שומן 250 גרם,גרמים,250.00,100 גרם,false,1,23.90,0.0956,true,1,22095
7290002128083,false,נרות חנוכה בקופסא 44,,,נרות חנוכה בקופסא 44 יחידות,יחידה,1.00,יחידה,false,1,5.90,5.9000,true,1,203115
7290002128205,false,נרות חנוכה לוקס,,,נרות חנוכה לוקס,יחידה,1.00,יחידה,false,1,11.90,11.9000,true,1,21029
7290002128335,false,כוסות שתייה חמה50 יח,טיי פרידה,CN,כוסות שתייה חמה50 יח OZ8,יחידה,1.00,יחידה,false,1,13.90,13.9000,true,1,212709
7290002130567,false,דבש דבורים טהור יד מ,תות תעשיות מזון (201,IL,דבש טהור 350 גרם,גרמים,350.00,100 גרם,false,1,19.90,0.0569,true,1,1514
7290002130574,false,דבש דבורים טהור 500,תות תעשיות מזון (201,IL,דבש דבורים טהור 500 גרם,גרמים,500.00,100 גרם,false,1,26.60,0.0532,true,1,1515
7290002132011,false,עוגיות מזרחיות עבאדי,קריניציה ויטמינה אס,IL,"עבאדי עוגיות מזרחיות שומשום, 400 גרם",גרמים,400.00,100 גרם,false,1,19.90,0.0497,true,1,1518
7290002232964,false,ציפוי פז ללא גלוטן 5,פ.פ.ח. שאביט,IL,בריאות וטבע ציפוי פז טחון דק לא מתובל 600 גרם,גרמים,600.00,100 גרם,false,1,27.90,0.0465,true,1,72295
7290002232995,false,ציפוי פז דגש 500 גרם,פ.פ.ח. שאביט,IL,בריאות וטבע ציפוי פז מתובל 500 גרם,גרמים,500.00,100 גרם,false,1,27.90,0.0558,true,1,73572
7290002253006,false,שום כתוש דורות בצנצנ,,IL,דורות שום כתוש טרי2 12*200גרם,גרמים,200.00,100 גרם,false,1,19.90,0.0995,true,1,1693
7290002253105,false,שום כתוש מגשית 80 גר,דורות,IL,שום כתוש מגשית 80 גרם,גרמים,80.00,100 גרם,false,1,12.90,0.1613,true,1,1694
7290002260059,false,במבה יום הולדת,"אסם השקעות בע""מ",IL,במבה יום הולדת 48*60גרם,גרמים,60.00,100 גרם,false,1,4.90,0.0817,true,1,186702
7290002281382,false,נתח פילה סלמון קפוא,דלידג,,נתח פילה סלמון קפוא 100% דג,קילוגרמים,1.00,"ק""ג",true,,89.90,89.9000,true,1,205804
7290002281498,false,ריץ מגורדת 500 ג בסי,האי נאם סי או אל.טי.,PL,"ריץ', צהובה מגורדת, לפיצה, אפייה ובישול ועוד",גרמים,500.00,100 גרם,false,1,24.90,0.0498,true,1,207264
7290002304203,false,קונפיטורה לייט תות,ענבי ציון,,קונפיטורה לייט תות שדה 600 גר,גרמים,600.00,100 גרם,false,1,24.90,0.0415,true,1,204079
7290002317081,false,זיתים ירוקים נטולי ג,מוטולה,IL,זיתים ירוקים נטולי גלעין +20% A2 מוטולה,גרמים,330.00,100 גרם,false,1,9.90,0.0300,true,1,61865
7290002317128,false,מלפפון במלח 10-12 A2,מוטולה,IL,מלפפון במלח 10-12 A2  מוטולה 320 גרם,גרמים,320.00,100 גרם,false,1,9.90,0.0309,true,1,240444
7290002317135,false,מלפפון במלח 13-17 A2,מוטולה,IL,מלפפון במלח 13-17 A2 מוטולה  320  גרם,גרמים,320.00,100 גרם,false,1,9.90,0.0309,true,1,240443
7290002317265,false,מלפפון במלח +20%מוטו,מוטולה,IL,מלפפון במלח +20%מוטולה 7-9  380A2גרם,גרמים,380.00,100 גרם,false,1,7.90,0.0208,true,1,61710
7290002317289,false,חצילים כבושים  מוטול,מוטולה,IL,חצילים כבושים  מוטולה  320גרם,גרמים,320.00,100 גרם,false,1,8.90,0.0278,true,1,240447
7290002317319,false,מלפפון בחומץ +20% 7-,מוטולה,IL,מלפפון בחומץ +20% 7-9 A2 מוטולה 320 גרם,גרמים,320.00,100 גרם,false,1,7.90,0.0247,true,1,240442
7290002317371,false,זיתים מושחר נטול גלע,מוטולה,IL,זיתים מושחר נטול גלעין A2 מוטולה  560גרם,גרמים,560.00,100 גרם,false,1,9.90,0.0177,true,1,240446
7290002317579,false,זיתים טבעות ירוק A2,מוטולה,IL,זיתים טבעות ירוק A2 מוטולה 560גרם,גרמים,560.00,100 גרם,false,1,9.90,0.0177,true,1,240441
7290002319023,false,סוכר וניל מיה עשיריו,מיה,IL,סוכר וניל מיה עשיריות 100גרם,גרמים,100.00,100 גרם,false,1,2.90,0.0290,true,1,239952
7290002319054,false,פרג טחון מיה 100 גרם,מיה,IL,פרג טחון מיה 100 גרם,גרמים,100.00,100 גרם,false,1,6.90,0.0690,true,1,239941
7290002319061,false,קוקוס טחון מיה 100,מיה,IL,קוקוס טחון מיה 100  גרם,גרמים,100.00,100 גרם,false,1,3.90,0.0390,true,1,151887
7290002319078,false,שומשום  מיה 100 גרם,מיה,IL,שומשום  מיה 100 גרם,גרמים,100.00,100 גרם,false,1,3.90,0.0390,true,1,239965
7290002319184,false,עדשים אדומות מיה  50,מיה,IL,עדשים אדומות מיה  500 גרם,גרמים,500.00,100 גרם,false,1,6.90,0.0138,true,1,239945
7290002319207,false,כוסמת מיה  500 גרם,מיה,IL,כוסמת מיה  500 גרם,גרמים,500.00,100 גרם,false,1,7.90,0.0158,true,1,239973
7290002319375,false,קורנפלור מיה  200 גר,מיה,IL,קורנפלור מיה  200 גרם,גרמים,200.00,100 גרם,false,1,3.90,0.0195,true,1,239942
7290002319610,false,שקדים טחונים מיה 100,מיה,IL,שקדים טחונים מיה 100 גרם,גרמים,100.00,100 גרם,false,1,11.90,0.1190,true,1,239997
7290002319740,false,אגוזי מלך טחונים מיה,מיה,IL,אגוזי מלך טחונים מיה 100 גרם,גרמים,100.00,100 גרם,false,1,11.90,0.1190,true,1,239998
7290002319825,false,אבקת סוכר  מיה 100 ג,מיה,IL,אבקת סוכר  מיה 100 גרם,גרמים,100.00,100 גרם,false,1,2.50,0.0250,true,1,240000
7290002327066,false,קונכיות            .,TLV צ'יף,IL,שלושת האופים קונכיות בצק למילוי 625 גרם,גרמים,625.00,100 גרם,false,1,23.90,0.0382,true,1,1836
7290002327912,false,בורקס מיני קוקטייל ג,TLV צ'יף,IL,בורקס מיני קוקטייל גבינה 700 גרם,גרמים,700.00,100 גרם,false,1,23.90,0.0341,true,1,1838
7290002327929,false,מיני בורקס קוקטייל,TLV צ'יף,IL,"מיני בורקס קוקטייל תפו""א",גרמים,700.00,100 גרם,false,1,22.90,0.0327,true,1,1839
7290002331018,false,מים נביעות פקק רגיל,תות תעשיות מזון (201,IL,נביעות 500 פ.שטוח פיקדון,מיליליטרים,500.00,"100 מ""ל",false,1,3.90,0.0078,true,1,14375
7290002331025,false,מים נביעות ספורט בקב,נביעות טבע הגליל בעמ,IL,נביעות 500 TO GO פקדון,מיליליטרים,500.00,"100 מ""ל",false,1,3.90,0.0078,true,1,1841
7290002331094,false,מים נביעות TO-GO בקב,נביעות טבע הגליל בעמ,IL,"מים נביעות TO-GO בקבוק 755 מ""ל",מיליליטרים,755.00,"100 מ""ל",false,1,4.90,0.0065,true,1,1842
7290002331155,false,מי נביעות + בטעם אפר,תות תעשיות מזון (201,IL,"נביעות + בטעם אפרסק 500 מ""ל",מיליליטרים,500.00,"100 מ""ל",false,1,8.90,0.0178,true,1,33900
7290002331360,false,מים נביעות TO GO  שי,נביעות,,"מים נביעות TO GO  שישייה בקבוק 500 מ""ל",ליטרים,3.00,ליטר,false,1,15.90,5.3000,true,1,1847
7290002331421,false,מים נביעות TO-GO שיש,נביעות,,"מים נביעות TO-GO שישייה בקבוק 755 מ""ל",ליטרים,4.53,ליטר,false,1,20.60,4.5475,true,1,1848
7290002331490,false,מים נביעות בקבוק 1 ל,תות תעשיות מזון (201,IL,נביעות 1 ליטר,ליטרים,1.00,ליטר,false,1,4.90,4.9000,true,1,184442
7290002331711,false,מי נביעות +בטעם ענבי,תות תעשיות מזון (201,IL,"נביעות + בטעם ענבים 500 מ""ל",מיליליטרים,500.00,"100 מ""ל",false,1,8.90,0.0178,true,1,43071
7290002333098,false,גרגירי חומוס אורגני,אול אורגני,IL,גרגרי חומוס,גרמים,500.00,100 גרם,false,1,12.90,0.0258,true,1,22343
7290002333104,false,בורגול אורגני הרדוף,אול אורגני,IL,בורגול אורגני 500 גרם - הרדוף,גרמים,500.00,100 גרם,false,1,8.90,0.0178,true,1,22344
7290002333319,false,קמח שיפון,טחנת קמח יפו,IL,"קמח שיפון 1 ק""ג",קילוגרמים,1.00,"ק""ג",false,1,17.90,17.9000,true,1,41641
7290002333463,false,שעועית מש אורגני הרד,אול אורגני,IL,שעועית מש אורגני,גרמים,500.00,100 גרם,false,1,15.90,0.0318,true,1,41642
7290002333838,false,כוסמת אורגני הרדוף 5,אול אורגני,IL,כוסמת אורגני,גרמים,500.00,100 גרם,false,1,11.90,0.0238,true,1,22323
7290002333982,false,שעועית לבנה אורגני ה,אול אורגני,IL,שעועית לבנה אורגנית 500 גרם - הרדוף,גרמים,500.00,100 גרם,false,1,11.90,0.0238,true,1,22327
7290002333999,false,גרעיני חמניות אורגני,אול אורגני,IL,גרעיני חמניה קלופים,גרמים,300.00,100 גרם,false,1,13.90,0.0463,true,1,22328
7290002345022,false,אנטריקוט דקדק,קרלו,IL,אל גאוצ'ו מינוט סטייק אנטריקוטדקדק 250 גרם,גרמים,250.00,100 גרם,false,1,26.90,0.1076,true,1,200883
7290002345121,false,אסאדו דקדק אל גאוצו,טיבון ויל - נטו,IL,אסאדו דקדק אל גאוצו 250גרם,גרמים,250.00,100 גרם,false,1,27.90,0.1116,true,1,232781
7290002345282,false,נתחי פילה סלמון נורו,דלידג,,נתחי פילה סלמון נורווגי קפוא 100% דג,קילוגרמים,1.00,"ק""ג",true,,89.90,89.9000,true,1,201202
7290002348061,false,פטריות חתוכות הודו ו,גריניארד פריפרד,NL,פטריות חתוכות ויליגר400גר,גרמים,400.00,100 גרם,false,1,5.90,0.0148,true,1,1879
7290002348139,false,ארטישוק תחתיות,האי נאם סי או אל.טי.,EG,ויליגר תחתיות ארטישוק במי מלח 390 גרם,גרמים,400.00,100 גרם,false,1,9.90,0.0248,true,1,1880
7290002353249,false,ממרח דיזונז 345 גרם,מיוצר עי קונדיטוריית,FR,ממרח דיזונז 345 גרם,גרמים,345.00,100 גרם,false,1,21.90,0.0635,true,1,236253
7290002353836,false,סרדין רוברט בשמן זית,כצט,PT,סרדינים בשמן זית רוברט 115 גרם,גרמים,115.00,100 גרם,false,1,8.90,0.0774,true,1,1885
7290002360155,false,תה פומפדור חליטה שומ,"איטיליאן פוד, אס.פי.",DE,פומפדור חליטת צמחים שומר 20 יחידות,גרמים,40.00,100 גרם,false,1,16.90,0.4225,true,1,18261
7290002360285,false,תה פומפדור צמחים קמו,"איטיליאן פוד, אס.פי.",DE,פומפדור חליטת צמחים קמומיל 20 יחידות,גרמים,30.00,100 גרם,false,1,16.90,0.5633,true,1,1923
7290002371526,false,סלסולי פסטרמה שום וצ,הנסיך- מפעל לייצור ט,IL,"דקניקים, סלסולי פסטרמה שום וצי'לי פיקנטי 120 גרם",גרמים,120.00,100 גרם,false,1,15.90,0.1325,true,1,182230
7290002371533,false,סלסולי פסטרמה דבש 12,הנסיך- מפעל לייצור ט,IL,סלסולי פסטרמה דבש 120 גרם,גרמים,120.00,100 גרם,false,1,15.90,0.1325,true,1,182231
7290002371540,false,קורנדביף 120 גרם,הנסיך- מפעל לייצור ט,IL,טירת צבי דקניקים קורנדביף 120 גרם,גרמים,120.00,100 גרם,false,1,15.90,0.1325,true,1,182156
7290002371854,false,נקניקיות חריפות,הנסיך- מפעל לייצור ט,IL,נקנקיות עוף חריפות1ק''ג,קילוגרמים,1.00,"ק""ג",false,1,33.90,33.9000,true,1,48228
7290002371939,false,סרוולד צרפתי 120 גרם,הנסיך- מפעל לייצור ט,IL,סרוולד צרפתי 120 גרם,גרמים,120.00,100 גרם,false,1,26.90,0.2242,true,1,47964
7290002410713,false,קישקע 500 גר,לאטי עזרא גלם ודגים,,קישקע 500 גר,גרמים,500.00,100 גרם,false,1,11.90,0.0238,true,1,52226
7290002410874,false,פרגיות ממולאות,לאטי עזרא גלם ודגים,,"פרגיות ממולאות לק""ג",קילוגרמים,1.00,"ק""ג",true,,54.90,54.9000,true,1,67919
7290002410881,false,לבבות עוף,לאטי עזרא,,לבבות עוף 500 גרם,גרמים,500.00,100 גרם,false,1,18.90,0.0378,true,1,190649
7290002453680,false,נקניקיות אסדו ארגנטנ,קצביית פרימיום,IL,נקניקיות אסדו ארגנטנאי קצביית פרימיום,קילוגרמים,1.00,"ק""ג",true,,69.90,69.9000,true,1,215662
7290002461180,false,כרעיים עוף ארוז,מעדני הטלה והעגל,,כרעיים עוף ארוז קג,קילוגרמים,1.00,"ק""ג",true,,32.90,32.9000,true,1,80696
7290002461562,false,נקניקיות מיני מרגז 5,מעדני הטלה,,נקניקיות מיני מרגז 500 גרם,גרמים,500.00,100 גרם,false,1,29.90,0.0598,true,1,70906
7290002507604,false,פיצת השף שגב 320גרם,האי נאם סי או אל.טי.,IT,פיצת השף שגב 320גרם,יחידה,1.00,יחידה,false,1,16.90,16.9000,true,1,203788
7290002517108,false,אורגנו 10 גרם,תות ממתקי איכות,IL,תבליני טעם וריח מיכל קטן אורגנו 10 גרם,גרמים,10.00,100 גרם,false,1,6.90,0.6900,true,1,41834
7290002517269,false,פלפל שחור שלם 35 גרם,תות ממתקי איכות,IL,תבליני טעם וריח פלפל שחור שלם 35 גרם,גרמים,35.00,100 גרם,false,1,9.90,0.2829,true,1,42112
7290002517276,false,פלפל אנגלי שלם 25 גר,תות ממתקי איכות,IL,תבליני טעם וריח מיכל קטן פלפל אנגלי שלם 25 גרם,גרמים,25.00,100 גרם,false,1,6.90,0.2760,true,1,41758
7290002517580,false,תערובת תיבול לעוף,תות ממתקי איכות,IL,"תבליני טעם וריח, תערובת תיבול לעוף, 80 גרם",גרמים,80.00,100 גרם,false,1,9.90,0.1238,true,1,42126
7290002517603,false,בזיליקום ריחן 10 גרם,תות ממתקי איכות,IL,"תבליני טעם וריח בזיליקום (ריחן), 10 גרם",גרמים,10.00,100 גרם,false,1,6.90,0.6900,true,1,40773
7290002517689,false,אבקת קרי 40 גרם,תות ממתקי איכות,IL,תבליני טעם וריח אבקת קרי 40 גרם,גרמים,40.00,100 גרם,false,1,6.90,0.1725,true,1,40781
7290002517726,false,מקלות קינמון 15 גרם,תות ממתקי איכות,IL,תבליני טעם וריח מקלות קינמון 100%,גרמים,15.00,100 גרם,false,1,6.90,0.4600,true,1,40785
7290002517733,false,קצח,תות ממתקי איכות,IL,"תבליני טעם וריח, 100% קצח, 40 גרם",גרמים,40.00,100 גרם,false,1,6.90,0.1725,true,1,40786
7290002517825,false,פלפל לבן טחון 40 גרם,תות ממתקי איכות,IL,"תבליני טעם וריח, 100% פלפל לבן טחון, 40 גרם",גרמים,40.00,100 גרם,false,1,9.90,0.2475,true,1,40795
7290002517863,false,ציפורן טחון 40 גרם,תות ממתקי איכות,IL,"תבליני טעם וריח, ציפורן טחון 100%, 40 גרם",גרמים,40.00,100 גרם,false,1,9.90,0.2475,true,1,40799
7290002542506,false,בירה קורונה בקבוק 35,קריניציה ויטמינה אס,MX,בירה קורונה אקסטרה 355 מל,מיליליטרים,355.00,"100 מ""ל",false,1,10.90,0.0307,true,1,66833
7290002542773,false,סטלה ארטואה - בק 330,סטלה,BE,סטלה ארטואה בק 330 מל,מיליליטרים,330.00,"100 מ""ל",false,1,9.90,0.0300,true,1,214785
7290002542780,false,סטלה ארטואה - שישיה,סטלה,BE,סטלה ארטואה שישיה  6 בק*330 מל,ליטרים,1.32,ליטר,false,1,39.90,30.2273,true,1,214786
7290002543046,false,דגני קלוגס פרוסטיס 7,כלורוקס אוקלנד,ES,קלוגס פרוסטיס פתיתי תירס בציפוי סוכר 750 גרם,גרמים,750.00,100 גרם,false,1,23.90,0.0319,true,1,2120
7290002543237,false,קורנפלקס קלוגס 750 ג,כלורוקס אוקלנד,,קלוגס קורנפלקס 750 גרם,גרמים,750.00,100 גרם,false,1,19.90,0.0265,true,1,2128
7290002551003,false,טונה בשמן סטארקיסט,סטארקיסט,,טונה בשמן סטארקיסט  160 גרם,גרמים,160.00,100 גרם,false,1,8.50,0.0531,true,1,2136
7290002551010,false,טונה במים סטארקיסט 1,"איטיליאן פוד, אס.פי.",TR,ס.ק  טונה במים 160גרם-בי,גרמים,160.00,100 גרם,false,1,8.50,0.0531,true,1,2137
7290002596523,false,סטייק אנטריקוט,לאטי עזרא גלם ודגים,,"סטייק אנטריקוט בואקום לק""ג",קילוגרמים,1.00,"ק""ג",true,,99.90,99.9000,true,1,65817
7290002603474,false,פיצת השף פטריות בטעם,סוילה אס.אר.אל,IT,שגב פיצת השף רוטב פטריות בטעם כמהין 220 גרם,גרמים,220.00,100 גרם,false,1,14.90,0.0677,true,1,202419
7290002603498,false,פיצת השף שגב אנטיפסט,האי נאם סי או אל.טי.,IT,שגב פיצת השף אנטיפסטי 220 גרם,גרמים,220.00,100 גרם,false,1,14.90,0.0677,true,1,202418
7290002627210,false,גפילטע פיש  דלידג  ב,האי נאם סי או אל.טי.,IL,גפילטע פיש  דלידג  בצנצנת 560 גרם,גרמים,560.00,100 גרם,false,1,14.90,0.0266,true,1,210089
7290002627616,false,פילה אמנון דלידג 7-9,מאומינג שינזו סאיפוד,CN,פילה אמנון דלידג 7-9 ארוז מהדרין,קילוגרמים,1.00,"ק""ג",true,,34.90,34.9000,true,1,214052
7290002651116,false,גחנון חמסי,מעדני הטלה,,"ג""חנון חמסי צלחות 1 ק""ג",קילוגרמים,1.00,"ק""ג",false,1,16.90,16.9000,true,1,2177
7290002651123,false,חמסי מלווח 1 קילו,חמסי,,חמסי מלווח 1 קילו,קילוגרמים,1.00,"ק""ג",false,1,16.90,16.9000,true,1,2178
7290002651253,false,גחנון אפוי 600 גר,מעדני הטלה,,"ג""חנון אפוי 600 גר                     """,גרמים,600.00,100 גרם,false,1,16.90,0.0282,true,1,85377
7290002657866,false,פילה אמנון דלידג,גואנדונג יוג'יה סיפו,,פילה אמנון דלידג,קילוגרמים,1.00,"ק""ג",true,,34.90,34.9000,true,1,181216
7290002692478,false,שמן זית כתית מעולה מ,"מרקאולאו, ספרד.אבסה,",IT,"שמן זית כתית מעולה מעודן עץ הזית 750 מ""ל",מיליליטרים,750.00,"100 מ""ל",false,1,36.90,0.0492,true,1,32835
7290002692782,false,תרסיס שמן זית 148 מל,"נארז ע""י : א.ג. גילר",IT,תרסיס שמן זית כ.מעולה,מיליליטרים,148.00,"100 מ""ל",false,1,15.90,0.1074,true,1,65769
7290002710004,false,ביצים אורגניות 1/12,יושלם,,ביצים אורגניות                     1/12,לא מנהל יחידת מידה,0.00,לא מנהל יחידת מידה,false,1,27.90,0.0000,true,1,2225
7290002710110,false,ביצי חופש      1/12,יושלם,,ביצי חופש                          1/12,יחידה,1.00,יחידה,false,1,16.90,16.9000,true,1,2226
7290002715504,false,תבשיל מגיק בכוס עוף,טאט הוי פוד בעמ,SG,תבשיל מגיק בכוס עוף 70 גרם,גרמים,70.00,100 גרם,false,1,5.00,0.0714,true,1,2244
7290002715511,false,תבשיל מגיק בכוס בקר,טאט הוי פוד בעמ,SG,תבשיל מגיק בכוס בקר 70 גרם,גרמים,70.00,100 גרם,false,1,5.00,0.0714,true,1,2245
7290002715580,false,תבשיל מגיק בכוס ירקו,טאט הוי פוד בעמ,SG,תבשיל מגיק בכוס ירקות סיני 70 גרם,גרמים,70.00,100 גרם,false,1,5.00,0.0714,true,1,2248
7290002730262,false,סבון כלים פלמוליב קל,יבואן ומשווק: ש. שסט,GR,פלמוליב נוזל לניקוי כלים קלאסי 750 מל,מיליליטרים,750.00,"100 מ""ל",false,1,11.90,0.0159,true,1,2281
7290002730521,false,צמרוני אוזניים200 יח,ספטונה,GR,צמרוני אוזניים בלונס,גרמים,66.00,100 גרם,false,1,6.90,0.1045,true,1,2283
7290002730538,false,פדים להסרת איפור,הנסיך- מפעל לייצור ט,GR,בלונס פדיות להסרת איפור 80 יחידות,לא מנהל יחידת מידה,0.00,לא מנהל יחידת מידה,false,1,10.80,0.0000,true,1,2284
7290002730675,false,משחת שיניים קולגייט,קולגייט פלמוליב,PL,"משחת שיניים קולגייט אדומה 100 מ""ל",מיליליטרים,100.00,"100 מ""ל",false,1,9.90,0.0990,true,1,2286
7290002730903,false,פלמוליב סבון מוצק,הנסיך- מפעל לייצור ט,TR,סבון מוצק בניחוח ורדים פלמוליב 4 יחידות,גרמים,400.00,100 גרם,false,1,12.90,0.0323,true,1,204931
7290002730941,false,צמר גפן פרוס,הנסיך- מפעל לייצור ט,GR,בלונס פסי צמר גפן 100 גרם,גרמים,100.00,100 גרם,false,1,5.80,0.0580,true,1,12264
7290002730958,false,סבון מוצק פלמוליב זי,הנסיך- מפעל לייצור ט,TR,סבון מוצק בניחוח זיתים ואלוורה פלמוליב 4 יחידות,גרמים,400.00,100 גרם,false,1,12.90,0.0323,true,1,2292
7290002735274,false,גחנון אפוי ינון 600ג,ג'נרל מילס סאן אדריא,IL,גחנון אפוי ינון 600גרם,גרמים,750.00,100 גרם,false,1,16.90,0.0225,true,1,59419
7290002752332,false,סוכריות מנטוס פירות,הדקלאים אגודת שיתופי,NL,מנטוס סוכריות לעיסה בטעם פירות 37.5 גרם,גרמים,38.00,100 גרם,false,1,3.90,0.1026,true,1,2296
7290002752349,false,סוכריות מנטוס מנטה ג,קדבורי,NL,גליל מנטוס סוכריות לעיסה בטעם מנטה,גרמים,38.00,100 גרם,false,1,3.90,0.1026,true,1,12176
7290002766056,false,עגבניות שרי תמר לב 5,רון שרי,IL,עגבניות שרי תמר לב 500 גרם,גרמים,500.00,100 גרם,false,1,7.90,0.0158,true,1,204954
7290002768043,false,מי פה תיא+פלאורד ענק,טרופיקל דגיל תעשיות,IL,תיאדנט מי פה עם פלואוריד ללא אלכוהול 150 מל,מיליליטרים,150.00,"100 מ""ל",false,1,15.90,0.1060,true,1,2303
7290002768074,false,דרמפון סבון נוזלי1 ל,קוסמופארם בע''מ,IL,דרמפון סבון ללא סבון 1 ליטר,ליטרים,1.00,ליטר,false,1,19.70,19.7000,true,1,2304
7290002771128,false,קפה תורכי נחלה 250 ג,מולינו ניקולי s.p.a,IL,קפה תורכי נחלה 250 גרם,גרמים,250.00,100 גרם,false,1,17.90,0.0716,true,1,15310
7290002800361,false,המבורגר מסעדות בואקו,מעדני הטלה,,המבורגר מסעדות בואקום 500 גר,גרמים,500.00,100 גרם,false,1,28.90,0.0578,true,1,70875
7290002814016,false,מסיר שומנים 750 מל,קומפלקס כימיקלים,IL,מסיר שומנים 750 מל,מיליליטרים,750.00,"100 מ""ל",false,1,16.90,0.0225,true,1,2348
7290002814290,false,בלאנקו קצף אקונומיקה,קומפלקס כימיקלים,IL,בלאנקו קצף אקונומיקה מרוכז 7% חומר פעיל,ליטרים,1.00,ליטר,false,1,12.90,12.9000,true,1,239171
7290002814498,false,וזל לניקוי כללי בתוס,ארבה כימיקלים,TR,וזל לניקוי כללי בתוספת מתז חומץ 750 מל,מיליליטרים,750.00,"100 מ""ל",false,1,11.90,0.0159,true,1,239174
7290002814504,false,סנט מוריץ מגבונים לר,קומפלקס כימיקלים,IL,סנט מוריץ מגבונים לרצפה 10 יחידות  מלון,יחידה,1.00,יחידה,false,1,10.90,10.9000,true,1,239371
7290002814528,false,נוזל לניקוי אסלות 1,קומפלקס כימיקלים,IL,נוזל לניקוי אסלות 1 ליטר,ליטרים,1.00,ליטר,false,1,6.90,6.9000,true,1,2350
7290002814542,false,עלמה שקיות אשפה 25 י,אסיר פלסט,TR,עלמה שקיות אשפה 25 יחידות 75 90,יחידה,25.00,יחידה,false,1,10.90,0.4360,true,1,239175
7290002814580,false,טורנדו גרגירים לפתיח,קומפלקס כימיקלים,IL,טורנדו גרגירים לפתיחת סתימות גרם 200 מל,מיליליטרים,200.00,"100 מ""ל",false,1,14.90,0.0745,true,1,239176
7290002814719,false,נוזל רצפות מאסק סנט,קומפלקס כימיקלים,IL,נוזל רצפות מאסק סנט מוריץ לאסלות 4 ליטר,ליטרים,4.00,ליטר,false,1,15.90,3.9750,true,1,239182
7290002814825,false,כדוריות אסלה אוקיינו,גורקה,TR,כדוריות אסלה אוקיינוס 1 3 יחידות,יחידה,3.00,יחידה,false,1,11.90,3.9667,true,1,239184
7290002814887,false,סנט מוריץ מגבונים לח,,IL,סנט מוריץ מגבונים לחים לרצפה 10 יחידות,יחידה,10.00,יחידה,false,1,10.90,1.0900,true,1,239186
7290002814931,false,תכשיר מרוכז לניקוי ר,קומפלקס כימיקלים,IL,תכשיר מרוכז לניקוי רצפות בניחוח אורנים 4,ליטרים,4.00,ליטר,false,1,15.90,3.9750,true,1,239146
7290002814948,false,סנט מוריץ מגבוני דלי,קומפלקס כימיקלים,IL,סנט מוריץ מגבוני דלי לרצפה 50 יחידות,יחידה,50.00,יחידה,false,1,29.90,0.5980,true,1,239372
7290002824183,false,גבינה סקי 5%  פיקוח,מיוצר עי קונדיטוריית,IL,סקי משפחתי 5%,גרמים,500.00,100 גרם,false,1,9.96,0.0199,true,1,2364
7290002824466,false,יוגורט דנונה 0% טבעי,"שטראוס בריאות בע""מ",IL,דנונה ביו  0% 200 גרם,גרמים,200.00,100 גרם,false,1,3.70,0.0185,true,1,2365
7290002824640,false,גבינה סקי 5% פיקוח 2,מיוצר עי קונדיטוריית,IL,סקי 5% 250 גרם,גרמים,250.00,100 גרם,false,1,4.98,0.0199,true,1,2367
7290002830184,false,דג פילה לברק נטו,יושלם,,דג פילה לברק נטו,קילוגרמים,1.00,"ק""ג",true,,54.90,54.9000,true,1,168401
7290002868996,false,קוטג מועשר 5% טרה 25,טרה,,קוטג מועשר 5% טרה 250 גרם,גרמים,250.00,100 גרם,false,1,6.20,0.0248,true,1,31550
7290002879299,false,מלפפונים גדולים בחומ,דדוש דניאל,,מלפפונים גדולים בחומץ 860 גרם,גרמים,860.00,100 גרם,false,1,19.90,0.0231,true,1,55628
7290002879435,false,כרוב כבוש 900 גרם,פולן,,כרוב כבוש 900 גרם,גרמים,900.00,100 גרם,false,1,18.70,0.0208,true,1,53397
7290002879633,false,וופל בלגי 1/10 550 ג,הרטו בלגיה,BE,וופל בלגי 1/10 550 גרם,גרמים,550.00,100 גרם,false,1,24.90,0.0453,true,1,235280
7290002879886,false,מלפפונים רצועות בחומ,פולן,,מלפפונים רצועות בחומץ  680 גרם,גרמים,680.00,100 גרם,false,1,20.90,0.0307,true,1,55820
7290002881551,false,עלי גפן ממולאים באור,אסמא קונסרב,,עלי גפן ממולאים באורז תומר 400 גרם,גרמים,400.00,100 גרם,false,1,10.90,0.0273,true,1,168118
7290002881865,false,פטריות שמפניון חתוכו,Prochamp B.V,,פטריות שמפניון חתוכות תומר 400 גרם,גרמים,400.00,100 גרם,false,1,5.90,0.0148,true,1,69741
7290002900092,false,סטייק בורגר 100% בקר,הנסיך- מפעל לייצור ט,IL,סטייק בורגר מבשר בקר 400 גר',גרמים,400.00,100 גרם,false,1,22.90,0.0572,true,1,197780
7290002900214,false,קבב מזרחי 450 גרם,טיב טירת צבי 2000,IL,קבב מזרחי 400 גרם,גרמים,450.00,100 גרם,false,1,22.90,0.0509,true,1,2487
7290002900566,false,פסטרמה ברביקיו דש,הנסיך- מפעל לייצור ט,IL,פסטרמה ברביקיו דל שומן טירת צבי 360 גרם,גרמים,360.00,100 גרם,false,1,30.90,0.0858,true,1,32843
7290002904694,false,"דאו ""ספריי לגבר",מולינו ניקולי s.p.a,IL,"טיטניום דאודורנט ספריי קלאסי 180 מ""ל",מיליליטרים,180.00,"100 מ""ל",false,1,18.90,0.1050,true,1,2490
7290002921240,false,שמפוזר לרפוד עם מברש,יוליניבר,MX,יעקבי קרבונה מסיר כתמים מריפוד ושטיחים 650 מל,מיליליטרים,650.00,"100 מ""ל",false,1,27.90,0.0429,true,1,2504
7290002921349,false,דבק סופר גלו לוקטיט,הנקל,,דבק סופר גלו לוקטיט,גרמים,100.00,100 גרם,false,1,11.90,0.1190,true,1,2506
7290002922117,false,עוגיות פרימיום 200-3,אקלר,,עוגיות פרימיום 200-300 גרם,גרמים,300.00,100 גרם,false,1,23.90,0.0797,true,1,50874
7290002925729,false,גם וגם מש.שינ/.מי פה,"אמיליה קוסמטיקס בע""מ",IL,גם וגם מש.שינ/.מי פה כחול120מל,מיליליטרים,120.00,"100 מ""ל",false,1,14.20,0.1183,true,1,18176
7290002927490,false,שיפודי פרגית,קצביית פרימיום,IL,שיפודי פרגית,קילוגרמים,1.00,"ק""ג",true,,79.90,79.9000,true,1,215729
7290002929536,false,קובה למרק,האי נאם סי או אל.טי.,IL,"קובה למרק 600 גר                       """,גרמים,600.00,100 גרם,false,1,17.90,0.0298,true,1,184480
7290002929635,false,טונה  וילגר בשמן 140,"ויליגר תעשיות בע""מ",IL,ויליגר נתחי טונה בהירה בשמן 140 גרם,גרמים,140.00,100 גרם,false,1,5.90,0.0421,true,1,192521
7290002929642,false,טונה ויליגר בשמן140,יבואן ומשווק: ש. שסט,TH,טונה ויליגר בשמן 140 גרם 1\4,גרמים,560.00,100 גרם,false,1,21.90,0.0391,true,1,185909
7290002986201,false,עוגיות יין מצופות,"אחים גטניו בע""מ",,עוגיות יין מצופות 300 גרם פסח,גרמים,300.00,100 גרם,false,1,10.90,0.0363,true,1,237376
7290002986218,false,עוג.יין חצי מצופה,"אחים גטניו בע""מ",,"עוגיות יין חצי מצופה300 גר""פסח",גרמים,300.00,100 גרם,false,1,10.90,0.0363,true,1,237378
7290002986652,false,ביסקוויט פתיבר שוקו,"אחים גטניו בע""מ",,ביסקוויט פתיבר שוקו גטניו 470 גרם,גרמים,470.00,100 גרם,false,1,9.90,0.0211,true,1,34755
7290002994329,false,לחם אחיד פרוס,מאפיית אגמי,IL,לחם אחיד פרוס,גרמים,0.00,100 גרם,false,1,7.11,0.0000,true,1,50876
7290002994435,false,חלה רגילה שומשום,"מאפיית אגמי בע""מ",IL,חלה רגילה אגמי  שומשום,גרמים,500.00,100 גרם,false,1,5.17,0.0103,true,1,56585
7290002994602,false,לחם 9 דגנים קל,מאפיית אגמי,IL,לחם 9 דגנים קל,גרמים,500.00,100 גרם,false,1,17.90,0.0358,true,1,50836
7290002994800,false,חלה מתוקה אגמי קונדי,מאפיית אגמי,IL,חלה מתוקה אגמי קונדיטריה,גרמים,500.00,100 גרם,false,1,12.90,0.0258,true,1,86294
7290003009183,false,סירופ דיאט פריגת תפו,גת,IL,"סירופ דיאט פריגת תפוחים 750 מ""ל",מיליליטרים,750.00,"100 מ""ל",false,1,24.60,0.0328,true,1,31364
7290003009596,false,סירופ דיאט אשכוליות,גת,IL,"סירופ דיאט אשכוליות 750 מ""ל",מיליליטרים,750.00,"100 מ""ל",false,1,24.60,0.0328,true,1,31345
7290003026234,false,קמיל בלו תחליב לתינו,הדקלאים אגודת שיתופי,IL,קמיל בלו סנסיטיב תחליב לתינוק 500 גרם,מיליליטרים,500.00,"100 מ""ל",false,1,24.90,0.0498,true,1,18734
7290003029181,false,שוקו יטבתה בקבוק 1 ל,מחלבת יטבתה,IL,שוקו 1 ליטר,ליטרים,1.00,ליטר,false,1,12.90,12.9000,true,1,2721
7290003029372,false,משקה חלב בננה יטבתה,מחלבת יטבתה,IL,בננה 1 ליטר,ליטרים,1.00,ליטר,false,1,12.90,12.9000,true,1,2725
7290003029389,false,משקה חלב בננה פקק ספ,,IL,"בננה פקק 250 מ""ל",מיליליטרים,250.00,"100 מ""ל",false,1,5.50,0.0220,true,1,2726
7290003029433,false,שוקו יטבתה פקק ספורט,,IL,"שוקו פקק 250 מ""ל",מיליליטרים,250.00,"100 מ""ל",false,1,5.50,0.0220,true,1,2728
7290003029532,false,מוקה יטבתה בקבוק 1 ל,מחלבת יטבתה,IL,מוקה 1 ליטר,ליטרים,1.00,ליטר,false,1,12.90,12.9000,true,1,2730
7290003029792,false,מארז שוקו יטבתה 8 שק,שטראוס גרופ,,מארז שוקו יטבתה 8 שקיות,ליטרים,1.80,ליטר,false,1,17.80,9.8889,true,1,31569
7290003029815,false,חלב מועשר 3% בכד יטב,מחלבת יטבתה,IL,חלב מועשר 3% בכד יטבתה 2 ליטר,ליטרים,2.00,ליטר,false,1,15.60,7.8000,true,1,31923
7290003029907,false,קפה יטבתה בקבוק 1 לי,מחלבת יטבתה,IL,אייס קפה 1 ליטר,ליטרים,1.00,ליטר,false,1,12.90,12.9000,true,1,34015
7290003047642,false,תה ליפטון אנגלי 100,"יונילוור רוסייה בע""מ",RU,תה שחור יילו לייבל,גרמים,150.00,100 גרם,false,1,18.90,0.1260,true,1,2750
7290003054213,false,לחם שיפון כפרי מסטמכ,מסטמכר,DE,לחם שיפון כפרי מסטמכר 500 גרם,גרמים,500.00,100 גרם,false,1,14.90,0.0298,true,1,2772
7290003060009,false,"קמח חיטה לבן 1 ק""ג ס",טחנות ישראל,,"קמח חיטה לבן 1 ק""ג סוגת",קילוגרמים,1.00,"ק""ג",false,1,5.90,5.9000,true,1,2794
7290003060023,false,"סולת חיטה 1 ק""ג טחנו",טחנות ישראל,,"סולת חיטה 1 ק""ג טחנות ישראליות",קילוגרמים,1.00,"ק""ג",false,1,5.70,5.7000,true,1,2795
7290003060030,false,קמח חיטה מלאטחנות יש,טחנות ישראל,,"קמח חיטה מלא בשקית 1 ק""ג",קילוגרמים,1.00,"ק""ג",false,1,6.30,6.3000,true,1,24128
7290003060047,false,קמח תופח טחנות ישראל,טחנות ישראליות,,"קמח תופח בשקית 1  ק""ג",קילוגרמים,1.00,"ק""ג",false,1,5.90,5.9000,true,1,24129
7290003060078,false,קמח שיפון מלא טחנות,טחנות ישראל,IL,"קמח שיפון מלא טחנות ישראליות 1 ק""ג",קילוגרמים,1.00,"ק""ג",false,1,4.90,4.9000,true,1,235874
7290003060276,true,קמח בהיר מנופה,,,קמח בהיר מנופה,קילוגרמים,1.00,"ק""ג",false,1,8.90,8.9000,true,1,214966
7290003072828,false,נקניקיות פרנקפורטר 3,טירת צבי,IL,נקניקיות פרנקפורטר 320 גרם,גרמים,320.00,100 גרם,false,1,22.90,0.0716,true,1,215021
7290003072842,false,חזה אווז טירת צבי 12,הנסיך- מפעל לייצור ט,IL,"טירת צבי, חזה אווז מעושן, ללא גלוטן, 100 גר'",גרמים,120.00,100 גרם,false,1,26.90,0.2242,true,1,210822
7290003072859,false,רוסטביף 120 גרם,הנסיך- מפעל לייצור ט,IL,טירת צבי דלקטיב רוסטביף 120 גרם,מיליליטרים,120.00,"100 מ""ל",false,1,26.90,0.2242,true,1,211020
7290003072972,false,קבנוס טירת צבי תיבול,טירת צבי,IL,קבנוס טירת צבי תיבול שום 120 גרם,גרמים,120.00,100 גרם,false,1,11.90,0.0992,true,1,232796
7290003102419,false,כפפות ניילון 100 יח,,CN,כפפות ניילון 100 יח בקופסא איזי טאצ,יחידה,1.00,יחידה,false,1,6.90,6.9000,true,1,230588
7290003121083,false,תבשיל מגיק טעם בקר,טאט הוי פוד בעמ,SG,מג'יק ארוחת נודלס בטעם בשר 85 גרם,גרמים,85.00,100 גרם,false,1,3.20,0.0376,true,1,2841
7290003121090,false,תבשיל מרק בשקית ירק,זנטי אס. אי לאלין,SG,תבשילמגיק בשקית ירקות             X30,גרמים,85.00,100 גרם,false,1,3.20,0.0376,true,1,2842
7290003121106,false,תבשיל מרק בשקית עוף,כלורוקס אוקלנד,SG,תבשילמגיק בשקית עוף85 ג             X30,גרמים,85.00,100 גרם,false,1,3.20,0.0376,true,1,2843
7290003126958,false,טופו גולמי וואקום 30,א.י.ן תעשיות מזון בע,IL,טופו גולמי וואקום 300 גרם צוריאל,גרמים,300.00,100 גרם,false,1,13.50,0.0450,true,1,2854
7290003131266,false,גרעין שחור קלוי,אוליבלס SA,,גרעין שחור קלוי במשקל,קילוגרמים,1.00,"ק""ג",true,,39.00,39.0000,true,1,201289
7290003131563,false,פקאן קלוי,,,פקאן קלוי,קילוגרמים,1.00,"ק""ג",true,,120.00,120.0000,true,1,230720
7290003143139,false,סילאן קליית גת  900,"טעמי הגליל בע""מ",IL,סילאן קליית גת 900 גר,גרמים,900.00,100 גרם,false,1,14.90,0.0166,true,1,193133
7290003143146,false,ממרח תמרים 450 קלית,הדקלאים אגודת שיתופי,IL,ממרח תמרים 450 קלית גת,גרמים,450.00,100 גרם,false,1,6.50,0.0144,true,1,180530
7290003144075,false,עוגה אישית שוקולד ונ,פרדי קונדטוריה אס.פי,,עוגה אישית שוקולד וניל צוקטה 30 גרם,גרמים,30.00,100 גרם,false,1,1.90,0.0633,true,1,194555
7290003144112,false,טבלאות שוקולד מוצקי,קקאו דה בורגון סאס,FR,צ'וקטה שוקולד מריר 100 70% גרם,גרמים,100.00,100 גרם,false,1,9.90,0.0990,true,1,212866
7290003145751,false,אגוזי קשיו קלויים קל,הדקלאים אגודת שיתופי,IL,"קליית גת אגוזי קלויים, 200 גרם",גרמים,200.00,100 גרם,false,1,19.90,0.0995,true,1,50461
7290003158164,false,בורקס ריקוטה,"גידרון תעשיות בע""מ",,בורקס ריקוטה,קילוגרמים,1.00,"ק""ג",true,,49.90,49.9000,true,1,78544
7290003163939,false,"נקניקיות גריל 1.5 ק""",יושלם,,"נקניקיות גריל 1.5 ק""ג",קילוגרמים,1.50,"ק""ג",false,1,33.90,22.6000,true,1,83344
7290003192013,false,רביולי {בוטן בטעם גר,אוליבלס SA,,רביולי {בוטן בטעם גריל} במשקל,קילוגרמים,1.00,"ק""ג",true,,80.00,80.0000,true,1,201409
7290003192022,false,בוטנים אמריקאים במשק,אוליבלס SA,,בוטנים אמריקאים במשקל,קילוגרמים,1.00,"ק""ג",true,,39.00,39.0000,true,1,201411
7290003192526,false,אגוז מלך קליפה,אוליבלס SA,,אגוז מלך קליפה במשקל,קילוגרמים,1.00,"ק""ג",true,,50.00,50.0000,true,1,201366
7290003208586,false,מרטיני לבן בקבוק 750,מרטיני ורוסי,IT,"מרטיני ביאנקו וורמוט לבן מתוק 750 מ""ל",מיליליטרים,750.00,"100 מ""ל",false,1,54.90,0.0732,true,1,66411
7290003208890,false,וודקה פינלנדיה,יושלם,,"וודקה פינלנדיה 200 מ""ל",מיליליטרים,200.00,"100 מ""ל",false,1,29.90,0.1495,true,1,82155
7290003210114,false,טרופית בוסתן 200 מל,בוסתן,IL,טרופית בוסתן 200 מל,מיליליטרים,200.00,"100 מ""ל",false,1,2.90,0.0145,true,1,209321
7290003211302,false,גרעין לבן קלוי,אוליבלס SA,,גרעין לבן קלוי במשקל,קילוגרמים,1.00,"ק""ג",true,,49.00,49.0000,true,1,201290
7290003211975,false,קשיו קלוי,אוליבלס SA,,קשיו קלוי במשקל,קילוגרמים,1.00,"ק""ג",true,,109.00,109.0000,true,1,201417
7290003211982,false,מנציס,אוליבלס SA,,מנציס במשקל,קילוגרמים,1.00,"ק""ג",true,,69.00,69.0000,true,1,201292
7290003211999,false,פקאן סיני,אוליבלס SA,,פקאן סיני במשקל,קילוגרמים,1.00,"ק""ג",true,,120.00,120.0000,true,1,201301
7290003213030,false,גרעין אבטיח קלוי,אוליבלס SA,,גרעין אבטיח קלוי במשקל,קילוגרמים,1.00,"ק""ג",true,,68.00,68.0000,true,1,201291
7290003213382,false,אגוז מלך במשקל,אוליבלס SA,,אגוז מלך במשקל,קילוגרמים,1.00,"ק""ג",true,,79.00,79.0000,true,1,201356
7290003213696,false,בוטנים קלוים,אוליבלס SA,,בוטנים קלוים במשקל,קילוגרמים,1.00,"ק""ג",true,,39.00,39.0000,true,1,201295
7290003213740,false,שקד קלוי,אוליבלס SA,,שקד קלוי במשקל,קילוגרמים,1.00,"ק""ג",true,,109.00,109.0000,true,1,201287
7290003213825,false,פיסטוק קלוי במשקל,אוליבלס SA,,פיסטוק קלוי במשקל,קילוגרמים,1.00,"ק""ג",true,,109.00,109.0000,true,1,201416
7290003220380,false,מעדני מלך סנדוויץ שו,אחים פפושדו,IL,מעדני מלך סנדוויץ שוקו 150ג,גרמים,150.00,100 גרם,false,1,4.50,0.0300,true,1,235666
7290003220397,false,מעדני מלך סנדוויץ ונ,אחים פפושדו,IL,מעדני מלך סנדוויץ וניל 150ג,גרמים,150.00,100 גרם,false,1,4.50,0.0300,true,1,235667
7290003220434,false,ביסקוויט פתיבר וניל,אפיפית,,ביסקוויט פתיבר וניל מעדני המלך 110 גרם,גרמים,110.00,100 גרם,false,1,3.50,0.0318,true,1,151971
7290003220441,false,ביסקוויט פתיבר שוקו,אפיפית,,ביסקוויט פתיבר שוקו מעדני המלך 110 גרם,גרמים,110.00,100 גרם,false,1,3.50,0.0318,true,1,151972
7290003220502,false,"מי קוקוס 400 מ""ל",ASIATIC AGRO INDUSTR,,"מי קוקוס 400 מ""ל",מיליליטרים,400.00,"100 מ""ל",false,1,6.90,0.0173,true,1,70002
7290003220588,false,רוטב צילי  מתוקWOK,תאי פרידה אינדסטרי ב,,"רוטב צילי  מתוק דיאט 700 מ""ל          W",מיליליטרים,700.00,"100 מ""ל",false,1,15.90,0.0227,true,1,75370
7290003220595,false,אורז לסושי WOK  שקית,"מיה תעשיות מזון בע""מ",,"אורז לסושי WOK  שקית 1 ק""ג",קילוגרמים,1.00,"ק""ג",false,1,13.90,13.9000,true,1,77981
7290003220649,false,שמן שומשום WOK טהור,או שין הינג,SG,"ווק שמן שומשום 100% 150 מ""ל",מיליליטרים,150.00,"100 מ""ל",false,1,13.90,0.0927,true,1,195118
7290003220700,false,מחצלת לסושי WOK,קוסומאי במבוק,,מחצלת לסושי WOK,לא מנהל יחידת מידה,0.00,לא מנהל יחידת מידה,false,1,6.90,0.0000,true,1,85681
7290003220717,false,אצות נורי סילוור 10,JAEWON GLOBAL NET,,אצות נורי סילוור 10 דפים 25 גרם,גרמים,25.00,100 גרם,false,1,11.90,0.4760,true,1,77543
7290003220724,false,צופ-סטיקס חד פעמי 20,קוסומאי במבוק,,צופ-סטיקס חד פעמי 20 זוגות,Unknown,0.00,Unknown,false,1,6.90,0.0000,true,1,85682
7290003220755,false,רוטב סויה כהה,ליאנג סאנג האנד הואד,,"רוטב סויה כהה 640 מ""ל",מיליליטרים,640.00,"100 מ""ל",false,1,14.90,0.0233,true,1,81626
7290003220786,false,מקלות אורז מס 5 400,ASIAN SUPERIOR FOODS,,מקלות אורז מס 5 400 גרם,גרמים,400.00,100 גרם,false,1,9.90,0.0248,true,1,185157
7290003220830,false,ווק חומץ אורז יסמין,דיאמונד פריזרוד פודס,TH,"ווק חומץ אורז יסמין 500מ""ל WOK",מיליליטרים,500.00,"100 מ""ל",false,1,15.90,0.0318,true,1,185135
7290003220939,false,מקלוני אורז דקים 400,אסיאן סופירה פודס חב,,מקלוני אורז דקים 400 גרם,גרמים,400.00,100 גרם,false,1,9.90,0.0248,true,1,189444
7290003220946,false,"דפי אורז קוטר 22 ס""מ",אסיאן סופירה פודס חב,,"דפי אורז קוטר 22 ס""מ 300 גרם WOK",גרמים,300.00,100 גרם,false,1,12.90,0.0430,true,1,196836
7290003220977,false,עוגיות מצופות מעדני,אפיפית,,עוגיות מצופות מעדני המלך 175 גר,גרמים,175.00,100 גרם,false,1,7.90,0.0451,true,1,233275
7290003229109,false,פסטרמה בפפריקה,הנסיך- מפעל לייצור ט,IL,פסטרמה בפפריקה טירת צבי 400 גרם,גרמים,400.00,100 גרם,false,1,30.90,0.0772,true,1,3006
7290003229116,false,פסטרמה בדבש 400 גרם,הנסיך- מפעל לייצור ט,IL,פסטרמה בדבש טירת צבי 400 גרם,גרמים,400.00,100 גרם,false,1,30.90,0.0772,true,1,3007
7290003229123,false,פסטרמה על גחלים 400,הנסיך- מפעל לייצור ט,IL,פסטרמה על גחלים טירת צבי 400 גרם,גרמים,400.00,100 גרם,false,1,30.90,0.0772,true,1,3008
7290003229147,false,נקניק סלמי איטלקי 30,הנסיך- מפעל לייצור ט,IL,נקניק סלמי איטלקי טירת צבי 300 גרם,גרמים,300.00,100 גרם,false,1,31.90,0.1063,true,1,3009
7290003229154,false,נקניק סלמי קוניאק מו,הנסיך- מפעל לייצור ט,IL,נקניק סלמי קוניאק מובחר טירת צבי 300 גרם,גרמים,300.00,100 גרם,false,1,31.90,0.1063,true,1,3010
7290003229192,false,כתף בקר מעושן טירת צ,טיב טירת צבי 2000,IL,"טירת צבי, פסטרמה כתף בקר מעושנת  400 גרם",גרמים,400.00,100 גרם,false,1,34.90,0.0872,true,1,3011
7290003229222,false,סלמי תה 300גרם,הנסיך- מפעל לייצור ט,IL,סלמי תה 300גרם,גרמים,300.00,100 גרם,false,1,23.90,0.0797,true,1,74300
7290003260102,false,נייר טואלט משי,שניר תעשיות,,נייר טואלט משי קומפקט 12 יח,מטרים,70700.00,מטר,false,1,37.90,0.0005,true,1,49633
7290003268740,false,לחם אחיד 750 גרם,דגנית עין בר,,לחם אחיד 750 גרם,גרמים,750.00,100 גרם,false,1,5.12,0.0068,true,1,24605
7290003268764,false,חלה רגילה 500 גרם,מולינו ניקולי s.p.a,IL,חלה רגילה 500 גרם,גרמים,500.00,100 גרם,false,1,5.17,0.0103,true,1,24607
7290003268771,false,חלה קלועה מתוקה 500,דגנית עין בר,,חלה קלועה מתוקה 500 גרם,גרמים,500.00,100 גרם,false,1,11.90,0.0238,true,1,24608
7290003321155,false,דנונה בר דגנים פקאן,"שטראוס בריאות בע""מ",IL,דנונה בר פקאן,גרמים,175.00,100 גרם,false,1,4.80,0.0274,true,1,3115
7290003387205,false,דאודורנט ספיד סטיק י,הנסיך- מפעל לייצור ט,US,דאודורנט ספיד סטיק רגולר 56.6 גרם,גרמים,70.00,100 גרם,false,1,21.90,0.3129,true,1,3171
7290003387373,false,דאו.סטיק ספיד ספורט,הנסיך- מפעל לייצור ט,US,דאודורנט ספיד סטיק קלאסי 50 גרם,גרמים,70.00,100 גרם,false,1,21.90,0.3129,true,1,3173
7290003400500,false,שוקולד ריזס קרמל עם,הרשי,,שוקולד ריזס קרמל עם בוטנים 47 גרם,גרמים,47.00,100 גרם,false,1,4.90,0.1043,true,1,182617
7290003401376,false,קרם לחות לשיער אלוור,מיוצר עי אמיליה קוסמ,IL,קרם לחות קלאסי אלוורה,מיליליטרים,400.00,"100 מ""ל",false,1,21.70,0.0542,true,1,3187
7290003402809,false,שוקולד ריזס לבן 39 ג,,,שוקולד ריזס לבן 39 ג,גרמים,39.00,100 גרם,false,1,4.90,0.1256,true,1,213896
7290003411276,false,עמבה 500 גר,טרופיקל דגיל תעשיות,IL,הנמל עמבה 500 גרם,גרמים,500.00,100 גרם,false,1,10.90,0.0218,true,1,50880
7290003411313,false,מפת שולחן רב פעמית 1,שיווק: הנמל אריזות ו,IL,הנמל מפת שולחן אל בד 180X120 סמ,Unknown,0.00,Unknown,false,1,5.90,0.0000,true,1,18770
7290003411528,false,מלית קינמון,"פוליבה בע""מ",IL,פוליבה מלית קינמון 450 גרם,גרמים,450.00,100 גרם,false,1,13.90,0.0309,true,1,16388
7290003411689,false,ליפתניות חד פעמי  25,"איטיליאן פוד, אס.פי.",IL,הנמל ליפתניות  25 יחידות,יחידה,1.00,יחידה,false,1,4.90,4.9000,true,1,12987
7290003411696,false,מרקיות חד פעמי הנמל,,IL,הנמל מרקיות לבן 25 יחידות,יחידה,0.00,יחידה,false,1,10.90,0.0000,true,1,12988
7290003411726,false,קסמים מלחיה 300 יחיד,"איטיליאן פוד, אס.פי.",IL,קסמים מלחיה 300 יחידות,לא מנהל יחידת מידה,0.00,לא מנהל יחידת מידה,false,1,4.90,0.0000,true,1,16614
7290003414406,false,הרשי שבבי אפיה בוטני,,,הרשי שבבי אפיה בוטנים,גרמים,283.00,100 גרם,false,1,17.90,0.0633,true,1,192520
7290003423909,false,שוקולד הרשיז קוקיז א,הרשי,,שוקולד הרשיז קוקיז אנד קרים 43 גרם,גרמים,43.00,100 גרם,false,1,4.90,0.1140,true,1,197394
7290003427154,false,שמן זית זיתא כתית מע,סטאר סנקס,IL,"זיתא שמן זית כתית מעולה, טעם מעודן 750 מל",מיליליטרים,750.00,"100 מ""ל",false,1,34.90,0.0465,true,1,16224
7290003427208,false,שמן זית כנען כ.מעולה,סטאר סנקס,IL,זיתא כנען שמן זית כתית מעולה 750 מל,מיליליטרים,750.00,"100 מ""ל",false,1,45.90,0.0612,true,1,46206
7290003434657,false,אגוזי לוז חמוציות וא,הום מייד,IL,אגוזי לוז חמוציות ואורז מלא שוקולד מריר,גרמים,150.00,100 גרם,false,1,13.90,0.0927,true,1,233861
7290003434664,false,ביס בר דגנים מלאים ע,הום מייד,IL,ביס בר דגנים מלאים עם קינואה חמוציות שוק,גרמים,120.00,100 גרם,false,1,13.90,0.1158,true,1,233863
7290003438006,false,ממרח פסטו וצנובר אול,אוליביה גורמה (1996),IL,ממרח פסטו וצנובר אוליביה 180 גרם,גרמים,180.00,100 גרם,false,1,13.90,0.0772,true,1,3225
7290003438020,false,ממרח עגבניות מיובשות,אוליביה גורמה (1996),IL,ממרח עגבניות מיובשות אוליביה 190 גרם,גרמים,190.00,100 גרם,false,1,13.90,0.0732,true,1,3227
7290003438075,false,חרוסת אוליביה מצונן,מיוצר עי קונדיטוריית,IL,אוליביה חרוסת 210 גרם,גרמים,210.00,100 גרם,false,1,10.90,0.0519,true,1,195921
7290003438082,false,חזרת אוליביה 180 גרם,אוליביה גורמה (1996),IL,חזרת אוליביה 180 גרם,גרמים,180.00,100 גרם,false,1,12.90,0.0717,true,1,183189
7290003438709,false,ממרח זיתים שחורים או,אוליביה גורמה בעמ,IL,ממרח זיתים שחורים אוליביה190 גרם,גרמים,190.00,100 גרם,false,1,13.90,0.0732,true,1,3232
7290003444009,false,שוקולד ריזס חלב 42 ג,הרשי,,שוקולד ריזס חלב 42 גרם,גרמים,42.00,100 גרם,false,1,4.90,0.1167,true,1,197395
7290003450602,false,חרדל היינץ לחיץ 255,כלורוקס אוקלנד,US,היינץ חרדל לחיץ 255 גרם,גרמים,255.00,100 גרם,false,1,10.90,0.0427,true,1,3245
7290003457861,false,שלגון סולרו טרופי,שטראוס גלידות,,שלגון סולרו פירות טרופיים,גרמים,85.00,100 גרם,false,1,10.90,0.1282,true,1,3283
7290003457991,false,טילון קורנטו קלאסיקו,,IL,טילון קורנטו קלאסיקו משפחתי 6 יחידות,גרמים,418.00,100 גרם,false,1,34.90,0.0835,true,1,3286
7290003495023,false,מאפה שקדים חלבי אישי,"גידרון תעשיות בע""מ",,מאפה שקדים חלבי אישי,יחידה,1.00,יחידה,false,1,7.90,7.9000,true,1,80968
7290003514007,false,שקדי מרק מנה 400 גרם,מנה,IL,מנה שקדי מרק 400 גרם,גרמים,400.00,100 גרם,false,1,10.80,0.0270,true,1,87774
7290003521760,false,"אפטרסול ג""ל אלוורה 2",הדקלאים אגודת שיתופי,IL,"אפטרסול ג""ל אלוורה 200 מ""ל",מיליליטרים,200.00,"100 מ""ל",false,1,19.90,0.0995,true,1,13681
7290003524297,false,אספרגוס שלם לבן 330,צ'אמפהאוס טרידייג קו,CN,ויליגר אספרגוס לבן שלם קלוף 330 גרם,גרמים,330.00,100 גרם,false,1,10.80,0.0327,true,1,29749
7290003525478,false,סלט טונה ויליגר 160,"ויליגר, תעשיות בע""מ",IL,סלט טונה ויליגר 160 גרם,גרמים,160.00,100 גרם,false,1,4.90,0.0306,true,1,14119
7290003578078,false,לפתן קוקטייל טרופי,יוליניבר,CN,לפתן קוקטייל טרופי 820 גר,גרמים,820.00,100 גרם,false,1,10.90,0.0133,true,1,3403
7290003578153,false,טונה בשמן צמחי וילי,גולדן פרייז קאנינג א,TH,וילי פוד נתחי טונה בשמן צמחי 160 גרם,גרמים,160.00,100 גרם,false,1,5.90,0.0369,true,1,3404
7290003578177,false,תירס גמדי שלם,מגסטיק פוד אידסטרי ק,TH,תירס גמדי 410 גרם,גרמים,410.00,100 גרם,false,1,7.50,0.0183,true,1,3406
7290003578313,false,לפתן דודדבן ללא חרצן,דל מונטה היילס אס.אי,HU,דובדבנים חמוצים מגולענים בסירופ 680 ג,גרמים,680.00,100 גרם,false,1,10.90,0.0160,true,1,3410
7290003643004,false,אורז בסמטי קלאסי סוג,האי נאם סי או אל.טי.,IL,"אורז בסמטי קלאסי 1 ק""ג",קילוגרמים,1.00,"ק""ג",false,1,14.90,14.9000,true,1,3478
7290003643134,false,סוכר וניל סוגת 10*10,גוד פוד פרודקטס S.p,IL,סוכר וניל סוגת 10 גרם,גרמים,100.00,100 גרם,false,1,3.70,0.0370,true,1,41830
7290003643158,false,קורנפלור סוגת,המאפיה של הרמן,IL,סוגת קורנפלור 200 גרם,גרמים,200.00,100 גרם,false,1,4.50,0.0225,true,1,3479
7290003643172,false,אבקת סוכר סוגת 100 ג,TLV צ'יף,IL,אבקת סוכר 100 גרם,גרמים,100.00,100 גרם,false,1,2.50,0.0250,true,1,127669
7290003643387,false,סוכר לבן בצנצנת פלסט,האי נאם סי או אל.טי.,IL,"סוכר 1 ק""ג בצנצנת",קילוגרמים,1.00,"ק""ג",false,1,10.50,10.5000,true,1,3482
7290003643646,false,סוכר דמררה צנצנת סוג,האי נאם סי או אל.טי.,IL,"סוכר דמררה צנצנת סוגת 1 ק""ג",קילוגרמים,1.00,"ק""ג",false,1,12.90,12.9000,true,1,3483
7290003643684,false,אפונה סוגת 500 גרם,האי נאם סי או אל.טי.,IL,אפונה 500 גרם,גרמים,500.00,100 גרם,false,1,7.50,0.0150,true,1,36435
7290003643707,false,גריסים 500 גרם סוגת,סוגת,IL,גריסים 500 גרם סוגת,גרמים,500.00,100 גרם,false,1,5.90,0.0118,true,1,205680
7290003643714,false,חומוס סוגת 500 גרם,האי נאם סי או אל.טי.,IL,חומוס 500 גרם,גרמים,500.00,100 גרם,false,1,8.90,0.0178,true,1,41841
7290003643738,false,חיטה סוגת 500 גרם,האי נאם סי או אל.טי.,IL,חיטה 500 גרם,גרמים,500.00,100 גרם,false,1,5.90,0.0118,true,1,41842
7290003643745,false,כוסמת סוגת 500 גרם,האי נאם סי או אל.טי.,IL,כוסמת 500 גרם,גרמים,500.00,100 גרם,false,1,8.90,0.0178,true,1,72919
7290003643752,false,עדשים ירוקות סוגת 50,האי נאם סי או אל.טי.,IL,עדשים ירוקות 500 גר',גרמים,500.00,100 גרם,false,1,8.50,0.0170,true,1,42098
7290003643769,false,עדשים אדומות סוגת 50,"סוגת תעשיות בע""מ",IL,עדשים אדומות סוגת 500 גרם,גרמים,500.00,100 גרם,false,1,8.50,0.0170,true,1,21066
7290003643776,false,פופקורן סוגת 500 גרם,האי נאם סי או אל.טי.,IL,פופקורן 500 גרם,גרמים,500.00,100 גרם,false,1,6.50,0.0130,true,1,41840
7290003643783,false,קוקוס סוגת 100 גרם,האי נאם סי או אל.טי.,IL,קוקוס 100 גרם,גרמים,100.00,100 גרם,false,1,4.20,0.0420,true,1,30068
7290003643806,false,שעועית לבנה סוגת 500,האי נאם סי או אל.טי.,IL,שעועית לבנה 500 גרם,גרמים,500.00,100 גרם,false,1,12.90,0.0258,true,1,38757
7290003643813,false,שעועית אדומה סוגת 50,האי נאם סי או אל.טי.,IL,שעועית אדומה 500 גרם,גרמים,500.00,100 גרם,false,1,12.90,0.0258,true,1,41843
7290003681211,false,צנובר  מיה 80 גרם,מיה,IL,צנובר  מיה 80 גרם,גרמים,80.00,100 גרם,false,1,22.90,0.2862,true,1,240002
7290003681334,false,קוקוס מיה  400 גרם ב,מיה,IL,קוקוס מיה  400 גרם בדץ,גרמים,400.00,100 גרם,false,1,11.90,0.0298,true,1,239954
7290003681365,false,קישוט לעוגה צבעוני מ,מיה,IL,קישוט לעוגה צבעוני מיה 70גרם,גרמים,70.00,100 גרם,false,1,5.90,0.0843,true,1,239955
7290003681532,false,דובדבנים מסוכרים מיה,מיה,IL,דובדבנים מסוכרים מיה 80 גרם,גרמים,80.00,100 גרם,false,1,7.90,0.0988,true,1,240003
7290003681693,false,חומוס לבן ענק  מיה,מיה,IL,חומוס לבן ענק  מיה  500 גרם,גרמים,500.00,100 גרם,false,1,9.90,0.0198,true,1,239981
7290003681716,false,גריסי פנינה מיה 500,מיה,IL,גריסי פנינה מיה 500 גרם,גרמים,500.00,100 גרם,false,1,4.90,0.0098,true,1,239946
7290003713950,false,טרס פסוס סלסה מקסיקנ,,,טרס פסוס סלסה מקסיקנה 200גרם,גרמים,200.00,100 גרם,false,1,16.90,0.0845,true,1,233292
7290003726615,false,טופו ויילר 300 גרם,הדקלאים אגודת שיתופי,IL,טופו ויילר 300 גרם,גרמים,300.00,100 גרם,false,1,12.90,0.0430,true,1,209023
7290003726745,false,קציצות טופו סלק וייל,משק ויילר,IL,קציצות טופו סלק ויילר 400גרם,גרמים,400.00,100 גרם,false,1,25.90,0.0647,true,1,237015
7290003726769,false,קציצות טופו בטטה וגז,משק ויילר,IL,קציצות טופו בטטה וגזר  ויילר 400גרם,גרמים,400.00,100 גרם,false,1,25.90,0.0647,true,1,237017
7290003726776,false,טופו שניצל בטעם עוף,משק ויילר,IL,טופו שניצל בטעם עוף ויילר   420 גרם,גרמים,420.00,100 גרם,false,1,27.90,0.0664,true,1,239824
7290003726783,false,טופו שניצל בתוספת תי,משק ויילר,IL,טופו שניצל בתוספת תירס   420גרם,גרמים,420.00,100 גרם,false,1,27.90,0.0664,true,1,239825
7290003726790,false,טופו שניצל בטעם פיקנ,משק ויילר,IL,טופו שניצל בטעם פיקנטי  420 גרם,גרמים,420.00,100 גרם,false,1,27.90,0.0664,true,1,239826
7290003726806,false,טופו שניצל בתוספת בר,משק ויילר,IL,טופו שניצל בתוספת ברוקולי  420 גרם,גרמים,420.00,100 גרם,false,1,27.90,0.0664,true,1,239827
7290003726868,false,טופו חומוס בתוספת עג,משק וואיילר,IL,טופו חומוס בתוספת עגבניות מיובשות ויילר 300גרם,גרמים,300.00,100 גרם,false,1,13.90,0.0463,true,1,236969
7290003781652,false,צלפים במי מלח 350 גר,סוסיטס,TR,צלפים במי מלח 350 גרם,גרמים,350.00,100 גרם,false,1,9.90,0.0283,true,1,3589
7290003781850,false,גבינת קשקבל  יורו פר,,ES,גבינת קשקבל  יורו פרוסות 200גרם,גרמים,200.00,100 גרם,false,1,21.90,0.1095,true,1,235811
7290003804252,false,תיבולית קנור הודי,יוניליוור ישראל מזון,IL,קנור תיבוליות בסגנון הודי 72 גרם,גרמים,72.00,100 גרם,false,1,10.30,0.1431,true,1,3644
7290003804320,false,תיבולית קנור שום ופט,יוניליוור ישראל מזון,IL,קנור תיבוליות שום ופטרוזיליה 72 גרם,גרמים,72.00,100 גרם,false,1,10.30,0.1431,true,1,3645
7290003804368,false,תיבולית קנור בזיליקו,יוניליוור ישראל מזון,IL,קנור תיבוליות בזיליקום 72 גרם,גרמים,72.00,100 גרם,false,1,10.30,0.1431,true,1,3648
7290003804382,false,תיבולית קנור פטריות,יוניליוור ישראל מזון,IL,קנור תיבוליות בטעם פטריות 72 גרם,גרמים,72.00,100 גרם,false,1,10.30,0.1431,true,1,3650
7290003805501,false,פתית שוודי 300 גרם,יוניליוור ישראל מזון,IL,פתית שוודי קרקר דגנים פריך בסגנון שוודי,גרמים,300.00,100 גרם,false,1,18.20,0.0607,true,1,64077
7290003864478,false,סרדינים בשמן צמחי 11,גולדן פרייז קאנינג א,TH,סרדין בשמן צמחי 110גרם פתח-קל,גרמים,110.00,100 גרם,false,1,4.90,0.0445,true,1,3774
7290003864492,false,סרדין בשמן צמחי חריף,גולדן פרייז קאנינג א,TH,סרדין בשמן צמחי חריף 110גרם,גרמים,110.00,100 גרם,false,1,4.90,0.0445,true,1,3776
7290003882502,false,שמן תירס 1 ליטר וילי,יונקרו,TR,שמן תירס 1 ליטר ויליפוד,ליטרים,1.00,ליטר,false,1,12.90,12.9000,true,1,3799
7290003882922,false,עלי גפן ממולאים באור,הזה פלאקספו פוד קו ב,CN,ויליפוד עלי גפן ממולאים באורז 400 גרם,גרמים,400.00,100 גרם,false,1,9.90,0.0248,true,1,50739
7290003938049,false,נוזל הברקה למדיח הפי,אורומרקטינג,,"נוזל הברקה למדיח הפי 950 מ""ל",מיליליטרים,950.00,"100 מ""ל",false,1,18.70,0.0197,true,1,3885
7290003976027,false,מרכך כביסה 4 ליטר  פ,אקופרנד,IL,מרכך כביסה 4 ליטר  פריחת העמק אקופרנד,ליטרים,4.00,ליטר,false,1,34.90,8.7250,true,1,231390
7290003976058,false,מרכך כביסה חבצלות,אקופרנד,IL,מרכך כביסה חבצלות,ליטרים,1.00,ליטר,false,1,19.90,19.9000,true,1,231392
7290003976089,true,גל לכביסה אקופרנד 4,תות תעשיות מזון (201,IL,אקופרנד ג'ל כביסה אקולוגי 4 ליטר,ליטרים,4.00,ליטר,false,1,45.90,11.4750,true,1,211034
7290003976331,false,אקופרנד מחטא רב תכלי,אקופרנד,IL,אקופרנד מחטא רב תכליתי 750 מל,מיליליטרים,750.00,"100 מ""ל",false,1,15.90,0.0212,true,1,234881
7290003989096,false,סלט חציל פיקנטי אחלה,מיוצר עי קונדיטוריית,IL,חציל פיקנטי 500,גרמים,500.00,100 גרם,false,1,15.70,0.0314,true,1,3971
7290003989539,false,רביולי גבינה 400 EAT,מיוצר עי קונדיטוריית,IL,רביולי גבינה 400 EAT GOOD,גרמים,400.00,100 גרם,false,1,19.90,0.0497,true,1,3972
7290004011338,false,קצפת ריץ חלבי במיכל,האי נאם סי או אל.טי.,IT,קצפת ריץ חלבי במיכל 250 גרם,גרמים,250.00,100 גרם,false,1,14.90,0.0596,true,1,64629
7290004011345,false,קצפת ריץ פרווה במיכל,האי נאם סי או אל.טי.,IT,קצפת ריץ פרווה במיכל 250 גרם,גרמים,250.00,100 גרם,false,1,14.90,0.0596,true,1,78285
7290004011796,false,"קבבונים אל גאוצ""ו",קרלו,IL,אל גאוצו קבבונים  400 גרם,גרמים,400.00,100 גרם,false,1,23.90,0.0597,true,1,67475
7290004011819,false,המבורגר ריב אנטריקוט,האי נאם סי או אל.טי.,IL,אל גאוצו המבורגר ריב אנטריקוט 360 גרם,גרמים,360.00,100 גרם,false,1,23.90,0.0664,true,1,80957
7290004014407,false,סוכריות שוקולדM&M חמ,מרס נדרלנד,,סוכריות שוקולדM&M חמאת בוטנים 46 גרם,גרמים,46.00,100 גרם,false,1,5.80,0.1261,true,1,195460
7290004046002,false,עוגיות הקסטר,אקסטר,,עוגיות הקסטר,גרמים,250.00,100 גרם,false,1,24.90,0.0996,true,1,59945
7290004063016,false,מלח שולחן מעולה דק 1,האי נאם סי או אל.טי.,IL,מלח שולחן,קילוגרמים,1.00,"ק""ג",false,1,2.07,2.0700,true,1,4199
7290004063115,false,"מלח בישול 1 ק""ג פיקו",האי נאם סי או אל.טי.,IL,מלח מטבח,קילוגרמים,1.00,"ק""ג",false,1,2.07,2.0700,true,1,4200
7290004068035,false,משקה יוגורט איירן בל,"מיוצר ע""י קוד יצרן M",IL,"משקה יוגורט איירן בלקני 500 מ""ל גד",מיליליטרים,500.00,"100 מ""ל",false,1,8.90,0.0178,true,1,87946
7290004078270,false,פלמוליב לכלים לימון,יבואן ומשווק: ש. שסט,GR,פלמוליב נוזל לניקוי כלים בריח לימון 1 ליטר,ליטרים,1.00,ליטר,false,1,13.90,13.9000,true,1,4207
7290004078690,false,"ג""ל לניקוי אסלה אג""ק",קולגייט פלמוליב,FR,אג'קס נוזל לניקוי אסלות ג'ל עם אקונומיקה  750 מל,מיליליטרים,750.00,"100 מ""ל",false,1,15.90,0.0212,true,1,4210
7290004091217,false,לניקוי כלי כסף,המאפיה של הרמן,PT,"גודרדס, חומר לניקוי והברקת כלי כסף  144 מל",מיליליטרים,125.00,"100 מ""ל",false,1,17.90,0.1432,true,1,4222
7290004119133,false,יוגורט 7% בכד   1.5,מחלבת אלון תבור,IL,יוגורט 7% בכד1.5 ליטר,ליטרים,1.50,ליטר,false,1,17.80,11.8667,true,1,16044
7290004119225,false,יוגורט יופלה אננס 3%,תנובה בעמ,IL,יופלה יוגורט אננס 3% גביע 150 גרם,גרמים,150.00,100 גרם,false,1,4.90,0.0327,true,1,4229
7290004120108,false,יוגורט יופלה דיאט דו,תנובה בעמ,IL,יופלה דיאט יוגורט דובדבן %0 גביע 150גרם,גרמים,150.00,100 גרם,false,1,4.90,0.0327,true,1,4234
7290004120566,false,גבינה בולגרית פיראוס,תנובה,IL,פיראוס בולגרית 24% שומן 250 גרם,גרמים,250.00,100 גרם,false,1,23.90,0.0956,true,1,4238
7290004120573,false,גבינה בולגרית פיראוס,תנובה,IL,גבינה בולגרית מלוחה 16% שומן,גרמים,250.00,100 גרם,false,1,23.90,0.0956,true,1,4239
7290004120634,false,גבינה בולגרית פיראוס,תנובה,IL,פיראוס גבינה בולגרית 5% שומן,גרמים,250.00,100 גרם,false,1,23.90,0.0956,true,1,4240
7290004121488,false,יוגורט יופלה דיאט אפ,תנובה בעמ,IL,יופלה יוגורט עם אפרסק 0% שומן 150 גרם,גרמים,150.00,100 גרם,false,1,4.90,0.0327,true,1,4247
7290004121754,false,יוגורט יופלה 3% עוגת,תנובה בעמ,IL,יופלה יוגורט עוגת גבינה ותות %3 150 גרם,גרמים,150.00,100 גרם,false,1,4.90,0.0327,true,1,4251
7290004121839,false,פטה פיראוס      20%,תנובה,IL,פיראוס פטה כבשים 20% שומן,גרמים,250.00,100 גרם,false,1,27.90,0.1116,true,1,4252
7290004121853,false,גבינה בולגרית קוביות,תנובה,IL,פירוס בולגרית קוביות 5% 200 גרם,גרמים,200.00,100 גרם,false,1,21.90,0.1095,true,1,4253
7290004122119,false,השף הלבן פתיתי גבע פ,תנובה,IL,תנובה השף הלבן פתיתי גבע פרמזן 23% שומן,גרמים,100.00,100 גרם,false,1,12.90,0.1290,true,1,16046
7290004122195,false,גבינה קשה גוש חלב פר,תנובה,IL,גוש חלב פרוסות גבינה צהובה חצי קשה 28% שומן מהדרין,גרמים,200.00,100 גרם,false,1,14.50,0.0725,true,1,15601
7290004122270,false,גבינה עמק פרוס פתיחה,תנובה,IL,עמק קלאסית פרוסות גבינה חצי קשה 28% 200 גרם,גרמים,200.00,100 גרם,false,1,15.90,0.0795,true,1,4254
7290004122348,false,גבינה קשה עמק לייט 9,תנובה,IL,עמק גבינה צהובה חצי קשה 9% מופחתת שומן,גרמים,200.00,100 גרם,false,1,16.80,0.0840,true,1,4256
7290004122676,false,גבינה חמד לייט   5%,"תנובה,מחלבת טנא נוגה",IL,פיראוס לייט חמד גבינה כפרית מלוחה 5% שומן,גרמים,250.00,100 גרם,false,1,18.90,0.0756,true,1,38303
7290004122683,false,אצבעות גבינה עמק 172,פ.פ.ח. שאביט,IL,עמק חטיף אצבעות גבינה חצי קשה 28% שומן,גרמים,172.00,100 גרם,false,1,16.90,0.0983,true,1,43308
7290004124205,false,יוגורט יופלה דיאט תו,תנובה בעמ,IL,יופלה דיאט יוגורט תות %0 גביע 150 גרם,גרמים,150.00,100 גרם,false,1,4.90,0.0327,true,1,4268
7290004124847,false,קצפת צמחית 500 מל,סוי מג'יק,IL,"קצפת צמחית השף הלבן 500מ""ל",מיליליטרים,500.00,"100 מ""ל",false,1,16.70,0.0334,true,1,33292
7290004125370,false,שמנת 9%  תנובה 200 מ,תנובה,IL,תנובה שמנת חמוצה מופחתת שומן,מיליליטרים,200.00,"100 מ""ל",false,1,3.70,0.0185,true,1,4275
7290004125400,false,"שלי אשל פיקוח 200 מ""",פארייפאבה אגרואינדוס,IL,תנובה אשל לבן 4.5% שומן,מיליליטרים,200.00,"100 מ""ל",false,1,1.69,0.0084,true,1,4276
7290004125417,false,"שלי גיל פיקוח 200 מ""",פ.פ.ח. שאביט,IL,תנובה גיל לבן 3% 206 גרם,מיליליטרים,200.00,"100 מ""ל",false,1,1.51,0.0076,true,1,4277
7290004125455,false,שמנת 15% תנובה פיקוח,תנובה,IL,שמנת אורגינל 15% שומן 200 מל,מיליליטרים,200.00,"100 מ""ל",false,1,2.40,0.0120,true,1,4278
7290004125462,false,שמנת חמוצה      15%,תנובה,IL,תנובה אורגינל שמנת חמוצה 15% שומן 500 מל,גרמים,500.00,100 גרם,false,1,6.00,0.0120,true,1,13002
7290004125509,false,שמנת תנובה 15% חצי מ,תנובה,IL,תנובה שמנת 15% חצי מנה 100 מל,מיליליטרים,100.00,"100 מ""ל",false,1,1.70,0.0170,true,1,4279
7290004125578,false,משקה סויה מועשר בסיד,סוי מג'יק,IL,משקה סויה מועשר בסידן 1 ליטר,ליטרים,1.00,ליטר,false,1,11.50,11.5000,true,1,4280
7290004125585,false,משקה סויה על הבוקר ו,סוי מג'יק,IL,משקה סויה על הבוקר וניל 1 ליטר,ליטרים,1.00,ליטר,false,1,10.90,10.9000,true,1,4281
7290004125721,false,שמנת לבישול 15%  250,תנובה,IL,"השף הלבן שמנת לבישול ,שמנת עמידה לבישול 15% 250 מל",מיליליטרים,250.00,"100 מ""ל",false,1,8.30,0.0332,true,1,4283
7290004125738,false,שמנת להקצפה 32%  250,תנובה,IL,"שמנת להקצפה 32%  250 מ""ל",מיליליטרים,250.00,"100 מ""ל",false,1,6.90,0.0276,true,1,4284
7290004125776,false,גבינה קשה עמק 28% פר,כצט,IL,עמק פרוס 28% 400 גרם בקופסא,גרמים,400.00,100 גרם,false,1,29.90,0.0747,true,1,33293
7290004126674,false,גבינה צהובה טל העמק,כצט,IL,גבינה צהובה טל העמק 9% לייט 200 גרם,גרמים,200.00,100 גרם,false,1,18.90,0.0945,true,1,4288
7290004127077,false,קוטג 3% תנובה 250 גר,מחלבת אלון תבור,IL,קוטג 3% תנובה 250 גרם,גרמים,250.00,100 גרם,false,1,5.60,0.0224,true,1,4291
7290004127329,false,קוטג 5% תנובה 250 גר,מחלבת אלון תבור,IL,קוטג 5% תנובה 250 גרם,גרמים,250.00,100 גרם,false,1,5.70,0.0228,true,1,4296
7290004127336,false,קוטג 9% תנובה 250 גר,מחלבת אלון תבור,IL,קוטג 9% תנובה 250 גרם,גרמים,250.00,100 גרם,false,1,5.70,0.0228,true,1,4297
7290004127800,false,גבינה למריחה 5% פיקו,מחלבת אלון תבור,IL,גבינה למריחה 5% פיקוח 500 גרם,גרמים,500.00,100 גרם,false,1,9.96,0.0199,true,1,4306
7290004128364,false,גבינת קרם שמנת 5% זי,"תנובה, מחלבת תל יוסף",IL,קרם גבינת שמנת 5% עם זיתים ירוקים 200 גרם,גרמים,200.00,100 גרם,false,1,11.90,0.0595,true,1,4314
7290004128432,false,פתיתים מיוחדים לפיצה,תנובה,IL,פתיתים מיוחדים לפיצה על בסיס גבינה,גרמים,500.00,100 גרם,false,1,22.20,0.0444,true,1,48325
7290004129101,false,גבינת שמנת נפוליאון,מחלבת אלון תבור,IL,גבינת שמנת נפוליאון טבעי 225 גרם,גרמים,225.00,100 גרם,false,1,13.90,0.0618,true,1,4320
7290004129156,false,גבינת שמנת נפוליאון,מחלבת אלון תבור,IL,גבינת שמנת נפוליאון שום שמיר 225 גרם,גרמים,225.00,100 גרם,false,1,13.90,0.0618,true,1,4323
7290004129545,false,גבינה לבנה 3% תנובה,מחלבת אלון תבור,IL,גבינה לבנה 3% תנובה 250 גרם,גרמים,250.00,100 גרם,false,1,4.80,0.0192,true,1,4325
7290004129736,false,יוגורט יופלה לבן 1.5,תנובה,IL,יוגורט,גרמים,200.00,100 גרם,false,1,4.30,0.0215,true,1,20839
7290004129767,false,מאגדת יופלה לבן  3%,מחלבת אלון תבור,IL,מאגדת יופלה לבן 3% שמינייה,קילוגרמים,1.20,"ק""ג",false,1,18.90,15.7500,true,1,20840
7290004130794,false,משקה סויה מועשר מופח,סוי מג'יק,IL,משקה סויה מועשר מופחת מתיקות 1 ליטר,ליטרים,1.00,ליטר,false,1,11.50,11.5000,true,1,14143
7290004130916,false,יוגורט יופלה פירות י,תנובה בעמ,IL,יוגורט יופלה פירות יער שמנת 150 גרם,גרמים,150.00,100 גרם,false,1,4.90,0.0327,true,1,32850
7290004131074,false,חלב 3% קרטון מהדרין,תנובה,IL,חלב 3% קרטון מהדרין פיקוח 1 ליטר,ליטרים,1.00,ליטר,false,1,6.23,6.2300,true,1,4336
7290004131432,false,יוגורט יופלה 3% לבן,מחלבת אלון תבור,IL,יופלה לבן 3% גביע 200 גרם,גרמים,200.00,100 גרם,false,1,3.80,0.0190,true,1,20841
7290004131814,false,גבינה צפתית מעודנת 5,תנובה מחלבת טנא נוגה,IL,פיראוס צפתית 5% מעודנת 200 גרם,גרמים,200.00,100 גרם,false,1,15.30,0.0765,true,1,23583
7290004132552,false,משקה סויה דיאט 1 ליט,סוי מג'יק,IL,משקה סויה דיאט 1 ליטר,ליטרים,1.00,ליטר,false,1,10.90,10.9000,true,1,25059
7290004132712,false,אצבעות עמק 172 גרם,פ.פ.ח. שאביט,IL,עמק חטיף אצבעות גבינת מוצרלה 172 גרם 20%,גרמים,172.00,100 גרם,false,1,16.90,0.0983,true,1,22624
7290004133627,false,חלב 3% על הבוקר קרטו,פ.פ.ח. שאביט,IL,חלב 3% על הבוקר קרטון +פקק 1 ליטר,ליטרים,1.00,ליטר,false,1,8.30,8.3000,true,1,23563
7290004135225,false,מעדן דיאט שוקולד 150,מחלבת אלון תבור,IL,מעדן דיאט שוקולד 150 גרם,גרמים,150.00,100 גרם,false,1,4.20,0.0280,true,1,39815
7290004135614,false,גבינה בולגרית מעודנת,תנובה,IL,פיראוס גבינה בולגרית מעודנת 5% שומן,גרמים,250.00,100 גרם,false,1,22.70,0.0908,true,1,46808
7290004136154,false,משקה אייס קפה תנובה,מחלבת רחובות,IL,"משקה אייס קפה תנובה בקבוק 340 מ""ל",מיליליטרים,340.00,"100 מ""ל",false,1,6.90,0.0203,true,1,47377
7290004136222,false,מארז שוקו מופחת סוכר,פארייפאבה אגרואינדוס,IL,משקה חלב עם קקאו,ליטרים,1.50,ליטר,false,1,26.70,17.8000,true,1,47586
7290004136598,false,מארז הפסקת אוכל חלב,"תנובה, מחלבת טנא נוג",IL,מארז הפסקת אוכל חלב+דגנים,לא מנהל יחידת מידה,0.00,לא מנהל יחידת מידה,false,1,9.30,0.0000,true,1,45074
7290004136857,false,גלי בטעם פטל 125 גרם,סוי מג'יק,IL,גלי בטעם פטל 125 גרם,גרמים,125.00,100 גרם,false,1,2.30,0.0184,true,1,44292
7290004136871,false,מעדן גלי אפרסק חתיכו,סוי מג'יק,IL,מעדן גלי אפרסק חתיכות פרי           125,גרמים,125.00,100 גרם,false,1,2.70,0.0216,true,1,44294
7290004137021,false,שמנת לבישול 10% מופח,תנובה,IL,תנובה השף הלבן שמנת לבישול עם סיבים 10% שומן,מיליליטרים,250.00,"100 מ""ל",false,1,8.30,0.0332,true,1,48254
7290004137311,false,גבינה עמק 9% לייט 40,תנובה,IL,עמק גבינה צהובה חצי קשה 9% שומן,גרמים,400.00,100 גרם,false,1,30.50,0.0763,true,1,47588
7290004170479,false,באגט אותנטי  כפרי גי,גדרון,IL,באגט אותנטי  כפרי גידרון  חצי אפוי,לא מנהל יחידת מידה,0.00,לא מנהל יחידת מידה,false,1,9.90,0.0000,true,1,203158
7290004170837,false,לחם כפרי מחמצת אותנט,גדרון,,לחם כפרי מחמצת אותנטי,גרמים,600.00,100 גרם,false,1,19.90,0.0332,true,1,204689
7290004170844,false,לחם שיפון מחמצת אותנ,גדרון,,לחם שיפון מחמצת אותנטי,גרמים,600.00,100 גרם,false,1,19.90,0.0332,true,1,204690
7290004199166,false,כפפות לטקס 100 יח מי,הדקלאים אגודת שיתופי,TH,EASY TOUCH כפפות לטקס גודל: Small,יחידה,1.00,יחידה,false,1,34.90,34.9000,true,1,74084
7290004199173,false,כפפות לטקס איזי טאצ,הדקלאים אגודת שיתופי,TH,EASY TOUCH כפפות לטקס גודל: Medium,לא מנהל יחידת מידה,0.00,לא מנהל יחידת מידה,false,1,34.90,0.0000,true,1,60557
7290004199579,false,פלסטר SUNNY מעורב 10,הדקלאים אגודת שיתופי,CN,סאני פלסטר 100 פלסטרים בגדלים שונים סטריליים,גרמים,0.00,100 גרם,false,1,9.90,0.0000,true,1,90282
7290004200930,false,"זיקוק זוג 15 ס""מ בשק",F.T.I,,זיקוק זוג 15 סמ בשקית,יחידה,1.00,יחידה,false,1,6.80,6.8000,true,1,90058
7290004219819,false,מלבין קפה קומפלטה 20,פריזלנד פודס קיוויט,NL,קומפלטה מלבין קפה הולנדי 200 גרם,גרמים,200.00,100 גרם,false,1,11.90,0.0595,true,1,4442
7290004225285,false,דאנאבול דנית 100 ג,האי נאם סי או אל.טי.,DK,רכיבי חלב ושומן צמחי בסגנון דנאבלו 100 גרם,גרמים,100.00,100 גרם,false,1,12.40,0.1240,true,1,85999
7290004225872,false,"קרם קוקוס 400 מ""ל",האי נאם סי או אל.טי.,TH,"ויליגר קרם קוקוס 400 מ""ל",מיליליטרים,400.00,"100 מ""ל",false,1,6.50,0.0163,true,1,188187
7290004228415,false,פיצה עבה סיצליה שגב,האי נאם סי או אל.טי.,IT,פיצת שף סיציליאנית,גרמים,425.00,100 גרם,false,1,18.90,0.0445,true,1,210883
7290004230081,false,קציצות עוף ברוטב עגב,קרלו,IL,קציצות עוף ברוטב עגבניות שגב 800 גרם,גרמים,800.00,100 גרם,false,1,33.90,0.0424,true,1,86663
7290004230104,false,קציצות בקר שגב,טיבון וייל החזקות,IL,קציצות בקר שגב,גרמים,800.00,100 גרם,false,1,33.90,0.0424,true,1,208595
7290004230333,false,מקלות בורקס פילו תפו,האי נאם סי או אל.טי.,IL,"מקלות בורקס פילו תפו""א 600 גר          """,גרמים,600.00,100 גרם,false,1,19.90,0.0332,true,1,88064
7290004255428,false,נר נשמה מנורה בפחית,מנורה,IL,נר נשמה מנורה בפחית  24 שעות,יחידה,1.00,יחידה,false,1,2.50,2.5000,true,1,212074
7290004256371,false,גבינת ריץ פרוסה 400,כלורוקס אוקלנד,PL,גבינה צהובה פרוסה על בסיס חלב,גרמים,400.00,100 גרם,false,1,18.90,0.0472,true,1,208843
7290004256753,false,עלי סיגר מרוקאי  450,סטאר סנקס,IL,עלי סיגר מרוקאי,גרמים,450.00,100 גרם,false,1,13.90,0.0309,true,1,212578
7290004324605,false,גבינה מון בלאן רוקפו,האי נאם סי או אל.טי.,IL,גבינה מון בלאן רוקפור 120 גרם,גרמים,120.00,100 גרם,false,1,11.90,0.0992,true,1,36592
7290004343460,false,צבת אל חלד לעור סולי,,,צבת אל חלד לעור סולינגן,יחידה,1.00,יחידה,false,1,59.90,59.9000,true,1,61197
7290004344627,false,קשת פשוטה זוג טאצ,,,קשת פשוטה זוג טאצ,יחידה,1.00,יחידה,false,1,12.90,12.9000,true,1,235249
7290004494131,false,יין דלתון קברנה סובנ,"איי, בי, אינבוו",IL,דלתון קברנה סוביניון 2019 יין אדום יבש,מיליליטרים,750.00,"100 מ""ל",false,1,64.90,0.0865,true,1,51116
7290004494148,false,יין דלתון מרלו 750 מ,"איי, בי, אינבוו",IL,דלתון יין 15% אדום יבש מרלו 2014,מיליליטרים,750.00,"100 מ""ל",false,1,64.90,0.0865,true,1,51032
7290004494377,false,יין דלתון שיראז 750,"איי, בי, אינבוו",IL,יין דלתון אדום יבש שיראז 2020 13.5% 750 מל,מיליליטרים,750.00,"100 מ""ל",false,1,64.90,0.0865,true,1,51449
7290004494919,false,כנען אדום קברנה שירא,כצט,IL,כנען אדום קברנה שיראז דלתון 750מל,מיליליטרים,750.00,"100 מ""ל",false,1,49.90,0.0665,true,1,202136
7290004532710,false,תמר משובח מגהול,יושלם,,תמר משובח מגהול 200 גרם,גרמים,200.00,100 גרם,false,1,7.90,0.0395,true,1,201029
7290004554293,false,אסקימו ענבים,שטראוס,,אסקימו ענבים,לא מנהל יחידת מידה,0.00,לא מנהל יחידת מידה,false,1,2.90,0.0000,true,1,13196
7290004554330,false,שלגון אסקימו דובדבן,שטראוס גלידות,,שלגון אסקימו דובדבן,גרמים,84.00,100 גרם,false,1,3.90,0.0464,true,1,13197
7290004554781,false,שלגון אסקימו לימון,שטראוס גלידות,,שלגון אסקימו לימון,גרמים,84.00,100 גרם,false,1,2.90,0.0345,true,1,4749
7290004554798,false,שלגון מטרה,"מיוצר ע"" גלידת שטראו",IL,שטראוס מטרה שלגון בטעמי פטל ולימון 80 גרם,גרמים,90.00,100 גרם,false,1,6.90,0.0767,true,1,13198
7290004584306,false,גמדים תות בננה רביעי,מיוצר עי קונדיטוריית,IL,4 גמדים תות בננה,גרמים,400.00,100 גרם,false,1,11.90,0.0298,true,1,4760
7290004584351,false,גבינה במרקם שמנת סימ,"שטראוס בריאות בע""מ",IL,סימפוניה החמישית,גרמים,200.00,100 גרם,false,1,11.90,0.0595,true,1,4761
7290004584528,false,יוגורט דנונה ביו 1.7,מיוצר עי קונדיטוריית,IL,דנונה ביו  1.7% 200 גרם,גרמים,200.00,100 גרם,false,1,3.70,0.0185,true,1,4762
7290004585907,false,מעדן דני וניל 125 גר,מיוצר עי קונדיטוריית,IL,דני וניל,גרמים,125.00,100 גרם,false,1,2.90,0.0232,true,1,4767
7290004652173,false,חמאה עלמה 200ג,מלקפול,PL,חמאה עלמה 200ג,גרמים,200.00,100 גרם,false,1,7.90,0.0395,true,1,233960
7290004731564,false,מבשם ומרכך כביסה למי,סנו,IL,מבשם ומרכך כביסה למייבש BLUE BLOSSOM,יחידה,1.00,יחידה,false,1,18.90,18.9000,true,1,199855
7290004737443,false,קוקטייל פירות 820 גר,ג'יאנגסו יואהו פוד ק,CN,קוקטייל פירות 820 גרם,גרמים,820.00,100 גרם,false,1,9.90,0.0121,true,1,52567
7290004737719,false,אספרגוס שלם בצנצנת 3,יוליניבר,CN,אספרגוס שלם בצנצנת 330 גרם,גרמים,330.00,100 גרם,false,1,10.90,0.0330,true,1,4894
7290004737900,false,חלב מרוכז הולנדי ויל,יו.איי.בי מאריג'אמפו,LT,חלב מרוכז הולנדי ויליפוד 397 גרם,גרמים,397.00,100 גרם,false,1,10.90,0.0275,true,1,4896
7290004872021,false,קרחון רמזור,המאפיה של הרמן,IL,נסטלה קרחון רמזור בדצ 48*80גרם,Unknown,0.00,Unknown,false,1,2.90,0.0000,true,1,13208
7290004872069,false,קרחון לימון,המאפיה של הרמן,IL,שלגון קרח לימון,Unknown,0.00,Unknown,false,1,2.90,0.0000,true,1,12284
7290004872250,false,שלגון אבטיח קיץ,תות תעשיות מזון (201,IL,שלגון אבטיח קיץ,Unknown,0.00,Unknown,false,1,6.90,0.0000,true,1,12197
7290004872359,false,קרחון דובדבן,המאפיה של הרמן,IL,שלגון קרח דובדבן,Unknown,0.00,Unknown,false,1,2.90,0.0000,true,1,12198
7290004872731,false,טילון אקסטרים וניל,נגה גלידות,,טילון אקסטרים וניל,Unknown,0.00,Unknown,false,1,9.50,0.0000,true,1,13217
7290004952136,false,קמח כוסמין מלא אורגנ,טחנת קמח יפו,IL,קמח כוסמין מלא,קילוגרמים,1.00,"ק""ג",false,1,24.90,24.9000,true,1,83493
7290004952785,false,פריכיות כסמת דקות  .,פרח תעשיות,IL,"פריכיות דקות, מאורז חום מלא אורגני וכוסמת אורגנית",גרמים,100.00,100 גרם,false,1,13.90,0.1390,true,1,45899
7290005008481,false,"דאו ג""ל ספורט ספיד ס",הנסיך- מפעל לייצור ט,US,דאודורנט גל ספיד סטיק ספורט 85 גרם,מיליליטרים,85.00,"100 מ""ל",false,1,21.90,0.2576,true,1,5291
7290005041198,false,קבב ביתי,לאטי עזרא גלם ודגים,,"קבב ביתי 1 ק""ג",לא מנהל יחידת מידה,0.00,לא מנהל יחידת מידה,false,1,49.90,0.0000,true,1,89110
7290005041402,false,שיפודי פרגיות מעדני,יושלם,,שיפודי פרגיות מעדני הטלה  600 גר,גרמים,600.00,100 גרם,false,1,59.90,0.0998,true,1,90338
7290005174551,false,סלט חומוס יום יום 12,מיוצר עי קונדיטוריית,IL,חומוס יום-יום 125 גרם,גרמים,125.00,100 גרם,false,1,5.50,0.0440,true,1,5448
7290005174568,false,סלט חציל במיונז יום,מיוצר עי קונדיטוריית,IL,חציל במיונז 125 גרם,גרמים,125.00,100 גרם,false,1,5.50,0.0440,true,1,5449
7290005174575,false,סלט טחינה יום יום 12,מיוצר עי קונדיטוריית,IL,סלט טחינה יום יום 125 גרם,גרמים,125.00,100 גרם,false,1,4.90,0.0392,true,1,5450
7290005200786,false,תפוציפס טעם שמנת ובצ,"שטראוס פריטו ליי בע""",IL,תפו שמנת בצל 50 גר 48 יח - שמיטה,גרמים,50.00,100 גרם,false,1,3.90,0.0780,true,1,5486
7290005201882,false,קפה טורקי 200 גרם,הנסיך- מפעל לייצור ט,IL,קפה טורקי 200 גרם,גרמים,200.00,100 גרם,false,1,15.90,0.0795,true,1,5525
7290005287510,false,טונה סטארקיסט פלפל ח,כלורוקס אוקלנד,TH,ס.ק עם פלפל חריף 160 גרם,גרמים,160.00,100 גרם,false,1,8.90,0.0556,true,1,46267
7290005287527,false,טונה סטארקיסט שמן עם,כלורוקס אוקלנד,TH,ס.ק  בטעם לימון 160גרם,גרמים,160.00,100 גרם,false,1,8.90,0.0556,true,1,46268
7290005287534,false,טונה בשמן בעישון סטא,כלורוקס אוקלנד,TH,סטארקיסט טונה בשמן בטעם מעושן,גרמים,160.00,100 גרם,false,1,8.90,0.0556,true,1,46269
7290005296246,false,לפתיחת סתימות אקסטרא,יוליניבר,US,יעקבי פותח סתימות בצנרת ניקוז 946 מל,מיליליטרים,946.00,"100 מ""ל",false,1,23.90,0.0253,true,1,49089
7290005418709,false,פרו בוט.ק.לחות+הזנה,מיוצר עי אמיליה קוסמ,IL,"קרם לחות במרקם ג""ל לקיבוע          GO C",מיליליטרים,400.00,"100 מ""ל",false,1,22.90,0.0572,true,1,5884
7290005418716,false,לחות לבניית תלתלים,מיוצר עי אמיליה קוסמ,IL,נטורל לחות מעצבת לבניית תלתלים עגולים 400 מל,מיליליטרים,400.00,"100 מ""ל",false,1,22.90,0.0572,true,1,5885
7290005423055,false,מתז פורטה פלוס 1 ליט,"סנו מפעלי ברונוס בע""",IL,סנו פורטה פלוס נוזל מרוכז XL ניחוח לימון 1 ליטר,לא מנהל יחידת מידה,0.00,לא מנהל יחידת מידה,false,1,17.90,0.0000,true,1,207244
7290005423253,false,מרסס למייבש כביסה מק,"איי, בי, אינבוו",IL,"מרסס למייבש כביסה מקסימה כחול 750 מ""ל",מיליליטרים,750.00,"100 מ""ל",false,1,18.90,0.0252,true,1,5897
7290005423420,false,משמיד עש מבושם 2 יח,טרופיקל דגיל תעשיות,BG,"סנו משמיד עש מבושם, 2 יחידות",Unknown,0.00,Unknown,false,1,21.90,0.0000,true,1,5901
7290005423499,false,ספריי לניקוי משטחי נ,מיוצר עי קונדיטוריית,IL,נירוסטה - לניקוי והברקה של משטחי נירוסטה,מיליליטרים,500.00,"100 מ""ל",false,1,21.70,0.0434,true,1,5902
7290005423635,false,ריצפז דוחה תיקנים 2,מיוצר עי קונדיטוריית,IL,סנו ריצפז פלוס,ליטרים,2.00,ליטר,false,1,22.90,11.4500,true,1,5907
7290005423833,false,נוזל לרצפה פוליויקס,"סנו מפעלי ברונוס בע""",IL,סנו פוליויקס מנקה מבריק פרקט 2 ליטר,ליטרים,2.00,ליטר,false,1,22.90,11.4500,true,1,5910
7290005424113,false,מטלית רצפה,עופרטקס,,"מטלית רצפה סנו סושי 4 יח               """,Unknown,0.00,Unknown,false,1,13.10,0.0000,true,1,5913
7290005424311,false,משמיד חרקים סנו Kרב,מיוצר עי קונדיטוריית,IL,משמיד חרקים סנו Kרב קוטל500 מל,מיליליטרים,500.00,"100 מ""ל",false,1,23.90,0.0478,true,1,5916
7290005424403,false,אלסבון כיף אצות ים,טרופיקל דגיל תעשיות,IL,כיף אל סבון קטיפתי מועשר בלחות 1 ליטר,ליטרים,1.00,ליטר,false,1,15.90,15.9000,true,1,5917
7290005424755,false,ריצפז פלוס מטליות לח,טרופיקל דגיל תעשיות,IL,סנו ריצפז פלוס דוחה תיקנים ניחוח לימון,לא מנהל יחידת מידה,0.00,לא מנהל יחידת מידה,false,1,16.90,0.0000,true,1,204205
7290005424762,false,ריצפז דוחה חרקים+וקס,"איי, בי, אינבוו",IL,סנו ריצפז פלוס ווקס 2 ליטר,ליטרים,2.00,ליטר,false,1,31.60,15.8000,true,1,22507
7290005424847,false,מפיות נייר סנו סושי,מיוצר עי קונדיטוריית,TR,"סנו סושי מפיות אירוח חד שכבתיות, 150 יחידות",Unknown,0.00,Unknown,false,1,9.90,0.0000,true,1,5925
7290005425196,false,אבקת כביסה מקסימה סנ,מיוצר עי קונדיטוריית,IL,אבקת כביסה מרוכזת SENSITIVE,קילוגרמים,2.50,"ק""ג",false,1,28.90,11.5600,true,1,5931
7290005426568,false,קרמה לחות לשיער רגיל,טרופיקל דגיל תעשיות,IL,קרמה לחות לשיער רגיל,מיליליטרים,400.00,"100 מ""ל",false,1,20.70,0.0517,true,1,5948
7290005427107,false,מגבת נייר סנו סושי 6,מיוצר עי קונדיטוריית,IL,"סנו סושי 6 מגבות הפלא, 700 גרם",מטרים,6350.00,מטר,false,1,12.90,0.0020,true,1,16841
7290005427787,false,קרם לחות קרמה לשיער,טרופיקל דגיל תעשיות,IL,לחות לשיער מתולתל קרמה,מיליליטרים,400.00,"100 מ""ל",false,1,20.70,0.0517,true,1,15312
7290005428845,false,סנו סופט מפיות 100 י,,,סנו סופט מפיות 100 יח צבעוני,מיליליטרים,750.00,"100 מ""ל",false,1,9.90,0.0132,true,1,194358
7290005431883,false,מלבי חלבי 165 גרם,לחמנו,IL,עדן מלבי 165 גרם,גרמים,165.00,100 גרם,false,1,6.90,0.0418,true,1,211009
7290005431890,false,בוואריה 95 גרם,לחמנו,IL,עדן בוואריה  95 גרם,גרמים,95.00,100 גרם,false,1,6.90,0.0726,true,1,211013
7290005431906,false,קדאיף 82 גרם,לחמנו,IL,עדן קדאיף  82 גרם,גרמים,82.00,100 גרם,false,1,6.90,0.0841,true,1,211012
7290005431920,false,עוגת גבינה פירורים ל,לחמנו,IL,עדן עוגת גבינה פירורים לייט 78 גרם,גרמים,78.00,100 גרם,false,1,6.90,0.0885,true,1,211011
7290005431937,false,טירמיסו 82 גרם,לחמנו,IL,עדן טירמיסו 82 גרם,גרמים,82.00,100 גרם,false,1,6.90,0.0841,true,1,211008
7290005477669,false,דרמפון ס.נוזלי+לחות,קוסמופארם בע''מ,IL,דרמפון-ס.נוזלי מועשר לחות,ליטרים,1.00,ליטר,false,1,19.70,19.7000,true,1,5996
7290005559587,false,מאפה נקניקיה 800 גרם,"מעדנות בע""מ",IL,מאפה נקניקיה 800 גרם,גרמים,800.00,100 גרם,false,1,33.60,0.0420,true,1,6137
7290005559709,false,בורקס פיצה,"מעדנות בע""מ",IL,בורקס פיצה מעדנות 700 גרם,גרמים,700.00,100 גרם,false,1,25.90,0.0370,true,1,6142
7290005559907,false,פיצה משפחתית גבינה מ,מיוצר עי קונדיטוריית,IL,פיצה משפחתית גבינה מעדנות 500גרם,גרמים,500.00,100 גרם,false,1,25.90,0.0518,true,1,6145
7290005559914,false,פיצה משפחתית זיתים,"מעדנות בע""מ",IL,פיצה משפחתית זיתים 550 גרם,גרמים,550.00,100 גרם,false,1,25.90,0.0471,true,1,6146
7290005559990,false,בצק פילאס תורכי 600,"מעדנות בע""מ",IL,בצק פילאס תורכי 600 גרם,גרמים,600.00,100 גרם,false,1,22.90,0.0382,true,1,6150
7290005591761,false,דבש פרחי בר בקבוק לח,תות תעשיות מזון (201,IL,דבש טהור לחיץ 400 גרם,גרמים,400.00,100 גרם,false,1,24.90,0.0622,true,1,6164
7290005610509,false,צנונית בייבי ארוז,חקלאי,IL,צנונית בייבי ארוז,לא מנהל יחידת מידה,0.00,לא מנהל יחידת מידה,false,1,6.90,0.0000,true,1,202056
7290005651427,false,בונזו מולטיפק 3*400,FIDELE SAS,FR,בונזו מולטיפק 3*400 גר,גרמים,400.00,100 גרם,false,1,17.90,0.0447,true,1,6204
7290005686436,false,תפוח עץ מיובש 200 גר,"דין שיווק וקליה בע""מ",,תפוח עץ מיובש 200 גרם,גרמים,200.00,100 גרם,false,1,11.90,0.0595,false,1,235567
7290005803628,false,קרחון מלון - צבע מאכ,המאפיה של הרמן,IL,נסטלה קרחון מלון בדצ 48*80גרם,Unknown,0.00,Unknown,false,1,2.90,0.0000,true,1,12287
7290005838002,false,מעדן דניאלה גבינה ונ,"שטראוס בריאות בע""מ",IL,דניאלה וניל,גרמים,88.00,100 גרם,false,1,4.40,0.0500,true,1,6451
7290005839078,false,מארז דנונה ביו 1.200,מיוצר עי קונדיטוריית,IL,מארז 8 חסכון - ביו 3% 150 גרם,קילוגרמים,1.20,"ק""ג",false,1,17.60,14.6667,true,1,6459
7290005839108,false,גבינה במרקם שמנת סימ,"שטראוס בריאות בע""מ",IL,סימפוניה 5% עם זתים,גרמים,200.00,100 גרם,false,1,11.90,0.0595,true,1,6461
7290005839313,false,מילקי טופ מגולגלת 14,מיוצר עי קונדיטוריית,IL,מילקי טופ מגולגלת,גרמים,140.00,100 גרם,false,1,4.90,0.0350,true,1,6463
7290005854040,false,שלגון אסקימו משמש,יושלם,,שלגון אסקימו משמש,לא מנהל יחידת מידה,0.00,לא מנהל יחידת מידה,false,1,3.00,0.0000,true,1,56139
7290005854606,false,שלגון אסקימו אננס,יושלם,,שלגון אסקימו אננס,לא מנהל יחידת מידה,0.00,לא מנהל יחידת מידה,false,1,2.90,0.0000,true,1,13706
7290005854613,false,תותי פרוטי,יושלם,,תותי פרוטי,לא מנהל יחידת מידה,0.00,לא מנהל יחידת מידה,false,1,2.90,0.0000,true,1,12202
7290005938238,false,"צ""ימצ""ורי 220 גרם",כלורוקס אוקלנד,IL,פרסקו צ'ימיצ'ורי ממרח בסגנון ארגנטינאי 220 גרם,גרמים,220.00,100 גרם,false,1,17.50,0.0795,true,1,25259
7290005938245,false,פסטו קלאסי 220 גרם,כלורוקס אוקלנד,IL,פרסקו פסטו קלאסי ממרח בזיליקום וצנובר 220 גרם,גרמים,220.00,100 גרם,false,1,19.90,0.0905,true,1,25162
7290005938627,false,פרסקו ממרח עגבניות,כלורוקס אוקלנד,IL,פרסקו ממרח עגבניות מיובשות 220 גרם,גרמים,220.00,100 גרם,false,1,19.90,0.0905,true,1,68310
7290005966088,false,יין הר חרמון אדום 75,"כד בני דרום בע""מ",IL,הר חרמון אדום 2020 יבש,מיליליטרים,750.00,"100 מ""ל",false,1,33.90,0.0452,true,1,6561
7290005966392,false,יין גולן קברנה סובינ,יקב רמת הגולן,,"יין גולן קברנה סוביניון 750 מ""ל",מיליליטרים,750.00,"100 מ""ל",false,1,39.90,0.0532,true,1,6576
7290005992735,false,גבינת לאבנה 5% 250 ג,הנסיך- מפעל לייצור ט,IL,גבינת לאבנה 5% 250 גרם גד,גרמים,250.00,100 גרם,false,1,12.90,0.0516,true,1,6629
7290006241504,false,פריגת תפוזים קפוא 34,גת,IL,"פריגת תפוזים קפוא 340 מ""ל",מיליליטרים,340.00,"100 מ""ל",false,1,14.90,0.0438,true,1,6920
7290006241689,false,פריגת לימון קפוא,היינץ צפון אמריקה מק,IL,פריגת לימון קפוא 340 גרם,מיליליטרים,340.00,"100 מ""ל",false,1,14.90,0.0438,true,1,6929
7290006251107,false,"תה מסאלה צ""אי 25 שקי",מולינו ניקולי s.p.a,IL,מסאלה צ'אי,גרמים,50.00,100 גרם,false,1,19.90,0.3980,true,1,6942
7290006251275,false,תה ירוק סיני קלאסי 2,HIQ FOOD PRODUCTS,IL,תה ירוק סיני T.T,גרמים,37.00,100 גרם,false,1,25.90,0.7000,true,1,6944
7290006251374,false,תה ירוק לימונית וגינ,HIQ FOOD PRODUCTS,IL,תה ירוק לימונית וג'ינג'ר T.T,גרמים,37.00,100 גרם,false,1,25.90,0.7000,true,1,14199
7290006272072,false,חטיפי פיצה מעדנות 65,"מעדנות בע""מ",IL,חטיפי פיצה מעדנות 650 גרם,גרמים,650.00,100 גרם,false,1,34.90,0.0537,true,1,204323
7290006272430,false,בצק עלים חמאה 600 גר,"מעדנות בע""מ",IL,בצק עלים חמאה 600 גרם,גרמים,600.00,100 גרם,false,1,27.90,0.0465,true,1,46062
7290006281210,false,טוסט בייגל,עינת תעשיות,,טוסט בייגל,גרמים,200.00,100 גרם,false,1,17.90,0.0895,true,1,46882
7290006342065,false,בוטנים קלויים 200גרם,,,בוטנים קלויים 200גרם,גרמים,200.00,100 גרם,false,1,7.90,0.0395,true,1,235546
7290006342072,false,גרעין שחור קלוי 150ג,דין שיווק,IL,גרעין לבן 200גרם,גרמים,200.00,100 גרם,false,1,10.90,0.0545,true,1,235552
7290006342447,false,גרעין אבטיח,,,גרעין אבטיח 200גרם,גרמים,200.00,100 גרם,false,1,15.90,0.0795,true,1,235547
7290006342515,false,"מנצ""ס  200 גרם",יושלם,,"מנצ""ס  200 גרם",גרמים,200.00,100 גרם,false,1,7.90,0.0395,true,1,235548
7290006342553,false,קבוקים200 גר,יושלם,,קבוקים200 גר,גרמים,200.00,100 גרם,false,1,5.90,0.0295,true,1,235549
7290006342560,false,בוטן אמריקאי 200גרם,דין שיווק,IL,בוטן אמריקאי 200גרם,גרמים,200.00,100 גרם,false,1,5.90,0.0295,true,1,235527
7290006374738,false,קונפיטורה תות 340 גר,אף.סי תבליני בגליל ב,IL,קונפיטורת תות  340 גרם,גרמים,340.00,100 גרם,false,1,14.90,0.0438,true,1,15269
7290006390806,false,חצי גאבטה לבן,גדרון,IL,חצי גאבטה לבן,גרמים,150.00,100 גרם,false,1,3.90,0.0260,true,1,14570
7290006390813,false,גאבטה 150 גר,גדרון,IL,גאבטה 150 גר,גרמים,150.00,100 גרם,false,1,4.90,0.0327,true,1,14981
7290006390837,false,בייגל אמריקאי,"גידרון תעשיות בע""מ",,בייגל אמריקאי,לא מנהל יחידת מידה,0.00,לא מנהל יחידת מידה,false,1,4.90,0.0000,true,1,14983
7290006449559,false,חסה רומית נספק,חקלאי,IL,חסה רומית נספק,לא מנהל יחידת מידה,0.00,לא מנהל יחידת מידה,false,1,8.90,0.0000,true,1,215136
7290006451170,false,שנייק פיצה מחיר לקג-,"גידרון תעשיות בע""מ",IL,שנייק פיצה מחיר לקג-גידרון,קילוגרמים,1.00,"ק""ג",true,,39.90,39.9000,true,1,235593
7290006492432,false,גבינה מוצרלה בייבי,מחלבות גד בעמ,IL,גבינה מוצרלה בייבי 150 גרם,גרמים,150.00,100 גרם,false,1,15.90,0.1060,true,1,7127
7290006492852,false,גבינה לבנה עיזים 5%,מחלבות גד,IL,גבינה לבנה עיזים 5% 250 גרם גד,גרמים,250.00,100 גרם,false,1,18.90,0.0756,true,1,34999
7290006498052,false,יוגורט  3% מהדרין,שטראוס גרופ,,יוגורט 150 3% גרם מהדרין,גרמים,150.00,100 גרם,false,1,3.10,0.0207,true,1,7145
7290006511157,false,פטריות שמפניון שלמות,אוקצ'מפס אס.איי אויי,PL,ויליפוד פטריות שמפניון שלמות 400 גרם,גרמים,400.00,100 גרם,false,1,8.50,0.0213,true,1,16511
7290006511683,false,פולי סויה מאנצו בתרמ,זאיזנג קינגשיר פודס,CN,פולי סויה מאנצו בתרמילים 454 גרם,גרמים,454.00,100 גרם,false,1,8.90,0.0196,true,1,7167
7290006582539,false,חמוציות 250גרם,דין שיווק,IL,חמוציות 250גרם,גרמים,250.00,100 גרם,false,1,10.90,0.0436,true,1,235531
7290006618078,false,אסטוניש לניקוי כללי,פרח,,יעקבי אסטוניש ספריי ניקוי למטבח 750 מל,מיליליטרים,750.00,"100 מ""ל",false,1,15.90,0.0212,true,1,18085
7290006618085,false,אסטוניש לניקוי אמבטי,פרח,,יעקבי אסטוניש ספריי ניקוי לחדר האמבטיה 750 מל,מיליליטרים,750.00,"100 מ""ל",false,1,15.90,0.0212,true,1,18086
7290006653819,false,קוסקוס דק בשקית 350,"מיוצר ע""י קוד יצרן K",IL,אסם קוסקוס דק 12*350גרם,גרמים,350.00,100 גרם,false,1,7.90,0.0226,true,1,16064
7290006660602,false,מי קוקוס אורגני גרין,תות תעשיות מזון (201,PH,מי קוקוס אורגני גרין קוקו 1 ליטר,ליטרים,1.00,ליטר,false,1,19.90,19.9000,true,1,206198
7290006664051,false,אקטימל14  יח,מיוצר עי קונדיטוריית,IL,אקטימל לבן 14,ליטרים,1.40,ליטר,false,1,32.60,23.2857,true,1,20420
7290006664402,false,גבינה סקי        5%,מיוצר עי קונדיטוריית,IL,סקי% 5 750 גרם,גרמים,750.00,100 גרם,false,1,14.94,0.0199,true,1,7400
7290006664655,false,משקה יוגורט אקטימל מ,מיוצר עי קונדיטוריית,IL,אקטימל לבן שמינייה,מיליליטרים,864.00,"100 מ""ל",false,1,20.90,0.0242,true,1,20423
7290006664990,false,מארז דנונה ביו 1.7%,מיוצר עי קונדיטוריית,IL,מארז דנונה ביו 1.7% שמינייה,קילוגרמים,1.20,"ק""ג",false,1,17.60,14.6667,true,1,21677
7290006681065,false,שלגון טעמקור  XL,שטראוס גלידות,,שלגון טעמקור  XL,גרמים,75.00,100 גרם,false,1,9.90,0.1320,true,1,15275
7290006681089,false,מאגדת לייט מיני סנדו,,IL,"שטראוס מאגדת לייט מיני סנדויץ' 620 מ""ל",גרמים,320.00,100 גרם,false,1,31.60,0.0988,true,1,14204
7290006681553,false,קרמבו וניל מארז 8 יח,"גלידת שטראוס בע""מ",IL,"שטראוס קרמבו 80 מ""ל",גרמים,200.00,100 גרם,false,1,15.90,0.0795,true,1,20687
7290006681560,false,קרמבו מוקה מארז 8 יח,"גלידת שטראוס בע""מ",IL,"שטראוס קרמבו 80 מ""ל",גרמים,200.00,100 גרם,false,1,15.90,0.0795,true,1,20688
7290006681577,false,קרחוני אסקימו לימון,"מיוצר ע""י גלידת שטרא",IL,קרחוני אסקימו לימון דובדבן  מארז  2+8,גרמים,700.00,100 גרם,false,1,24.90,0.0356,true,1,14474
7290006703323,false,שוקיים עוף קפוא,מעדני הטלה,,שוקיים עוף קפוא,קילוגרמים,1.00,"ק""ג",true,,34.90,34.9000,true,1,80711
7290006703576,false,כבד עוף קפוא,מעדני הטלה והעגל,,כבד עוף קפוא500  גר,גרמים,500.00,100 גרם,false,1,11.90,0.0238,true,1,86654
7290006714381,false,טחון עוף 500 גר,מעדני הטלה והעגל,,"טחון עוף 500 גר                        """,גרמים,500.00,100 גרם,false,1,14.90,0.0298,true,1,59548
7290006738615,false,קבב זהב זוגלובק  400,זוגלובק,IL,זוגלובק קבב זהב 400 גרם,גרמים,400.00,100 גרם,false,1,21.90,0.0547,true,1,47692
7290006739414,false,סלמי קוניאק,כצט,IL,זוגלובק סלמי קוניאק 300 גרם א.מ.,גרמים,300.00,100 גרם,false,1,26.90,0.0897,true,1,50770
7290006739421,false,סלמי מעושן איטלקי 30,כצט,IL,זוגלובק סלמי מעושן איטלקי 300 גרם א.מ.,גרמים,300.00,100 גרם,false,1,28.90,0.0963,true,1,51162
7290006739445,false,שניצל תירס קלאסי 750,כצט,IL,זוגלובק שניצל תירס קלאסי 750 גר בדצ - ללא מגשית,גרמים,750.00,100 גרם,false,1,28.90,0.0385,true,1,55139
7290006739544,false,כתף בקר 300 גרם זוגל,כצט,IL,זוגלובק כתף בקר 300 גרם א.מ.,גרמים,300.00,100 גרם,false,1,31.90,0.1063,true,1,59788
7290006742278,false,פסטרמה הודו צלויה על,כצט,IL,זוגלובק פסטרמה הודו בטעם צלייה על לבנים 330 גר,גרמים,330.00,100 גרם,false,1,30.90,0.0936,true,1,59792
7290006742292,false,פסטרמה הודו בדבש טהו,כצט,IL,זוגלובק פסטרמה הודו בדבש טהור 330 גר,גרמים,330.00,100 גרם,false,1,30.90,0.0936,true,1,59794
7290006742315,false,חזה הודו ברביקיו 330,זוגלובק,IL,זוגלובק פסטרמה הודו ברביקיו 330 גר,גרמים,330.00,100 גרם,false,1,29.90,0.0906,true,1,59796
7290006764478,false,בירה שחורה מאלט בקבו,"איי, בי, אינבוו",IL,"בירה נשר מאלט, בקבוק זכוכית 330 מל",Unknown,0.00,Unknown,false,1,4.90,0.0000,true,1,15961
7290006765895,false,בוטן קליפה קלוי 200,דין שיווק,IL,בוטן קליפה קלוי 200,גרמים,200.00,100 גרם,false,1,6.90,0.0345,true,1,235568
7290006775016,false,עוגת תפוז 450גרם,אחדות ביחר לטחינה חל,IL,אחוה עוגה בטעם תפוז 450 גרם,גרמים,450.00,100 גרם,false,1,10.90,0.0242,true,1,152112
7290006775023,false,עוגה אנגלית 450גרם,אחדות בעמ,IL,אחוה עוגה אנגלית 450 גרם,גרמים,450.00,100 גרם,false,1,10.90,0.0242,true,1,152113
7290006775047,false,עוגת שוקולד 450גרם,"אחדות ביח""ר לטחינה",IL,אחווה עוגה בטעם שוקולד 450 גרם,גרמים,450.00,100 גרם,false,1,10.90,0.0242,true,1,64109
7290006775764,false,עוגת שוקולד ציפס,אחדות ביחר לטחינה חל,IL,עוגת שוקולד ציפס ללא סוכר          400,גרמים,400.00,100 גרם,false,1,13.90,0.0348,true,1,57834
7290006784025,false,עלמה ספוג הפלא להסרת,קומפלקס כימיקלים,IL,עלמה ספוג הפלא להסרת כתמים קשים,יחידה,1.00,יחידה,false,1,6.90,6.9000,true,1,239191
7290006784032,false,עלמה כרית יפנית  ללא,קומפלקס כימיקלים,IL,עלמה כרית יפנית  ללא שריטות 6 יחידות,יחידה,6.00,יחידה,false,1,7.90,1.3167,true,1,239192
7290006784070,false,עלמה כריות קרצוף 2+1,קומפלקס כימיקלים,IL,עלמה כריות קרצוף 2+1  יחידות,יחידה,3.00,יחידה,false,1,8.90,2.9667,true,1,239194
7290006784230,false,עלמה כפפות ניטריל שח,קומפלקס כימיקלים,CN,עלמה כפפות ניטריל שחור ללא אבקה S,יחידה,1.00,יחידה,false,1,21.90,21.9000,true,1,239197
7290006784360,false,חלונית נוזל רב תכלתי,קומפלקס כימיקלים,IL,חלונית נוזל רב תכלתי 1 ליטר,ליטרים,1.00,ליטר,false,1,6.90,6.9000,true,1,199503
7290006784438,false,מרכך כביסה פיור מרוכ,טרסאן,TR,מרכך כביסה פיור מרוכז לבן 1 ליטר,ליטרים,1.00,ליטר,false,1,11.90,11.9000,true,1,239202
7290006784506,false,מסיר כתמים אוקסי פאו,קומפלקס כימיקלים,IL,מסיר כתמים אוקסי פאוור 750 מל,מיליליטרים,750.00,"100 מ""ל",false,1,11.90,0.0159,true,1,239205
7290006784865,false,מטבחים ספריי לניקוי,קומפלקס כימיקלים,IL,מטבחים ספריי לניקוי של כל משטחי המטבח 1,ליטרים,1.00,ליטר,false,1,12.90,12.9000,true,1,239214
7290006785657,false,בלונים 20 פסטל רחבה,גמר,,בלונים 20 פסטל רחבה,יחידה,1.00,יחידה,false,1,6.90,6.9000,true,1,235835
7290006785657,false,שקית 20 בלונים,גמר,,בלונים 20 פסטל רחבה,יחידה,1.00,יחידה,false,1,7.50,7.5000,true,1,68185
7290006788016,false,שמפו 10 לשיער יבש,מיוצר עי : אמיליה קו,IL,קרליין  10 שמפו לשיער יבש  700 מל,מיליליטרים,700.00,"100 מ""ל",false,1,12.90,0.0184,true,1,7497
7290006788030,false,שמפו 10 לשיער מתולתל,מיוצר עי : אמיליה קו,IL,קרליין  10 שמפו  לשיער מתולתל 700 מל,מיליליטרים,700.00,"100 מ""ל",false,1,12.90,0.0184,true,1,7499
7290006788078,false,מרכך 10 לשיער יבש,מיוצר עי : אמיליה קו,IL,קרליין 10 - מרכך  לשיער יבש 700 מל,מיליליטרים,700.00,"100 מ""ל",false,1,12.90,0.0184,true,1,7503
7290006788436,false,דאו.רול און ורוד מס5,משווק: קוסמופארם בעמ,IL,קרליין דיאודורנט נושם+ רול און וורוד PURE 75 מל,גרמים,119.00,100 גרם,false,1,13.90,0.1168,true,1,16817
7290006788467,false,דאו.תרסיס ירוק מס .2,מיוצר עי : אמיליה קו,IL,דיאודורנט נושם+ ספריי  בורדו  ACTIVE200 מל,מיליליטרים,200.00,"100 מ""ל",false,1,13.90,0.0695,true,1,16820
7290006789655,false,קרליין 10 ק.לחות,מיוצר עי : אמיליה קו,IL,"קרליין 10 - קרם לחות לבניית תלתלים 400 מ""ל",מיליליטרים,400.00,"100 מ""ל",false,1,17.70,0.0442,true,1,14451
7290006805355,false,תערובת כדורי שוקולד,הדקלאים אגודת שיתופי,IL,תערובת לכדורי שוקולד 500 גרם,גרמים,500.00,100 גרם,false,1,17.90,0.0358,true,1,17895
7290006805850,false,תערובת להכנת פנקייקס,הדקלאים אגודת שיתופי,IL,תערובת קלת הכנה לפנקייק ביתי וטעים 450 גרם,גרמים,500.00,100 גרם,false,1,17.90,0.0358,true,1,23239
7290006866363,false,מיץ אשכוליות אדומות,השחר,IL,מיץ אשכולית אדומות סחוט טבעי 1 ליטר,ליטרים,1.00,ליטר,false,1,16.00,16.0000,true,1,37820
7290006899187,false,תה סרמוני לימונית ול,סרמוני תה בעמ,,תה סרמוני לימונית ולואיזה 14 שקיקים,גרמים,30.00,100 גרם,false,1,19.90,0.6633,true,1,238232
7290006983152,false,קרוטונים מתובלים,עינת תעשיות,IL,אסם קרוטונים מתובלים 12*400גרם,גרמים,400.00,100 גרם,false,1,19.90,0.0497,true,1,20069
7290006983206,false,תערובת להכנת פלאפל 1,"אסם השקעות בע""מ",IL,אסם פלאפל בקלי קלות 8*180גרם,גרמים,180.00,100 גרם,false,1,9.10,0.0506,true,1,20697
7290006983770,false,עוגת הבית שיש,מיוצר עי קונדיטוריית,IL,הבית עוגת שיש 8*400גרם,גרמים,400.00,100 גרם,false,1,15.90,0.0398,true,1,12771
7290006992161,false,דייסת קורנפלור,מולינו ניקולי s.p.a,IL,מטרנה דייסת קורנפלור פרוביוטיקה 12*200ג,גרמים,200.00,100 גרם,false,1,15.90,0.0795,true,1,7759
7290006992185,false,דייסת אורז מטרנה 200,מולינו ניקולי s.p.a,IL,מטרנה דייסת אורז פרוביוטי כלפ 12*200גרם,גרמים,200.00,100 גרם,false,1,15.90,0.0795,true,1,7761
7290006992208,false,דייסת דגנים מעורבים,מטרנה תעשיות ש.מ,IL,מטרנה דייסת דגנים פרוביוטיקה 12*200גרם,גרמים,200.00,100 גרם,false,1,15.90,0.0795,true,1,7763
7290006992390,false,דייסת וניל מטרנה200,מולינו ניקולי s.p.a,IL,מטרנה דייסת וניל פרוביוטי. כשלפ 12*200ג,גרמים,200.00,100 גרם,false,1,15.90,0.0795,true,1,22330
7290006992864,false,לה קט חתלתולים,united pet food,FR,להקט חתלתולים 2.85 קג,קילוגרמים,2.85,"ק""ג",false,1,59.90,21.0175,true,1,82798
7290007144729,false,בגט שלם גדרון א.ק,"גידרון תעשיות בע""מ",,בגט שלם גדרון א.ק,גרמים,330.00,100 גרם,false,1,5.90,0.0179,true,1,12206
7290008000826,false,משחת שיניים ברבי,כצט נוביס,,משחת שיניים ברבי50 מל                  .,מיליליטרים,50.00,"100 מ""ל",false,1,10.90,0.2180,true,1,19430
7290008104050,false,לקטופיל פמינה לשטיפה,כצט נוביס סעמ,IL,פמינה תחליב רחצה אינטימי קלאסיק 220 מל,מיליליטרים,220.00,"100 מ""ל",false,1,21.90,0.0995,true,1,9925
7290008116541,false,מי פה ליסטרין קול מי,ג'ונסון אנד ג'ונסון,IT,ליסטרין שטיפת פה מנטה קריר 500 מל,מיליליטרים,500.00,"100 מ""ל",false,1,17.90,0.0358,true,1,78341
7290008166010,false,לקט פיצוחים מובחר קל,"גיי אנג גי פקאנס בע""",IL,לקט פיצוחים מובחר קלוי הטיב 200 גרם,גרמים,200.00,100 גרם,false,1,16.90,0.0845,true,1,16364
7290008166751,false,חמוציות מיובשות הטיב,"גיי אנג גי פקאנס בע""",IL,חמוציות מיובשות הטיב 200 גרם,גרמים,200.00,100 גרם,false,1,7.90,0.0395,true,1,70542
7290008175173,false,200  גרםvalio-חמאה,יוליניבר,FI,200  גרםvalio-חמאה  מלח,גרמים,200.00,100 גרם,false,1,15.90,0.0795,true,1,9950
7290008175210,false,פרמזנו מגורדת 90 גרם,זנטי אס.איי.,IT,פרמזנו מגורדת 90 גרם,גרמים,90.00,100 גרם,false,1,17.90,0.1989,true,1,9951
7290008175814,false,פטריות חתוכות שמפניו,"אוקצ'מפ אס, איי אויי",PL,פטריות חתוך 400גרם- בד'צ,גרמים,400.00,100 גרם,false,1,5.50,0.0138,true,1,50791
7290008263214,false,הרדוף ממרח חרובים או,ברינקס פוד,NL,ממרח חרובים אורגני,גרמים,350.00,100 גרם,false,1,25.90,0.0740,true,1,38478
7290008263641,false,קוואקר עדין אורגני 5,אול אורגני,IL,קוואקר אורגני עדין,גרמים,500.00,100 גרם,false,1,11.90,0.0238,true,1,38579
7290008263764,false,פסטה פוזילי טריקולור,פסטיפיסוי פליצ'טי,IT,פסטה פוזלי טריקולור,גרמים,500.00,100 גרם,false,1,15.90,0.0318,true,1,23069
7290008333115,false,גלטין טהור 28 גרם,יוליניבר,,ויליגר אבקת ג'לטין טהור 28 גרם,גרמים,28.00,100 גרם,false,1,10.90,0.3893,true,1,10138
7290008335515,false,אגרול סיני+רוטב 600ג,כצט,IL,אגרול ברוטב חמוץ מתוק 600 גרם,גרמים,600.00,100 גרם,false,1,17.70,0.0295,true,1,10149
7290008335553,false,קובה במילוי בשר,האי נאם סי או אל.טי.,IL,קובה במילוי בשר וצנובר 600 גרם,גרמים,600.00,100 גרם,false,1,17.70,0.0295,true,1,10152
7290008335560,false,סיגרים במילוי בשר,האי נאם סי או אל.טי.,IL,סיגרים במילוי בשר 600 גרם,גרמים,600.00,100 גרם,false,1,15.90,0.0265,true,1,10153
7290008340618,false,סלמון מעושן מצונן 10,ויליגר תעשיות בעמ,IL,פרלינג סלומון מעושן 100 גרם,גרמים,100.00,100 גרם,false,1,21.90,0.2190,true,1,14249
7290008343466,false,בצק פילו שלושת האופי,כלורוקס אוקלנד,IL,בצק פילו,גרמים,500.00,100 גרם,false,1,19.90,0.0398,true,1,29746
7290008367875,false,בורקס שבלול גבינה-גי,"גידרון תעשיות בע""מ",,בורקס שבלול גבינה-גידרון,קילוגרמים,2.50,"ק""ג",false,1,8.90,3.5600,true,1,12717
7290008409100,false,אצבעות שניצל ציפוי ש,תנובה גליל שותפות מו,IL,אצבעות שניצל ציפוי שומשום מאמא ע 700 גרם,גרמים,700.00,100 גרם,false,1,38.90,0.0556,true,1,24625
7290008409124,false,שניצל גונגל מאמא עוף,תנובה גליל שותפות מו,IL,שניצל גונגל מאמא עוף 700 גרם,גרמים,700.00,100 גרם,false,1,38.90,0.0556,true,1,25193
7290008409216,false,שניצל דק דק פריך,תנובה גליל,IL,מאמא עוף שניצל דק פריך 700 גרם,גרמים,700.00,100 גרם,false,1,44.90,0.0641,true,1,55546
7290008409315,false,מיני שניצלונים ציפוי,תנובה גליל,IL,מיני שניצלונים ציפוי פריך 500 גרם,גרמים,500.00,100 גרם,false,1,29.90,0.0598,true,1,12840
7290008415071,false,סלט חומוס וטחינה 150,לחמנו,IL,סלטי צבר חומוס עם טחינה 12*150גרם,גרמים,150.00,100 גרם,false,1,5.90,0.0393,true,1,10255
7290008425681,true,זיתים אורגנים ברנע,,,זיתים אורגנים ברנע,גרמים,400.00,100 גרם,false,1,21.90,0.0547,true,1,220499
7290008443616,false,נקה 7 מרכך שיער יבש,מולינו ניקולי s.p.a,IL,נקה 7-מרכך לשיער יבש,מיליליטרים,750.00,"100 מ""ל",false,1,11.90,0.0159,true,1,10293
7290008461221,false,סרדינים בשמן חמניות,יוליניבר,PT,סרדינים בשמן חמניות 115 גרם,גרמים,115.00,100 גרם,false,1,6.90,0.0600,true,1,10305
7290008461238,false,סרדינים בשמן חמניות,יוליניבר,PT,סרדינים בשמן חמניות חריף 115 גר,גרמים,115.00,100 גרם,false,1,6.90,0.0600,true,1,10306
7290008461283,false,גבינה טריפל צדר נני,יוליניבר,,גבינה טריפל צדר נני  200 גרם,גרמים,200.00,100 גרם,false,1,24.90,0.1245,true,1,202747
7290008462204,false,חרדל דיזון מיילי מקו,יוליניבר,FR,חרדל דיזון מיילי מקורי 380 גרם,גרמים,380.00,100 גרם,false,1,15.90,0.0418,true,1,16305
7290008462259,false,חרדל דיזון חריף מייל,כצט,FR,חרדל דיזון חריף מיילי גרגירים 380 גר,גרמים,380.00,100 גרם,false,1,16.90,0.0445,true,1,70371
7290008464024,false,בירה גולדסטאר לא מסו,"איי, בי, אינבוו",IL,"בירה גולדסטאר לא מסונן פחית 500 מ""ל",מיליליטרים,500.00,"100 מ""ל",false,1,9.90,0.0198,true,1,183707
7290008464109,false,בירה גולדסטאר ל.מסונ,"איי, בי, אינבוו",IL,"בירה גולדסטאר ל.מסונן בקבוק 330 מ""ל",מיליליטרים,330.00,"100 מ""ל",false,1,7.90,0.0239,true,1,88153
7290008464130,false,בירה גולדסטאר ל.מסונ,טמפו,,בירה גולדסטאר ל.מסונן שישייה בקבוק 330 מ,ליטרים,1.98,ליטר,false,1,39.90,20.1515,true,1,88098
7290008464208,false,בירה מכבי 7.9% בקבוק,פארייפאבה אגרואינדוס,IL,"בירה מכבי 7.9%, בירה חזקה, בקבוק 330 מ''ל",מיליליטרים,330.00,"100 מ""ל",false,1,8.90,0.0270,true,1,188180
7290008464222,false,בירה מכבי 7.9%  פחית,"איי, בי, אינבוו",IL,"בירה מכבי 7.9%, בירה חזקה, פחית 500 מ""ל",מיליליטרים,500.00,"100 מ""ל",false,1,8.90,0.0178,true,1,192213
7290008464338,false,בירה מכבי בקבוק 330,בירה מכבי,IL,בירה מכבי בקבוק 330 מל לאגר בהירה,מיליליטרים,330.00,"100 מ""ל",false,1,7.90,0.0239,true,1,10326
7290008464345,false,בירה גולדסטאר בקבוק,פארייפאבה אגרואינדוס,IL,"בירה גולדסטאר, בקבוק 330 מ''ל",מיליליטרים,330.00,"100 מ""ל",false,1,7.90,0.0239,true,1,10327
7290008464468,false,בירה גולדסטאר פחית 5,פארייפאבה אגרואינדוס,IL,"בירה גולדסטאר, פחית 500 מ""ל",מיליליטרים,500.00,"100 מ""ל",false,1,8.90,0.0178,true,1,10330
7290008464475,false,בירה מכבי פחית 500 מ,"איי, בי, אינבוו",IL,"בירה מכבי, פחית 500 מ""ל",מיליליטרים,500.00,"100 מ""ל",false,1,8.90,0.0178,true,1,10331
7290008464505,false,מים מינרלים סן בנדטו,אקווה מינרלה סאן בנד,IT,סן בנדטו 500 מל שישייה,מיליליטרים,500.00,"100 מ""ל",false,1,4.20,0.0084,true,1,12294
7290008464604,false,בירה הייניקן פחית 50,טמפו משקאות בע''מ,NL,"בירה היינקן, פחית 500 מ""ל",מיליליטרים,500.00,"100 מ""ל",false,1,13.90,0.0278,true,1,12217
7290008464611,false,"מי סודה טמפו 275 מ""ל",טמפו משקאות בעמ,IL,"הסודה של טמפו, מי סודה בגיזוז חזק, 275 מל",מיליליטרים,275.00,"100 מ""ל",false,1,3.90,0.0142,true,1,204539
7290008464642,false,סודה גינגר אייל  275,"איי, בי, אינבוו",IL,"טמפו ג'ינג'ר אייל ,275 מל",מיליליטרים,250.00,"100 מ""ל",false,1,5.50,0.0220,true,1,204735
7290008464697,false,בירה מכבי 7.9% שישיי,טמפו,,"בירה מכבי 7.9% שישייה בקבוק 330 מ""ל",ליטרים,1.98,ליטר,false,1,32.90,16.6162,true,1,187695
7290008464703,false,בירה מכבי מארז שישיי,טמפו,,"בירה מכבי מארז שישייה בקבוק 330 מ""ל",ליטרים,1.98,ליטר,false,1,32.90,16.6162,true,1,10332
7290008464734,false,בירה גולדסטאר SLOW B,טמפו משקאות בע''מ,IL,בירה גולדסטאר SLOW BREW שישייה בקבוק 330,ליטרים,1.98,ליטר,false,1,39.90,20.1515,true,1,98111
7290008464741,false,בירה גולדסטאר שישייה,טמפו,,"בירה גולדסטאר שישייה בקבוק 330 מ""ל",ליטרים,1.98,ליטר,false,1,36.90,18.6364,true,1,10335
7290008466318,false,מיני רוגלך ירושלמי 3,דין שיווק,IL,מיני רוגלך ירושלמי 300 גר,גרמים,300.00,100 גרם,false,1,22.90,0.0763,true,1,236047
7290008466684,false,עוגיות פרימיום חלבי,דין שיווק,IL,עוגיות פרימיום חלבי 250 גרם,גרמים,250.00,100 גרם,false,1,22.90,0.0916,true,1,239231
7290008466707,false,עוגיות פרימיום 250 ג,דין שיווק,IL,עוגיות פרימיום 250 גרם,גרמים,250.00,100 גרם,false,1,22.90,0.0916,true,1,236056
7290008493413,false,פירורי גריסיני 200 ג,מאיר בייגל,IL,מאיר בייגל פירורי גריסיני 200 גרם,גרמים,200.00,100 גרם,false,1,6.90,0.0345,true,1,40601
7290008500005,false,תערובת להכנת בראוניז,פילסברי,IL,תערובת להכנת בראוניז פלסברי ללג 415גרם,גרמים,415.00,100 גרם,false,1,20.90,0.0504,true,1,235640
7290008535212,false,תפוגן ציפס בזיגוג 80,"תעשיות תפוגן בע""מ",IL,תפוגן טוגן זיג זג 12*800גרם,גרמים,800.00,100 גרם,false,1,11.90,0.0149,true,1,16072
7290008590129,false,שעועית ירוקה שלמה שף,משק ויילר,BE,שעועית ירוקה שלמה שף הטבע 800גרם,גרמים,800.00,100 גרם,false,1,11.90,0.0149,true,1,239839
7290008590198,false,שעועית ירוקה חתוכה ש,משק ויילר,BE,שעועית ירוקה חתוכה שף הטבע   800גרם,גרמים,800.00,100 גרם,false,1,11.90,0.0149,true,1,239843
7290008634045,false,פלסטר לילדים סאני 30,,,פלסטר לילדים סאני 30 יחידות,יחידה,1.00,יחידה,false,1,6.90,6.9000,true,1,90283
7290008644112,false,סלט מטבוחה יום יום 1,"שטראוס גרופ בע""מ",IL,סלט מטבוחה יום יום 125 גרם,גרמים,125.00,100 גרם,false,1,5.50,0.0440,true,1,10400
7290008644945,false,סלט המושבה שטופים שט,תות תעשיות מזון (201,IL,סלט המושבה שטופים שטראוס,גרמים,450.00,100 גרם,false,1,13.90,0.0309,true,1,10418
7290008645935,false,חומוס אחלה 750 גרם,"שטראוס גרופ בע""מ",IL,חומוס 750 אחלה,גרמים,750.00,100 גרם,false,1,10.90,0.0145,true,1,24225
7290008670210,false,יין רקנאטי שיראז 750,תות ממתקי איכות,IL,רקנטי - שיראז 2017 750 מל,מיליליטרים,750.00,"100 מ""ל",false,1,52.90,0.0705,true,1,25724
7290008690713,false,נקטר אושן ספריי חמוצ,מולינו ניקולי s.p.a,IL,פריגת אושן ספריי חמוציות 1 ליטר,ליטרים,1.00,ליטר,false,1,15.50,15.5000,true,1,10468
7290008693134,false,מעדן דניאלה גבינה תו,"שטראוס בריאות בע""מ",IL,דניאלה תות,גרמים,88.00,100 גרם,false,1,4.40,0.0500,true,1,10495
7290008739016,false,נר ריחני 20,יושלם,,נר פילר עתיק                        6*3,יחידה,1.00,יחידה,false,1,20.00,20.0000,true,1,16424
7290008745239,false,תפוציפס קראנץ,"שטראוס פריטו ליי בע""",IL,תפו קראנצ טבעי 50 גר 48 יח - שמיטה,גרמים,50.00,100 גרם,false,1,3.90,0.0780,true,1,10590
7290008747547,false,תפוציפס קראנץ טבעי 2,"שטראוס פריטו ליי בע""",IL,תפו קראנצ טבעי 200 גר 12 יח - שמיטה,גרמים,200.00,100 גרם,false,1,9.90,0.0495,true,1,10601
7290008752244,false,תפוציפס קראנץ גריל,"שטראוס פריטו ליי בע""",IL,תפו קראנצ גריל 50 גר 48 יח - שמיטה,גרמים,50.00,100 גרם,false,1,3.90,0.0780,true,1,10642
7290008753111,false,תפוציפס קראנץ מקסיקנ,"שטראוס פריטו ליי בע""",IL,תפו קראנצ מקסיקני 50 גר 48 יח- שמיטה,גרמים,50.00,100 גרם,false,1,3.90,0.0780,true,1,10655
7290008757034,false,סודה שוופס בקבוק 250,מיוצר עי קונדיטוריית,IL,"שוופס סודה 250 מ""ל זכוכית",מיליליטרים,250.00,"100 מ""ל",false,1,4.50,0.0180,true,1,10688
7290008757980,false,נקטר ספרינג רימונים,"כד בני דרום בע""מ",IL,ספרינג קרטוניות רימונים 1 ל',ליטרים,1.00,ליטר,false,1,8.60,8.6000,true,1,25324
7290008775823,false,ערגליות תות 300 גרם,מיוצר עי קונדיטוריית,IL,ערגליות תות שדה 6*300גרם,גרמים,300.00,100 גרם,false,1,10.90,0.0363,true,1,10705
7290008792264,false,מפיות אירוח טאצ 100,"שניב תעשיות נייר בע""",,מפיות אירוח טאצ 100 יחידות,יחידה,0.00,יחידה,false,1,5.90,0.0000,true,1,35456
7290008801010,false,יין P.C קברנה מרלו,אגודת הכורמים הקאופו,IL,"יין P.C קברנה מרלו 750 מ""ל",מיליליטרים,750.00,"100 מ""ל",false,1,39.90,0.0532,true,1,10716
7290008801522,false,יין קונקורד קינג דיו,אגודת הכורמים הקואופ,IL,כרמל קינג דיויד קונקורד- יין אדום ממותק 750 מל,מיליליטרים,750.00,"100 מ""ל",false,1,24.90,0.0332,true,1,12648
7290008801843,false,יין סלקטד קברנה סובנ,"כד בני דרום בע""מ",IL,כרמל סלקטד קברנה סוביניון יין אדום יבש 2017 750 מל,מיליליטרים,750.00,"100 מ""ל",false,1,29.90,0.0399,true,1,10732
7290008802291,false,"יין מרלו P.C 750 מ""ל",אגודת הכורמים הקואופ,IL,כרמל פרייבט קולקשן מרלו 2018 יין אדום יבש 750 מל,מיליליטרים,750.00,"100 מ""ל",false,1,39.90,0.0532,true,1,10739
7290008802895,false,יין קברנה סוביניון,אגודת הכורמים הקאופו,IL,"יין P.C קברנה סוביניון 750 מ""ל",מיליליטרים,750.00,"100 מ""ל",false,1,39.90,0.0532,true,1,10747
7290008806305,false,שלגון פצפצים,"מיוצר ע"" גלידת שטראו",IL,שלגון פצפצים תות בננה עם סוכרי,גרמים,97.00,100 גרם,false,1,6.90,0.0711,true,1,10796
7290008806961,false,גלידה קרמיסימו שוקול,"גלידת שטראוס בע""מ",IL,גלידה קרמיסימו שוקולד צ'יפ פרה 1.33 ל',ליטרים,1.33,ליטר,false,1,26.90,20.2256,true,1,10802
7290008806985,false,גלידונית קרמיסימו 1/,שטראוס גלידות,,גלידונית קרמיסימו 1/60  630 גרם פרווה,גרמים,630.00,100 גרם,false,1,41.90,0.0665,true,1,10803
7290008849609,false,אוליביה רוטב לכרעיים,אוליביה גורמה (1996),IL,אוליביה רוטב שום דבש לעוף,גרמים,330.00,100 גרם,false,1,14.90,0.0452,true,1,238234
7290008880112,false,מצת קליפר,Flamagas SA Barcelon,,מצת קליפר,לא מנהל יחידת מידה,0.00,לא מנהל יחידת מידה,false,1,6.00,0.0000,false,1,192068
7290008909761,false,בירה קרלסברג בקבוק,מולינו ניקולי s.p.a,IL,"קרלסברג בק 330 מ""ל פקדון",מיליליטרים,330.00,"100 מ""ל",false,1,9.50,0.0288,true,1,46697
7290008909853,false,קוקה קולה זירו,פארייפאבה אגרואינדוס,IL,"קולה ZERO בקבוק 500 מ""ל",מיליליטרים,500.00,"100 מ""ל",false,1,7.50,0.0150,true,1,47188
7290008909884,false,קוקה קולה ZERO קלאסי,החברה המרכזית לייצור,IL,"קוקה קולה זירו קלאסי 330 מ""ל",מיליליטרים,330.00,"100 מ""ל",false,1,7.00,0.0212,true,1,75649
7290008921138,false,"יין כחול לבן 750 מ""ל","יקבי הבארון בע""מ",,"יין כחול לבן 750 מ""ל",מיליליטרים,750.00,"100 מ""ל",false,1,34.90,0.0465,true,1,225489
7290008921169,false,יין תשבי ויניארדס קב,"יקבי הבארון בע""מ",,"יין תשבי ויניארדס קברנה 750 מ""ל",מיליליטרים,750.00,"100 מ""ל",false,1,48.90,0.0652,true,1,65055
7290008921176,false,יין תשבי ויניארדס מר,"יקבי הבארון בע""מ",,"יין תשבי ויניארדס מרלו 750 מ""ל",מיליליטרים,750.00,"100 מ""ל",false,1,48.90,0.0652,true,1,65058
7290008921275,false,"יין שיראז 750 מ""ל תי",יושלם,,"יין שיראז 750 מ""ל תישבי",מיליליטרים,750.00,"100 מ""ל",false,1,48.90,0.0652,true,1,83904
7290008921459,false,יין שיראז אסטייט 750,יקב תישבי יקבי הברון,,"יין שיראז אסטייט 750 מ""ל תישבי",מיליליטרים,750.00,"100 מ""ל",false,1,84.90,0.1132,true,1,202151
7290008921572,false,ויוניה גוורצטרמינר 7,יקבי תישבי,,"ויוניה גוורצטרמינר 750 מ""ל",מיליליטרים,750.00,"100 מ""ל",false,1,48.90,0.0652,true,1,225095
7290008945172,false,גלילונית אשפה,"קינג באג בע""מ",TH,שקיות אשפה עם שרוך,Unknown,0.00,Unknown,false,1,16.90,0.0000,true,1,10960
7290008945202,false,גלילונית רב שימושית,"איטיליאן פוד, אס.פי.",TH,גלילונית שקיות רב שימושית לפח ענק 50 יח',Unknown,0.00,Unknown,false,1,16.70,0.0000,true,1,10961
7290008975780,false,בונזו גזע קטן 3 קג,united pet food,FR,בונזו גזע קטן 3 קג,קילוגרמים,3.00,"ק""ג",false,1,49.90,16.6333,true,1,10975
7290009397642,false,מאפיין שוקולד - חמיש,"גידרון תעשיות בע""מ",,מאפיין שוקולד - חמישיה,גרמים,250.00,100 גרם,false,1,9.90,0.0396,true,1,20280
7290009397697,false,מאפין שוקולד ציפס- ח,"גידרון תעשיות בע""מ",,מאפין שוקולד ציפס- חמישיה,גרמים,250.00,100 גרם,false,1,9.90,0.0396,true,1,20617
7290009398113,false,חלה מתוקה,"גידרון תעשיות בע""מ",,חלה מתוקה                            ח א,גרמים,560.00,100 גרם,false,1,11.90,0.0213,true,1,25103
7290009957792,false,לחמנית שמיניה פרצל א,גדרון,IL,לחמנית שמיניה פרצל אפוי קפוא,יחידה,1.00,יחידה,false,1,4.90,4.9000,true,1,215747
7290009957808,false,פרצל אפוי גדרון א.ק,גדרון,IL,פרצל אפוי גדרון א.ק,יחידה,1.00,יחידה,false,1,5.90,5.9000,true,1,215486
7290010002023,false,כורכום  טחון,א.ל ייצור ושיווק תבל,IL,תבלין כורכום תבליני מימון 100 גרם,גרמים,100.00,100 גרם,false,1,11.50,0.1150,true,1,7870
7290010002030,false,כמון 100 גרם,א.ל ייצור ושיווק תבל,IL,תבלין כמון תבליני מימון 100 גרם,גרמים,100.00,100 גרם,false,1,11.50,0.1150,true,1,7871
7290010002061,true,פלפל לבן טחון 100גרם,א.ל ייצור ושיווק תבל,IL,תבליני מימון פלפל לבן טחון בצנצנת 100 גרם,Unknown,0.00,Unknown,false,1,17.90,0.0000,true,1,7874
7290010002122,false,פפריקה הונגרית מתוקה,א.ל ייצור ושיווק תבל,IL,תבליני מימון פפריקה הונגרית מתוקה בצנצנת 100 גרם,גרמים,100.00,100 גרם,false,1,11.50,0.1150,true,1,7880
7290010002290,false,תערובת לשווארמה,א.ל ייצור ושיווק תבל,IL,תבלין תיבול לשווארמה תבליני מימון 100 גרם,גרמים,110.00,100 גרם,false,1,11.50,0.1045,true,1,7891
7290010002306,false,תערובת לקציצות,א.ל ייצור ושיווק תבל,IL,תבליני מימון תבלין תיבול לקציצות 100 גרם,גרמים,120.00,100 גרם,false,1,10.90,0.0908,true,1,29779
7290010002313,false,תבלין קציצות מרוקני,א.ל ייצור ושיווק תבל,IL,תבליני מימון תבלין ראס אל חנות 100 גרם,גרמים,120.00,100 גרם,false,1,11.50,0.0958,true,1,21684
7290010002337,true,תיבול לסטייק  מימון,א.ל ייצור ושיווק תבל,IL,תבלין תיבול לסטייק תבליני מימון 100 גרם,גרמים,100.00,100 גרם,false,1,10.90,0.1090,true,1,204153
7290010002351,false,זעתר ושומשום בלדי,א.ל ייצור ושיווק תבל,IL,תבלין זעתר ושומשום תבליני מימון 100 גרם,גרמים,100.00,100 גרם,false,1,11.50,0.1150,true,1,7895
7290010002368,false,תערובת חווג למרק,א.ל ייצור ושיווק תבל,IL,תבליני מימון תערובת חוויאג' למרק 100 גרם,גרמים,100.00,100 גרם,false,1,11.50,0.1150,true,1,7896
7290010002375,false,מדרס קארי,א.ל ייצור ושיווק תבל,IL,תבלין קארי תבליני מימון 100 גרם,גרמים,120.00,100 גרם,false,1,11.50,0.0958,true,1,29780
7290010002405,true,טימין הררי 40גרם,א.ל ייצור ושיווק תבל,IL,תבליני מימון טימין  40 גרם,Unknown,0.00,Unknown,false,1,9.90,0.0000,true,1,7899
7290010002450,false,תבלין שמיר,א.ל ייצור ושיווק תבל,IL,תבליני מימון שמיר 25 גרם,גרמים,30.00,100 גרם,false,1,8.90,0.2967,true,1,7903
7290010003792,false,מלח לימון 100 גר,א.ל ייצור ושיווק תבל,IL,תבליני מימון בשקית מלח לימון 100 גרם,Unknown,0.00,Unknown,false,1,5.90,0.0000,true,1,85809
7290010023141,false,חליטת תה צמחים לימונ,HIQ FOOD PRODUCTS,IL,לימונענע - הגן הקסום,גרמים,55.00,100 גרם,false,1,19.90,0.3618,true,1,14223
7290010051281,false,עלי רוקולה/רוקט,ביכורי שדה דרום,IL,עלי רוקולה/רוקט,יחידה,1.00,יחידה,false,1,5.90,5.9000,true,1,215224
7290010065134,false,ליקוקי חתולים סלמון,כלורוקס אוקלנד,IT,ליקוקים שימורי חתולים סלמון          415,גרמים,415.00,100 גרם,false,1,4.90,0.0118,true,1,15695
7290010065172,false,ליקוקים שימורי כלב כ,מונש,IT,ליק כלבים כבש אדום,גרמים,415.00,100 גרם,false,1,4.90,0.0118,true,1,15699
7290010117864,false,דוריטוס חריף אש 70 ג,שטראוס פריטו ליי  בע,IL,דוריטוס חריף אש 70 גרם,גרמים,70.00,100 גרם,false,1,3.90,0.0557,true,1,238317
7290010117970,false,בוטנים אמריקאים סבבה,"שטראוס פריטו ליי בע""",IL,בוטנים אמריקאים סבבה 50 גרם,גרמים,50.00,100 גרם,false,1,2.90,0.0580,true,1,48912
7290010129324,false,עוגיות מעמול 600 גרם,שיבולים א.ד.ל,IL,עוגיות מעמול 600 גרם,גרמים,600.00,100 גרם,false,1,17.90,0.0298,true,1,24180
7290010129348,false,עוגיות ממולאות בטעם,שיבולים א.ד.ל,IL,עוגיות ממולאות בטעם שוקולד 600 גרם,גרמים,600.00,100 גרם,false,1,17.90,0.0298,true,1,66907
7290010153503,false,שעועית בובס  מיה  40,מיה,IL,שעועית בובס  מיה  400 גרם,גרמים,400.00,100 גרם,false,1,11.90,0.0298,true,1,239962
7290010153510,false,בורגול מיה 500 גרם,מיה,IL,בורגול מיה 500 גרם,גרמים,500.00,100 גרם,false,1,4.90,0.0098,true,1,239956
7290010153534,false,קמח תירס  מיה  400 ג,מיה,IL,קמח תירס  מיה  400 גרם,גרמים,400.00,100 גרם,false,1,6.90,0.0173,true,1,239957
7290010153541,false,קווקר מהיר הכנה 500,מיה,IL,קווקר מהיר הכנה 500 גרם,גרמים,500.00,100 גרם,false,1,7.90,0.0158,true,1,240004
7290010153695,false,פול גדול   מיה  400,מיה,IL,פול גדול   מיה  400 גרם,גרמים,400.00,100 גרם,false,1,8.90,0.0223,true,1,239975
7290010154012,false,לימון כבוש בלאדי 250,המאפיה של הרמן,IL,לימון כבוש בלאדי 250 גרם,גרמים,250.00,100 גרם,false,1,16.00,0.0640,true,1,7940
7290010154678,false,אריסה מרוקאית 250 גר,המאפיה של הרמן,IL,אריסה מרוקאית 250 גרם,גרמים,250.00,100 גרם,false,1,14.90,0.0596,true,1,204035
7290010154685,false,שום כתוש 250 גרם,המאפיה של הרמן,IL,ביטון יוחאי המקורי סלט שום כתוש 250 גרם,גרמים,250.00,100 גרם,false,1,14.90,0.0596,true,1,204036
7290010163069,false,צנובר 100 גרם,אף.סי תבליני בגליל ב,IL,צנובר 100 גרם,גרמים,100.00,100 גרם,false,1,24.90,0.2490,true,1,37980
7290010173044,false,יין הרי גליל מרלו 75,"כד בני דרום בע""מ",IL,"הרי גליל מרלו יין אדום יבש, 750 מל",מיליליטרים,750.00,"100 מ""ל",false,1,33.90,0.0452,true,1,14423
7290010192816,false,תמר מגהול ללא גלעין,תימורת הערבה,IL,תמר מגהול ללא גלעין 45 גרם,גרמים,45.00,100 גרם,false,1,4.90,0.1089,true,1,237167
7290010195268,false,פופקורן פופסטאר מופח,TLV צ'יף,US,פופקורן פופסטאר מופחת שומן טבע,גרמים,425.00,100 גרם,false,1,13.90,0.0327,true,1,76040
7290010195275,false,פופקורן פופסטאר מופח,TLV צ'יף,US,פופקורן פופסטאר מופחת שומן חמא,גרמים,425.00,100 גרם,false,1,13.90,0.0327,true,1,76041
7290010199891,false,סטייל אלסבון תה אדום,דולפין ספא,TR,"תה אדום, סבון ארומטי",מיליליטרים,500.00,"100 מ""ל",false,1,7.90,0.0158,true,1,67103
7290010207824,false,מגבוני אף MERAMAID,די פי אל,,מגבוני אף MERAMAID,לא מנהל יחידת מידה,0.00,לא מנהל יחידת מידה,false,1,10.90,0.0000,true,1,197508
7290010228201,false,נשיקות מרנג 150 גר,יוסיפוב יעקב,,נשיקות מרנג 150 גר,גרמים,150.00,100 גרם,false,1,23.90,0.1593,true,1,52002
7290010237531,false,פפסי קולה בקבוק 500,סנו מפעלי ברונוס.,IL,פפסי 500 מל בקבוק,מיליליטרים,500.00,"100 מ""ל",false,1,5.50,0.0110,true,1,24616
7290010237685,false,בירה הייניקן בקבוק,טמפו משקאות בע''מ,IL,"בירה היינקן, בקבוק 330 מ''ל",מיליליטרים,330.00,"100 מ""ל",false,1,9.90,0.0300,true,1,24300
7290010259007,false,בישקוטים וניל,דן קייק,PT,בישקוטים וניל 200 גר,גרמים,200.00,100 גרם,false,1,6.90,0.0345,true,1,16595
7290010259311,false,מי קוקוס  ויליפוד 40,,TH,"מי קוקוס  ויליפוד 400 מ""ל",מיליליטרים,400.00,"100 מ""ל",false,1,7.90,0.0198,true,1,31703
7290010259830,false,נודלס בסגנון סיני פי,נמצ'או(תאילנד) בעמ,TH,ויליפוד מנת השף נודלס בטעם סיני-פיקנטי 70 גרם,גרמים,70.00,100 גרם,false,1,5.50,0.0786,true,1,30072
7290010259847,false,נודלס בטעם תירס מנת,יוליניבר,TH,ויליפוד מנת השף נודלס בטעם תירס 70 גרם,גרמים,70.00,100 גרם,false,1,5.50,0.0786,true,1,30073
7290010259854,false,נודלס מנת השף בטעם פ,נמצ'או(תאילנד) בעמ,TH,ויליפוד מנת השף נודלס בטעם פטריות 70 גרם,גרמים,70.00,100 גרם,false,1,5.50,0.0786,true,1,45736
7290010259861,false,נודלס בטעם ירקות מנת,יוליניבר,TH,מנת השף מרק עם נודלס בטעם ירקות 70 גרם,גרמים,70.00,100 גרם,false,1,5.50,0.0786,true,1,61838
7290010328093,false,ממרח חלבה  אחווה,אחדות בית חרושת לטחי,IL,אחוה ממרח חלוה  400 גרם,גרמים,400.00,100 גרם,false,1,12.90,0.0323,true,1,39004
7290010328246,false,טחינה שומשום מלא אחו,,IL,טחינה שומשום מלא אחווה 500 גרם,גרמים,500.00,100 גרם,false,1,14.90,0.0298,true,1,74179
7290010328253,false,טחינה גולמית אחווה,"אחדות ביח""ר בעמ",IL,אחוה טחינה גולמית 500 גרם בפלסטיק,גרמים,500.00,100 גרם,false,1,14.90,0.0298,true,1,71748
7290010328468,false,חלבה אחוה מיני בטעמי,"אחדות ביחר לטחינה, ח",IL,"אחוה חטיפי מיני חלוה פיסטוק, וניל וקקאו 18 יחידות",גרמים,216.00,100 גרם,false,1,10.90,0.0505,true,1,185495
7290010328505,false,חלבה אחוה מיני ללא ס,אחווה,,חלבה אחוה מיני ללא סוכר 150 גרם,גרמים,150.00,100 גרם,false,1,10.90,0.0727,true,1,185496
7290010417315,false,יין גולן מרלו,יקב רמת הגולן,,"יין גולן מרלו 750 מ""ל",מיליליטרים,750.00,"100 מ""ל",false,1,33.90,0.0452,true,1,30115
7290010429684,false,מארז זוג דבש 350 גרם,שטראוס גרופ,,מארז זוג דבש 350 גרם,גרמים,700.00,100 גרם,false,1,36.90,0.0527,true,1,35030
7290010471669,false,דנונה בר תות קורנפלק,"שטראוס בריאות בע""מ",IL,דנונה בר תות קורנפלקס,גרמים,175.00,100 גרם,false,1,4.80,0.0274,true,1,21942
7290010472307,false,גמד .שתיה תות בננה,מיוצר עי קונדיטוריית,IL,גמדים לשתיה שמינייה תות בננה,מיליליטרים,800.00,"100 מ""ל",false,1,20.70,0.0259,true,1,24652
7290010472390,false,מארז דני שוקולד,מיוצר עי קונדיטוריית,IL,מארז 8 דני שוקולד,קילוגרמים,1.00,"ק""ג",false,1,16.90,16.9000,true,1,28310
7290010546053,false,גרנולה מנדל קלויה לל,יוליניבר,IL,גרנולה מנדל קלויה ללא סוכר 400 גרם,גרמים,400.00,100 גרם,false,1,18.90,0.0472,true,1,53293
7290010546152,false,גרנולה מנדל קלויה עם,יוליניבר,IL,גרנולה מנדל קלויה עם תמרים 400 גרם,גרמים,400.00,100 גרם,false,1,18.90,0.0472,true,1,53287
7290010546169,false,גרנולה מנדל דבש ואגו,יוליניבר,IL,גרנולה מנדל דבש ואגוזים 400 גרם,גרמים,400.00,100 גרם,false,1,18.90,0.0472,true,1,53338
7290010561001,false,תערובת ללחם קמח מלא,קרלו,IL,תערובת ללחם קמח מלא 500גרם,גרמים,500.00,100 גרם,false,1,21.90,0.0438,true,1,233270
7290010561032,false,תערובת להכנת פנקייק,קרלו,IL,תערובת להכנת פנקייק ברילי 400גרם,גרמים,400.00,100 גרם,false,1,19.90,0.0497,true,1,182900
7290010561124,false,ממרח ברילי כמו גבינת,אשבל,IL,ממרח ברילי כמו גבינת שמנת 20% 220 גרם,גרמים,220.00,100 גרם,false,1,17.90,0.0814,true,1,236391
7290010561179,false,ממרח ברילי כמו גבינת,,IL,ממרח ברילי כמו גבינת לאבנה  5% 220 גרם,גרמים,220.00,100 גרם,false,1,17.90,0.0814,true,1,237022
7290010561360,false,באגט ברילי אקסטרהקמח,קרלו,IL,באגט ברילי אקסטרהקמח טף 360גרם,גרמים,360.00,100 גרם,false,1,18.90,0.0525,true,1,232702
7290010561421,false,לחם כפרי מקמח טף,קרלו,IL,לחם כפרי ברילי אקסטרה מקמח טף500גרם,גרמים,500.00,100 גרם,false,1,21.90,0.0438,true,1,231121
7290010561445,false,ברילי פיתות 420גרם,קרלו,IL,ברילי פיתות 420גרם,גרמים,420.00,100 גרם,false,1,21.90,0.0521,true,1,182894
7290010561452,false,מאפה ביס ויטמינים בר,קרלו,IL,מאפה ביס ויטמינים ברילי,גרמים,360.00,100 גרם,false,1,18.90,0.0525,true,1,231660
7290010561643,false,פירורי לחם ברילי ללא,אשבל מזון פונקציונלי,IL,פירורי לחם ברילי ללא גלוטן 250 גרם,גרמים,250.00,100 גרם,false,1,18.90,0.0756,true,1,231290
7290010627004,false,טחינה ירושלים 500 גר,"בראשית ירושלים בע""מ",IL,טחינה ירושלים 500 גרם,גרמים,500.00,100 גרם,false,1,15.90,0.0318,true,1,200349
7290010627844,false,טחינה ירושלים 500 גר,"בראשית ירושלים בע""מ",IL,טחינה ירושלים 500 גרם שומשום מלא,גרמים,500.00,100 גרם,false,1,15.90,0.0318,true,1,210878
7290010632121,false,כוס אימון עם ידיות,F.E.CO.LTD,CN,כוס אימון עם ידיות רכות          TULIPS,לא מנהל יחידת מידה,0.00,לא מנהל יחידת מידה,false,1,16.90,0.0000,true,1,204581
7290010632138,false,נשכן קור עם גל טוליפ,F.H.P CO LT,CN,נשכן קור עם גל טוליפס פרימיום,לא מנהל יחידת מידה,0.00,לא מנהל יחידת מידה,false,1,9.90,0.0000,true,1,204568
7290010632398,false,נובי כוס פיה רכה +יד,מולינו ניקולי s.p.a,CN,נובי כוס פיה רכה +ידית ללא ביספינול A,לא מנהל יחידת מידה,0.00,לא מנהל יחידת מידה,false,1,36.90,0.0000,true,1,204573
7290010632404,false,נובי מיכל לאבקת חלב,מולינו ניקולי s.p.a,CN,מיכל לאבקת תחליף חלב נובי,לא מנהל יחידת מידה,0.00,לא מנהל יחידת מידה,false,1,17.90,0.0000,true,1,204574
7290010632534,false,נובי כוס ומכסה 6 יח,מולינו ניקולי s.p.a,CN,נובי 6 כוסות עם מכסה,Unknown,0.00,Unknown,false,1,22.90,0.0000,true,1,204833
7290010632541,true,נובי סט קערות+מכסה,מולינו ניקולי s.p.a,CN,נובי קערות האכלת לתינוק 6 יח',לא מנהל יחידת מידה,0.00,לא מנהל יחידת מידה,false,1,34.90,0.0000,true,1,204584
7290010632558,true,נובי כפית ארוכה,מולינו ניקולי s.p.a,CN,נובי כפיות האכלה 18 יחידות,לא מנהל יחידת מידה,0.00,לא מנהל יחידת מידה,false,1,19.90,0.0000,true,1,204577
7290010650033,false,בצלצלי שאלוט ארוז לי,תות ממתקי איכות,IL,בצלצלי שאלוט ארוז ליח,יחידה,0.00,יחידה,false,1,14.90,0.0000,true,1,52481
7290010650101,false,עגבניות מיובשות,יוליניבר,TR,עגבניות מיובשות,גרמים,100.00,100 גרם,false,1,11.90,0.1190,true,1,203179
7290010657292,false,צלפים בחומץ צנצנת 35,לוקסאפרס,,צלפים בחומץ צנצנת 350 גרם,גרמים,350.00,100 גרם,false,1,15.90,0.0454,true,1,78260
7290010748891,false,אפקטיב קר קרם גוף לע,הדקלאים אגודת שיתופי,IL,"אפקטיב קר קרם גוף לעור רגיל 700 מ""ל",מיליליטרים,700.00,"100 מ""ל",false,1,29.90,0.0427,true,1,46569
7290010777013,false,צלחות פבלובה מרנג220,אקלר,IL,צלחות פבלובה מרנג220,גרמים,220.00,100 גרם,false,1,27.90,0.1268,true,1,62557
7290010778058,false,פטוציני לבן/ טריקולו,פסטה דיאורו,IL,פטוציני לבן/ טריקולור,גרמים,500.00,100 גרם,false,1,19.90,0.0398,true,1,51274
7290010778065,false,ניוקי תפוח אדמה,פסטה דיאורו,IL,ניוקי תפוח אדמה,גרמים,500.00,100 גרם,false,1,19.90,0.0398,true,1,51279
7290010778089,false,טורטלוני גבינה,פסטה דיאורו,IL,טורטלוני גבינה,גרמים,500.00,100 גרם,false,1,32.90,0.0658,true,1,51281
7290010778171,false,רביולי בטטה,פסטה דיאורו,IL,רביולי בטטה,גרמים,500.00,100 גרם,false,1,29.90,0.0598,true,1,72231
7290010778188,false,רביולי 4 גבינות,פסטה דיאורו,IL,רביולי 4 גבינות,גרמים,500.00,100 גרם,false,1,29.90,0.0598,true,1,72229
7290010778201,false,רוטב אלפרדו,פסטה דיאורו,IL,רוטב אלפרדו,גרמים,240.00,100 גרם,false,1,19.90,0.0829,true,1,72237
7290010778218,false,רוטב שמנת פטריות,פסטה דיאורו,IL,רוטב שמנת פטריות,גרמים,240.00,100 גרם,false,1,19.00,0.0792,true,1,201823
7290010778225,false,רוטב שמנת עגבניות,פסטה דיאורו,IL,רוטב שמנת עגבניות,גרמים,240.00,100 גרם,false,1,19.90,0.0829,true,1,72239
7290010778256,false,רביולי ריקוטה ופרמזן,פסטה דיאורו,IL,רביולי ריקוטה ופרמזן,גרמים,500.00,100 גרם,false,1,29.90,0.0598,true,1,72218
7290010778263,false,רביולי גבינות צאן,פסטה דיאורו,IL,רביולי גבינות צאן,גרמים,500.00,100 גרם,false,1,29.90,0.0598,true,1,72230
7290010778300,false,רביולי מוצרלה,פסטה דיאורו,IL,רביולי מוצרלה,גרמים,500.00,100 גרם,false,1,29.90,0.0598,true,1,72233
7290010778362,true,רביולי גבינות עיזים,פסטה דיאורו,IL,רביולי גבינות עיזים ובזיליקום,גרמים,500.00,100 גרם,false,1,29.90,0.0598,true,1,72225
7290010778485,false,רוטב שמנת בטטה,פסטה דיאורו,IL,רוטב שמנת בטטה,גרמים,240.00,100 גרם,false,1,19.90,0.0829,true,1,72240
7290010778492,false,רוטה שמנת תרד,פסטה דיאורו,IL,רוטה שמנת תרד,גרמים,240.00,100 גרם,false,1,19.90,0.0829,true,1,72241
7290010778553,false,ניוקי סלק ממולא גבינ,פסטה דיאורו,IL,ניוקי סלק ממולא גבינה,גרמים,500.00,100 גרם,false,1,29.90,0.0598,true,1,201825
7290010814251,false,שוקולד חלב,"כד בני דרום בע""מ",IL,שלשות שוקולד חלב 85 גר*3 בלמינט * 18 בקרט בדצ,גרמים,225.00,100 גרם,false,1,13.90,0.0618,true,1,89416
7290010814701,false,שוקולד חלב,כרמית תעשיות ממתקים,IL,"שוקולד חלב לל""ס 85ג*12בדיס*2בקרט",גרמים,85.00,100 גרם,false,1,6.90,0.0812,true,1,69184
7290010822096,false,סיידר  תפוח מוגז בקב,"איי, בי, אינבוו",IL,"סיידר הגליל, מיץ תפוחים מוגז, 275 מל",מיליליטרים,275.00,"100 מ""ל",false,1,7.50,0.0273,true,1,206480
7290010838219,false,ממתיק על בסיס סטיביה,תות ממתקי איכות,IL,ממתיק על בסיס סטיביה 100 שקיות,גרמים,100.00,100 גרם,false,1,32.90,0.3290,true,1,180419
7290010839865,false,רוטב רימונים,יושלם,TR,רוטב רימונים 320 גרם,מיליליטרים,320.00,"100 מ""ל",false,1,12.90,0.0403,true,1,61162
7290010883363,false,כפפות אלוורה סנו סוש,האי נאם סי או אל.טי.,CN,סושי כפפות אלוורה רב שימושיות - S,Unknown,0.00,Unknown,false,1,10.80,0.0000,true,1,39904
7290010945306,false,חלב 2 3% ליטר קרטון,טרה,IL,"חלב בקרטון 3% 2 ליטר בד""צ",ליטרים,2.00,ליטר,false,1,12.46,6.2300,true,1,33302
7290010945450,false,גבינה לבנה 3% 250 גר,טרה,,גבינה לבנה 3% 250 גרם,גרמים,250.00,100 גרם,false,1,5.10,0.0204,true,1,33308
7290011017866,false,קוקה קולה פחית סליק,תות תעשיות מזון (201,IL,"סליק קוקה קולה 330 מ""ל מבצע",מיליליטרים,330.00,"100 מ""ל",false,1,5.90,0.0179,true,1,83530
7290011017873,false,קוקה קולה זירו פחית,תות תעשיות מזון (201,IL,"סליק קולה ZERO 330 מ""ל מבצע",מיליליטרים,330.00,"100 מ""ל",false,1,5.90,0.0179,true,1,83531
7290011018184,false,תה קר FUZE TEA אפרסק,מולינו ניקולי s.p.a,IL,FUZE tea אפרסק 0.5 ליטר,מיליליטרים,500.00,"100 מ""ל",false,1,8.50,0.0170,true,1,83182
7290011018368,false,בירה ויינשטפן מארז ש,"ויינשטפן, ת.ד 1155 פ",DE,Weihenstephan - בירת חיטה מעוננת,ליטרים,1.98,ליטר,false,1,74.90,37.8283,true,1,88300
7290011018474,false,סיידר סומרסבי,"קרלסברג קרואטיה , יב",HR,"סומרסבי סיידר בקבוק 330 מ""ל",מיליליטרים,330.00,"100 מ""ל",false,1,9.90,0.0300,true,1,187792
7290011018832,false,קוקה קולה מארז שישיי,תות תעשיות מזון (201,IL,"ק""ק 6 FRIDGE-PACK מבצע",ליטרים,1.98,ליטר,false,1,24.90,12.5758,true,1,89102
7290011018917,false,קוקה קולה זירו מארז,תות תעשיות מזון (201,IL,"מארז ק""ק ZERO 6 פח FRIDGE-PACK מבצע",ליטרים,1.98,ליטר,false,1,24.90,12.5758,true,1,89133
7290011018924,false,קוקה קולה דיאט מארז,תות תעשיות מזון (201,IL,דקק 6 פח FRIDGE Pack מבצע,ליטרים,1.98,ליטר,false,1,24.90,12.5758,true,1,89103
7290011026530,false,קמיל בלו סנסיטיב אל,הדקלאים אגודת שיתופי,IL,קמיל בלו סנסיטיב אל סבון לפני השינה 500,מיליליטרים,500.00,"100 מ""ל",false,1,17.90,0.0358,true,1,188601
7290011051358,false,סודה שוופס לימון 250,מיוצר עי קונדיטוריית,IL,"שוופס סודה לימון 250 מ""ל זכוכית",מיליליטרים,250.00,"100 מ""ל",false,1,4.50,0.0180,true,1,197852
7290011065447,false,תבלין לפיצה מטחנה 50,TLV צ'יף,IL,תבליני מימון מטחנה  תבלין לפיצה 50 גרם,גרמים,50.00,100 גרם,false,1,15.90,0.3180,true,1,231827
7290011081492,false,גלידה קרמיסימו שלושה,"גלידת שטראוס בע""מ",IL,מעדן קפוא קרמיסימו 3 שוקולדים 1.33 ל',ליטרים,1.33,ליטר,false,1,26.90,20.2256,true,1,41661
7290011113926,false,"דאו ""ספריי בלאק לגבר",משווק: וסמופארם בעממ,IL,"טיטניום דאודורנט ספריי בלק 180 מ""ל",מיליליטרים,180.00,"100 מ""ל",false,1,18.90,0.1050,true,1,40974
7290011115289,false,נקה 7 סבון מוצק לילך,"גליל כימיכלים בע""מ",IL,נקה 7 סבון מוצק לילך - רביעיה,גרמים,400.00,100 גרם,false,1,12.90,0.0323,true,1,41998
7290011128043,false,שורש ארוז,חקלאי,IL,שורש ארוז,יחידה,1.00,יחידה,false,1,5.90,5.9000,true,1,232752
7290011131388,false,מוזלי קרנצי תפוחים ק,ויטליאה ניקולה דו,MK,"מוזלי קרנצי תפוחים קינמון גרין 1 ק""ג",קילוגרמים,1.00,"ק""ג",false,1,25.90,25.9000,true,1,57542
7290011131395,false,מוזלי קראנצי פירות 1,ויטליאה ניקולה דו,MK,גרין מוזלי קראנצ'י בתוספת 30% פירות 1 קג,קילוגרמים,1.00,"ק""ג",false,1,25.90,25.9000,true,1,57543
7290011131654,false,מיזלי ביג מיקס,ויטליה ניקולא דו,MK,"גרין מוזלי קראנצ'י עם פירות ואגוזים, 1.1 קג",קילוגרמים,1.00,"ק""ג",false,1,25.90,25.9000,true,1,189451
7290011131975,false,גרנולה עם פירות,ויטליאה ניקולה דו,MK,גרין גרנולה עם פירות מיובשים ומסוכרים 1.1 קג,קילוגרמים,1.00,"ק""ג",false,1,27.90,27.9000,true,1,70683
7290011132507,false,מים סן בנדטו מוגז עד,אקווה מינרלה סאן בנד,IT,סן בנדטו מוגז 500 מל,מיליליטרים,500.00,"100 מ""ל",false,1,6.00,0.0120,true,1,75437
7290011133368,false,שישית מכבי שנדי תפוח,"איי, בי, אינבוו",IL,שישיית מכבי שנדי תפוח,ליטרים,1.98,ליטר,false,1,39.90,20.1515,true,1,54502
7290011133498,false,מכבי שנדי תפוח,"איי, בי, אינבוו",IL,"בירה שנדי, בירה בטעם תפוח, בקבוק 330 מ""ל",מיליליטרים,330.00,"100 מ""ל",false,1,6.50,0.0197,true,1,61474
7290011133504,false,מכבי שנדי אפרסק,פארייפאבה אגרואינדוס,IL,"בירה שנדי, בירה בטעם אפרסק, בקבוק 330 מ""ל",מיליליטרים,330.00,"100 מ""ל",false,1,6.50,0.0197,true,1,61475
7290011133634,false,פפסי מקס פחית צרה 33,"טמפו משקאות בע""מ",IL,פפסי מקס פחית צרה 330 שישייה,ליטרים,1.98,ליטר,false,1,22.90,11.5657,true,1,214032
7290011148591,false,כרובית ארוזה ליח  50,עטרה,IL,כרובית ארוזה ליח  500 גרם,גרמים,500.00,100 גרם,false,1,14.90,0.0298,true,1,237340
7290011148911,false,פלפל טינקרבל יחידה,חקלאי,IL,פלפל טינקרבל יחידה,גרמים,500.00,100 גרם,false,1,9.90,0.0198,true,1,168288
7290011148935,false,מלפפון מיני ארוז,חקלאי,IL,מלפפון טעם ארוז,לא מנהל יחידת מידה,0.00,לא מנהל יחידת מידה,false,1,9.90,0.0000,true,1,169207
7290011153885,false,נייר אכיל ממותג,גילרוי,,נייר אכיל ממותג                       .,Unknown,0.00,Unknown,false,1,22.60,0.0000,true,1,38044
7290011194246,false,קוטג 5% סקי 250 גרם,מיוצר עי קונדיטוריית,IL,קוטג' 5% 250 גרם,גרמים,250.00,100 גרם,false,1,5.90,0.0236,true,1,32203
7290011223021,false,פרש וואנס רפידות הנק,קריפורט סחר בינלאומי,CO,פרש וואנס רפידות הנקה אישית על בסיס ג'ל 30 יחידות,Unknown,0.00,Unknown,false,1,20.20,0.0000,true,1,33786
7290011223038,false,עלים לקרמשניט בונומי,דולפין ספא,IT,עלים לקרמשניט בונומי 300 גרם,גרמים,300.00,100 גרם,false,1,16.90,0.0563,true,1,71707
7290011223045,false,בישקוטים בונומי 200,דולפין ספא,IT,בונמי בישקוטים 200 גרם,גרמים,200.00,100 גרם,false,1,7.90,0.0395,true,1,69558
7290011223243,false,"ג""ל לאסלה בניחוח לבנ","איטיליאן פוד, אס.פי.",IT,ג'ל נוזלי לאסלה בניחוח לבנדר 55 מל,מיליליטרים,55.00,"100 מ""ל",false,1,11.90,0.2164,true,1,33473
7290011223472,false,מגבוני רענון,עלבד,,פרש וואנס מגבוני רענון שלישיה,Unknown,0.00,Unknown,false,1,10.80,0.0000,true,1,42306
7290011249748,false,ופל גלילית שוקולד גי,גילרו,,ופל גלילית שוקולד גילרו 100 גרם,גרמים,100.00,100 גרם,false,1,3.90,0.0390,true,1,186025
7290011249755,false,ופלים גלילית אגוזים,"גילרו בע""מ",,ופלים גלילית אגוזים 100 גרם,גרמים,100.00,100 גרם,false,1,3.90,0.0390,true,1,186024
7290011254018,false,שעועית מש מיה  500 ג,מיה,IL,שעועית מש מיה  500 גרם,גרמים,500.00,100 גרם,false,1,9.90,0.0198,true,1,239949
7290011254025,false,דוחן  מיה 500 גרם,מיה,IL,דוחן  מיה 500 גרם,גרמים,500.00,100 גרם,false,1,8.90,0.0178,true,1,239976
7290011254049,false,סובין שבולת שועל   מ,מיה,IL,סובין שבולת שועל   מיה 400 גרם,גרמים,400.00,100 גרם,false,1,12.90,0.0323,true,1,240005
7290011254605,true,תערובת קדירה לקט לחמ,מיה,IL,תערובת קדירה לקט לחמין מיה 600 גרם,גרמים,600.00,100 גרם,false,1,12.90,0.0215,true,1,239990
7290011254612,true,תערובת קדירה לקט ברי,מיה,IL,תערובת קדירה לקט בריאות  מיה 600 גרם,גרמים,600.00,100 גרם,false,1,12.90,0.0215,true,1,239948
7290011254766,false,שעועית לוביה  מיה 40,מיה,IL,שעועית לוביה  מיה 400 גרם,גרמים,400.00,100 גרם,false,1,9.90,0.0248,true,1,239967
7290011254773,false,שעועית ארגנטינאית מי,מיה,IL,שעועית ארגנטינאית מיה  500 גרם,גרמים,500.00,100 גרם,false,1,11.90,0.0238,true,1,239977
7290011378776,false,מאגדת חלבה בארכה פיס,HIQ FOOD PRODUCTS,IL,בארכה בקטנה מאגדת פיסטוק כלפ.12 7*18גרם,גרמים,120.00,100 גרם,false,1,13.90,0.1158,true,1,84711
7290011431433,false,לפתניות צבעונית 25 י,,TR,לפתניות צבעונית 25 יח,לא מנהל יחידת מידה,0.00,לא מנהל יחידת מידה,false,1,7.90,0.0000,true,1,213778
7290011438142,false,משקה אייס קפה יטבתה,,IL,"אייס קפה 350 מ""ל",מיליליטרים,350.00,"100 מ""ל",false,1,6.50,0.0186,true,1,41209
7290011473006,false,קינואה אורגנית תבואו,תבואות,BO,תבואות קינואה רויא אורגנית 500 גרם,גרמים,500.00,100 גרם,false,1,18.90,0.0378,true,1,69689
7290011473051,false,קוואקר אורגני תבואות,תבואות,,קוואקר עבה אורגני,גרמים,500.00,100 גרם,false,1,10.90,0.0218,true,1,84015
7290011473082,false,אורז במטי מלא אורגני,תבואות,IN,תבואות אורז בשמתי מלא אורגני 500 גרם,גרמים,500.00,100 גרם,false,1,11.90,0.0238,true,1,181839
7290011473143,true,קוסקוס אורגני,תבואות,FR,תבואות קוסקוס מלא אורגני 500 גרם,Unknown,0.00,Unknown,false,1,13.90,0.0000,true,1,204879
7290011473181,false,עדש שחור 500 ג תבואו,תבואות,CA,תבואות עדשים שחורות אורגניות 500 גרם,גרמים,500.00,100 גרם,false,1,15.90,0.0318,true,1,87005
7290011473242,false,פשתן אורגני תבואות,תבואות,CN,תבואות פשתן זרעים אורגני 500 גרם,גרמים,500.00,100 גרם,false,1,10.90,0.0218,true,1,183161
7290011473259,false,פשתן טחון אורגני 350,תבואות,CN,תבואות פשתן טחון אורגני 350 גרם,גרמים,350.00,100 גרם,false,1,10.90,0.0311,true,1,180343
7290011473273,false,בורגול,תבואות,TR,תבואות בורגול מלא אורגני 500 גרם,לא מנהל יחידת מידה,0.01,לא מנהל יחידת מידה,false,1,8.90,890.0000,true,1,181904
7290011473280,false,חומוס 500 גר אורגני,תבואות,IL,"תבואות חומוס אורגני, 500 גרם",גרמים,500.00,100 גרם,false,1,11.90,0.0238,true,1,86877
7290011473334,true,שעועית לבנה אורגני,תבואות,CN,תבואות שעועית לבנה אורגנית 500 גרם,גרמים,500.00,100 גרם,false,1,11.90,0.0238,true,1,204883
7290011473358,false,שעועית שחורה,תבואות,US,תבואות שעועית שחורה אורגנית 500 גרם,קילוגרמים,0.01,"ק""ג",false,1,11.50,1150.0000,true,1,89622
7290011473389,false,קמח כוסמין לבן אורגנ,תבואות מוצרי מזון או,IT,תבואות - קמח כוסמין לבן אורגני,גרמים,500.00,100 גרם,false,1,13.90,0.0278,true,1,72078
7290011473396,true,חיטת כוסמין אורגנית,תבואות מוצרי מזון או,IT,תבואות - חיטת כוסמין אורגנית,Unknown,0.00,Unknown,false,1,10.90,0.0000,true,1,204886
7290011473402,false,קמח כוסמין מלא אורגנ,תבואות מוצרי מזון או,IT,תבואות - קמח כוסמין מלא אורגני,גרמים,0.00,100 גרם,false,1,11.90,0.0000,true,1,72076
7290011473433,false,כוסמת,תבואות,CN,תבואות כוסמת ירוקה אורגנית 500 גרם,גרמים,500.00,100 גרם,false,1,9.90,0.0198,true,1,190345
7290011473525,false,אורז בר 400 גר תבואו,תבואות,US,אורז בר טבעי,גרמים,400.00,100 גרם,false,1,29.90,0.0747,true,1,68869
7290011473594,true,תבואות טחינה אורגנית,,IL,תבואות - טחינה אורגנית,לא מנהל יחידת מידה,0.00,לא מנהל יחידת מידה,false,1,28.90,0.0000,true,1,204865
7290011473624,true,טחינה מלאה אורגנית 1,,IL,טחינה משומשום מלא אורגני,לא מנהל יחידת מידה,0.00,לא מנהל יחידת מידה,false,1,28.90,0.0000,true,1,204864
7290011473648,false,סוכר דמררה 1 קג,תבואות,BR,תבואות סוכר דמררה אורגני 1 קג,קילוגרמים,1.00,"ק""ג",false,1,12.90,12.9000,true,1,53289
7290011473723,true,מלח הימליה דק 1 שקית,תבואות,,מלח הימליה דק שקית,לא מנהל יחידת מידה,0.00,לא מנהל יחידת מידה,false,1,19.90,0.0000,true,1,204857
7290011473730,false,אורז  פרא,תבואות,IL,אורז פרא מעורב טבעי,לא מנהל יחידת מידה,0.01,לא מנהל יחידת מידה,false,1,16.90,1690.0000,true,1,180627
7290011473754,false,תאנים אורגניות,תבואות,TR,תבואות תאנים אורגניות 250 גרם,Unknown,0.00,Unknown,false,1,17.90,0.0000,true,1,80977
7290011473761,true,צימוקים אורגני,תבואות,US,תבואות צימוקים אורגנים 250 גרם,Unknown,0.00,Unknown,false,1,17.90,0.0000,true,1,80975
7290011473778,false,משמש אורגני,תבואות,TR,תבואות משמש אורגני 250 גרם,Unknown,0.00,Unknown,false,1,19.90,0.0000,true,1,80976
7290011473860,false,אבקת שמרי בירה טבעית,תבואות,FR,תבואות אבקת שמרי בירה 250 גרם,Unknown,0.00,Unknown,false,1,22.90,0.0000,true,1,72101
7290011473907,false,סובין חיטה תבואות,תבואות,IL,תבואות - סובין חיטה טבעי,גרמים,200.00,100 גרם,false,1,6.90,0.0345,true,1,53665
7290011474072,true,אטריות מקמח כוסמין א,סגמברו ס.פ.א,IT,תבואות פוסילי פסטה מקמח כוסמין מלא אורגני 500 גרם,לא מנהל יחידת מידה,0.00,לא מנהל יחידת מידה,false,1,19.90,0.0000,true,1,204858
7290011474102,false,קטניות למרק 500 גר א,תבואות,IL,תבואות תערובת קטניות אורגניות למרק 500 גרם,גרמים,500.00,100 גרם,false,1,16.90,0.0338,true,1,86298
7290011474133,true,מגדרה אורגנית,תבואות,IN,תבואות מג'דרה אורגנית 500 גרם,Unknown,0.00,Unknown,false,1,16.90,0.0000,true,1,204918
7290011474324,true,חמוציות אורגניות,תבואות,CA,תבואות חמוציות אורגני 170 גרם,לא מנהל יחידת מידה,0.00,לא מנהל יחידת מידה,false,1,23.90,0.0000,true,1,84014
7290011474331,true,קמח כוסמין מלא טבעי,תבואות,IT,קמח כוסמין מלא טבעי,קילוגרמים,1.00,"ק""ג",false,1,17.90,17.9000,true,1,204849
7290011474454,false,מיקס שעועית אורגני 5,תבואות,IL,תבואות מיקס שעועית אורגני 500 גרם,גרמים,500.00,100 גרם,false,1,14.90,0.0298,true,1,87642
7290011474683,true,מגדרה קינואה אורגנית,תבואות,BO,תבואות - מג'דרה קינואה אורגנית,לא מנהל יחידת מידה,0.00,לא מנהל יחידת מידה,false,1,20.90,0.0000,true,1,204848
7290011474720,true,אורז בסמטי לבן 1 קג,תבואות,IN,אורז בסמטי לבן 1 קג,קילוגרמים,1.00,"ק""ג",false,1,19.90,19.9000,true,1,204902
7290011474843,true,תבואות גוגי ברי 200,תבואות,CN,תבואות ג'וגי ברי 200 גרם,לא מנהל יחידת מידה,0.00,לא מנהל יחידת מידה,false,1,23.90,0.0000,true,1,204851
7290011499051,false,גבינה פטה כבשים 250,MKN עבור מחלבות גד ב,IL,פטה כבשים גבינה מלוחה במי מלח,גרמים,250.00,100 גרם,false,1,28.90,0.1156,true,1,36940
7290011499105,false,גבינה בולגרית 5%  25,ג'נרל מילס סאן אדריא,IL,גבינה בולגרית 5%  250 גרם,גרמים,250.00,100 גרם,false,1,26.90,0.1076,true,1,39846
7290011499112,false,גבינה בולגרית 16% בש,"מיוצר ע""י dsh",IL,בולגריות מיוצרת בשיטה מסורתית 16% 250 גרם,גרמים,250.00,100 גרם,false,1,26.90,0.1076,true,1,39847
7290011499327,false,גבינה בולגרית 5% מעו,מיוצר על ידי DSH עבו,IL,גד גבינת בולגרית מעודנת מחלב בקר במי מלח 5% שומן,גרמים,250.00,100 גרם,false,1,26.90,0.1076,true,1,48338
7290011499341,false,גבינת קאשקבל 200 גרם,הנסיך- מפעל לייצור ט,IL,גד קאשקבלו 26% שומן 200 גרם,גרמים,200.00,100 גרם,false,1,28.90,0.1445,true,1,48868
7290011499365,false,גבינה חלומי נענע גד,"מחלבות גד בע""מ",IL,גד גבינת חלומי קשה מחלב בקר 24% שומן 200 גרם,גרמים,200.00,100 גרם,false,1,22.90,0.1145,true,1,48870
7290011499419,false,גבינת ניו יורק במקרם,מחלבות גד,IL,גד מרקם שמנת ניו יורק 5% 200 גרם,גרמים,200.00,100 גרם,false,1,12.90,0.0645,true,1,54714
7290011499624,false,גבינת שמנת ניו יורק,מחלבות גד,IL,"גד, גבינת שמנת בטעם טבעי 30% , 200 גרם",גרמים,200.00,100 גרם,false,1,13.90,0.0695,true,1,67565
7290011501617,false,חמוציות ברכז תפוחים,אף.סי תבליני בגליל ב,IL,חמוציות ברכז תפוחים ללא סוכר 250 גרם,גרמים,250.00,100 גרם,false,1,16.90,0.0676,true,1,236314
7290011502874,false,גרנולה פירות יבשים 5,"דין שיווק וקליה בע""מ",,גרנולה פירות יבשים 500 גרם שקדיה,גרמים,500.00,100 גרם,false,1,14.90,0.0298,true,1,47426
7290011505776,true,שפודי במבוק 75 יח,הדקלאים אגודת שיתופי,CN,שיפודי במבוק 75 יחידות,לא מנהל יחידת מידה,0.00,לא מנהל יחידת מידה,false,1,3.90,0.0000,true,1,203496
7290011518561,false,מארז אקטימל תות,מיוצר עי קונדיטוריית,IL,אקטימל 14 תות,ליטרים,1.40,ליטר,false,1,32.60,23.2857,true,1,37826
7290011522605,false,מעצב ומפסל שיער,ג'נרל מילס סאן אדריא,IL,מעצב ומחזק תלתלים - אנטי אייגינג טבעי,מיליליטרים,400.00,"100 מ""ל",false,1,22.90,0.0572,true,1,140869
7290011593087,false,שמן זית כתית מעולה ס,סאן אויל עיבוד ושיוו,IL,"שמן זית כתית מעולה סבא חביב 750 מ""ל",מיליליטרים,750.00,"100 מ""ל",false,1,29.90,0.0399,true,1,75446
7290011598211,false,מנקה כללי אנטיקאלק,מיוצר עי קונדיטוריית,IL,אנטי קאלק מרסס כללי רב שימושי  4 ב 1 700 מל,מיליליטרים,700.00,"100 מ""ל",false,1,19.90,0.0284,true,1,45724
7290011607180,false,אבקת כביסה קולון 101,ריקט בנקיזר ( ניר אי,IL,"אבקת כביסה קולון 1.25 ק""ג",קילוגרמים,1.25,"ק""ג",false,1,13.90,11.1200,true,1,39010
7290011607197,false,אבקת כביסה קולון 101,,,"אבקת כביסה קולון 101 5 ק""ג",קילוגרמים,5.00,"ק""ג",false,1,34.90,6.9800,true,1,39011
7290011615260,false,טורטיה 540 גרם,מוטלוקל גידה סאנאי ט,TR,ויליפוד עלי טורטיה 540 ג 12 יחידות,גרמים,540.00,100 גרם,false,1,11.90,0.0220,true,1,56473
7290011618025,false,נגיסי אורז לתינוק,דולפין ספא,CN,נגיסי אורז לתינוק,גרמים,50.00,100 גרם,false,1,13.90,0.2780,true,1,74757
7290011618216,false,נגיסי אורז בטעם בננה,דולפין ספא,CN,בייבי ביס נגיסי אורז בטעם בננה,גרמים,50.00,100 גרם,false,1,13.90,0.2780,true,1,75035
7290011644000,true,חטיף תירס מקלות מתוק,כפרי בריא,IL,מקלות תירס מתוקים 80 גרם,גרמים,80.00,100 גרם,false,1,5.90,0.0738,true,1,229219
7290011723200,false,טחינת הר ברכה 500גרם,הר ברכה תעשיות,,טחינת הר ברכה 500גרם,גרמים,500.00,100 גרם,false,1,18.90,0.0378,true,1,181850
7290011728298,false,טרס פסוס חלפניו ירוק,,,טרס פסוס חלפניו ירוק עם בצל 195גרם,גרמים,195.00,100 גרם,false,1,24.90,0.1277,true,1,233287
7290011728335,false,טרס פסוס סלסה פלפל א,,,טרס פסוס סלסה פלפל אדום וצפטולה 330גרם,גרמים,330.00,100 גרם,false,1,24.90,0.0755,true,1,233289
7290011765118,false,קרמה קצף גילוח דליקט,"אביאפ, איסטנבול, תור",TR,קרמה מן קצף גילוח לעור עדין,מיליליטרים,200.00,"100 מ""ל",false,1,12.90,0.0645,true,1,57647
7290011765415,false,מרכך לילדים בוב ספוג,קוסמופארם,,כיף מרכך לילדים בוב ספוג750 מל,מיליליטרים,750.00,"100 מ""ל",false,1,16.90,0.0225,true,1,42651
7290011765422,false,כיף אל סבון קמומיל,קוסמופארם בע''מ,IL,בוב אלסבון קמומיל 750 מ''ל,מיליליטרים,750.00,"100 מ""ל",false,1,16.90,0.0225,true,1,42652
7290011776091,false,נבטים סיניים ארוז  ל,יושלם,,נבטים סיניים ארוז  ליח,יחידה,1.00,יחידה,false,1,9.90,9.9000,true,1,167714
7290011778118,false,ביצים ארוזות12 יח,יושלם,,ביצים ארוזות12 יח      L,Unknown,0.00,Unknown,false,1,12.05,0.0000,true,1,52811
7290011778200,false,ביצים ארוזות      M,,,ביצים ארוזות                       M 30,Unknown,0.00,Unknown,false,1,27.80,0.0000,true,1,61261
7290011778323,false,ביצים ארוזות      L,יושלם,,ביצים ארוזות                       L 30,Unknown,0.00,Unknown,false,1,30.10,0.0000,true,1,61223
7290011830007,false,סוכר חום אורגני,כפרי בריא,IN,"סוכר חום אורגני 1 ק""ג השדה",קילוגרמים,1.00,"ק""ג",false,1,16.90,16.9000,true,1,41927
7290011830168,true,פרורי לחם אורג כוסמי,המאפיה של הרמן,IL,פירורי לחם מקמח כוסמין,גרמים,200.00,100 גרם,false,1,13.90,0.0695,true,1,55523
7290011830182,false,פסטה כוסמין אורגני פ,דולפין ספא,IT,פסטה כוסמין אורגנית פוזילי 400 גרם,גרמים,400.00,100 גרם,false,1,21.90,0.0547,true,1,198568
7290011830236,true,בייגלה מקמח כוסמין+מ,HIQ FOOD PRODUCTS,IL,בייגלה כוסמין אורגני עם שומשום ומלח,גרמים,200.00,100 גרם,false,1,18.90,0.0945,true,1,75672
7290011830243,false,אטריות אורגני מאורז,דולפין ספא,CN,אטריות אורגניות מאורז תאילנדי,גרמים,250.00,100 גרם,false,1,13.90,0.0556,true,1,55524
7290011830250,false,נודלס אורגני 100% כו,דולפין ספא,CN,אטריות אורגניות מסובה 100% כוסמת מלאה,גרמים,250.00,100 גרם,false,1,13.90,0.0556,true,1,199114
7290011830267,false,נודלס אורז חום 250 ג,דולפין ספא,CN,אטריות אורגניות מאורז מלא,גרמים,250.00,100 גרם,false,1,13.90,0.0556,true,1,55525
7290011830274,false,נודלס אורז שחור אורג,דולפין ספא,CN,אטריות אורגניות מאורז שחור,גרמים,250.00,100 גרם,false,1,13.90,0.0556,true,1,56133
7290011830564,false,פתיבר כוסמין אורגני,דולפין ספא,IL,פתיבר כוסמין אורגני 200 גרם השדה,גרמים,200.00,100 גרם,false,1,12.90,0.0645,true,1,198548
7290011830830,false,"צ""יקו מאנקי",כפרי בריא,IL,צ'יקי מאנקי חטיף בוטנים אורגני,גרמים,20.00,100 גרם,false,1,3.30,0.1650,true,1,76551
7290011830991,true,חטיף ציקי מאנקי 60 ג,כפרי בריא,IL,צ'יקי מאנקי 60 גרם,גרמים,60.00,100 גרם,false,1,6.90,0.1150,true,1,77868
7290011870225,false,סוללות פוזיקום  4AAA,פוג'יקום,,סוללות פוזיקום  4AAA,יחידה,1.00,יחידה,false,1,9.90,9.9000,true,1,199116
7290011870249,false,סוללות פוזיקום 12AAA,פוג'יקום,,סוללות פוזיקום 12AAA,לא מנהל יחידת מידה,0.00,לא מנהל יחידת מידה,false,1,19.90,0.0000,true,1,199129
7290011870256,false,מארז 4 פוגיקום AA,פוג'יקום,,מארז 4 פוגיקום AA,יחידה,1.00,יחידה,false,1,9.90,9.9000,true,1,199115
7290011870270,false,סוללות פוזיקום 12AA,פוג'יקום,,סוללות פוזיקום 12AA,לא מנהל יחידת מידה,0.00,לא מנהל יחידת מידה,false,1,19.90,0.0000,true,1,199130
7290011870720,false,סוללות פוזיקום  D,פוג'יקום,,סוללות פוזיקום  D,יחידה,1.00,יחידה,false,1,23.90,23.9000,true,1,66513
7290011870737,false,סוללות פוזיקום  C,פוג'יקום,,סוללות פוזיקום  C,יחידה,1.00,יחידה,false,1,21.90,21.9000,true,1,199125
7290011870744,false,סוללות פוזיקום 9V,פוג'יקום,,סוללות פוזיקום 9V,יחידה,1.00,יחידה,false,1,19.90,19.9000,true,1,66514
7290011877095,false,רדיד אלומיניום זוג,בורסה פזרי,,רדיד אלומיניום זוג15מ רוחב45סמ,מטרים,1500.00,מטר,false,1,25.60,0.0171,true,1,46223
7290011877446,false,בייבי כיף קרם,קוסמופארם בע''מ,IL,בייבי כיף קרם נגד גירויים,מיליליטרים,100.00,"100 מ""ל",false,1,11.90,0.1190,true,1,49387
7290011878351,true,תמר מגהול אורגני 400,,,תמר מגהול אורגני 400,Unknown,0.00,Unknown,false,1,29.90,0.0000,true,1,220683
7290011878375,true,תמר דקל נור 400 גרם,,,תמר דקל נור 400 גרם אורגני נאות סמדר,גרמים,400.00,100 גרם,false,1,19.90,0.0497,true,1,220684
7290011947309,false,זית ירוק עם לימון כב,זיתא – י.ט.ב תעשיות,IL,זית סורי מבוקע,גרמים,230.00,100 גרם,false,1,13.90,0.0604,true,1,182247
7290011947316,false,זיתי קלמטה זיתא 217,סטאר סנקס,IL,זית קלמטה בשמן זית כתית מעולה,גרמים,217.00,100 גרם,false,1,13.90,0.0641,true,1,185763
7290011947781,false,זית ירוק קלמטה ללא ג,זיתא,IL,זית ירוק קלמטה ללא גלעין מיקס זיתא190גרם,גרמים,190.00,100 גרם,false,1,13.90,0.0732,true,1,214171
7290011947798,false,זית קלמטה ללא גלעין,זיתא,IL,זית קלמטה ללא גלעין זיתא 190 גרם,גרמים,190.00,100 גרם,false,1,13.90,0.0732,true,1,214170
7290011947835,false,שמן כתית מעולה בטעם,סטאר סנקס,IL,זיתא שמן כתית מעולה כמהין,גרמים,240.00,100 גרם,false,1,20.90,0.0871,true,1,233699
7290011947842,false,שמן כתית מעולה עם מי,סטאר סנקס,IL,זיתא שמן כתית מעולה פסטו,גרמים,240.00,100 גרם,false,1,20.90,0.0871,true,1,233697
7290011947859,false,שמן כתית מעולה עם מי,סטאר סנקס,IL,זיתא שמן כתית מעולה פסטו,מיליליטרים,240.00,"100 מ""ל",false,1,20.90,0.0871,true,1,233698
7290011947866,false,מיקס זיתים זיתא  בפח,זיתא,GR,מיקס זיתים בפח,גרמים,440.00,100 גרם,false,1,15.90,0.0361,true,1,215756
7290011947903,false,זיתים מיקס יווני זית,זיתא,IL,זיתים מיקס יווני זיתא 215 גרם,גרמים,215.00,100 גרם,false,1,13.90,0.0647,true,1,215847
7290011947972,false,זית ירוק ללא גלעין ט,זיתא,IL,זית ירוק ללא גלעין טימין ורוזמרין  זיתא 215גרם,גרמים,215.00,100 גרם,false,1,13.90,0.0647,true,1,236952
7290011947989,false,זית ירוק ללא גלעין ש,זיתא,IL,זית ירוק ללא גלעין שום ושמן זית זיתא 215,גרמים,215.00,100 גרם,false,1,13.90,0.0647,true,1,236951
7290011959692,false,ביסקולידה ביג,תות תעשיות מזון (201,IL,נסטלה ביסקולידה ביג בדצ 36*72גרם,לא מנהל יחידת מידה,0.00,לא מנהל יחידת מידה,false,1,9.50,0.0000,true,1,58966
7290011964344,false,שום גבישי במיכל,תות ממתקי איכות,IL,תבליני טעם וריח מיכל שום גבישי 120 גרם,גרמים,120.00,100 גרם,false,1,9.90,0.0825,true,1,47465
7290011964658,false,מלח לימון,תות ממתקי איכות,IL,תבליני טעם וריח מלח לימון 100% 170 גרם,גרמים,170.00,100 גרם,false,1,9.90,0.0582,true,1,56044
7290011964689,false,תבלין על האש מיכל,תות ממתקי איכות,IL,"תבליני טעם וריח תערובת תיבול על האש, 100 גרם",Unknown,0.00,Unknown,false,1,9.90,0.0000,true,1,65776
7290011964702,false,תבלין לשווארמה מיכל,תות ממתקי איכות,IL,"תבליני טעם וריח תערובת תיבול לשווארמה, 100 גרם",גרמים,110.00,100 גרם,false,1,9.90,0.0900,true,1,65778
7290011971694,false,ספגטי טריקולור,פסטיפיסוי פליצ'טי,IT,ספגטי טריקולור אורגני,גרמים,500.00,100 גרם,false,1,15.90,0.0318,true,1,62244
7290011996017,false,אטריות תרד 454 גרם,קסימאן,,אטריות תרד 454 גרם,גרמים,454.00,100 גרם,false,1,7.50,0.0165,true,1,50704
7290011996086,false,רוטב צילי חריף 700,,,רוטב צילי חריף 700,מיליליטרים,160.00,"100 מ""ל",false,1,10.90,0.0681,true,1,56160
7290011996109,false,רוטב צילי מתוק אסיה,מזרח מערב,,"רוטב צילי מתוק אסיה 700 מ""ל",מיליליטרים,700.00,"100 מ""ל",false,1,9.90,0.0141,true,1,55898
7290011996123,false,דפי אצות ים נורי 10,דדוש דניאל,,דפי אצות ים נורי 10 יח,גרמים,25.00,100 גרם,false,1,10.90,0.4360,true,1,50711
7290011996222,false,חלב קוקוס אסיה 400 מ,פוקולוקו,,"חלב קוקוס אסיה 400 מ""ל",מיליליטרים,400.00,"100 מ""ל",false,1,5.90,0.0148,true,1,56170
7290011996529,false,"אטריות אורז 5 מ""מ 40",להיאן תאי רייס,,"אטריות אורז 5 מ""מ 400 גרם",גרמים,400.00,100 גרם,false,1,8.50,0.0213,true,1,53011
7290011996567,false,רוטב סאטה 240,יושלם,,רוטב סאטה 240,מיליליטרים,160.00,"100 מ""ל",false,1,12.90,0.0806,true,1,56158
7290011996581,false,רוטב חמוץ מתוק 300 מ,פוקולוקו,,"רוטב חמוץ מתוק 300 מ""ל",מיליליטרים,300.00,"100 מ""ל",false,1,9.90,0.0330,true,1,52787
7290011996604,false,רוטב פאד תאי 300 מל,דדוש,,רוטב פאד תאי 300 מל,מיליליטרים,300.00,"100 מ""ל",false,1,15.90,0.0530,true,1,52779
7290011996642,false,שומשום שחור קלוי,אסיה,,שומשום שחור קלוי 100 גרם,גרמים,100.00,100 גרם,false,1,12.90,0.1290,true,1,50707
7290011996703,false,אצות וואקאמה מיובשות,פוקולוקו,,אצות וואקאמה מיובשות 100 גרם,גרמים,100.00,100 גרם,false,1,14.90,0.1490,true,1,62597
7290011996758,false,קמח טמפורה 500 גרם,אסיה,,קמח טמפורה 500 גרם,גרמים,500.00,100 גרם,false,1,9.90,0.0198,true,1,71821
7290011996765,false,וואסבי שפורפרת 43 גר,פוקולוקו,,וואסבי שפורפרת 43 גרם,גרמים,43.00,100 גרם,false,1,8.90,0.2070,true,1,56461
7290011996789,false,פירורי לחם יפניים פנ,שנחאי אנגאנה פוד,,פירורי לחם יפניים פנקו 200 גרם,גרמים,200.00,100 גרם,false,1,7.90,0.0395,true,1,56872
7290011996802,false,אבקת ווסאבי 70 גרם,פוקולוקו,,אבקת ווסאבי 70 גרם,גרמים,70.00,100 גרם,false,1,13.90,0.1986,true,1,50712
7290011996819,false,אטריות סיניות מקלוני,מזרח מערב,,אטריות סיניות מקלוני שעועית 250 גרם,גרמים,250.00,100 גרם,false,1,5.90,0.0236,true,1,55111
7290012001994,false,"חרדל דיז""ון גרגירים",כלורוקס אוקלנד,FR,חרדל דיגון גרעינים 350 גרם כפ,גרמים,350.00,100 גרם,false,1,12.90,0.0369,true,1,65781
7290012019258,false,מחית תפוחי עץ רביעיי,Cherry growers inc,,מחית תפוחי עץ רביעייה 452 גרם,גרמים,452.00,100 גרם,false,1,12.90,0.0285,true,1,83538
7290012019265,false,מחית תפוחי עץ דיאט ר,Cherry growers inc,,מחית תפוחי עץ דיאט רביעייה 452 גרם,גרמים,452.00,100 גרם,false,1,12.90,0.0285,true,1,83539
7290012022203,false,קליליות חיטה מלאה,דילייט,,קליליות חיטה מלאה 100 גרם,גרמים,100.00,100 גרם,false,1,13.90,0.1390,true,1,161133
7290012022227,false,קליליות בטעם טבעי,דילייט,,קליליות בטעם טבעי 70גרם,גרמים,70.00,100 גרם,false,1,11.90,0.1700,true,1,161134
7290012028694,false,טבק לגלגול צסטרפילד,,,טבק צסטרפילד אורגינל חפיסה,לא מנהל יחידת מידה,0.00,לא מנהל יחידת מידה,false,1,65.90,0.0000,true,1,197873
7290012031137,false,סיגריות L.M מושן ניי,פיליפ מוריס,,סיגריות L.M מושן נייט 7.0 חפיסה,יחידה,1.00,יחידה,false,1,26.80,26.8000,false,1,208794
7290012040450,false,"טבק צ""סטרפילד פרימיו",,,"טבק צ""סטרפילד פרימיום הלצוורה 30PP חפיסה",יחידה,1.00,יחידה,false,1,65.90,65.9000,true,1,210797
7290012040474,false,טבק מרלבורו רדPP חפי,,,טבק מרלבורו רדPP חפיסה,יחידה,1.00,יחידה,false,1,79.90,79.9000,true,1,210798
7290012040528,false,טבק נקסט אוריגינל PP,,,טבק נקסט אוריגינל PP חפיסה,יחידה,1.00,יחידה,false,1,84.90,84.9000,true,1,210800
7290012052385,false,גרנולה רפאל מוזלי,פוקה,IL,ג. רפאל 720 ג' מוזלי שקדים פ.יער רפאל'ס,גרמים,80000.00,100 גרם,false,1,29.90,0.0004,true,1,193330
7290012052477,false,צוקולומומו - מיקס זר,פוקה,IL,צ'וקולומומו עשבי תיבול 250 ג' רפאל'ס,גרמים,250.00,100 גרם,false,1,18.90,0.0756,true,1,194611
7290012052613,false,חטיף פוזיטיב מיקס*6,פוקה,IL,ח. פוזיטיב שישיה מיקס 142 גר' רפאל'ס,גרמים,144.00,100 גרם,false,1,18.90,0.1312,true,1,192811
7290012052804,true,טראפלס תמרים אגוזי ל,פוקה,IL,חטיפי טראפלס תמרים אגוזי לוז וקקאו 8 יח'*120 גר',לא מנהל יחידת מידה,0.00,לא מנהל יחידת מידה,false,1,13.90,0.0000,true,1,210031
7290012052811,true,טראפלס תמרים קשיו וח,פוקה,IL,חטיפי טראפלס תמרים קשיו חמוציות 8 יח'*120 גר',Unknown,0.00,Unknown,false,1,13.90,0.0000,true,1,210032
7290012116537,false,אבקת כביסה מאסק,טרופיקל דגיל תעשיות,IL,"סנו מקסימה בניחוח מאסק, 2.5 קג",קילוגרמים,2.50,"ק""ג",false,1,28.90,11.5600,true,1,60632
7290012116629,false,סנו די תינוקות/ילדים,מיוצר עי קונדיטוריית,IL,סנו די תחליב דוחה יתושים לתינוקות ולילדים 50 מל,מיליליטרים,50.00,"100 מ""ל",false,1,19.90,0.3980,true,1,56699
7290012116735,false,נ ט סופט גליל גמבו 2,סנו מפעלי ברונוס בעמ,IL,נ ט סופט גליל גמבו 24 יחידות,מטרים,90000.00,מטר,false,1,42.90,0.0005,true,1,76365
7290012117091,false,אבקת כביסה סנסטיב,הורביץ סחר,IL,אבקת כביסה מרוכזת SENSITIVE,קילוגרמים,6.00,"ק""ג",false,1,49.90,8.3167,true,1,62680
7290012117428,false,"ג""ל רחצה ושמפו קרמה",טרופיקל דגיל תעשיות,IL,קרמה מן שמפו וג'ל 2 ב-1 מנטה 700 מ''ל,מיליליטרים,700.00,"100 מ""ל",false,1,18.90,0.0270,true,1,56779
7290012117534,false,מרכך כביסה מרוכז,"איי, בי, אינבוו",IL,מקסימה מרכך כביסה מרוכז (COOL) 1 ליטר,ליטרים,1.00,ליטר,false,1,18.90,18.9000,true,1,64966
7290012117916,false,אינסטלטור נוזלי,"איי, בי, אינבוו",IL,סנו אינסטלטור נוזלי 1 ליטר,ליטרים,1.00,ליטר,false,1,28.90,28.9000,true,1,84973
7290012191886,false,גפרורים ענקיים,,IN,גפרורים ענקיים,Unknown,0.00,Unknown,false,1,6.90,0.0000,true,1,213786
7290012193163,false,פמילי לקשרי אלסבון,אף.סי תבליני בגליל ב,TR,פמילי אל סבון נוזלי פרחי בר רעננים 1 ליטר,ליטרים,1.00,ליטר,false,1,14.90,14.9000,true,1,83911
7290012226021,false,סלמי מעושן פראג זוגל,זוגלובק,IL,זוגלובק סלמי מעושן פראג 400 גרם א.מ.,גרמים,400.00,100 גרם,false,1,22.90,0.0572,true,1,63106
7290012226076,false,פסטרמה חרמון 200 גרם,כצט,IL,זוגלובק חרמון הודו ועוף 200 גרם,גרמים,200.00,100 גרם,false,1,14.90,0.0745,true,1,209159
7290012226120,false,קבנוס 135 גרם,כצט,IL,זוגלובק קבנוס 135 גרם,גרמים,135.00,100 גרם,false,1,12.50,0.0926,true,1,68625
7290012226922,false,קבנוס עם שום 135 גרם,כצט,IL,זוגלובק קבנוס עם שום 135 גרם,גרמים,135.00,100 גרם,false,1,12.50,0.0926,true,1,73052
7290012226939,false,"קבנוס עם צ""לי חריף 1",כצט,IL,זוגלובק קבנוס עם צ'ילי חריף 135 גרם,גרמים,135.00,100 גרם,false,1,12.50,0.0926,true,1,73053
7290012227172,false,מארז  כפריות פסטרמות,כצט,IL,כפריות פסטרמות הודו דבש+ברביקיו  זוגלובק,גרמים,600.00,100 גרם,false,1,33.90,0.0565,true,1,82970
7290012227974,false,פסטרמה בדבש דק דק 12,כצט,IL,זוגלובק פסטרמה בדבש 120 גרם דק דק דק,גרמים,120.00,100 גרם,false,1,14.90,0.1242,true,1,201623
7290012227981,false,פסטרמה ברביקיו דק דק,כצט,IL,זוגלובק פסטרמה ברביקיו 120 גרם דק דק דק,גרמים,120.00,100 גרם,false,1,14.90,0.1242,true,1,201624
7290012228230,false,פסטרמה חזה עוף דק דק,כצט,IL,פסטרמה חזה עוף דק דק 120 גרם,גרמים,120.00,100 גרם,false,1,14.90,0.1242,true,1,201625
7290012228261,false,נקנקיות בוקוורסט הוד,כצט,IL,זוגלובק נקניקיות הודו פרמיום קנקרס ריינהולד'ס,גרמים,300.00,100 גרם,false,1,20.00,0.0667,true,1,198020
7290012228971,false,סלמי תה פפרוני זוגלו,זוגלובק,IL,סלמי תה פפרוני זוגלובק  180 גרם,גרמים,180.00,100 גרם,false,1,14.90,0.0828,true,1,236295
7290012245176,false,CHIPS  וופל ציפס קרי,אגריסטו,BE,CHIPS  וופל ציפס קריספי 700גרם,גרמים,700.00,100 גרם,false,1,13.90,0.0199,true,1,237594
7290012245183,false,CHIPS  ציפס  קריספי,אגריסטו,BE,CHIPS  ציפס  קריספי קלאסי700גרם,גרמים,700.00,100 גרם,false,1,11.90,0.0170,true,1,237595
7290012245312,false,גולד ציפס אמריקאי 1.,יוליניבר,BE,ציפס אמריקאי 1.5 קג,קילוגרמים,1.50,"ק""ג",false,1,20.90,13.9333,true,1,201709
7290012245336,false,סטייק ציפס גולד 1.5,אגריסטו,NL,"סטייק ציפס גולד 1.5 ק""ג",קילוגרמים,1.50,"ק""ג",false,1,20.90,13.9333,true,1,238332
7290012263453,false,מד חום גמיש מהיר,גזיאנג,CN,מד חום גמיש מהיר,יחידה,1.00,יחידה,false,1,17.90,17.9000,true,1,213881
7290012309939,false,חלבה מסולסלת 500 גרם,אף.סי תבליני בגליל ב,IL,חלבה מסולסלת 500 גרם ששון הקולה,גרמים,500.00,100 גרם,false,1,14.90,0.0298,true,1,184531
7290012313264,false,כרוב כבוש 560 גרם יב,קדבורי,IL,כרוב כבוש 560 גרם יבנה,גרמים,560.00,100 גרם,false,1,8.90,0.0159,true,1,202362
7290012413636,false,תה ירוק צאי מסאלה25,HIQ FOOD PRODUCTS,IL,תה ירוק צ'אי T.T,גרמים,37.00,100 גרם,false,1,25.90,0.7000,true,1,79283
7290012413643,false,תה ירוק קמומיל 25 שק,ארזינא,IL,תה ירוק קמומיל T.T,גרמים,37.00,100 גרם,false,1,25.90,0.7000,true,1,84813
7290012454578,false,קישוט לעוגה לבן מיה,מיה,IL,קישוט לעוגה לבן מיה  70גרם,גרמים,70.00,100 גרם,false,1,5.90,0.0843,true,1,240008
7290012475108,false,קפה שעורה,קרלו,EG,משקה שעורה נמס 75 גר,גרמים,75.00,100 גרם,false,1,14.90,0.1987,true,1,72695
7290012522581,false,שניצל תירס ללא גלוטן,כצט,IL,שניצל תירס ללא גלוטן 660 גרם,גרמים,660.00,100 גרם,false,1,32.90,0.0498,true,1,79936
7290012525452,false,טילון אקסטרים שוקו ו,המאפיה של הרמן,IL,אקסטרים טילון שוקו וניל בדצ 24*70גרם-חדש,גרמים,70.00,100 גרם,false,1,9.50,0.1357,true,1,64405
7290012576591,false,יין גוורצטרמינר רזרב,יקבי ברקן,IL,"יין גוורצטרמינר רזרב 750  מ""ל",מיליליטרים,750.00,"100 מ""ל",false,1,49.90,0.0665,true,1,205886
7290012642586,false,ערמונים קלופים 100 ג,Tangshan huiyuan foo,,ערמונים קלופים 100 גר תומר,גרמים,100.00,100 גרם,false,1,4.90,0.0490,true,1,85568
7290012645051,false,יוגורט עיזים בגביע,,IL,יוגורט עיזים בגביע 350 גר,גרמים,350.00,100 גרם,false,1,11.50,0.0329,true,1,231260
7290012645068,false,גבינה מותכת מחלב עיז,"נארז ע""י : א.ג. גילר",IL,גבינה מותכת מחלב עיזים ישראלה 180גרם 16%,גרמים,180.00,100 גרם,false,1,24.90,0.1383,true,1,233510
7290012645075,false,יוגורט כבשים יווני ח,חלב הארץ,IL,יוגורט כבשים יווני חלב הארץ 350גרם,גרמים,350.00,100 גרם,false,1,11.90,0.0340,true,1,233511
7290012645112,false,"יוגורט עיזים 750 מ""ל",פרח,IL,"יוגורט עיזים 750 מ""ל",מיליליטרים,750.00,"100 מ""ל",false,1,19.90,0.0265,true,1,201181
7290012645129,false,"יוגורט כבשים 750 מ""ל",פרח,IL,"יוגורט כבשים 750 מ""ל",מיליליטרים,750.00,"100 מ""ל",false,1,19.90,0.0265,true,1,201180
7290012645174,false,גבינת עיזים  5% חלב,חלב הארץ,IL,גבינת עיזים  5% חלב הארץ  200גרם,גרמים,200.00,100 גרם,false,1,13.90,0.0695,true,1,237857
7290012645389,false,יוגורט עיזים טבעי 1,פרח,IL,חלב הארץ יוגורט עיזים 1 ליטר בבקבוק,ליטרים,1.00,ליטר,false,1,23.90,23.9000,true,1,83107
7290012697234,false,סוכרזית סטיוויה 75 ט,אף.סי תבליני בגליל ב,IL,סוכרזית סטיוויה 75 טבליות,גרמים,6.00,100 גרם,false,1,18.70,3.1167,true,1,81463
7290012697241,false,סוכרזית סטיוויה נוזל,אף.סי תבליני בגליל ב,IL,סוכרזית מצמח הסטיוויה נוזל,מיליליטרים,220.00,"100 מ""ל",false,1,32.90,0.1495,true,1,81679
7290012759017,false,חטיף אנרגיה מיקס ממה,ממה חטיפי אנרגיה,,חטיף אנרגיה מיקס ממה 50 גרם,גרמים,50.00,100 גרם,false,1,7.50,0.1500,true,1,56551
7290012759031,false,חטיף אנרגיה בננה ופק,ממה חטיפי אנרגיה,,חטיף אנרגיה בננה ופקאן ממה אישי 50 גרם,גרמים,50.00,100 גרם,false,1,7.50,0.1500,true,1,64528
7290012759215,false,חטיף אנרגיה קינואה ט,ממה חטיפי אנרגיה,,חטיף אנרגיה קינואה טחינה אגוזים ממה 25 ג,גרמים,25.00,100 גרם,false,1,7.50,0.3000,true,1,180348
7290012759253,false,טרפלס תמרים וקקאו 28,ממה חטיפי אנרגיה,,טרפלס תמרים וקקאו 280 גרם,גרמים,280.00,100 גרם,false,1,32.90,0.1175,true,1,89214
7290012759444,false,טרפלס חמאת בוטנים 28,ממה חטיפי אנרגיה,,טרפלס חמאת בוטנים 280 גרם,גרמים,280.00,100 גרם,false,1,32.90,0.1175,true,1,195448
7290012759529,false,טרפלס טחינה ושקדים 2,ממה חטיפי אנרגיה,,טרפלס טחינה ושקדים 280 גרם,גרמים,280.00,100 גרם,false,1,32.90,0.1175,true,1,199143
7290012759635,false,כדורי  תמרים וקקאו 5,ממה חטיפי אנרגיה,IL,כדורי  תמרים וקקאו 50גרם,גרמים,50.00,100 גרם,false,1,8.90,0.1780,true,1,204378
7290012759659,false,עוגיות בראוניז קוקוס,ממה חטיפי אנרגיה,IL,עוגיות בראוניז קוקוס ואגוז מלך 240 גרם,גרמים,240.00,100 גרם,false,1,27.90,0.1162,true,1,209331
7290012759666,false,עוגיות בראוניז פקאן,ממה חטיפי אנרגיה,IL,עוגיות בראוניז פקאן ופולי קקאו 240 גרם,גרמים,240.00,100 גרם,false,1,27.90,0.1162,true,1,209330
7290012759673,false,עוגיות בראוניז חמאת,ממה חטיפי אנרגיה,IL,עוגיות בראוניז חמאת בוטנים 240 גרם,גרמים,240.00,100 גרם,false,1,27.90,0.1162,true,1,209329
7290012759710,false,חטיף בראוניז קוקוס ו,ממה חטיפי אנרגיה,IL,חטיף בראוניז קוקוס ואגוז מלך 50 גרם,גרמים,50.00,100 גרם,false,1,8.50,0.1700,true,1,209328
7290012759727,false,חטיף בראוניז פקאן ופ,ממה חטיפי אנרגיה,IL,חטיף בראוניז פקאן ופולי קקאו 50 גרם,גרמים,50.00,100 גרם,false,1,8.50,0.1700,true,1,209327
7290012759949,false,מארז חטיף חלבון תמר,ממה,IL,מארז חטיף חלבון תמר קרם לוז יה עם חלבון,גרמים,50.00,100 גרם,false,1,9.90,0.1980,true,1,214172
7290012759956,false,מארז חטיף חלבון תמר,ממה,IL,מארז חטיף חלבון תמר פקאן  עם חלבון,גרמים,50.00,100 גרם,false,1,9.90,0.1980,true,1,214173
7290012803055,false,סוכרלוז מרמולייט 100,תות ממתקי איכות,IL,סוכרלוז מרמולייט 100 שקיות,גרמים,100.00,100 גרם,false,1,26.90,0.2690,true,1,56519
7290012803765,false,שוקולד מריר ללא סוכר,האי נאם סי או אל.טי.,TR,טוסו שוקולד מריר ללא תוספת סוכר 100 גרם,גרמים,100.00,100 גרם,false,1,11.90,0.1190,true,1,81883
7290012803772,false,שוקולד חלב ללא סוכר,האי נאם סי או אל.טי.,TR,טוסו שוקולד חלב ללא תוספת סוכר 100 גרם,גרמים,100.00,100 גרם,false,1,11.90,0.1190,true,1,81884
7290012823602,false,נייר טואלט סופט 32 ג,טרופיקל דגיל תעשיות,IL,נייר טואלט סופט 32 גלילים,מטרים,58800.00,מטר,false,1,33.90,0.0006,true,1,71901
7290012823947,false,מרכך כביסה פרפיום קר,מיוצר עי קונדיטוריית,IL,"מרכך כביסה פרפיום קריסטל נואר 750 מ""ל",מיליליטרים,750.00,"100 מ""ל",false,1,18.90,0.0252,true,1,69894
7290012864001,false,נבטי חמניה,חקלאי,IL,נבטי חמניה,לא מנהל יחידת מידה,0.00,לא מנהל יחידת מידה,false,1,9.90,0.0000,true,1,68515
7290012864025,false,נבטי אלפלפא,חקלאי,IL,נבטי אלפלפא,לא מנהל יחידת מידה,0.00,לא מנהל יחידת מידה,false,1,6.90,0.0000,true,1,215081
7290012901256,false,חומץ תפוחים גאלה 946,פיניקל פודס גרופ,US,"חומץ תפוחים גאלה 946 מ""ל",גרמים,946.00,100 גרם,false,1,13.90,0.0147,true,1,206724
7290012901355,false,אטריות מקרוני עם גבי,האי נאם סי או אל.טי.,US,ארוחת מקרוני עם רוטב על בסיס גבינה,גרמים,206.00,100 גרם,false,1,11.90,0.0578,true,1,190123
7290012901362,false,מחיות תפוח עץ אפלסנק,,CA,מחיות תפוח עץ אפלסנקס  אורגני  ללס ששיות,גרמים,678.00,100 גרם,false,1,25.90,0.0382,true,1,237030
7290012901959,false,אטריות עם גבינה מסול,,US,אטריות עם גבינה מסולסלים Doodles גרם156,גרמים,156.00,100 גרם,false,1,11.90,0.0763,true,1,211425
7290012911170,false,"מיסו כהה אסיה 500 מ""",פוקולוקו,,"מיסו כהה אסיה 500 מ""ל",מיליליטרים,500.00,"100 מ""ל",false,1,11.90,0.0238,true,1,68485
7290012911187,false,מיסו בהיר אסיה 500 מ,אסיה,,"מיסו בהיר אסיה 500 מ""ל",מיליליטרים,500.00,"100 מ""ל",false,1,11.90,0.0238,true,1,69031
7290012911293,false,"דפי אורז 22 ס""מ 300",אסיה,,"דפי אורז 22 ס""מ 300  גרם",גרמים,300.00,100 גרם,false,1,11.90,0.0397,true,1,66802
7290012911415,false,ממרח קארי ירוק 400 ג,קיי אר אס ספייסי פוד,,ממרח קארי ירוק 400 גרם,גרמים,400.00,100 גרם,false,1,17.90,0.0447,true,1,78747
7290012911422,false,ממרח קארי אדום 400 ג,מזרח ומערב,,ממרח קארי אדום 400 גרם,גרמים,400.00,100 גרם,false,1,17.90,0.0447,true,1,78246
7290012911439,false,ממרח קארי צהוב 400 ג,מזרח ומערב,,ממרח קארי צהוב 400 גרם,גרמים,400.00,100 גרם,false,1,17.90,0.0447,true,1,78634
7290012911552,false,חטיף אפונה טבעית בצי,פוקולוקו,,חטיף אפונה טבעית בציפוי וואסבי 150 גרם,גרמים,150.00,100 גרם,false,1,16.90,0.1127,true,1,77316
7290012911583,false,רצועות דלעת כבושה קנ,מזרח מערב,,רצועות דלעת כבושה קנפיו 100 גרם,גרמים,100.00,100 גרם,false,1,9.90,0.0990,true,1,77313
7290012911613,false,צנון יפני כבוש,,,צנון יפני כבוש,גרמים,100.00,100 גרם,false,1,8.90,0.0890,true,1,78622
7290012911675,false,פטריות שיטאקה אסיה 8,מזרח מערב,IL,פטריות שיטאקה אסיה 85 גרם,גרמים,85.00,100 גרם,false,1,17.90,0.2106,true,1,85236
7290012911729,false,גינגר לסושי אסיה 250,פוקולוקו,,גינגר לסושי אסיה 250 גרם,גרמים,250.00,100 גרם,false,1,7.50,0.0300,true,1,84568
7290012911804,false,שמן שומשום אסיה 150,מזרח מערב,,"שמן שומשום אסיה 150 מ""ל",מיליליטרים,150.00,"100 מ""ל",false,1,11.90,0.0793,true,1,74522
7290012911866,false,דפי אורז מרובעים 300,פוקולוקו,,דפי אורז מרובעים 300 גרם,גרמים,300.00,100 גרם,false,1,11.90,0.0397,true,1,87736
7290012911941,false,רוטב צילי מתוק ללא ס,,,רוטב צילי מתוק ללא סוכר700גרם,גרמים,700.00,100 גרם,false,1,13.90,0.0199,true,1,84985
7290012911965,false,גינגר כבוש 250 גר מז,יושלם,,גינגר כבוש 250 גר מזרח ומערב,גרמים,250.00,100 גרם,false,1,8.90,0.0356,true,1,89875
7290012921025,false,בירה מלכה בהירה בקבו,"איי, בי, אינבוו",IL,בירה מלכה בהירה 6.5% כוהל 330 מל,מיליליטרים,330.00,"100 מ""ל",false,1,13.90,0.0421,true,1,79205
7290012921032,false,בירה מלכה אדמונית בק,"איי, בי, אינבוו",IL,בירה מלכה אדמונית 5.5% כוהל 330 מל,מיליליטרים,330.00,"100 מ""ל",false,1,13.90,0.0421,true,1,79204
7290012936838,true,הל טחון 35גרם,א.ל ייצור ושיווק תבל,IL,תבליני מימון הל טחון 35 גרם,Unknown,0.00,Unknown,false,1,17.90,0.0000,true,1,207479
7290012936937,false,בהרט,א.ל ייצור ושיווק תבל,IL,תבליני מימון בהרט 40 גרם,Unknown,0.00,Unknown,false,1,11.50,0.0000,true,1,70101
7290012962608,false,צלחות פלסטיק עבות במ,F.T.I,,"צלחות פלסטיק עבות במיוחד 25 יחידות 22 ס""",לא מנהל יחידת מידה,0.00,לא מנהל יחידת מידה,false,1,13.90,0.0000,true,1,209333
7290012962974,false,כפית מהודרת עבה במיו,F.T.I,,כפית מהודרת עבה במיוחד 50 יחידות,לא מנהל יחידת מידה,0.00,לא מנהל יחידת מידה,false,1,8.90,0.0000,true,1,205837
7290012983320,false,מלית תמרים כנרת בגבי,מנדלז סי.אר. פרודקשן,IL,מלית תמרים 450 גר',גרמים,450.00,100 גרם,false,1,6.60,0.0147,true,1,192997
7290012983610,true,תמר כבוש,מנדלז סי.אר. פרודקשן,IL,תמר כבוש 500 גר',גרמים,500.00,100 גרם,false,1,15.90,0.0318,true,1,203759
7290012996610,false,טבליות אסלה 400 גרם,ג'נרל מילס סאן אדריא,DE,הפי טבליות לניקוי אסלה יעקבי 16 יחידות,גרמים,400.00,100 גרם,false,1,16.70,0.0417,true,1,71555
7290013027399,false,לחם 100% קמח מלא קל,"איטיליאן פוד, אס.פי.",IL,לחם 100% קמח מלא קל בתוספת שיפון,גרמים,750.00,100 גרם,false,1,16.90,0.0225,true,1,71556
7290013068361,false,שמן זית אליעד כתית מ,קרלו,IL,שמן זית אליעד כתית מעולה 750 מל,מיליליטרים,750.00,"100 מ""ל",false,1,36.90,0.0492,true,1,209941
7290013068699,false,שמן זית כתית מעולה ע,קרלו,IL,"שמן זית כתית מעולה עשיר אליעד 750מ""ל",מיליליטרים,750.00,"100 מ""ל",false,1,36.90,0.0492,true,1,212139
7290013068705,false,שמן זית כתית מעולה ק,קרלו,IL,שמן זית כתית מעולה קטיפתי אליעד750 מל,מיליליטרים,750.00,"100 מ""ל",false,1,36.90,0.0492,true,1,212138
7290013083661,false,אקסטרה קייר שלב   1,מטרנה תעשיות ש.מ,IL,מטרנה אקסטרה קייר שלב 1 חיסכון,גרמים,700.00,100 גרם,false,1,64.90,0.0927,true,1,67879
7290013083678,false,מטרנה אקסטרה קייר של,מולינו ניקולי s.p.a,IL,מטרנה אקסטרה קייר שלב 2  700 גרם,גרמים,700.00,100 גרם,false,1,64.90,0.0927,true,1,67880
7290013083685,false,מטרנה אקסטרה קייר של,מטרנה תעשיות ש.מ,IL,מטרנה אקסטרה קייר שלב 3 700 גרם,גרמים,700.00,100 גרם,false,1,64.90,0.0927,true,1,67881
7290013117212,false,בורקס פילו במילוי גב,מיוצר עי קונדיטוריית,IL,בורקס פילו במילוי גבינה 600 גרם,גרמים,600.00,100 גרם,false,1,22.50,0.0375,true,1,62060
7290013117236,false,בורקס פילו פיצה 600,מיוצר עי קונדיטוריית,IL,בורקס פילו פיצה 600 גרם,גרמים,600.00,100 גרם,false,1,22.50,0.0375,true,1,62062
7290013117410,false,מארז בצק פריך מתוק,"מעדנות בע""מ",IL,מארז בצק פריך מתוק 450 גר            2*,גרמים,900.00,100 גרם,false,1,25.40,0.0282,true,1,72831
7290013117427,false,מארז בצק פריך מלוח *,"מעדנות בע""מ",IL,מארז בצק פריך מלוח *2  450 גרם,גרמים,900.00,100 גרם,false,1,25.40,0.0282,true,1,72832
7290013117526,false,בצק שמרים למאפים,"מעדנות בע""מ",IL,בצק שמרים למאפים מתוקים 900 גר,גרמים,900.00,100 גרם,false,1,25.40,0.0282,true,1,74830
7290013121028,false,לחם לבן ללא גלוטן 50,דולפין ספא,IL,לחם לבן ללא גלוטן 500 גרם,גרמים,500.00,100 גרם,false,1,20.90,0.0418,true,1,72104
7290013121127,false,"לחמניות מיני 6 יח  """,דולפין ספא,IL,לחמניות מיני 6 יח ללא גלוטן,גרמים,420.00,100 גרם,false,1,20.90,0.0498,true,1,72106
7290013121165,false,לחמניות ללא גלוטן שי,דולפין ספא,IL,לחמניות ללא גלוטן שישייה 460 גרם,גרמים,460.00,100 גרם,false,1,20.90,0.0454,true,1,85196
7290013144157,false,סחלב מיימונס 130 גרם,מיוצר עי קונדיטוריית,IL,סחלב מיימונס 130 גרם,גרמים,130.00,100 גרם,false,1,9.90,0.0762,true,1,213568
7290013144171,false,תערובת עוגת שוקולד,מיוצר עי קונדיטוריית,IL,"מיימונס, תערובת להכנת עוגה בטעם שוקולד, 560 גרם",גרמים,560.00,100 גרם,false,1,17.90,0.0320,true,1,81905
7290013144188,false,תערובת בראוניז,א.ל ייצור ושיווק תבל,IL,תערובת בראונס,גרמים,600.00,100 גרם,false,1,17.90,0.0298,true,1,204480
7290013144195,false,תערובת כדורי שוקולד,מיוצר עי קונדיטוריית,IL,"מימונס, תערובת כדורי שוקולד, 500 גרם",גרמים,500.00,100 גרם,false,1,17.90,0.0358,true,1,77348
7290013144218,false,תערובת עוגת וניל,מיוצר עי קונדיטוריית,IL,תערובת עוגת וניל,גרמים,560.00,100 גרם,false,1,17.90,0.0320,true,1,65152
7290013144225,false,תערובת עוגת שיש,א.ל ייצור ושיווק תבל,IL,מימונס תערובת עוגת שיש 560 גרם,גרמים,560.00,100 גרם,false,1,17.90,0.0320,true,1,153469
7290013144232,false,פודינג וניל מיימונס,מיוצר עי קונדיטוריית,IL,"מיימון, פודינג בטעם וניל צרפתי",גרמים,85.00,100 גרם,false,1,5.90,0.0694,true,1,65153
7290013144249,false,פודינג שוקולד מיימונ,א.ל ייצור ושיווק תבל,IL,פודינג שוקולד,גרמים,95.00,100 גרם,false,1,5.90,0.0621,true,1,65474
7290013144263,false,מלבי מיימונס 100גרם,א.ל ייצור תבלינים בע,IL,מימונס מאלבי 112 גרם,גרמים,100.00,100 גרם,false,1,10.90,0.1090,true,1,65478
7290013144270,false,קרם פטיסייר,מיוצר עי קונדיטוריית,IL,תערובת קרם פטיסייר,גרמים,100.00,100 גרם,false,1,10.90,0.1090,true,1,65479
7290013144317,false,גלילית וופל למילוי ג,הנסיך- מפעל לייצור ט,IL,מימונס ג'וני- גלילית וופל למילוי 150 גרם,לא מנהל יחידת מידה,0.00,לא מנהל יחידת מידה,false,1,22.90,0.0000,true,1,65480
7290013144393,false,תמצית וניל,מיוצר עי קונדיטוריית,IL,מימונס תמצית אפיה בטעם וניל 50 מל,מיליליטרים,50.00,"100 מ""ל",false,1,4.90,0.0980,true,1,77445
7290013144409,false,תמצית רום,מיוצר עי קונדיטוריית,IL,מימונס תמצית אפיה בטעם רום 50 מל,גרמים,50.00,100 גרם,false,1,4.90,0.0980,true,1,77446
7290013144416,false,תמצית שקדים,מיוצר עי קונדיטוריית,IL,מימונס תמצית אפיה בטעם שקדים 50 מל,גרמים,50.00,100 גרם,false,1,4.90,0.0980,true,1,153474
7290013144508,false,תמצית בטעם ורדים 50,מיוצר עי קונדיטוריית,IL,מימונס תמצית אפיה בטעם ורדים 50 מל,גרמים,50.00,100 גרם,false,1,9.90,0.1980,true,1,65483
7290013144614,false,סירופ מייפל אמיתי,הנסיך- מפעל לייצור ט,DK,סירופ מייפל אמיתי 100% מקנדה 236 מל,מיליליטרים,236.00,"100 מ""ל",false,1,38.90,0.1648,true,1,66423
7290013144768,true,סירופ בטעם שוקולד,TLV צ'יף,IL,סירופ בטעם שוקולד 500 גרם,מיליליטרים,500.00,"100 מ""ל",false,1,14.90,0.0298,true,1,204518
7290013145017,true,אגוז מלך קלוף מימונס,מיוצר עי קונדיטוריית,IL,אגוז מלך קלוף מימונס 100גרם,גרמים,100.00,100 גרם,false,1,13.90,0.1390,true,1,204521
7290013145024,true,אגוז מלך טחון מימונס,מיוצר עי קונדיטוריית,IL,אגוז מלך טחון מימונס 100גרם,גרמים,100.00,100 גרם,false,1,14.90,0.1490,true,1,67930
7290013145031,false,אגוזי לוז,מיוצר עי קונדיטוריית,IL,"מימונס,  אגוז לוז מסוכר, 100% טהור 100 גרם",Unknown,0.00,Unknown,false,1,14.90,0.0000,true,1,89542
7290013145055,true,פרג שלם,א.ל ייצור ושיווק תבל,IL,פרג שלם,גרמים,100.00,100 גרם,false,1,6.90,0.0690,true,1,204523
7290013145062,true,סירופ מייפל אמיתי 10,הנסיך- מפעל לייצור ט,CA,"מימונס,100% סירופ מייפל, 187 מל",מיליליטרים,187.00,"100 מ""ל",false,1,27.90,0.1492,true,1,204524
7290013145079,true,שקד טבעי גרוס מימונס,מיוצר עי קונדיטוריית,IL,מימונס שקד טבעי גרוס 100 גרם,גרמים,100.00,100 גרם,false,1,14.90,0.1490,true,1,204525
7290013145093,true,שקד מולבן גרוס,מיוצר עי קונדיטוריית,IL,שקד מולבן גרוס,גרמים,100.00,100 גרם,false,1,14.90,0.1490,true,1,204526
7290013145123,true,שקד מולבן פרוס,מיוצר עי קונדיטוריית,IL,מימונס שקד מולבן פרוס 100 גרם,Unknown,0.00,Unknown,false,1,14.90,0.0000,true,1,72080
7290013145161,true,פקאן מסוכר,מיוצר עי קונדיטוריית,IL,פקאן מסוכר,גרמים,100.00,100 גרם,false,1,17.90,0.1790,true,1,65241
7290013145178,true,קוקוס טחון לבן,מיוצר עי קונדיטוריית,IL,"מיימונס, קוקוס טחון לבן, 100 גרם",גרמים,100.00,100 גרם,false,1,4.90,0.0490,true,1,204529
7290013145215,false,שומשום מיימונס  400,מיוצר עי קונדיטוריית,IL,"מימונס, שומשום 100% טהור, 400 גרם",גרמים,400.00,100 גרם,false,1,15.90,0.0398,true,1,204486
7290013145277,true,עלים לקרמשניט מיימונ,דולפין ספא,IT,עלים לקרמשניט 300 גרם,גרמים,300.00,100 גרם,false,1,16.90,0.0563,true,1,204532
7290013145390,false,"שוקולד צ""יפס",הנסיך- מפעל לייצור ט,IL,נטיפים בטעם שוקולד לאפייה  250 גרם,גרמים,250.00,100 גרם,false,1,9.90,0.0396,true,1,68311
7290013145406,false,"שוקולד צ""יפס לבן",הנסיך- מפעל לייצור ט,IL,מימונס נטיפים בטעם שוקולד לבן 250 גרם,גרמים,250.00,100 גרם,false,1,9.90,0.0396,true,1,204516
7290013145437,false,שוקולד ציפס 48% מיימ,הנסיך- מפעל לייצור ט,IL,שוקולד צ'יפס מריר מעולה 48% מוצקי קקאו 250 גרם,גרמים,250.00,100 גרם,false,1,14.90,0.0596,true,1,75036
7290013145444,false,שוקולד ציפס     66%,המאפיה של הרמן,IL,שוקולד ציפס 250  66% גרם,גרמים,250.00,100 גרם,false,1,15.90,0.0636,true,1,184932
7290013145451,false,קקאו דל שומן מיימונס,מיוצר עי קונדיטוריית,IL,אבקת קקאו 150 גרם,גרמים,150.00,100 גרם,false,1,8.90,0.0593,true,1,204487
7290013145536,true,סוכריות קישוט שוקולד,א.ל ייצור ושיווק תבל,IL,מימונס סוכריות בטעם שוקולד לקישוט,Unknown,0.00,Unknown,false,1,5.30,0.0000,true,1,204536
7290013145567,false,מיני עדשים,מיוצר עי קונדיטוריית,IL,מימונס מיני מיני עדשים 90 גרם,גרמים,90.00,100 גרם,false,1,9.90,0.1100,true,1,65489
7290013145628,false,סוכריות אדומות לקישו,א.ל ייצור ושיווק תבל,IL,סוכריות אדומות לקישוט 200גרם,גרמים,200.00,100 גרם,false,1,9.90,0.0495,true,1,204490
7290013145659,false,גלי בטעם לימון 85 גר,א.ל ייצור ושיווק תבל,IL,מימונס ג'לי בטעם לימון 85 גרם,גרמים,85.00,100 גרם,false,1,6.30,0.0741,true,1,204491
7290013145710,false,דובדבנים מסוכרים,מיוצר עי קונדיטוריית,IL,דובדבנים מסוכרים לקישוט ואפייה,גרמים,100.00,100 גרם,false,1,8.90,0.0890,true,1,65491
7290013145871,false,שמרים יבשים,ANGEL YEAST CO.LIMIT,CN,שמרים יבשים,גרמים,55.00,100 גרם,false,1,10.50,0.1909,true,1,83227
7290013145901,true,סודה לשתיה,א.ל ייצור ושיווק תבל,IL,"מיימונס, סודה לשתיה 100 גרם",Unknown,0.00,Unknown,false,1,2.40,0.0000,true,1,204533
7290013145949,false,אבקת סוכר אריזת פטנט,מיוצר עי קונדיטוריית,IL,מימונס אבקת סוכר 250 גרם,גרמים,250.00,100 גרם,false,1,16.50,0.0660,true,1,65162
7290013146014,false,מלית אוכמניות,קרלו,IL,מימונס מלית אוכמניות 400 גרם,גרמים,400.00,100 גרם,false,1,15.90,0.0398,true,1,65163
7290013146038,false,מלית דובדבנים,א.ל ייצור ושיווק תבל,IL,"מלית דובדבנים לדברי מאפה 45% פרי, 400 גרם",גרמים,400.00,100 גרם,false,1,15.90,0.0398,true,1,204506
7290013146069,false,מלית שוקולד מיימונס,אינטרגטה תעשיות מזון,IL,"מיימונס, ממרח בטעם שוקולד לדברי אפייה, 400 גרם",גרמים,400.00,100 גרם,false,1,12.90,0.0323,true,1,77447
7290013146083,false,מלית חלבה מיימיונס 4,אינטרגטה תעשיות מזון,IL,"מיימונס, ממרח בטעם חלווה לדברי מאפה",גרמים,400.00,100 גרם,false,1,15.90,0.0398,true,1,153497
7290013146199,false,קרם נוגט,הנסיך- מפעל לייצור ט,IL,קרם נוגט מייממונס,לא מנהל יחידת מידה,0.00,לא מנהל יחידת מידה,false,1,15.90,0.0000,true,1,210501
7290013146274,false,תחתיות מרנג  לקינוח,סטולורגן - פארק תעשי,IE,"תחתיות מרנג בסיס לקינוח, מוס ופבלובה",לא מנהל יחידת מידה,0.00,לא מנהל יחידת מידה,false,1,19.90,0.0000,true,1,231829
7290013146403,false,סירופ בטעם קרמל מלוח,TLV צ'יף,IL,סירופ בטעם קרמל מלוח מיימונס 500  מל,מיליליטרים,500.00,"100 מ""ל",false,1,17.90,0.0358,true,1,231828
7290013146427,false,נשיקות לקישוט  לבן 6,"מימונס אפיה בע""מ",IL,נשיקות לקישוט  לבן 60גרם,גרמים,60.00,100 גרם,false,1,14.90,0.2483,true,1,231131
7290013146434,false,נשיקות לקישוט צהוב 6,"מימונס אפיה בע""מ",IL,נשיקות לקישוט צהוב 60גרם,גרמים,60.00,100 גרם,false,1,14.90,0.2483,true,1,231132
7290013146441,false,נשיקות לקישוט ורוד 6,"מימונס אפיה בע""מ",IL,נשיקות לקישוט ורוד 60גרם,גרמים,60.00,100 גרם,false,1,14.90,0.2483,true,1,231133
7290013146656,false,כוכבים תכלת ירוק לבן,"מימונס אפיה בע""מ",IL,כוכבים תכלת ירוק לבן לקישוט מיימונס 60 גר,גרמים,60.00,100 גרם,false,1,15.90,0.2650,true,1,231129
7290013146670,false,סוכריות לב סגול ורוד,"מימונס אפיה בע""מ",IL,סוכריות לב סגול ורוד לבן לקישוט מיימונס 60מ גר,יחידה,1.00,יחידה,false,1,13.90,13.9000,true,1,231128
7290013146854,true,קוקוס לבן מיימונס  4,מיוצר עי קונדיטוריית,IL,"מיימונס, קוקוס לבן טחון, 400 גרם",גרמים,400.00,100 גרם,false,1,15.90,0.0398,true,1,204535
7290013153418,true,מיץ סחוט פריגת לימונ,גת,IL,פריגת מצונן סחוט לימונענע 1 ליטר,ליטרים,1.00,ליטר,false,1,16.50,16.5000,true,1,220845
7290013153593,false,מיץ תפוזים מתקתק 100,"גת גבעת חיים,",IL,"פריגת, 100% מיץ תפוזים עשוי מרכז מקורר, 1 ליטר",ליטרים,1.00,ליטר,false,1,11.90,11.9000,true,1,238124
7290013215017,false,פטריות שמפניון צמד ח,מרינה,IL,פטריות שמפניון צמד חמד מארז זוג,יחידה,0.00,יחידה,false,1,18.90,0.0000,true,1,215082
7290013215024,false,פטריות חורש למנגל,חקלאי,IL,פטריות חורש למנגל,לא מנהל יחידת מידה,0.00,לא מנהל יחידת מידה,false,1,19.90,0.0000,true,1,211838
7290013267665,false,מיני סולרו פירות טרו,שטראוס גלידות,,מיני סולרו פירות טרופים מאגדת 325 גרם,גרמים,408.00,100 גרם,false,1,26.90,0.0659,true,1,79708
7290013268204,false,סנובון- מגבונים לניק,טרופיקל דגיל תעשיות,IL,"סנובון מגבונים לניקוי וחיטוי מושב האסלה, 20 יחידות",לא מנהל יחידת מידה,0.00,לא מנהל יחידת מידה,false,1,10.90,0.0000,true,1,204204
7290013268242,false,ריצפז פרש הום בניחוח,טרופיקל דגיל תעשיות,IL,נוזל רצפות פרש הום מלון מפנק,ליטרים,2.00,ליטר,false,1,21.90,10.9500,true,1,210905
7290013268914,false,אבקת כביסה 3 ליטר מק,הורביץ סחר,IL,מקסימה סמארט,ליטרים,3.00,ליטר,false,1,37.90,12.6333,true,1,200385
7290013268983,false,מרכך כביסה מקסימה מר,"איי, בי, אינבוו",IL,מקסימה מרכך כביסה בבישום עוצמתי 1 ליטר,ליטרים,1.00,ליטר,false,1,18.90,18.9000,true,1,235112
7290013269096,false,מטליות לניקוי 20 יח,מיוצר עי קונדיטוריית,IL,מטליות לניקוי עור,Unknown,0.00,Unknown,false,1,18.90,0.0000,true,1,182319
7290013269300,false,סנו סושי ניילוןנצמד,FV.HK,,"סנו סושי ניילוןנצמד פלוס150 מ          """,מטרים,15000.00,מטר,false,1,29.90,0.0020,true,1,88670
7290013269348,false,תחנות K 300,טרופיקל דגיל תעשיות,IL,K3 תחנת פיתיון- קוטל תיקנים (ג'וקים) בבית ובחצר,לא מנהל יחידת מידה,0.00,לא מנהל יחידת מידה,false,1,49.90,0.0000,true,1,209924
7290013269621,false,ריצפז פרש הום מלון ב,מיוצר עי קונדיטוריית,IL,"סנו ריצפז, תרכיז ריחני לניקוי כל סוגי הרצפות",ליטרים,2.00,ליטר,false,1,21.90,10.9500,true,1,206491
7290013269638,true,ספוג הפלא אקסטרא,טרופיקל דגיל תעשיות,US,סנו סושי - ספוג הפלא EXTRA,יחידה,1.00,יחידה,false,1,12.90,12.9000,true,1,194119
7290013269645,false,ריצפז מטליות לחות לר,סנו מפעלי ברונוס בעמ,IL,מטליות רצפז מאסק,Unknown,0.00,Unknown,false,1,14.90,0.0000,true,1,180097
7290013269669,false,נוזל רצפות  פנטזיה,"סנו מפעלי ברונוס בע""",IL,ריצפז בניחוח פנטזיה לניקוי הריצפה 3 ליטר,ליטרים,3.00,ליטר,false,1,15.90,5.3000,true,1,85749
7290013269690,false,"ג""ל  לאסלה",Nicolas polandמשווק,PL,ג'ל אסלה סנו,מיליליטרים,55.00,"100 מ""ל",false,1,7.90,0.1436,true,1,82395
7290013269706,false,סנובון גל לאסלה אוקי,סנו,PL,ג'ל אסלה סנו,מיליליטרים,55.00,"100 מ""ל",false,1,12.80,0.2327,true,1,82396
7290013269751,false,מטליות לחות לרצפה בנ,טרופיקל דגיל תעשיות,IL,"סנו רצפז, מטליות לחות לניקוי הרצפה.",לא מנהל יחידת מידה,7.50,לא מנהל יחידת מידה,false,1,14.90,1.9867,true,1,206144
7290013269911,false,ספריי סנו K333 קוטל,"איי, בי, אינבוו",IL,K-333,מיליליטרים,750.00,"100 מ""ל",false,1,27.60,0.0368,true,1,82509
7290013284310,false,רוטב פסטה לילדים,פריניר ( הדס 1987) ב,IL,פריניר רוטב פסטה טעים לילדים 240 גרם,גרמים,240.00,100 גרם,false,1,5.90,0.0246,true,1,87800
7290013284662,false,רוטב פיצה פיתה,פריניר ( הדס 1987) ב,IL,פריניר רוטב פיצה פיתה 240 גרם,גרמים,240.00,100 גרם,false,1,5.90,0.0246,true,1,188784
7290013310170,false,כוסות נייר משובחות ל,,,כוסות נייר משובחות לשתיה חם/קר 50 יחידות,Unknown,0.00,Unknown,false,1,13.90,0.0000,true,1,165758
7290013310187,false,כוסות נייר 50 יח לשת,,,כוסות נייר 50 יח לשתיה חמה קרה,יחידה,1.00,יחידה,false,1,8.90,8.9000,true,1,209178
7290013310507,false,מברשת עם פטנט לבקבוק,F.E.CO.LTD,CN,מברשת עם פטנט לבקבוק ופיטמה,לא מנהל יחידת מידה,0.00,לא מנהל יחידת מידה,false,1,8.90,0.0000,true,1,204567
7290013358363,false,פירורי לחם יפנים פנק,"מיוצר ע""י מנה י.א בע",IL,פירורי לחם יפנים פנקו 300 גרם,גרמים,300.00,100 גרם,false,1,9.90,0.0330,true,1,79240
7290013358370,false,פירורי לחם יפנים טעם,"מיוצר ע""י מנה י.א בע",IL,פירורי לחם יפנים טעם שום 300 גרם,גרמים,300.00,100 גרם,false,1,9.90,0.0330,true,1,79241
7290013358417,false,רוטב טריאקי מאסטר שף,"מסאווג' רונרג' בע""מ",TH,מאסטר שף רוטב טריאקי אסייאתי 300 מל,מיליליטרים,300.00,"100 מ""ל",false,1,12.90,0.0430,true,1,194624
7290013358431,false,קרוטונים אפויים לסלט,"עינת תעשיות מזון אג""",IL,מאסטר שף קרוטונים לסלט עגבניות בזיל 200ג,גרמים,200.00,100 גרם,false,1,12.90,0.0645,true,1,181718
7290013358448,true,קרוטונים לסלט 4דגנים,"עינת תעשיות מזון אג""",IL,קרוטונים לסלט 4דגנים,גרמים,200.00,100 גרם,false,1,12.90,0.0645,true,1,220899
7290013358493,false,קרם קוקוס מאסטר שף פ,תאי קוקונט פבליק קומ,TH,מאסטר שף קרם קוקוס 400 מל,מיליליטרים,400.00,"100 מ""ל",false,1,9.90,0.0248,true,1,194487
7290013358509,false,מיקסלט 200 גרם,"אפקטבעי בע""מ",IL,מיקסלט 200 גרם,גרמים,200.00,100 גרם,false,1,14.80,0.0740,true,1,187701
7290013358516,false,מיקסלט עם חמוציות 20,"אםקטבעי בע""מ",IL,מיקסלט עם חמוציות 200 גרם,גרמים,200.00,100 גרם,false,1,14.80,0.0740,true,1,187702
7290013358523,false,שבבי בצל מטוגן,טופ טייסט ב.ו,NL,מאסטר שף שבבי בצל מטוגן 150 גרם,גרמים,150.00,100 גרם,false,1,14.80,0.0987,true,1,188389
7290013358530,false,רוטב צילי מתוק מאסטר,"מסוונג רונרוג' בע""מ",TH,מאסטר שף רוטב צ'ילי מתוק 700 מל,מיליליטרים,700.00,"100 מ""ל",false,1,13.90,0.0199,true,1,194423
7290013358547,false,רוטב צילי חריף מאסטר,מסוונג רונרוג בעמ,TH,מאסטר שף רוטב צ'ילי חריף 700 מל,מיליליטרים,700.00,"100 מ""ל",false,1,13.90,0.0199,true,1,194424
7290013358578,false,אטריות אורז רחבות מא,ליינג טונג רייס פלוו,TH,מאסטר שף אטריות אורז רחבות 400 גרם,גרמים,400.00,100 גרם,false,1,9.80,0.0245,true,1,193159
7290013358585,false,נודלס אטריות ביצים מ,"ש. שסטוביץ בע""מ",CN,מאסטר שף נודלס אטריות ביצים 400 גרם,גרמים,400.00,100 גרם,false,1,9.80,0.0245,true,1,194333
7290013389138,false,ניוקי שלושה צבעים  5,Ciemme alimentari sr,,ניוקי שלושה צבעים  500 גרם,גרמים,500.00,100 גרם,false,1,7.90,0.0158,true,1,184206
7290013412003,false,מגבונים להסרת לק 10,די פי אל,,מגבונים להסרת לק 10 יח,לא מנהל יחידת מידה,0.00,לא מנהל יחידת מידה,false,1,5.00,0.0000,true,1,196747
7290013442079,false,גבינה קממברט- מוטקה,מוטק'ה החולב,,גבינה קממברט- מוטקה החולב,גרמים,140.00,100 גרם,false,1,26.90,0.1921,true,1,74797
7290013442185,false,גבינת ארוטן כמהין,מוטק'ה החולב,,גבינת ארוטן כמהין,גרמים,150.00,100 גרם,false,1,29.90,0.1993,true,1,197467
7290013442307,false,גבינה קממבר פקאן 23%,מוטק'ה החולב,IL,גבינה קממבר פקאן 23% 140 גרם,גרמים,140.00,100 גרם,false,1,27.90,0.1993,true,1,238245
7290013442314,false,גבינה סנט מור 22% 15,מוטק'ה החולב,IL,גבינה סנט מור 22% 150 גרם,גרמים,150.00,100 גרם,false,1,30.90,0.2060,true,1,238246
7290013442345,false,ארוטן כמהין 23% 150ג,מוטק'ה החולב,IL,ארוטן כמהין 23% 150גרם,גרמים,150.00,100 גרם,false,1,31.90,0.2127,true,1,238249
7290013472199,false,ערמונים קלופים 105 ג,בייג'גג פוינונג,CN,ערמונים קלופים 105 גרם,גרמים,105.00,100 גרם,false,1,5.90,0.0562,true,1,75301
7290013472892,false,גבינה בולגרית קוביות,"קוליוס אס.איי, גריק",GR,הבולגריה בקוביות במי מלח 200 גרם,גרמים,200.00,100 גרם,false,1,12.90,0.0645,true,1,79144
7290013492005,false,"תפו""א זעיר למיקרו יח",מרינה,IL,תפוא זעיר למיקרו יח,יחידה,0.00,יחידה,false,1,7.90,0.0000,true,1,170835
7290013520043,false,פיתה אגמי ידנית חמיש,מאפיית אגמי,,פיתה אגמי ידנית חמישייה,גרמים,500.00,100 גרם,false,1,7.00,0.0140,true,1,77451
7290013520067,false,10 לחמניות אצבע אגמי,מאפיית אגמי,,10 לחמניות אצבע אגמי,גרמים,750.00,100 גרם,false,1,13.90,0.0185,true,1,187512
7290013520111,false,לחמניית המבורגר,מאפיית אגמי,IL,לחמניית המבורגר אמריקאי 6 יח,גרמים,600.00,100 גרם,false,1,14.90,0.0248,true,1,208204
7290013520180,false,פיתות אריזת חסכון 10,מאפיית אגמי,IL,פיתות אריזת חסכון 10,גרמים,1000.00,100 גרם,false,1,12.90,0.0129,true,1,212613
7290013520463,true,כוסמין לחם בריאות,,,כוסמין לחם בריאות,גרמים,600.00,100 גרם,false,1,16.90,0.0282,true,1,207808
7290013520500,true,8 לחמניות מקמח כוסמי,,,8 לחמניות מקמח כוסמי,גרמים,400.00,100 גרם,false,1,17.90,0.0447,true,1,203772
7290013521101,false,פטוציני כוסמין תרד50,האי נאם סי או אל.טי.,HU,פסטה כוסמין אורגנית בטעם תרד,גרמים,350.00,100 גרם,false,1,21.90,0.0626,true,1,198573
7290013521187,false,ספגטי עדשים אדומות א,"אנדריאני ספא, ויה ני",IT,ספגטי עדשים אדומות אורגני  250 גרם ללא ג,גרמים,250.00,100 גרם,false,1,13.90,0.0556,true,1,237034
7290013521200,false,פוזילי אפונה ירוקה א,"אנדריאני ספא, ויה ני",IT,פוזילי אפונה ירוקה אורגני  250 גרם ללא ג,גרמים,250.00,100 גרם,false,1,13.90,0.0556,true,1,237036
7290013521231,false,פסטה כוסמין טריקולור,האי נאם סי או אל.טי.,HU,פסטה כוסמין אורגנית עם תרד ועגבניות,גרמים,400.00,100 גרם,false,1,21.90,0.0547,true,1,198556
7290013521316,false,ממרח אורגני בטעם מיו,דולפין ספא,NL,ממרח בטעם מיונז ללא ביצים,גרמים,230.00,100 גרם,false,1,19.90,0.0865,true,1,198820
7290013521385,false,רסק תפוחים אורגני 70,דולפין ספא,NL,רסק תפוחים 100%,גרמים,700.00,100 גרם,false,1,20.90,0.0299,true,1,205940
7290013521408,false,אבקת מרק ירקות  אורג,דולפין ספא,NL,אבקת מרק ירקות,גרמים,200.00,100 גרם,false,1,25.90,0.1295,true,1,198736
7290013521491,false,קטשופ אורגני 567 גרם,שוורצקוף& הנקל דיסלד,US,"קטשופ אורגני 567 גרם לל""ג השדה",גרמים,567.00,100 גרם,false,1,18.90,0.0333,true,1,205070
7290013521590,false,תירס מתוק אורגני 350,דולפין ספא,NL,תירס מתוק אורגני 350 גרם,גרמים,350.00,100 גרם,false,1,14.90,0.0426,true,1,198815
7290013521828,true,פסטה כוסמין פטוצני ס,האי נאם סי או אל.טי.,HU,פסטה כוסמין אורגנית עם ספירולינה,גרמים,300.00,100 גרם,false,1,21.90,0.0730,true,1,205075
7290013521842,false,ציפס תפוח אדמה אפוי,"סיבי, נובי פריס",SK,ציפס תפוח אדמה אפוי  השדה 65 גרם,גרמים,65.00,100 גרם,false,1,12.90,0.1985,true,1,237037
7290013521859,false,ציפס תפוח אדמה אפוי,"סיבי, נובי פריס",SK,ציפס תפוח אדמה אפוי  ירקות השדה 65 גרם,גרמים,65.00,100 גרם,false,1,12.90,0.1985,true,1,237038
7290013521873,false,סוכר קוקוס אורגני 30,כפרי בריא,ID,סוכר קוקוס אורגני מפרח הקוקוס,גרמים,300.00,100 גרם,false,1,15.90,0.0530,true,1,205069
7290013521897,false,גליליות אורגניות מקמ,דולפין ספא,IL,גליליות אורגניות מקמח כוסמין,גרמים,100.00,100 גרם,false,1,16.90,0.1690,true,1,232800
7290013521965,false,עוגיות חצי ירח אורגנ,דולפין ספא,IL,עוגיות חצי ירח אורגניות קמח כוסמין מלא,גרמים,180.00,100 גרם,false,1,17.90,0.0994,true,1,206731
7290013585233,false,ספרייט זירו פחית סלי,גוד פוד פרודקטס S.p,IL,"גזוז בטעם לימון ליים דל קלוריות 330 מ""ל",מיליליטרים,330.00,"100 מ""ל",false,1,5.90,0.0179,true,1,192147
7290013585257,false,ספרייט זירו בקבוק 50,"אינסטנטה בע""מ",IL,"ZERO ספרייט 500 מ""ל",מיליליטרים,500.00,"100 מ""ל",false,1,7.50,0.0150,true,1,192145
7290013585387,false,קוקה קולה זירו בקבוק,פארייפאבה אגרואינדוס,IL,ZERO תריסר 1 ליטר,ליטרים,1.00,ליטר,false,1,8.00,8.0000,true,1,191204
7290013585653,false,משקל פריגת EXTRA אננ,מבשלות בירה בינלאומי,IL,"פריגת EXTRA אננס 420 מ""ל",מיליליטרים,420.00,"100 מ""ל",false,1,8.90,0.0212,true,1,198662
7290013608260,false,מיץ רימונים פרימור ס,השחר,IL,7290068700001,ליטרים,1.00,ליטר,false,1,26.00,26.0000,true,1,186376
7290013659248,false,ספוג רחצה לגב,יושלם,,ספוג רחצה לגב,Unknown,0.00,Unknown,false,1,19.90,0.0000,true,1,82608
7290013675804,false,שניצלונים בטעם טבעות,תות תעשיות מזון (201,IL,שניצלונים בטעם טבעות בצל מאמא עוף 500גרם,גרמים,500.00,100 גרם,false,1,32.90,0.0658,true,1,214167
7290013675811,false,פסטה א- לה רומא להקפ,"איי, בי, אינבוו",IL,פסטה א- לה רומא להקפצה 450גרם,גרמים,450.00,100 גרם,false,1,24.90,0.0553,true,1,211622
7290013675828,false,לקט חגיגה אסייתית לה,"איי, בי, אינבוו",IL,לקט חגיגה אסייתית להקפצה  450גרם,גרמים,450.00,100 גרם,false,1,24.90,0.0553,true,1,211623
7290013675835,false,לקט ירוק גלילי להקפצ,"סנפרוסט בע""מ",IL,לקט ירוק גלילי להקפצה  450גרם,גרמים,450.00,100 גרם,false,1,24.90,0.0553,true,1,211624
7290013677563,true,קינואה אדומה  מיה  5,מיה,IL,קינואה אדומה  מיה  500 גרם,גרמים,500.00,100 גרם,false,1,12.90,0.0258,true,1,239993
7290013724939,false,משוקלדים חמוציות מרי,דין שיווק,IL,משוקלדים חמוציות מריר 140 גר קופסא,גרמים,140.00,100 גרם,false,1,10.90,0.0779,true,1,86707
7290013724977,false,משוקלדים צימוק מריר,דין שיווק,IL,משוקלדים צימוק מריר 140 גר קופסא,גרמים,140.00,100 גרם,false,1,10.90,0.0779,true,1,184321
7290013724991,false,משוקלדים לוז חלב 140,דין שיווק,IL,משוקלדים לוז חלב 140 גר קופסא,גרמים,140.00,100 גרם,false,1,10.90,0.0779,true,1,235694
7290013725820,false,אגוזי לוז בציפוי שוק,"דין שיווק וקליה בע""מ",IL,אגוזי לוז בציפוי שוקולד מריר 140 גרם,גרמים,140.00,100 גרם,false,1,10.90,0.0779,true,1,197400
7290013726100,false,כריך טוניסאי 250 גרם,לורד סנדויץ,,כריך טוניסאי 250 גרם,גרמים,250.00,100 גרם,false,1,19.90,0.0796,true,1,239378
7290013726124,false,כריך שניצל 280 גרם,לורד סנדויץ,,כריך שניצל 280 גרם,גרמים,280.00,100 גרם,false,1,19.90,0.0711,true,1,239380
7290013847409,true,טונה סטרקיסט לייט 4%,"סטארקיסט פודור בע""מ",TH,טונה סטרקיסט לייט 4% שומן עם לימון,גרמים,140.00,100 גרם,false,1,8.50,0.0607,true,1,205930
7290013847645,false,סטארקיסט טונה בשמן ז,סטארקיסט,TR,סטארקיסט טונה בשמן זית 3 יח 80 גרם,גרמים,240.00,100 גרם,false,1,16.90,0.0704,true,1,209227
7290013848758,false,גל כביסה מרוכז3 ליטר,"איי, בי, אינבוו",IL,מקסימה ג'ל כביסה  מרוכז בייבי 3 ליטר,ליטרים,3.00,ליטר,false,1,35.90,11.9667,true,1,182261
7290013883148,true,הפי סופג ריחות במקרר,יוליניבר,IT,יעקבי הפי סופג ריחות במקרר 40 גר',לא מנהל יחידת מידה,0.00,לא מנהל יחידת מידה,false,1,14.90,0.0000,true,1,205746
7290013883407,false,דזיטול מחטא ומשמיד ח,קרלו,ES,יעקבי דזיטול ספריי מחטא ומשמיד חיידקים 750 מל,מיליליטרים,500.00,"100 מ""ל",false,1,19.90,0.0398,true,1,82940
7290013906052,false,נקניקיות פרגיות 300,הנסיך- מפעל לייצור ט,IL,נקניקיות פרגיות 300 גרם,גרמים,300.00,100 גרם,false,1,13.90,0.0463,true,1,81722
7290013906205,false,"פסטרמה שום וצ""ילי 40",הנסיך- מפעל לייצור ט,IL,"פסטרמה שום וצ""ילי 400 גר",גרמים,400.00,100 גרם,false,1,30.90,0.0772,true,1,88800
7290013906212,false,נקניקיות וינר,הנסיך- מפעל לייצור ט,IL,נקנקיות וינר,קילוגרמים,1.00,"ק""ג",false,1,28.90,28.9000,true,1,89007
7290013906441,false,קבנוס 120 גרם,הנסיך- מפעל לייצור ט,IL,קבנוס נקניק מעושן יבש 120 גרם,גרמים,120.00,100 גרם,false,1,11.90,0.0992,true,1,180892
7290013906489,false,חטיפי מיני קבנוס 120,הנסיך- מפעל לייצור ט,IL,טירת צבי חטיפי מיני קבנוס 120 גרם,גרמים,120.00,100 גרם,false,1,11.90,0.0992,true,1,184249
7290013906496,false,פסטרמה עגל רומנית 12,הנסיך- מפעל לייצור ט,IL,פסטרמה עגל בסגנון רומני 120 גרם,גרמים,120.00,100 גרם,false,1,15.90,0.1325,true,1,188279
7290013906519,false,פרושוטו בקר 100 גרם,הנסיך- מפעל לייצור ט,IL,פרושוטו בקר 100 גרם,גרמים,100.00,100 גרם,false,1,26.90,0.2690,true,1,188280
7290013994042,false,זרעי פשתן אורגני300.,אול אורגני,IL,זרעי פשתן אורגניים 300 גרם הרדוף,גרמים,300.00,100 גרם,false,1,8.90,0.0297,true,1,187190
7290013994318,false,קינואה טריקולור אורג,אול אורגני,IL,הרדוף קינואה מעורבת - טריקולור אורגנית 500 גרם,גרמים,500.00,100 גרם,false,1,20.90,0.0418,true,1,198830
7290013994585,false,גרעיני דלעת קלופים א,אול אורגני,IL,גרעיני דלעת קלופים אורגני,גרמים,300.00,100 גרם,false,1,18.90,0.0630,true,1,198791
7290013994677,false,עדשים שחורות אורגני,אול אורגני,IL,עדשים שחורות אורגניות,גרמים,500.00,100 גרם,false,1,17.90,0.0358,true,1,198589
7290013994684,false,אפונה חצויה אורגנית,אול אורגני,IL,אפונה ירוקה חצויה,גרמים,500.00,100 גרם,false,1,11.90,0.0238,true,1,198588
7290013994912,false,קמח כוסמין 70% אורגנ,עץ השדה,IL,"קמח כוסמין 70% אורגני 1 ק""ג  הרדוף",קילוגרמים,1.00,"ק""ג",false,1,22.90,22.9000,true,1,232797
7290013994929,false,קוסקוס מלא אורגני 35,קרה מונוס,FR,קוסקוס מלא אורגני,גרמים,350.00,100 גרם,false,1,9.90,0.0283,true,1,205107
7290014002203,false,חליטת צמחים לימונית,HIQ FOOD PRODUCTS,IL,חליטת לימונית לואיזה - הגן הקסום,גרמים,37.00,100 גרם,false,1,19.90,0.5378,true,1,85238
7290014002944,false,חליטת הגן הקסום,HIQ FOOD PRODUCTS,IL,"תה ויסוצקי,חליטת חמדת השקד - ""הגן הקסום""",גרמים,50.00,100 גרם,false,1,19.90,0.3980,true,1,187012
7290014056008,false,בירה שפירא פייל אייל,שפירא,IL,"בירה שפירא פייל אייל 330 מ""ל",מיליליטרים,330.00,"100 מ""ל",false,1,14.90,0.0452,true,1,237832
7290014056053,false,IPA בירה שפירא 330 מ,שפירא,IL,"IPA בירה שפירא 330 מ""ל",מיליליטרים,330.00,"100 מ""ל",false,1,14.90,0.0452,true,1,237834
7290014066373,false,קפסולות אספרסו לנדוו,לנדוור,IL,קפסולות אספרסו לנדוור קלאסי 10יח,גרמים,50.00,100 גרם,false,1,17.90,0.3580,true,1,204044
7290014066380,false,קפסולות אספרסו לנדוו,לנדוור,IL,קפסולות אספרסו לנדוור סופרימו 10יח,גרמים,50.00,100 גרם,false,1,17.90,0.3580,true,1,204043
7290014066526,false,לנדוור-קפסולות אספרס,לנדוור,IL,לנדוור-קפסולות אספרסו תערובת הבית,יחידה,10.00,יחידה,false,1,17.90,1.7900,true,1,210329
7290014066533,false,לנדוור-קפסולות אספרס,לנדוור,IL,לנדוור-קפסולות אספרסו קלייה כפול  10 יח,יחידה,10.00,יחידה,false,1,17.90,1.7900,true,1,210330
7290014079014,false,חסה לבבות קיסר,אליהו חדד,IL,חסה לבבות קיסר,גרמים,300.00,100 גרם,false,1,9.90,0.0330,true,1,161904
7290014083479,false,גבינה פרוסה גאודה 15,ג.וילי פוד אינטרנשיו,IL,גבינת גאודה פרוסות 150גרם 27%,גרמים,150.00,100 גרם,false,1,12.90,0.0860,true,1,85812
7290014083769,false,גבינת אמנטל יורו פרו,הנסיך- מפעל לייצור ט,IL,גבינת אמנטל יורו פרוסות 150 גרם,גרמים,150.00,100 גרם,false,1,13.90,0.0927,true,1,235804
7290014083806,false,עוגיות פח 350 ג וילי,,PT,עוגיות פח 350 ג ויליפוד,גרמים,350.00,100 גרם,false,1,14.90,0.0426,true,1,85158
7290014083813,false,שפורטים 190 גרם,בריואוס וילניס,LV,שפורטים 190 גרם,גרמים,190.00,100 גרם,false,1,9.90,0.0521,true,1,85632
7290014094338,false,דלעת מקולפת 250 גרם,"דין שיווק וקליה בע""מ",,דלעת מקולפת 250 גרם,גרמים,250.00,100 גרם,false,1,14.90,0.0596,true,1,236142
7290014094345,false,חמניות קלופות 300 גר,"דין שיווק וקליה בע""מ",,חמניות קלופות 300 גרם,גרמים,300.00,100 גרם,false,1,11.90,0.0397,true,1,236143
7290014094369,false,שקד טבעי בקופסא  200,"דין שיווק וקליה בע""מ",,שקד טבעי בקופסא  200 גרם,גרמים,200.00,100 גרם,false,1,21.90,0.1095,true,1,235564
7290014094376,false,שזיפים ללא גלעין בקו,"דין שיווק וקליה בע""מ",,שזיפים ללא גלעין בקופסא  250 גרם,גרמים,250.00,100 גרם,false,1,19.90,0.0796,true,1,236312
7290014094383,false,משמש מיובש בקופסא 33,"דין שיווק וקליה בע""מ",,משמש מיובש בקופסא 250 גרם,גרמים,250.00,100 גרם,false,1,19.90,0.0796,true,1,184313
7290014094390,false,חמוציות בקופסא  330,"דין שיווק וקליה בע""מ",,חמוציות בקופסא  250 גרם,גרמים,250.00,100 גרם,false,1,13.90,0.0556,true,1,184314
7290014094406,false,צימוק לבן בקופסא  33,"דין שיווק וקליה בע""מ",,צימוק לבן בקופסא  330 גרם,גרמים,330.00,100 גרם,false,1,14.90,0.0452,true,1,236313
7290014094628,false,פקאן טבעי 200 קופסא,חקלאי,,פקאן טבעי 200 קופסא,גרמים,200.00,100 גרם,false,1,26.90,0.1345,true,1,236316
7290014094642,false,קשיו טבעי בקופסא  25,"דין שיווק וקליה בע""מ",,קשיו טבעי בקופסא  250 גרם,גרמים,250.00,100 גרם,false,1,23.90,0.0956,true,1,235571
7290014094659,false,אגוזי לוז טבעיים 250,דין שיווק,IL,אגוזי לוז טבעיים 250 גרם,גרמים,250.00,100 גרם,false,1,27.90,0.1116,true,1,236144
7290014094796,false,משמש בשקית 300 גרם,"דין שיווק וקליה בע""מ",,משמש בשקית 300 גרם,גרמים,300.00,100 גרם,false,1,16.90,0.0563,true,1,235550
7290014094826,false,שזיף מגולען 300 גרם,"דין שיווק וקליה בע""מ",,שזיף מגולען 300 גרם,גרמים,300.00,100 גרם,false,1,16.90,0.0563,true,1,235551
7290014094833,false,צימוק לבן שקית  300,"דין שיווק וקליה בע""מ",,צימוק לבן שקית  300 גרם,גרמים,300.00,100 גרם,false,1,13.90,0.0463,true,1,189018
7290014094857,false,פקאן סיני מסוכר 150,דין שיווק,IL,פקאן סיני מסוכר 150 גרם,גרמים,150.00,100 גרם,false,1,17.90,0.1193,true,1,235503
7290014094895,true,אגוזים קלופים 150 גר,דין שיווק,IL,אגוזים קלופים 150 גרם,גרמים,150.00,100 גרם,false,1,11.90,0.0793,true,1,235514
7290014094901,false,פקאן טבעי 150גרם,דין שיווק,IL,פקאן טבעי 150גרם,גרמים,150.00,100 גרם,false,1,19.90,0.1327,true,1,235526
7290014095861,false,שיבולת שועל דקה,"דין שיווק וקליה בע""מ",,שיבולת שועל דקה 500 גרם שקדיה,גרמים,500.00,100 גרם,false,1,6.90,0.0138,true,1,187777
7290014095946,true,משוקלדים פקאן מריר 1,"שקדיה גבע בע""מ",IL,אגוז פקאן בציפוי שוקולד מריר,גרמים,140.00,100 גרם,false,1,10.90,0.0779,true,1,235695
7290014095960,false,שיבולת שועל עבה,"דין שיווק וקליה בע""מ",,שיבולת שועל עבה 500 גרם שקדיה,גרמים,500.00,100 גרם,false,1,6.90,0.0138,true,1,188104
7290014217003,false,פפריקה מעושנת מיכל,תות ממתקי איכות,IL,"תבליני טעם וריח, פפריקה בטעם מעושן,  90 גרם",גרמים,90.00,100 גרם,false,1,9.90,0.1100,true,1,84481
7290014217010,false,תיבול לדגים,תבליני טעם וריח,IL,"תבליני טעם וריח T-BUL תערובת תיבול לדגים, 90 גרם",גרמים,90.00,100 גרם,false,1,13.90,0.1544,true,1,84052
7290014217027,false,תיבול עוף 120 גרם,תות ממתקי איכות,IL,"תבליני טעם וריח T-BUL תערובת תיבול לעוף, 120 גרם",גרמים,120.00,100 גרם,false,1,13.90,0.1158,true,1,85571
7290014217065,false,אורגנו 30 גרם,תות ממתקי איכות,IL,תבליני טעם וריח אורגנו 100% 30 גרם,Unknown,0.00,Unknown,false,1,9.90,0.0000,true,1,83934
7290014217140,false,ראס אל חנות מיכל100,תות ממתקי איכות,IL,תבליני טעם וריח ראס אל חנות 100 גרם,גרמים,100.00,100 גרם,false,1,9.90,0.0990,true,1,189465
7290014217157,false,טוסקנה 120 גר,תות ממתקי איכות,IL,תבליני טעם וריח תערובת תיבול טוסקנה 120 גרם,גרמים,120.00,100 גרם,false,1,9.90,0.0825,true,1,189466
7290014217164,false,פטרוזיליה מיכל 20 גר,תות ממתקי איכות,IL,תבליני טעם וריח פטרוזיליה 100% 20 גרם,גרמים,20.00,100 גרם,false,1,9.90,0.4950,true,1,189467
7290014217201,false,תערובת תיבול סומק מי,תות ממתקי איכות,IL,תבליני טעם וריח מיכל קטן סומק 45 גרם,גרמים,45.00,100 גרם,false,1,6.90,0.1533,true,1,205572
7290014217225,false,תערובת תיבול גריל עו,תות ממתקי איכות,IL,"תבליני טעם וריח, תערובת תיבול גריל עוף, 120 גרם",גרמים,120.00,100 גרם,false,1,9.90,0.0825,true,1,185634
7290014217263,false,תערובת תיבול לפרגיות,תות ממתקי איכות,IL,"תבליני טעם וריח תערובת תיבול לפרגיות, 100 גרם",גרמים,100.00,100 גרם,false,1,9.90,0.0990,true,1,196312
7290014217348,false,צילי כתוש במיכל,תות ממתקי איכות,IL,תבליני טעם וריח צ'ילי גרוס חריף 70 גרם,גרמים,0.00,100 גרם,false,1,9.90,0.0000,true,1,185965
7290014217362,false,תיבול לקציצות,תות ממתקי איכות,IL,תבליני טעם וריח תערובת תיבול לקציצות 100 גרם,Unknown,0.00,Unknown,false,1,9.90,0.0000,true,1,185967
7290014217379,false,מרינדה קלאסית לעוף 8,תבליני טעם וריח,IL,תבליני טעם וריח תערובת תיבול למרינדת עוף 80 גרם,גרמים,80.00,100 גרם,false,1,11.90,0.1488,true,1,215026
7290014217386,false,מרינדת צילי חריף לעו,תבליני טעם וריח,IL,תבליני טעם וריח תערובת תיבול למרינדת עוף 80 גרם,גרמים,80.00,100 גרם,false,1,11.90,0.1488,true,1,215027
7290014217492,false,תיבול פילדלפיה 100 ג,תות ממתקי איכות,IL,תבליני טעם וריח תערובת תיבול פילדלפיה 100 גרם,גרמים,100.00,100 גרם,false,1,9.90,0.0990,true,1,207822
7290014217515,false,ציפוי מאפה מלוח מיכל,תות ממתקי איכות,IL,ציפוי מאפה מלוח מיכל 90 גרם,גרמים,90.00,100 גרם,false,1,11.90,0.1322,true,1,204614
7290014217522,false,לחם שום תערובת מיכל,תות ממתקי איכות,IL,לחם שום תערובת מיכל 100 גרם,גרמים,100.00,100 גרם,false,1,11.90,0.1190,true,1,204612
7290014217607,false,מטחנת מלח הימלאיה 10,יוליניבר,IL,תבליני טעם מטחנה מלח הימלאיה 100 גרם,גרמים,100.00,100 גרם,false,1,11.90,0.1190,true,1,210303
7290014217973,false,צילי חריף 150 גרם,יוליניבר,IL,תבליני טעם וריח פלפל צ'ילי חריף יבש 150 גרם,גרמים,150.00,100 גרם,false,1,13.90,0.0927,true,1,207221
7290014218321,false,בורקס יפו גבינה 4 יח,"מעדנות בע""מ",IL,בורקס יפו גבינה 4 יח 600 גרם,גרמים,600.00,100 גרם,false,1,21.90,0.0365,true,1,195861
7290014256620,false,יין BUZZ קריניאנו 75,"כד בני דרום בע""מ",IL,"יין BUZZ קריניאנו 750 מ""ל",מיליליטרים,750.00,"100 מ""ל",false,1,31.90,0.0425,true,1,189041
7290014256637,false,יין BUZZ  מוסקטו 750,"כד בני דרום בע""מ",IL,"יין BUZZ  מוסקטו 750 מ""ל",מיליליטרים,750.00,"100 מ""ל",false,1,31.90,0.0425,true,1,189042
7290014258716,false,מטרנה צמחי 700 גרם,מטרנה תעשיות ש.מ,IL,מטרנה צמחי 12*700גרם,גרמים,700.00,100 גרם,false,1,64.90,0.0927,true,1,189419
7290014298491,false,עציץ סבונים,יושלם,,מארז סבון דקורטיבי,יחידה,1.00,יחידה,false,1,24.90,24.9000,true,1,182415
7290014321007,false,"שמן קוקוס 350 מ""ל",כפרי בריא,,"שמן קוקוס 350 מ""ל וואן טרייב",מיליליטרים,350.00,"100 מ""ל",false,1,34.90,0.0997,true,1,198829
7290014325050,false,קורנפלור מיה  500 גר,מיה,IL,קורנפלור מיה  500 גרם,גרמים,500.00,100 גרם,false,1,7.90,0.0158,true,1,240009
7290014343573,false,עוגת פס פררה בן עמי,נטלי,,עוגת פס פררה בן עמי,יחידה,1.00,יחידה,false,1,62.90,62.9000,true,1,230640
7290014369252,false,שלגון MOJO מנגו בצ.ק,פיקסל,IL,שלגון MOJO מנגו בצ.קוקוס67 גרם,גרמים,67.00,100 גרם,false,1,9.90,0.1478,true,1,233486
7290014369269,false,שלגון MOJO קוקוס אננ,פיקסל,IL,שלגון MOJO קוקוס אננס  69 גרם,גרמים,69.00,100 גרם,false,1,9.90,0.1435,true,1,233487
7290014369306,false,שלגון MOJO תות שדה ט,איתלק,IL,שלגון MOJO תות שדה טבעי 70 גרם,גרמים,70.00,100 גרם,false,1,9.90,0.1414,true,1,208079
7290014369320,false,שלגון MOJO סורבה קוק,איתלק,IL,שלגון MOJO סורבה קוקוס טבעי 70 גרם,גרמים,70.00,100 גרם,false,1,9.90,0.1414,true,1,208081
7290014369337,false,שלגון MOJO מנגו טרופ,איתלק,IL,שלגון MOJO מנגו טרופי  טבעי 70 גרם,גרמים,70.00,100 גרם,false,1,9.90,0.1414,true,1,208082
7290014369351,false,מנגו אננס ופסיפלורה,איתלק,IL,מנגו אננס ופסיפלורה טבעיים 70 גרם,גרמים,70.00,100 גרם,false,1,9.90,0.1414,true,1,208084
7290014369382,false,שלגון MOJO פיסטוק מו,איתלק,IL,שלגון MOJO פיסטוק מובחר  טבעי 70 גרם,גרמים,70.00,100 גרם,false,1,9.90,0.1414,true,1,208086
7290014369450,false,קוקוס ואננס טבעיים,,,קוקוס ואננס טבעיים,יחידה,1.00,יחידה,false,1,9.90,9.9000,true,1,210443
7290014369474,false,שלגון MOJO תות ובננה,איתלק,IL,שלגון MOJO תות ובננה טבעיים 70 גרם,גרמים,70.00,100 גרם,false,1,9.90,0.1414,true,1,211800
7290014369498,false,שלגון יוגורט ופטל טב,איתלק,IL,שלגון יוגורט ופטל טבעי בציפוי שוקולד מריר,גרמים,70.00,100 גרם,false,1,9.90,0.1414,true,1,212378
7290014369528,false,שלגון MOJO אגוז לוז,איתלק,IL,שלגון MOJO אגוז לוז בציפוי 70 גרם,גרמים,70.00,100 גרם,false,1,9.90,0.1414,true,1,211802
7290014369559,false,מאגדת 1/5 MOJO מיני,פיקסל,IL,מאגדת 1/5 MOJO מיני מנגו אננס ופסיפלורה,גרמים,210.00,100 גרם,false,1,27.90,0.1329,true,1,231153
7290014369597,false,פיינט מנגו אננס ופסי,גלידת אילו,IL,פיינט מנגו אננס ופסיפלורה טבעיים 500 מל,גרמים,500.00,100 גרם,false,1,27.90,0.0558,true,1,234103
7290014369610,false,פיינט פיסטוק טבעי מו,גלידת אילו,IL,פיינט פיסטוק טבעי מובחר עם שברי פיסטוק 500 מל,גרמים,500.00,100 גרם,false,1,27.90,0.0558,true,1,234104
7290014369818,false,שלגון מסקרפונה עם חת,גלידת אילו,IL,שלגון מסקרפונה עם חתיכות אפרסק 71גרם,גרמים,71.00,100 גרם,false,1,9.90,0.1394,true,1,237967
7290014369832,false,שלגון מקיאטו 71גרם,גלידת אילו,IL,שלגון מקיאטו 71גרם,גרמים,71.00,100 גרם,false,1,9.90,0.1394,true,1,237968
7290014369856,false,מאגדת מיני שלגונים ק,גלידת אילו,IL,מאגדת מיני שלגונים קוקוס אננס ופיטאיה 205גרם,גרמים,205.00,100 גרם,false,1,27.90,0.1361,true,1,237972
7290014397767,false,נוזל רצפות ריצפז הום,"איי, בי, אינבוו",IL,ריצפז פרש הום כותנה מלטפת 2 ליטר,ליטרים,2.00,ליטר,false,1,21.90,10.9500,true,1,180489
7290014397835,false,סמארט מכשיר+מילוי45,TLV צ'יף,IT,סמארט מכשיר+מילוי 45 לילות,לא מנהל יחידת מידה,0.00,לא מנהל יחידת מידה,false,1,39.90,0.0000,true,1,190373
7290014435704,false,סלמון מעושן 100 גרם,"סלטי שמיר 2006 בע""מ",,סלמון מעושן 100 גרם,גרמים,100.00,100 גרם,false,1,26.90,0.2690,true,1,184135
7290014435810,false,הרינג כבוש עם בצל 18,"סלטי שמיר 2006 בע""מ",,הרינג כבוש עם בצל 180 גרם,גרמים,180.00,100 גרם,false,1,20.90,0.1161,true,1,183616
7290014435827,false,פילה מקרל מעושן בשמן,"סלטי שמיר 2006 בע""מ",,"פילה מקרל מעושן בשמן 190 גר            """,גרמים,190.00,100 גרם,false,1,27.90,0.1468,true,1,183612
7290014435834,false,מקרל מעושן פרוס בשמן,"סלטי שמיר 2006 בע""מ",,מקרל מעושן פרוס בשמן 180 גרם,גרמים,180.00,100 גרם,false,1,27.90,0.1550,true,1,183613
7290014435872,false,סלט הרינג עם מיונז 1,"סלטי שמיר 2006 בע""מ",,סלט הרינג עם מיונז 180 גרם,גרמים,180.00,100 גרם,false,1,20.90,0.1161,true,1,183618
7290014435896,false,סלט סלמון עם מיונז 1,"סלטי שמיר 2006 בע""מ",,סלט סלמון עם מיונז 180 גרם,גרמים,180.00,100 גרם,false,1,24.90,0.1383,true,1,235933
7290014441019,true,קיש פלפל וגבינת פטה,קייטרינג שניר,IL,קיש פלפל וגבינת פטה,לא מנהל יחידת מידה,0.00,לא מנהל יחידת מידה,false,1,51.90,0.0000,true,1,205439
7290014441095,true,קיש גבינוות,קייטרינג שניר,IL,קיש גבינוות,לא מנהל יחידת מידה,0.00,לא מנהל יחידת מידה,false,1,51.90,0.0000,true,1,205447
7290014441149,true,לזניה פטריות,קייטרינג שניר,IL,לזניה פטריות,לא מנהל יחידת מידה,0.00,לא מנהל יחידת מידה,false,1,51.90,0.0000,true,1,205452
7290014441224,true,מיני תרד פלפל בטטה,קייטרינג שניר,IL,מיני תרד פלפל בטטה,לא מנהל יחידת מידה,0.00,לא מנהל יחידת מידה,false,1,54.90,0.0000,true,1,205454
7290014451025,false,סקוצ קרצוף אקולוגי ל,ספונג'ס,CA,ספוג קרצוף לניקוי כללי 4 יח Green Flash,לא מנהל יחידת מידה,0.00,לא מנהל יחידת מידה,false,1,12.90,0.0000,true,1,226718
7290014451230,false,נייר אפייה טבעי 30 ד,גרין פלאש,IL,נייר אפייה טבעי לאפייה בריאה,לא מנהל יחידת מידה,0.00,לא מנהל יחידת מידה,false,1,17.90,0.0000,true,1,229476
7290014451247,false,גליל מטליות במבוק 92,גרין-פלאש,IL,מגבות רב פעמיות מבמבוק,לא מנהל יחידת מידה,0.00,לא מנהל יחידת מידה,false,1,19.90,0.0000,true,1,229477
7290014455320,false,כדור מוצרלה פרסקה גד,מחלבות גד בעמ,IL,גד מוצרלה פרסקה מחלב בקר 18% שומן,גרמים,100.00,100 גרם,false,1,9.90,0.0990,true,1,192161
7290014472136,false,גרעין שחור קלוי 150ג,דין שיווק,IL,גרעין שחור קלוי 150גרם,גרמים,150.00,100 גרם,false,1,5.90,0.0393,true,1,235635
7290014472471,false,גרעין שחור ענק פרימי,דין שיווק,IL,גרעין שחור ענק פרימיום 200גרם,גרמים,200.00,100 גרם,false,1,6.90,0.0345,true,1,235541
7290014472488,false,שקד קלוי ענק 250גרם,דין שיווק,IL,שקד קלוי ענק 250גרם פרימיום,גרמים,250.00,100 גרם,false,1,25.90,0.1036,true,1,235544
7290014472495,false,קשיו קלוי ענק 250גרם,דין שיווק,IL,קשיו קלוי ענק 250גרם פרימיום,גרמים,250.00,100 גרם,false,1,23.90,0.0956,true,1,235543
7290014472501,false,פיסטוק קלוי ענק פרימ,דין שיווק,IL,פיסטוק קלוי ענק פרימיום 250גרם,גרמים,250.00,100 גרם,false,1,25.90,0.1036,true,1,235542
7290014472518,false,בוטן קלוי ענק פרימיו,דין שיווק,IL,בוטן קלוי ענק פרימיום 250גרם,גרמים,250.00,100 גרם,false,1,9.90,0.0396,true,1,235540
7290014472525,false,תערובת פיצוחים 250 ג,דין שיווק,IL,תערובת פיצוחים 250 גרם פרימיום,גרמים,250.00,100 גרם,false,1,22.90,0.0916,true,1,235545
7290014503137,false,יין דלתון כנען אדום,"איי, בי, אינבוו",IL,"יין דלתון כנען אדום 750 מ""ל",מיליליטרים,750.00,"100 מ""ל",false,1,49.90,0.0665,true,1,197738
7290014525665,false,עוגיות על חלל קקאו ע,"מרבה בע""מ",NL,מרבה עוגיות עם סוכריות שוקולד חלב צבעוניות 140 גרם,גרמים,140.00,100 גרם,false,1,9.90,0.0707,true,1,215520
7290014525672,false,עוגיות על חלל עם סוכ,"מרבה בע""מ",NL,מרבה עוגיות עם סוכריות שוקולד חלב צבעוניות,גרמים,140.00,100 גרם,false,1,9.90,0.0707,true,1,233085
7290014581036,false,פחמים,,,"פחם להבה 2 ק""ג",קילוגרמים,2.00,"ק""ג",false,1,14.90,7.4500,true,1,201628
7290014603028,false,שלגון סולרו וניל ציפ,"מיוצר ע""י גלידת שטרא",IL,סולרו שלגון סולרו תות 75 גרם,גרמים,76.00,100 גרם,false,1,10.90,0.1434,true,1,86984
7290014673007,false,תערובת עשבי תיבול בס,א.ל ייצור ושיווק תבל,IL,תערובת עשבי תיבול בסגנון ים תיכוני 40 גר,גרמים,40.00,100 גרם,false,1,10.90,0.2725,true,1,236240
7290014673045,false,תערובת תיבול לציפס 1,א.ל ייצור ושיווק תבל,IL,תערובת תיבול לציפס 100 גרם,גרמים,100.00,100 גרם,false,1,10.90,0.1090,true,1,236243
7290014692299,false,גבינת ברי קסטלו יורו,"ארלה פודס אמבא,",DK,גבינת ברי קסטלו יורו 125 גרם,גרמים,125.00,100 גרם,false,1,22.90,0.1832,true,1,90340
7290014692305,false,גבינת קממבר סטלו יור,הנסיך- מפעל לייצור ט,DK,גבינת קממבר סטלו יורו 125 גרם,גרמים,125.00,100 גרם,false,1,22.90,0.1832,true,1,90341
7290014692565,false,גרעיני תירס מתוק ויל,אקו קונסרויפרי קי.אפ,HU,ויליפוד גרעיני תירס מתוק 320 גרם,גרמים,320.00,100 גרם,false,1,5.90,0.0184,true,1,194431
7290014749245,false,עוף טוב צונגו רצועות,מולינו ניקולי s.p.a,IL,עוף טוב ספיישל רצועות שניצל שמשם.12*600ג,גרמים,600.00,100 גרם,false,1,36.90,0.0615,true,1,211399
7290014749764,false,עוף טוב שניצל עוף בי,מולינו ניקולי s.p.a,IL,עוף טוב שניצל עוף ביתי עדין כזה  700גרם,לא מנהל יחידת מידה,0.00,לא מנהל יחידת מידה,false,1,44.90,0.0000,true,1,211962
7290014749801,false,צונגו- עוף טוב רצועו,מולינו ניקולי s.p.a,IL,צונגו- עוף טוב רצועות שניצל בתיבול צילי,גרמים,600.00,100 גרם,false,1,36.90,0.0615,true,1,213153
7290014758100,false,מאגדת יוגורט     3%,מחלבת אלון תבור,IL,מאגדת יוגורט ביו 3% תנובה 8*150 גרם,קילוגרמים,1.20,"ק""ג",false,1,16.90,14.0833,true,1,87320
7290014758117,false,מאגדת יוגורט   1.5%,מחלבת אלון תבור,IL,מאגדת יוגורט ביו  1.5% תנובה 8*150 גרם,קילוגרמים,1.20,"ק""ג",false,1,16.90,14.0833,true,1,87321
7290014759084,false,גבינת שמנת נפוליאון,הרדוף חלב,IL,גבינת שמנת נפוליאון בסגנון צרפתי 225 גרם,גרמים,225.00,100 גרם,false,1,13.90,0.0618,true,1,181685
7290014759534,false,גבינה בולגרית 5% למר,"תנובה, מחלבת תל יוסף",IL,גבינה בולגרית 5% למריחה 200 גרם,גרמים,200.00,100 גרם,false,1,14.50,0.0725,true,1,182265
7290014759909,false,פטה עיזים 5% פיראוס,"תנובה, מחלבת טנא נוג",IL,פטה עיזים 5% גבינה מלוחה מחלב עיזים במי מלח,גרמים,250.00,100 גרם,false,1,29.90,0.1196,true,1,184122
7290014759978,false,קצקבל פלח 200 גר,תנובה,IL,"קצ""קבל פלח 200 גרם קולקשיין",גרמים,200.00,100 גרם,false,1,27.40,0.1370,true,1,182646
7290014759985,false,פרמזן פלח 200 גר,תנובה,IL,פרמזן פלח 200 גרם קולקשיין,גרמים,200.00,100 גרם,false,1,26.40,0.1320,true,1,182647
7290014759992,false,גבינת רוקפור פלח 140,"תנובה, מחלבת תל יוסף",IL,גבינת רוקפור פלח 140 גרם קולקשיין,גרמים,140.00,100 גרם,false,1,19.90,0.1421,true,1,182267
7290014760134,false,מעדן סויה ביו בטעם ו,פ.פ.ח. שאביט,IL,מעדן סויה ביו בטעם וניל  125 גרם,גרמים,125.00,100 גרם,false,1,3.90,0.0312,true,1,202456
7290014760141,true,משקה שקדים טרי 1 ליט,סוי מג'יק,IL,משקה שקדים טרי 1 ליטר,ליטרים,1.00,ליטר,false,1,12.90,12.9000,true,1,193843
7290014761056,false,YOLO מעדן שוקולד חלב,מחלבת אלון תבור,IL,YOLO מעדן שוקולד חלב מעולה 123 גרם,גרמים,123.00,100 גרם,false,1,4.50,0.0366,true,1,189197
7290014761063,false,YOLO מעדן שוקולד מרי,מחלבת אלון תבור,IL,YOLO מעדן שוקולד מריר מעולה 123 גרם,גרמים,123.00,100 גרם,false,1,4.50,0.0366,true,1,189198
7290014761070,false,YOLO מעדן שוקולד לבן,מחלבת אלון תבור,IL,YOLO מעדן שוקולד לבן מעולה 123 גרם,גרמים,123.00,100 גרם,false,1,4.50,0.0366,true,1,189199
7290014761193,true,יוגורט פירות יער,מיוצר עי קונדיטוריית,IL,פרילי פירות יער,גרמים,125.00,100 גרם,false,1,3.50,0.0280,true,1,199287
7290014762756,false,גבינת שמנת נפוליאון,הרדוף חלב,IL,גבינת שמנת נפוליאון בצל 200 גרם,גרמים,200.00,100 גרם,false,1,13.90,0.0695,true,1,195846
7290014762800,false,מעדן סויה בטעם שוקול,סוי מג'יק,IL,תנובה מעדן סויה שוקולד 2% שומן 125 גרם,גרמים,125.00,100 גרם,false,1,3.90,0.0312,true,1,199865
7290014762909,false,פתיתי מוצרלה 10% תוס,"תנובה, מחלבת תל יוסף",IL,פתיתי מוצרלה 10% תוספת  השף הלבן,גרמים,200.00,100 גרם,false,1,17.90,0.0895,true,1,196408
7290014763098,false,גבינת קרם שמנת 5% טו,תנובה,IL,קרם גבינת שמנת 5% בניחוח טוסקנה 200 גרם,גרמים,200.00,100 גרם,false,1,11.90,0.0595,true,1,196389
7290014763272,false,משקה סויה ביו עם תות,תות תעשיות מזון (201,IL,"משקה סויה ביו עם תות ובננה 250 מ""ל",מיליליטרים,250.00,"100 מ""ל",false,1,5.90,0.0236,true,1,196654
7290014785007,false,פניני טפיוקה 500 גר,יושלם,,פניני טפיוקה 500 גר,גרמים,500.00,100 גרם,false,1,8.90,0.0178,true,1,87530
7290014785052,false,רוטב פטריות צמחוני ל,יושלם,,רוטב פטריות צמחוני למוקפצים 500 מל,מיליליטרים,500.00,"100 מ""ל",false,1,10.90,0.0218,true,1,183780
7290014785069,false,"מירין 250 מ""ל משובח",יושלם,,מירין 250 מל משובח מזרח,מיליליטרים,250.00,"100 מ""ל",false,1,11.90,0.0476,true,1,180646
7290014785168,false,אטריות שירטאקה דקות,ננטונג דינגבורג סיוי,,אטריות שירטאקה דקות,גרמים,200.00,100 גרם,false,1,9.90,0.0495,true,1,187360
7290014785175,false,אטריות שירטאקה עבות,ננטונג דינגבורג סיוי,,אטריות שירטאקה עבות,גרמים,200.00,100 גרם,false,1,9.90,0.0495,true,1,187361
7290014785991,true,רוטב סויה אסיה ללא ג,,,רוטב סויה אסיה ללא גלוטן,לא מנהל יחידת מידה,0.00,לא מנהל יחידת מידה,false,1,13.90,0.0000,true,1,209609
7290014791336,false,מים,יושלם,,מים מי עדן 1 ליטר,ליטרים,1.00,ליטר,false,1,4.90,4.9000,true,1,190822
7290014791626,false,סודה שוופס נענע ליים,מיוצר עי קונדיטוריית,IL,"שוופס סודה נענע ליים 250 מ""ל זכוכית",מיליליטרים,250.00,"100 מ""ל",false,1,4.50,0.0180,true,1,198039
7290014791664,false,מים מינרליים שישיה 6,יפאורה,IL,"מים מינרליים שישיה 6 * 500 מ""ל",ליטרים,3.00,ליטר,false,6,12.90,4.3000,true,1,238308
7290014821064,false,כבל גלקסי 2 מטר,,,כבל גלקסי 2 מטר,יחידה,1.00,יחידה,false,1,29.90,29.9000,true,1,210700
7290014821347,false,אוזניות PURE-METAL,,,אוזניות PURE-METAL,יחידה,1.00,יחידה,false,1,49.90,49.9000,true,1,210689
7290014821507,false,מטען קיר אייפון מאוש,,,מטען קיר אייפון מאושר אפל 2.1,יחידה,1.00,יחידה,false,1,79.90,79.9000,true,1,210693
7290014821569,false,כבל אייפון  2 מטר,,,כבל אייפון  2 מטר,יחידה,1.00,יחידה,false,1,39.90,39.9000,true,1,210685
7290014855434,false,מגבוני בייביסיטר רבי,די פי אל,,מגבוני בייביסיטר רביעייה מבושם,יחידה,0.00,יחידה,false,1,19.70,0.0000,true,1,193920
7290014855533,false,חיתולי בייביסיטר פרפ,די פי אל,,חיתולי בייביסיטר פרפומנס מידה 4 38 יח,לא מנהל יחידת מידה,0.00,לא מנהל יחידת מידה,false,1,35.90,0.0000,true,1,196749
7290014901247,false,סטייל שמפו קרטין,א.ל. ארמן ייצור תמרו,IL,שמפו קרטין 750 מל,מיליליטרים,750.00,"100 מ""ל",false,1,22.90,0.0305,true,1,184874
7290014901261,false,סטייל מסכה קרטין,א.ל ארמן ייצור תמרוק,IL,סטייל מסכה קרטין לאחר החלקה          100,מיליליטרים,100.00,"100 מ""ל",false,1,39.90,0.3990,true,1,184876
7290014905498,false,מטלית דו צדדית גם וג,ג'נרל מילס סאן אדריא,TR,יעקבי מטלית דו צדדית,לא מנהל יחידת מידה,0.00,לא מנהל יחידת מידה,false,1,12.70,0.0000,true,1,192503
7290014905689,false,נוזל כלים הפי תפוח 7,פרח,BE,יעקבי הפי נוזל מרוכז לניקוי כלים 750 מל,מיליליטרים,750.00,"100 מ""ל",false,1,8.90,0.0119,true,1,188013
7290014905696,false,נוזל כלים לימון הפי,פרח,BE,יעקבי הפי נוזל מרוכז לניקוי כלים 750 מל,מיליליטרים,750.00,"100 מ""ל",false,1,8.90,0.0119,true,1,188281
7290014905719,false,לימונית גדולה למדיח,יוליניבר,IT,לימונית גדולה למדיח,ליטרים,0.00,ליטר,false,1,12.90,0.0000,true,1,192504
7290014905733,false,נוזל לניקוי חלונות ה,יוליניבר,TR,יעקבי ברק קריסטלי ניקוי שמשות 750 מל,מיליליטרים,750.00,"100 מ""ל",false,1,8.90,0.0119,true,1,188014
7290014931176,false,עלי חסה רומית,חקלאי,IL,עלי חסה רומית,גרמים,190.00,100 גרם,false,1,8.90,0.0468,true,1,208125
7290014940901,true,לחם פשוט מלא 750 גרם,מאפיית שלמה א. אנג'ל,IL,לחם פשוט מלא 750 גרם,גרמים,750.00,100 גרם,false,1,14.90,0.0199,true,1,191292
7290014949744,false,אוטן טרופי ספריי יבש,מיוצר עי קונדיטוריית,PL,"אוטן טרופי ספריי יבש 100 מ""ל",מיליליטרים,100.00,"100 מ""ל",false,1,17.90,0.1790,true,1,184407
7290014949751,false,אוטן גוניור גל ילד,ג'נרל מילס סאן אדריא,NL,"אוטן ג""וניור ג""ל ילדים 100  מל",מיליליטרים,100.00,"100 מ""ל",false,1,17.90,0.1790,true,1,184408
7290014949768,false,אוטן אפטר בייט גל,המאפיה של הרמן,IT,אוטן אפטר בייט-ג'ל להרגעת העור לאחר עקיצה,מיליליטרים,25.00,"100 מ""ל",false,1,25.90,1.0360,true,1,184409
7290014974593,false,גביע גלידריה ללא גלו,גילרו,IL,גביע גלידריה ללא גלוטן 12 יח עלמה,יחידה,1.00,יחידה,false,1,16.50,16.5000,true,1,203724
7290014974869,false,רולים ללא גלוטן בטעם,גילרו,IL,רולים ללא גלוטן בטעם שוקו 100 גרם,גרמים,100.00,100 גרם,false,1,7.50,0.0750,true,1,203778
7290014974876,true,רולים ללא גלוטן בטעם,גילרו,IL,רולים ללא גלוטן בטעם אגוז 40,גרמים,40.00,100 גרם,false,1,7.50,0.1875,true,1,203770
7290015009010,false,חומץ בן יין אדום 500,מנדלז סי.אר. פרודקשן,ES,חומץ בן יין אדום 5%,מיליליטרים,500.00,"100 מ""ל",false,1,14.90,0.0298,true,1,184204
7290015009041,false,"חומץ תפוחים 500 מ""ל",מנדלז סי.אר. פרודקשן,ES,דניאל חומץ תפוחים 500 מל,מיליליטרים,500.00,"100 מ""ל",false,1,15.90,0.0318,true,1,186871
7290015009225,false,ריבת חלב מקורית דניא,קארו,,ריבת חלב מקורית דניאל 450 גרם,גרמים,450.00,100 גרם,false,1,19.90,0.0442,true,1,198427
7290015009249,false,SABORITO-רוטב סלסה ח,לינדסטרי פודס,US,רוטב סלסה חריף,גרמים,454.00,100 גרם,false,1,14.90,0.0328,true,1,201485
7290015009256,false,SABORITO רוטב סלסה ר,לינדסטרי פודס אנד דר,US,SABORITO רוטב סלסה רגיל ירוק ג454גרם,גרמים,454.00,100 גרם,false,1,14.90,0.0328,true,1,201487
7290015009409,false,זיתים שחורים טאטוס ב,אדיאל ס.א,GR,זיתים שחורים טאסוס  IDEALגרם 250,גרמים,250.00,100 גרם,false,1,16.90,0.0676,true,1,213894
7290015009461,false,שעועית שחורה קונסרב,יורקום סרל,IT,שעועית שחורה קונסרב 400גרם,גרמים,400.00,100 גרם,false,1,7.90,0.0198,true,1,214676
7290015009478,false,שעועית אדומה קונסרב,יורקום סרל,IT,שעועית אדומה קונסרב 400גרם,גרמים,400.00,100 גרם,false,1,7.90,0.0198,true,1,232166
7290015025478,false,פנגל קרם פנים לעור י,אינטרקוסמא,IL,קרם פנים לעור יבש,מיליליטרים,130.00,"100 מ""ל",false,1,39.50,0.3038,true,1,187999
7290015025959,false,פרש וואנס רביעייה מג,המאפיה של הרמן,IL,פרש וואנס רביעייה קשמיר CASHMERE קייר,לא מנהל יחידת מידה,0.00,לא מנהל יחידת מידה,false,4,18.90,0.0000,true,1,211534
7290015027021,false,עוגות קראנץ ברליס,קונדיטורית ברלים,,עוגות קראנץ ברליס500,גרמים,500.00,100 גרם,false,1,24.90,0.0498,true,1,187162
7290015039246,true,נתחי טונה בשמן ויליפ,גולדן פרייז קאנינג א,TH,נתחי טונה בשמן ויליפוד רביעייה 640 גרם,גרמים,640.00,100 גרם,false,1,21.90,0.0342,true,1,194739
7290015039253,false,עלי גפן במי מלח,קוראהן פזלרמה וי דיס,TR,ויליפוד עלי גפן במי מלח 620 גרם,גרמים,620.00,100 גרם,false,1,12.90,0.0208,true,1,185332
7290015039499,false,עוגיות איטלקיות מובח,דן קייק,IT,"עוגיות איטלקיות מובחרות 1 ק""ג",קילוגרמים,1.00,"ק""ג",false,1,14.90,14.9000,true,1,204396
7290015129121,false,סקיני פסטה נודלס270,אף.סי תבליני בגליל ב,CN,סקיני פסטה- בצורת אטריות פטוצ'יני 200 גרם,גרמים,270.00,100 גרם,false,1,12.90,0.0478,true,1,186397
7290015129145,false,סקיני פסטה ספגטי270,אף.סי תבליני בגליל ב,CN,סקיני פסטה- בצורת אטריות ספגטי 200 גרם,גרמים,270.00,100 גרם,false,1,12.90,0.0478,true,1,186399
7290015129251,false,סקיני פסטה אטריות פט,אף.סי תבליני בגליל ב,CN,סקיני פסטה- בצורת אטריות פטוצ'יני 200 גרם,גרמים,270.00,100 גרם,false,1,12.90,0.0478,true,1,193350
7290015139267,false,אגו שוקולד מריר עם ש,כרמית תעשיות ממתקים,IL,"שוקולד מריר ושקדים לל""ס 85ג*12בדיס*2בקרט",גרמים,85.00,100 גרם,false,1,6.90,0.0812,true,1,193197
7290015150088,false,מחית עגבניות בלה איט,שוורצקוף& הנקל דיסלד,IT,מחית עגבניות קלה 700 גרם,גרמים,700.00,100 גרם,false,1,11.90,0.0170,true,1,191011
7290015150118,false,עגבניות חתוכות דק בל,אמיליאנה קונסרב ס.פ.,IT,עגבניות חתוכות דק בלה איטליה *3 400 גר,קילוגרמים,1.20,"ק""ג",false,1,17.90,14.9167,true,1,191023
7290015150361,false,תה ירוק נענע סטיביה,HIQ FOOD PRODUCTS,IL,תה ירוק נענע סטיביה T.T,גרמים,37.00,100 גרם,false,1,25.90,0.7000,true,1,191024
7290015150590,false,תה ירוק גינגר חריף 2,HIQ FOOD PRODUCTS,IL,חדש תה ירוק ג'ינג'ר חריף אש T.T,גרמים,37.00,100 גרם,false,1,25.90,0.7000,true,1,194528
7290015150903,false,תה ירוק קינמון ודבש,HIQ FOOD PRODUCTS,IL,תה ירוק קינמון ודבש T.T,גרמים,38.00,100 גרם,false,1,25.90,0.6816,true,1,196861
7290015155823,false,פאוץ פרינוק תפוח 120,כלורוקס אוקלנד,CZ,"פרינוק חטיפטף מחית תפוחי עץ 100% פרי, 120 גרם",גרמים,120.00,100 גרם,false,1,5.50,0.0458,true,1,209790
7290015155830,false,חטיפטף תפוח עץ  ובננ,פרוטה פודיווין,CZ,"פרינוק חטיפטף מחית תפוח בננה 100% פרי, 120 גרם",גרמים,120.00,100 גרם,false,1,5.50,0.0458,true,1,209809
7290015155847,false,חטיפטף סלט פירות 120,כלורוקס אוקלנד,CZ,"פרינוק חטיפטף מחית סלט פירות 100% פרי, 120 גרם",גרמים,120.00,100 גרם,false,1,5.50,0.0458,true,1,209793
7290015161145,false,קוואקר כוסמין מלא עב,נוטרה זון,DK,קוואקר כוסמין מלא עבה 400גרם,גרמים,400.00,100 גרם,false,1,21.90,0.0547,true,1,233269
7290015161206,false,קמח קוקוס אורגני ללא,נוטרה זון,LK,קמח קוקוס אורגני ללא גלוטן נוטרה זן  500,גרמים,500.00,100 גרם,false,1,19.90,0.0398,true,1,209555
7290015161244,false,קרם קוקוס אורגני   נ,"אינסטנטה בע""מ",LK,"קרם קוקוס אורגני   נטרוזן 400 מ""ל",מיליליטרים,400.00,"100 מ""ל",false,1,9.90,0.0248,true,1,201925
7290015161329,true,תערובת להכנת לחמניות,קריניציה ויטמינה אס,FI,תערובת להכנת לחמניות ללג על בסיס שיבולת,גרמים,500.00,100 גרם,false,1,29.90,0.0598,true,1,209675
7290015161336,false,רוטב סויה נןטרה זן,חברת גואנגזהו סיטי ר,CN,נוטרזן רוטב סויה תמרי אורגני ללא גלוטן 250 מל,מיליליטרים,250.00,"100 מ""ל",false,1,19.90,0.0796,true,1,230481
7290015161534,false,קוואקר עבה ללא גלוטן,"ב.א מזון בע""מ",DK,קוואקר עבה ללא גלוטן400 גרם,גרמים,400.00,100 גרם,false,1,21.90,0.0547,true,1,215836
7290015161541,false,קוואקר דק ללא גלוטן,"ב.א מזון בע""מ",DK,שיבולת שועל מלאה ללא גלוטן (דק) אינסטנט 400 גרם,גרמים,400.00,100 גרם,false,1,21.90,0.0547,true,1,215837
7290015161558,false,קוואקר שיבולת שועל מ,"ב.א מזון בע""מ",DK,קוואקר שיבולת שועל מלאה ללא גלוטן500גרם,גרמים,500.00,100 גרם,false,1,21.90,0.0438,true,1,215835
7290015161589,false,פת פריכה אורגנית ללג,ביואיטליה,,נוטרה זן פת פריכה אורגנית עם ירקות גינה 100 גרם,גרמים,100.00,100 גרם,false,1,13.90,0.1390,true,1,216430
7290015161848,false,פת פריכה אורגנית ללג,ביואיטליה,,נוטרה זן פת פריכה אורגנית עם כוסמת וקינואה 100 גרם,גרמים,100.00,100 גרם,false,1,13.90,0.1390,true,1,201951
7290015161862,false,פת פריכה אורגנית ללג,ביואיטליה,,נוטרה זן פת פריכה אורגנית עם ערמונים 100 גרם,גרמים,100.00,100 גרם,false,1,13.90,0.1390,true,1,201950
7290015161923,false,קרם קוקוס אורגני 400,"אינסטנטה בע""מ",LK,"קרם קוקוס אורגני 400 מ""ל 22%",גרמים,400.00,100 גרם,false,1,12.90,0.0323,true,1,231283
7290015176361,false,מברשת שיניים חשמלים,פוג'יקום,,מברשת שיניים חשמלית פוגיקום כחול,יחידה,1.00,יחידה,false,1,39.90,39.9000,true,1,198169
7290015176378,false,מברשת שיניים חשמלית,פוג'יקום,,מברשת שיניים חשמלית סגולה,יחידה,1.00,יחידה,false,1,39.90,39.9000,true,1,198166
7290015178174,false,ממרח פסטו בטעם פרמזן,יוניליוור גרמניה  Gm,IL,פסטו בטעם פרמזן,גרמים,180.00,100 גרם,false,1,12.90,0.0717,true,1,232491
7290015178181,false,ממרח ארטישוק ברוזמרי,יוניליוור גרמניה  Gm,IL,ממרח ארטישוק עם רוזמרין,גרמים,180.00,100 גרם,false,1,12.90,0.0717,true,1,232490
7290015193269,false,שמן שומשום שחור WOK,או שין הינג,,"שמן שומשום שחור WOK טהור 150 מ""ל",מיליליטרים,150.00,"100 מ""ל",false,1,13.90,0.0927,true,1,195119
7290015193566,false,אובלטים דקיקים שומשו,אם החיטה,,אובלטים דקיקים שומשום 300 גרם,גרמים,300.00,100 גרם,false,1,12.90,0.0430,true,1,198688
7290015193634,false,אובלטים קימל 300 גרם,אם החיטה,,אובלטים קימל 300 גרם,גרמים,300.00,100 גרם,false,1,12.90,0.0430,true,1,200496
7290015193665,false,קמח מצה מעדני המלך 5,אם החיטה,,קמח מצה מעדני המלך 500 גרם,גרמים,500.00,100 גרם,false,1,7.50,0.0150,true,1,200963
7290015193832,false,קרקר עם שומשום ארומה,פפושדו,IL,קרקר עם שומשום ארומה 300 גרם,גרמים,300.00,100 גרם,false,1,7.50,0.0250,true,1,208326
7290015193849,false,קרקר עם מלח ארומה 30,פפושדו,IL,קרקר עם מלח ארומה 300 גרם,גרמים,300.00,100 גרם,false,1,7.50,0.0250,true,1,208327
7290015282017,false,פרוסות טונה מעושנת 1,"סלטי שמיר 2006 בע""מ",,פרוסות טונה מעושנת 100 גרם,גרמים,100.00,100 גרם,false,1,26.90,0.2690,true,1,191725
7290015282390,false,סלט טורקי 200,"סלטי שמיר 2006 בע""מ",IL,סלט תורכי-גורמה,גרמים,200.00,100 גרם,false,1,13.90,0.0695,true,1,202512
7290015282581,false,חומוס עם חריף 200 גר,"סלטי שמיר 2006 בע""מ",IL,חומוס עם חריף 200 גרם,גרמים,200.00,100 גרם,false,1,12.90,0.0645,true,1,199440
7290015282598,false,חומוס מסעדות 200 גרם,"סלטי שמיר 2006 בע""מ",IL,חומוס מסעדות 200 גרם,גרמים,200.00,100 גרם,false,1,12.90,0.0645,true,1,202496
7290015282604,false,טחינה מיוחדת 200 גרם,"סלטי שמיר 2006 בע""מ",IL,טחינה מיוחדת 200 גרם,גרמים,200.00,100 גרם,false,1,12.90,0.0645,true,1,199442
7290015282611,false,סלט ביצים 200 גרם,"סלטי שמיר 2006 בע""מ",IL,סלט ביצים 200 גרם,גרמים,200.00,100 גרם,false,1,19.90,0.0995,true,1,202498
7290015282628,false,חציל בטעם כבד 200 גר,"סלטי שמיר 2006 בע""מ",IL,חציל בטעם כבד 200 גרם,גרמים,200.00,100 גרם,false,1,13.90,0.0695,true,1,202502
7290015282635,false,חומוס מסבחה 200 גרם,"סלטי שמיר 2006 בע""מ",IL,חומוס מסבחה 200 גרם,גרמים,200.00,100 גרם,false,1,12.90,0.0645,true,1,202494
7290015282642,false,חומוס אבו גוש 200 גר,"סלטי שמיר 2006 בע""מ",IL,חומוס אבו גוש 200 גרם,גרמים,200.00,100 גרם,false,1,12.90,0.0645,true,1,202497
7290015282666,false,סלט טונה בריאות 200,"סלטי שמיר 2006 בע""מ",IL,סלט טונה בריאות 200 גרם,גרמים,250.00,100 גרם,false,1,19.90,0.0796,true,1,207409
7290015282673,false,חציל במיונז ביתי 200,"סלטי שמיר 2006 בע""מ",IL,חציל במיונז ביתי 200 גרם,גרמים,200.00,100 גרם,false,1,12.90,0.0645,true,1,199441
7290015282680,false,קישוא בטעם כבד 200 ג,"סלטי שמיר 2006 בע""מ",IL,קישוא בטעם כבד 200 גרם,גרמים,200.00,100 גרם,false,1,13.90,0.0695,true,1,202499
7290015282697,false,כרוב אדום 200 גרם,"סלטי שמיר 2006 בע""מ",IL,כרוב אדום 200 גרם,גרמים,200.00,100 גרם,false,1,13.90,0.0695,true,1,212387
7290015282710,false,קוביות סלק 200 גרם,"סלטי שמיר 2006 בע""מ",IL,קוביות סלק 200 גרם,גרמים,200.00,100 גרם,false,1,12.90,0.0645,true,1,202514
7290015282734,false,מטבוחה ביתית 200 גר,"סלטי שמיר 2006 בע""מ",IL,מטבוחה ביתית-גורמה,גרמים,200.00,100 גרם,false,1,13.90,0.0695,true,1,202513
7290015282741,false,חציל תאילנדי 200 גרם,"סלטי שמיר 2006 בע""מ",IL,חציל תאילנדי 200 גרם,גרמים,200.00,100 גרם,false,1,13.90,0.0695,true,1,202500
7290015282758,false,סלט תירס 200 גרם,"סלטי שמיר 2006 בע""מ",IL,סלט תירס 200 גרם,גרמים,200.00,100 גרם,false,1,13.90,0.0695,true,1,202504
7290015282796,false,תפוחי אדמה 200 שמיר,"סלטי שמיר 2006 בע""מ",IL,תפוחי אדמה 200 שמיר,גרמים,200.00,100 גרם,false,1,13.90,0.0695,true,1,202501
7290015284004,true,שמפו משפחתי ECOLOVE,א.ל. ארמן,IL,"שמפו משפחתי - לכל סוגי השיער, ירקות ירוקים ecoLove",Unknown,0.00,Unknown,false,1,32.90,0.0000,true,1,221374
7290015284011,true,מרכך משפחתי ECOLOVE,א.ל. ארמן,IL,מרכך משפחתי ECOLOVE,Unknown,0.00,Unknown,false,1,32.90,0.0000,true,1,221375
7290015284028,true,סבון משפחתי ECOLOVE,א.ל. ארמן,IL,סבון גוף משפחתי מגיל חצי שנה מלפפון פטרוזיליה ותרד,Unknown,0.00,Unknown,false,1,32.90,0.0000,true,1,221376
7290015284035,true,סבון ידיים ECOLOVE,א.ל. ארמן,IL,סבון ידיים ירקות ירוקים,Unknown,0.00,Unknown,false,1,25.90,0.0000,true,1,221377
7290015284042,true,שמפו לשיער שמן אקולב,א.ל. ארמן,IL,"שמפו לשיער רגיל – שמן, ירקות אדומים ecoLove",Unknown,0.00,Unknown,false,1,32.90,0.0000,true,1,221378
7290015284059,true,מרכך לשיער שמן אקולב,א.ל. ארמן,IL,"מרכך לשיער רגיל – שמן, ירקות אדומים  ecoLove",Unknown,0.00,Unknown,false,1,32.90,0.0000,true,1,221379
7290015284066,true,סבון גוף ECOLOVE אדו,א.ל. ארמן,IL,"סבון גוף עגבניות, סלק ופלפל אדום",Unknown,0.00,Unknown,false,1,32.90,0.0000,true,1,221380
7290015284073,false,סבון ידיים  ירקות אד,א.ל. ארמן,IL,סבון ידיים ירקות אדומים,לא מנהל יחידת מידה,0.00,לא מנהל יחידת מידה,false,1,25.90,0.0000,true,1,229478
7290015284080,true,שמפו רגילECOLOVE,א.ל. ארמן,IL,"שמפו לשיער רגיל- יבש, ירקות כתומים ecoLove",Unknown,0.00,Unknown,false,1,32.90,0.0000,true,1,221381
7290015284097,true,מרכך רגילECOLOVE,א.ל. ארמן,IL,"מרכך לשיער רגיל – יבש, ירקות כתומים ecoLove",Unknown,0.00,Unknown,false,1,32.90,0.0000,true,1,221382
7290015284103,true,סבון גוף ECOLOVE כתו,א.ל. ארמן,IL,סבון גוף גזר דלעת ובטטה,Unknown,0.00,Unknown,false,1,32.90,0.0000,true,1,221383
7290015284110,false,סבון ידיים ירקות כתו,א.ל. ארמן,IL,סבון ידיים ירקות כתומים,לא מנהל יחידת מידה,0.00,לא מנהל יחידת מידה,false,1,25.90,0.0000,true,1,229479
7290015284127,true,קרם לחות לשיער ירקות,א.ל. ארמן,IL,קרם לחות ועיצוב לשיער רגיל - יבש,Unknown,0.00,Unknown,false,1,44.90,0.0000,true,1,221384
7290015284134,true,מסיכה לשיער ירקות כת,א.ל. ארמן,IL,מסכת שיער רגיל- יבש ירקות כתומים,Unknown,0.00,Unknown,false,1,44.90,0.0000,true,1,221385
7290015284189,false,שמפו משפחתי לכל סוג,א.ל ארמן,IL,שמפו משפחתי לכל סוגי השיער ירקות ירוקים,לא מנהל יחידת מידה,0.00,לא מנהל יחידת מידה,false,1,53.90,0.0000,true,1,229480
7290015284196,false,1 ליטר סבון גוף משפח,א.ל ארמן,IL,1 ליטר סבון גוף משפחתי ירקות ירוקים ecoL,לא מנהל יחידת מידה,0.00,לא מנהל יחידת מידה,false,1,53.90,0.0000,true,1,229481
7290015284202,true,שמפו לשיער צבוע סדרה,א.ל. ארמן,IL,שמפו לשיער- צבוע ויבש מאוד פירות סגולים ecoLove,Unknown,0.00,Unknown,false,1,32.90,0.0000,true,1,221386
7290015284219,true,מרכך שיער צבוע סדרה,א.ל. ארמן,IL,מרכך לשיער- צבוע ויבש מאוד פירות סגולים  ecoLove,Unknown,0.00,Unknown,false,1,32.90,0.0000,true,1,221387
7290015284226,true,סבון גוף עור יבש סדר,א.ל. ארמן,IL,סבון גוף לעור יבש אוכמניות ענבים ולבנדר,Unknown,0.00,Unknown,false,1,32.90,0.0000,true,1,221388
7290015284233,true,סבון ידיים עור יבש ס,א.ל. ארמן,IL,סבון ידיים פירות סגולים,Unknown,0.00,Unknown,false,1,25.90,0.0000,true,1,221389
7290015284240,true,מסיכה שיער צבוע סדרה,א.ל. ארמן,IL,מסכת שיער פירות סגולים,Unknown,0.00,Unknown,false,1,44.90,0.0000,true,1,221390
7290015284257,false,שמפו לשיער צבוע ויבש,הרמן,IL,שמפו לשיער צבוע ויבש ECOLOVEירקות סגולים,ליטרים,1.00,ליטר,false,1,53.90,53.9000,true,1,231387
7290015284264,false,סבון גוף לעור יבש EC,הרמן,IL,סבון גוף לעור יבש ECOLOVE ירקות סגולים 1,ליטרים,1.00,ליטר,false,1,53.90,53.9000,true,1,231388
7290015284400,false,קרם ידיים לעור יבש ס,א.ל. ארמן,IL,"קרם ידיים לעור יבש, ענבים אוכמניות ולבנדר",לא מנהל יחידת מידה,0.00,לא מנהל יחידת מידה,false,1,21.90,0.0000,true,1,229483
7290015284417,false,קרם גוף לעור יבש סדר,א.ל. ארמן,IL,"קרם גוף לעור יבש, ענבים אוכמניות ולבנדר",לא מנהל יחידת מידה,0.00,לא מנהל יחידת מידה,false,1,35.90,0.0000,true,1,229484
7290015284660,true,שמפו לאחר החלקה ECOL,א.ל. ארמן,IL,שמפו לאחר החלקה ללא מלחי סודיום כלוריד,Unknown,0.00,Unknown,false,1,36.90,0.0000,true,1,221393
7290015284677,true,מרכך לאחר החלקה ECOL,א.ל. ארמן,IL,מרכך לאחר החלקה ללא מלחי סודיום כלוריד,Unknown,0.00,Unknown,false,1,36.90,0.0000,true,1,221394
7290015284684,false,מסיכה לשיער שעבר החל,א.ל. ארמן,IL,מסכת שיער לאחר החלקה ללא מלחי סודיום כלוריד,לא מנהל יחידת מידה,0.00,לא מנהל יחידת מידה,false,1,44.90,0.0000,true,1,229485
7290015284783,false,מי ניקוי והסרת איפור,הרמן,IL,מיסלר מי ניקוי והסרת איפור,מיליליטרים,200.00,"100 מ""ל",false,1,54.90,0.2745,true,1,231385
7290015284790,false,מסכת בוץ ECOLOVEלניק,הרמן,IL,מסכת בוץ ECOLOVEלניקוי העור 100מל,מיליליטרים,100.00,"100 מ""ל",false,1,59.90,0.5990,true,1,231386
7290015324007,false,פלפל שחור גרוס,תות ממתקי איכות,IL,"תבליני טעם וריח, 100% פלפל שחור גרוס, 80 גרם",גרמים,80.00,100 גרם,false,1,9.90,0.1238,true,1,184410
7290015324014,false,פלפל שחור טחון 80 גר,תות ממתקי איכות,IL,"תבליני טעם וריח, 100% פלפל שחור טחון, 80 גרם",גרמים,80.00,100 גרם,false,1,9.90,0.1238,true,1,184411
7290015324038,false,פפריקה בשמן 80 גרם,תות ממתקי איכות,IL,פפריקה בשמן 80 גרם,גרמים,80.00,100 גרם,false,1,5.90,0.0738,true,1,184412
7290015324045,false,פפריקה חריפה 80 גרם,תות ממתקי איכות,IL,"תבליני טעם וריח, 100% פפריקה חריפה, 80 גרם",גרמים,80.00,100 גרם,false,1,5.90,0.0738,true,1,184413
7290015324052,false,פפריקה מתוקה 80 גרם,תות ממתקי איכות,IL,"תבליני טעם וריח, 100% פפריקה מתוקה, 80 גרם",גרמים,80.00,100 גרם,false,1,5.90,0.0738,true,1,184414
7290015324069,false,גריל עוף טעם וריח 80,תות ממתקי איכות,IL,"תבליני טעם וריח, תערובת תיבול גריל עוף, 80 גרם",גרמים,80.00,100 גרם,false,1,5.90,0.0738,true,1,184415
7290015324076,false,זעתר 80 גרם,תות ממתקי איכות,IL,"תבליני טעם וריח, תערובת תיבול זעתר, 80 גרם",גרמים,80.00,100 גרם,false,1,5.90,0.0738,true,1,184440
7290015324083,false,מלח לימון טעם וריח 8,תות ממתקי איכות,IL,"תבליני טעם וריח, 100% מלח לימון, 80 גרם",גרמים,80.00,100 גרם,false,1,5.90,0.0738,true,1,184416
7290015324090,false,כמון 80 גרם,תות ממתקי איכות,IL,"תבליני טעם וריח, 100% כמון מזרחי, 80 גרם",גרמים,80.00,100 גרם,false,1,5.90,0.0738,true,1,184417
7290015324106,false,כורכום 80 גרם,תות ממתקי איכות,IL,"תבליני טעם וריח, 100% כורכום, 80 גרם",גרמים,80.00,100 גרם,false,1,5.90,0.0738,true,1,184418
7290015324113,false,בהרט,תות ממתקי איכות,IL,"תבליני טעם וריח, תערובת תיבול בהרט לבישול, 80 גרם",גרמים,80.00,100 גרם,false,1,5.90,0.0738,true,1,184419
7290015324120,false,שום גבישי,תות ממתקי איכות,IL,תבליני טעם וריח שום גבישי 80 גרם,גרמים,80.00,100 גרם,false,1,5.90,0.0738,true,1,184420
7290015324151,false,חוויאג למרק 80 גרם,תות ממתקי איכות,IL,חוויאג למרק 80 גרם,גרמים,80.00,100 גרם,false,1,5.90,0.0738,true,1,184421
7290015324168,false,תערובת תיבול על האש,תות ממתקי איכות,IL,"תבליני טעם וריח, תערובת תיבול על האש, 80 גרם",גרמים,80.00,100 גרם,false,1,5.90,0.0738,true,1,184422
7290015324175,false,תבלין שווארמה,יוליניבר,IL,תבליני טעם וריח תערובת תיבול לשווארמה 80 גרם,גרמים,0.00,100 גרם,false,1,5.90,0.0000,true,1,184423
7290015324281,false,בצל מטוגן בשקית 200,תות תעשיות מזון (201,NL,תבליני טעם וריח שבבי בצל מטוגן 200 גרם,גרמים,200.00,100 גרם,false,1,11.90,0.0595,true,1,197704
7290015324427,false,סודה לשתייה שקית 80,תבליני טעם וריח,IL,סודה לשתייה שקית 80 גרם,גרמים,80.00,100 גרם,false,1,4.50,0.0563,true,1,205575
7290015324557,false,בהרט לבישול מיכל גדו,,,בהרט לבישול מיכל גדו,גרמים,0.00,100 גרם,false,1,9.90,0.0000,true,1,210299
7290015324564,false,כוסברה טחונה מיכל גד,יוליניבר,IL,תבליני טעם וריח כוסברה טחונה 70 גרם,גרמים,70.00,100 גרם,false,1,9.90,0.1414,true,1,210297
7290015341332,false,עוגיות בוטנים מצופות,אנטיקוביץ,IL,עוגיות בוטנים מצופות 400,גרמים,400.00,100 גרם,false,1,16.90,0.0422,true,1,216588
7290015341356,false,עוגיות קוקוס 400,אנטיקוביץ,IL,עוגיות קוקוס 400,גרמים,400.00,100 גרם,false,1,16.90,0.0422,true,1,204432
7290015341394,false,עוגיות מיוחדות פסח,אנטיקוביץ,IL,עוגיות מיוחדות פסח 300גרם,גרמים,300.00,100 גרם,false,1,16.90,0.0563,true,1,204433
7290015347457,true,קינואה שחורה  מיה 40,מיה,IL,קינואה שחורה  מיה 400 גרם,גרמים,400.00,100 גרם,false,1,14.90,0.0373,true,1,239991
7290015347488,false,סוכר דמררה מיה  שקית,מיה,IL,סוכר דמררה מיה  שקית 1 קג,קילוגרמים,1.00,"ק""ג",false,1,9.90,9.9000,true,1,240011
7290015350150,false,יין של סגל אדום חצי,פארייפאבה אגרואינדוס,IL,של סגל אדום חצי יבש,מיליליטרים,750.00,"100 מ""ל",false,1,21.90,0.0292,true,1,212658
7290015355834,true,היינץ מתבל עגבניות ח,"איטיליאן פוד, אס.פי.",US,מתבל עגבניות היינץ חריף ומתובל 855 גרם,גרמים,855.00,100 גרם,false,1,16.90,0.0198,true,1,221408
7290015366359,false,ספירה מכשיר 8 ש 45+.,זובלה הולדינגס ס.פ.א,IT,ספירה מכשיר חשמלי ומילוי נוזלי להרחקת יתושים 70 מל,Unknown,0.00,Unknown,false,1,28.90,0.0000,true,1,190607
7290015395939,false,חטיף יפני  150גרם,דין שיווק,IL,חטיף יפני  150גרם,גרמים,150.00,100 גרם,false,1,14.90,0.0993,true,1,235535
7290015395960,false,בוטן רביולי 150גרם,דין שיווק,IL,בוטן רביולי 150גרם,גרמים,150.00,100 גרם,false,1,14.90,0.0993,true,1,235534
7290015446167,false,אול אין חטיף חלבון ב,,,אול אין חטיף חלבון בטעם קרמל בוטנים,גרמים,50.00,100 גרם,false,1,13.90,0.2780,true,1,207166
7290015446242,false,אול אין חטיף חלבון ק,,,אול אין חטיף חלבון קרם עוגיות,גרמים,50.00,100 גרם,false,1,13.90,0.2780,true,1,207164
7290015446488,false,אול אין חטיף חלבון ו,,,אול אין חטיף חלבון וסיבים חמאת בוטנים,גרמים,60.00,100 גרם,false,1,13.90,0.2317,true,1,207168
7290015446891,false,אול אין קוקי קראנץ 1,הרת'סייד פוד סולושיי,US,אול אין קוקי קראנץ 100 גרם,גרמים,100.00,100 גרם,false,1,18.90,0.1890,true,1,211797
7290015446914,false,חטיף חלבון בטעם שוקו,הרת'סייד פוד סולושיי,NL,חטיף חלבון בטעם שוקולד ציפ  100 גרם,גרמים,100.00,100 גרם,false,1,19.90,0.1990,true,1,236889
7290015446921,false,חטיף חלבון בטעם קרמל,,,חטיף חלבון בטעם קרמל מלוח- 60 גרם,גרמים,60.00,100 גרם,false,1,13.90,0.2317,true,1,236885
7290015470391,false,פנגל קרם ידיים מועשר,TLV צ'יף,IL,קרם ידיים מטפח מועשר בשמן זית.,Unknown,0.00,Unknown,false,1,11.90,0.0000,true,1,194483
7290015519144,false,מטען קיר לגלקסי פרימ,,,מטען קיר לגלקסי פרימיום 2A,יחידה,1.00,יחידה,false,1,49.90,49.9000,true,1,210684
7290015519205,false,מעמד מגנט EASY GRIP,,,מעמד מגנט EASY GRIP,יחידה,1.00,יחידה,false,1,29.90,29.9000,true,1,210656
7290015597326,false,מאגדת קרחוני שרבט אי,,IL,מאגדת קרחוני שרבט אייס לייט בטעמים 710 ג,גרמים,710.00,100 גרם,false,1,26.90,0.0379,true,1,195160
7290015597937,false,קורנטו קלאסיק,שטראוס גלידות,,קורנטו קלאסיק,גרמים,70.00,100 גרם,false,1,9.90,0.1414,true,1,201756
7290015599054,false,צהובה טבעונית בטעם צ,המאפיה של הרמן,GR,צהובה טבעונית בטעם צ'דר,גרמים,200.00,100 גרם,false,1,23.90,0.1195,true,1,198544
7290015599061,false,צהובה טבעונית בטעם מ,המאפיה של הרמן,GR,צהובה טבעונית בטעם מוצרלה,גרמים,200.00,100 גרם,false,1,23.90,0.1195,true,1,198543
7290015599078,true,צהובה טבעונית עם עשב,המאפיה של הרמן,GR,צהובה טבעונית עם עשבי תיבול,גרמים,200.00,100 גרם,false,1,23.90,0.1195,true,1,204761
7290015599276,true,מלח הודי שחור,האחים פלם הגפן,DE,מלח הודי שחור,גרמים,200.00,100 גרם,false,1,22.90,0.1145,true,1,204764
7290015599504,false,וגה ממרח בטעם חמאה א,גוד פוד פרודקטס S.p,DK,וגה ממרח בטעם חמאה אורגני 225 גרם,גרמים,225.00,100 גרם,false,1,19.90,0.0884,true,1,207249
7290015652087,false,תערובת פיצוחים 150 ג,דין שיווק,IL,תערובת פיצוחים 150 גרם,גרמים,150.00,100 גרם,false,1,14.90,0.0993,true,1,235505
7290015670029,false,טבעוניות פירות יבשים,מרסי,IL,טבעוניות פירות יבשים - ללא קמח250,גרמים,250.00,100 גרם,false,1,32.90,0.1316,true,1,204430
7290015670036,false,טבעוני קראנץ  - ללא,מרסי,IL,טבעוני קראנץ  - ללא קמח 250,גרמים,250.00,100 גרם,false,1,32.90,0.1316,true,1,216834
7290015670050,false,טבעוני - גינגר שוקול,מרסי,IL,טבעוני - גינגר שוקולד 250,גרמים,250.00,100 גרם,false,1,32.90,0.1316,true,1,204429
7290015670142,false,"עוגה בחושה כשל""פ",מרסי,IL,"עוגה בחושה כשל""פ600",גרמים,600.00,100 גרם,false,1,33.90,0.0565,true,1,215986
7290015670203,false,מטבעות פיצוחים - ללא,מרסי,IL,מטבעות פיצוחים - ללא קמח225,גרמים,225.00,100 גרם,false,1,32.90,0.1462,true,1,221483
7290015670234,false,מטבעות שומשום דלעת -,מרסי,IL,מטבעות שומשום דלעת - ללא קמח225,גרמים,225.00,100 גרם,false,1,32.90,0.1462,true,1,204437
7290015670258,true,שקד פרוס ותפוז מסוכר,מרסי,IL,שקד פרוס ותפוז מסוכר - ללא קמח210,גרמים,210.00,100 גרם,false,1,32.90,0.1567,true,1,216835
7290015670418,false,"אלפחורס כשל""פ 250גרם",מרסי,IL,"אלפחורס כשל""פ 250גרם",גרמים,250.00,100 גרם,false,1,32.90,0.1316,true,1,216832
7290015670449,false,גרנולה פירות יבשים24,מרסי,IL,גרנולה פירות יבשים240,גרמים,240.00,100 גרם,false,1,32.90,0.1371,true,1,221484
7290015670470,false,סהרוני שקד חמאה 240,מרסי,IL,סהרוני שקד חמאה 240,גרמים,240.00,100 גרם,false,1,26.90,0.1121,true,1,228825
7290015670494,false,לימון שקד פרוס 240,מרסי,IL,לימון שקד פרוס 240,גרמים,240.00,100 גרם,false,1,26.90,0.1121,true,1,229793
7290015670654,false,שוקולדים 240,מרסי,IL,שוקולדים 240,גרמים,240.00,100 גרם,false,1,26.90,0.1121,true,1,229795
7290015670708,false,כעכי שומשום 300,מרסי,IL,כעכי שומשום 300,גרמים,300.00,100 גרם,false,1,26.90,0.0897,true,1,221486
7290015670753,false,מקלות פרמזן 240,מרסי,IL,מקלות פרמזן 240,גרמים,240.00,100 גרם,false,1,26.90,0.1121,true,1,229798
7290015683869,false,מעצב זקן מקצועי פוגי,פוג'יקום,,מעצב זקן מקצועי פוגיקום,יחידה,0.00,יחידה,false,1,99.90,0.0000,true,1,212020
7290015775014,false,אגוזי פיסטוק קלופים,"גיי אנג גי פקאנס בע""",IL,אגוזי פיסטוק קלופים טבעיים 100 גר,יחידה,1.00,יחידה,false,1,28.90,28.9000,true,1,196077
7290015775021,false,שברי אגוז מלך גרוסים,"גיי אנג גי פקאנס בע""",IL,שברי אגוז מלך גרוסים  100 גר,גרמים,100.00,100 גרם,false,1,10.90,0.1090,true,1,196076
7290015775854,false,תאנים מיובשות 330 גר,,IL,תאנים מיובשות 330 גרם,גרמים,330.00,100 גרם,false,1,22.90,0.0694,true,1,206719
7290015775922,false,שקד גרוס מולבן  הטיב,פיצוחי הטיב,IL,שקד גרוס מולבן  הטיב 200 גרם,גרמים,200.00,100 גרם,false,1,9.90,0.0495,true,1,206959
7290015781015,false,ויזאן מלבק,יקב טפרברג 1870,,ויזאן מלבק,מיליליטרים,75000.00,"100 מ""ל",false,1,39.90,0.0005,true,1,192859
7290015842631,false,כוסות פלסטיק 330 מל,,GR,כוסות פלסטיק 330 מל לברד/ בירה 40 יח,יחידה,1.00,יחידה,false,1,10.90,10.9000,true,1,213844
7290015856720,false,חטיף אפונה אפויה עם,תות תעשיות מזון (201,IL,חטיף אפונה בטעם זעתר,גרמים,50.00,100 גרם,false,1,5.90,0.1180,true,1,212562
7290015858106,false,ממרח פסטו ביתי 180 ג,"מדשא תעשיות מזון בע""",IL,עללחם פסטו ביתי 100 גרם,גרמים,180.00,100 גרם,false,1,19.90,0.1106,true,1,200982
7290015858700,false,אלקולגל 70% אלכוהול,"מדשא תעשיות מזון בע""",IL,"אלקולגל 70% אלכוהול חוף ים  100 מ""ל",מיליליטרים,100.00,"100 מ""ל",false,1,9.90,0.0990,true,1,213081
7290015865692,false,תענוג פרי תות שדה ע,ענבי ציון,IL,תענוג פרי תות שדה ענבי ציון  400 גרם,גרמים,400.00,100 גרם,false,1,17.90,0.0447,true,1,240425
7290015865708,false,תענוג פרי אוכמניות,ענבי ציון,IL,תענוג פרי אוכמניות ענבי ציון  400 גרם,גרמים,400.00,100 גרם,false,1,17.90,0.0447,true,1,240426
7290015865715,false,תענוג פרי פירות יער,ענבי ציון,IL,תענוג פרי פירות יער ענבי ציון  400 גרם,גרמים,400.00,100 גרם,false,1,17.90,0.0447,true,1,240427
7290015872553,false,חומוס מסעדה 700 גרם,"סלטי שמיר 2006 בע""מ",,חומוס מסעדה 700 גרם,גרמים,700.00,100 גרם,false,1,14.90,0.0213,true,1,235934
7290015946001,false,מאסטר ספירולינה אורג,אשבל,IL,מאסטר ספירולינה אורגנית הזהב הירוק קפואה,לא מנהל יחידת מידה,2.50,לא מנהל יחידת מידה,false,1,59.00,23.6000,true,1,233273
7290015968089,false,צלחות פלסטיק עבות במ,F.T.I,,צלחות פלסטיק עבות במיוחד 25 יחידות 17 סמ,לא מנהל יחידת מידה,0.00,לא מנהל יחידת מידה,false,1,8.90,0.0000,true,1,209334
7290015968201,false,כוסות נייר 50 יח לשת,,,כוסות נייר 50 יח לשתיה חמה קרה 310 מל,יחידה,1.00,יחידה,false,1,17.90,17.9000,true,1,209179
7290015968294,false,נובי כוס הפלא,מולינו ניקולי s.p.a,CN,נובי כוס הפלא עם מכסה וידיות,לא מנהל יחידת מידה,0.00,לא מנהל יחידת מידה,false,1,39.90,0.0000,true,1,204593
7290015968508,false,"כוסות 180 מ""ל פלסטיק",,TR,"כוסות 180 מ""ל פלסטיק לשתיה קרה",יחידה,1.00,יחידה,false,1,8.90,8.9000,true,1,211741
7290015968676,false,כוס יין מהודרת עם רג,J.E&W.Inc,,כוס יין מהודרת עם רגל 6 יח,לא מנהל יחידת מידה,0.00,לא מנהל יחידת מידה,false,1,11.90,0.0000,true,1,199906
7290015968782,true,מארז פדים להסרת איפו,הדקלאים אגודת שיתופי,CN,מארז שלישיה פדים להסרת איפור 3*80,Unknown,0.00,Unknown,false,1,16.90,0.0000,true,1,214824
7290015968881,false,מפיות מודפסות 33*33,W.W.P.Co.Ltd,,"מפיות מודפסות 33*33 ס""מ 20 יח דגם W-763",לא מנהל יחידת מידה,0.00,לא מנהל יחידת מידה,false,1,5.90,0.0000,true,1,199915
7290015968898,false,מפיות מודפסות 33*33,W.W.P.Co.Ltd,,"מפיות מודפסות 33*33 ס""מ 20 יח דגם W-772",לא מנהל יחידת מידה,0.00,לא מנהל יחידת מידה,false,1,5.90,0.0000,true,1,199916
7290016006025,false,סודה שוופס בקבוק 500,יפאורה תבורי בעמ,IL,שוופס מי סודה 0.5 ליטר,מיליליטרים,500.00,"100 מ""ל",false,1,3.90,0.0078,true,1,205396
7290016006322,false,מי עדן בקבוק 1 ליטר,מופק ממקור בזלתי עדן,IL,מי עדן בקבוק 1 ליטר,ליטרים,1.00,ליטר,false,1,5.90,5.9000,true,1,198079
7290016077759,true,רוטב ברביקיו קלאסי,,NL,היינץ רוטב ברביקיו קלאסי 480 גרם,יחידה,1.00,יחידה,false,1,17.90,17.9000,true,1,229551
7290016077766,false,שעועית לבנה אפויה בר,הייבורי קנקו,CA,היינץ שעועית אפויה 453 גרם,גרמים,410.00,100 גרם,false,1,10.90,0.0266,true,1,205334
7290016080551,true,מתבל עגבניות אורגני,היינץ צפון אמריקה מק,NL,היינץ מתבל עגבניות אורגני 580 גרם,Unknown,0.00,Unknown,false,1,17.90,0.0000,true,1,221605
7290016087147,true,פריניר מרגריטה 240 ג,פריניר ( הדס 1987) ב,IL,פריניר רוטב פיצה מרגריטה 240 ג,Unknown,0.00,Unknown,false,1,5.90,0.0000,true,1,205205
7290016087192,false,עגבניות מרוסקות 230,פריניר ( הדס 1987) ב,IL,פריניר מרוסקות 230 ג,גרמים,230.00,100 גרם,false,1,5.90,0.0257,true,1,200847
7290016087222,false,רוטב עגבניות מרוכז ל,פריניר ( הדס 1987) ב,IL,פריניר רוטב עגבניות מרוכז לשקשוקה 230 גרם,גרמים,230.00,100 גרם,false,1,5.90,0.0257,true,1,201781
7290016094817,false,אולטרסול ספריי שמן ג,הדקלאים אגודת שיתופי,IL,"ספריי שמן, שמן גזר",מיליליטרים,200.00,"100 מ""ל",false,1,39.90,0.1995,true,1,207286
7290016129298,true,טראפלס תמרים 120 גר,פוקה,IL,חטיפי טראפלס תמרים 8 יח'*120 גר',לא מנהל יחידת מידה,0.00,לא מנהל יחידת מידה,false,1,13.90,0.0000,true,1,206344
7290016144000,false,קמח חיטה 80 נפלאות 1,קמח מלכים,IL,"קמח חיטה 80 נפלאות 1 ק""ג",קילוגרמים,1.00,"ק""ג",false,1,8.90,8.9000,true,1,236394
7290016144017,false,קמח חיטה 100 נפלאות,קמח מלכים,IL,"קמח חיטה 100 נפלאות 1 ק""ג",קילוגרמים,1.00,"ק""ג",false,1,8.90,8.9000,true,1,236395
7290016144024,false,קמח נפלאות כוסמין 10,,,"קמח נפלאות כוסמין 100%  1 ק""ג",קילוגרמים,1.00,"ק""ג",false,1,14.90,14.9000,true,1,234027
7290016144031,false,קמח נפלאות חיטה לבן,,,"קמח נפלאות חיטה לבן 1 ק""ג",קילוגרמים,1.00,"ק""ג",false,1,6.90,6.9000,true,1,234026
7290016144048,false,קמח נפלאות כוסמין לב,,,"קמח נפלאות כוסמין לבן  1 ק""ג",קילוגרמים,1.00,"ק""ג",false,1,16.90,16.9000,true,1,234028
7290016150391,false,סלק בואקום,חקלאי,IL,סלק בואקום,Unknown,0.00,Unknown,false,1,7.90,0.0000,true,1,210589
7290016197488,false,מטלית קסם לשיש מארז,UFO INC,CN,מטליות מיקרופייבר משטחים,לא מנהל יחידת מידה,0.00,לא מנהל יחידת מידה,false,1,14.90,0.0000,true,1,196857
7290016197495,false,מטליות מיקרופייבר לר,UFO INC,CN,מטליות מיקרופייבר רצפה,לא מנהל יחידת מידה,0.00,לא מנהל יחידת מידה,false,1,21.90,0.0000,true,1,196858
7290016217735,false,חציל אש 200,"סלטי שמיר 2006 בע""מ",IL,חציל אש 200,גרמים,200.00,100 גרם,false,1,12.90,0.0645,true,1,202509
7290016217742,false,חציל אש +טחינה 200,"סלטי שמיר 2006 בע""מ",IL,חציל אש +טחינה 200,גרמים,200.00,100 גרם,false,1,12.90,0.0645,true,1,202510
7290016217759,false,חציל מורוקאי -גורמה,"סלטי שמיר 2006 בע""מ",IL,חציל מורוקאי -גורמה,גרמים,200.00,100 גרם,false,1,13.90,0.0695,true,1,202511
7290016217995,false,סלט ביצים עם אבוקדו,"סלטי שמיר 2006 בע""מ",IL,סלט ביצים עם אבוקדו,גרמים,200.00,100 גרם,false,1,19.90,0.0995,true,1,202503
7290016230888,false,סוללה 3V 5 יחידות,,,סוללה 3V 5 יחידות,יחידה,1.00,יחידה,false,1,19.90,19.9000,true,1,203082
7290016245653,false,לחם שיפון מלא חצי קס,מאפיית טעמי הכפר 201,,לחם שיפון מלא חצי קסטן,גרמים,600.00,100 גרם,false,1,17.90,0.0298,true,1,184365
7290016245837,false,שישיית לחמניות קמח מ,,,שישיית לחמניות קמח מלא במארז,יחידה,1.00,יחידה,false,1,13.90,13.9000,true,1,210864
7290016246018,false,פינוקיות חלבה בארכה,רושדי תעשיות מזון בע,IL,פינוקיות חלבה בארכה מיקס 10*200גרם,גרמים,200.00,100 גרם,false,1,13.90,0.0695,true,1,221642
7290016246308,false,מארז חטיף חלבה בארכה,רושדי תעשיות מזון בע,IL,בארכה בקטנה חטיף חלבה וניל קוקוס12 7*18ג,גרמים,126.00,100 גרם,false,1,13.90,0.1103,true,1,200277
7290016246452,true,טחינה .גולמית מעוד,רושדי תעשיות מזון בע,IL,בארכה טחנ.גולמית מעודנת לימון שום12*310ג,גרמים,310.00,100 גרם,false,1,13.90,0.0448,true,1,205515
7290016246773,false,בארכה טחינה גולמית מ,רושדי תעשיות מזון בע,IL,בארכה טחינה גולמית מעודנת זעתר310גרם,גרמים,310.00,100 גרם,false,1,13.90,0.0448,true,1,232477
7290016270570,false,מלפפון בייבי,חקלאי,IL,מלפפון בייבי,לא מנהל יחידת מידה,1.00,לא מנהל יחידת מידה,false,1,9.90,9.9000,true,1,215212
7290016277654,false,פיסטוק קלוף טבעי 150,דין שיווק,IL,פיסטוק קלוף טבעי 150 גרם,גרמים,150.00,100 גרם,false,1,39.80,0.2653,true,1,236145
7290016319118,false,מגע הדבש שעווה מתקלפ,המאפיה של הרמן,ES,מגע הדבש שעווה מתקלפת לפנים 100 גרם,גרמים,100.00,100 גרם,false,1,27.90,0.2790,true,1,233295
7290016319309,false,פמילי אלסבון נוזלי מ,הנסיך- מפעל לייצור ט,TR,אל סבון מאסק קלאסי,ליטרים,1.00,ליטר,false,1,14.90,14.9000,true,1,197364
7290016321531,false,רצועות שעווה מוכנות,שוורצקוף& הנקל דיסלד,ES,מגע הדבש רצועות שעווה 12+3 אלוורה,יחידה,1.00,יחידה,false,1,26.90,26.9000,true,1,212450
7290016321548,false,רצועות שעווה מוכנות,VIOKOX,ES,מגע הדבש רצועות שעווה 12+3 קמומיל,יחידה,1.00,יחידה,false,1,26.90,26.9000,true,1,212452
7290016321555,false,רצועות שעווה מוכנות,VIOKOX,ES,מגע הדבש רצועות שעווה 16+4 ביקיני ובית שחי,יחידה,1.00,יחידה,false,1,26.90,26.9000,true,1,212451
7290016321661,false,פרש וואנס מגבונים סנ,המאפיה של הרמן,IL,פרש וואנס רביעייה סנסטיב SENSITIVE קייר,לא מנהל יחידת מידה,0.00,לא מנהל יחידת מידה,false,4,18.90,0.0000,true,1,208623
7290016321678,false,מגבונים פרש וואנס רב,המאפיה של הרמן,IL,פרש וואנס רביעייה נטורל NATURAL קייר,לא מנהל יחידת מידה,0.00,לא מנהל יחידת מידה,false,4,18.90,0.0000,true,1,208622
7290016321722,false,מגבונים פרש וואנס בו,על בד,,מגבונים פרש וואנס בודד נטורל קאר 64,לא מנהל יחידת מידה,0.00,לא מנהל יחידת מידה,false,1,6.90,0.0000,true,1,208624
7290016321777,false,רצועות שעווה מוכנות,שוורצקוף& הנקל דיסלד,ES,מגע הדבש רצועות שעווה לפנים 20+5,יחידה,1.00,יחידה,false,1,26.90,26.9000,true,1,231549
7290016321883,false,פרשואנס נייר טואלט מ,המאפיה של הרמן,IL,פרשוואנס נייר טואלט מתכלה לילדים -מארז שלישייה,יחידה,1.00,יחידה,false,1,15.90,15.9000,true,1,209320
7290016372342,true,עגבניות קוביות שלישי,שוורצקוף& הנקל דיסלד,IT,בלה איטליה עגבניות חתוכות לקוביות במיץ 1.2 קג,Unknown,0.00,Unknown,false,1,16.90,0.0000,true,1,207349
7290016372397,false,תה ירוק תפוז גינגר ו,HIQ FOOD PRODUCTS,IL,תה ירוק תפוז גינגר וכורכום 25 שקיקים,גרמים,48.00,100 גרם,false,1,25.90,0.5396,true,1,200272
7290016372496,false,חליטת תה גינגר ודבש,HIQ FOOD PRODUCTS,IL,"ג'ינג'ר ודבש- ""הגן הקסום""",גרמים,30.00,100 גרם,false,1,19.90,0.6633,true,1,200266
7290016408119,false,טרליני כעכים בטעם קל,אפוליה,IL,"טרליני פניני, מיני כעכים בטעם קלאסי 225 גרם",גרמים,225.00,100 גרם,false,1,8.90,0.0396,true,1,197951
7290016408133,false,טרליני כעכים בטעם בצ,אפוליה,IL,"טרליני פניני, מיני כעכים בתוספת בצל וזיתים 225 גרם",גרמים,225.00,100 גרם,false,1,8.90,0.0396,true,1,197952
7290016408157,false,טרליני כעכים בטעם קמ,אפוליה,IL,"טרליני פניני, מיני כעכים עם קמח מלא 225 גרם",גרמים,225.00,100 גרם,false,1,8.90,0.0396,true,1,197948
7290016408416,false,חטיף קרקר עם צילי 13,תות תעשיות מזון (201,LT,חטיף קרקר עם צילי 130 גרם,גרמים,130.00,100 גרם,false,1,6.90,0.0531,true,1,197956
7290016408423,false,חטיף קרקר עם זיתים ש,תות תעשיות מזון (201,LT,קרקר דגנים עם זיתים שחורים ושום,גרמים,130.00,100 גרם,false,1,6.90,0.0531,true,1,197958
7290016408430,false,חטיף קרקר עם תערובת,תות תעשיות מזון (201,LT,קרקר דגנים עם קמח שיפון מלא ותערובת תבינים 130 גרם,גרמים,130.00,100 גרם,false,1,6.90,0.0531,true,1,197954
7290016411232,false,עלי חסה סלנובה,ביכורי שדה דרום,IL,עלי חסה סלנובה,יחידה,1.00,יחידה,false,1,12.90,12.9000,true,1,215238
7290016497526,false,באגט אותנטי  לבן  גי,גדרון,IL,באגט אותנטי  לבן  גידרון  חצי אפוי,לא מנהל יחידת מידה,0.00,לא מנהל יחידת מידה,false,1,9.90,0.0000,true,1,203157
7290016564006,true,מבריקל הפלא 3 יח,מבריקל,CN,מבריקל הפלא 3 יח,יחידה,3.00,יחידה,false,1,9.90,3.3000,true,1,240481
7290016564266,false,כיסוי הפלא 30 יח,מבריקל,CN,כיסוי הפלא 30 יח,יחידה,30.00,יחידה,false,1,9.90,0.3300,true,1,240485
7290016567007,false,אסאי ריבאר      100ג,בלהאיסה,BR,מחית אסאי ריבר 100גרם,גרמים,100.00,100 גרם,false,1,10.90,0.1090,true,1,214937
7290016584011,false,חטיפוני גזר 350 גרם,חקלאי,IL,חטיפוני גזר 350 גרם,גרמים,350.00,100 גרם,false,1,10.90,0.0311,true,1,204687
7290016682397,false,מיץ חמוציות  2 ליטר,פריניב,IL,מיץ חמוציות  2 ליטר,ליטרים,2.00,ליטר,false,1,21.50,10.7500,true,1,236432
7290016866667,false,משחת פרודונטקס פלאור,DE MICLEN,SK,"פרודונטקס משחת שיניים ללא פלאוריד 75 מ""ל",מיליליטרים,75.00,"100 מ""ל",false,1,29.90,0.3987,true,1,204669
7290016967074,false,לחם אנגל חיטה מלאה 7,"איטיליאן פוד, אס.פי.",IL,לחם אנגל חיטה מלאה 750 גרם,גרמים,750.00,100 גרם,false,1,14.90,0.0199,true,1,197603
7290016967456,false,לחם מחמצת כוסמין 600,מאפיית שלמה א.אנג'ל,IL,לחם מחמצת כוסמין 600 גרם,גרמים,600.00,100 גרם,false,1,15.90,0.0265,true,1,199613
7290016995008,true,פופקורן אורגני,תבואות,IL,פופקורן אורגני,גרמים,500.00,100 גרם,false,1,9.60,0.0192,true,1,204904
7290016995220,true,דבש אורגני,חקלאות עין חרוד מאוח,AR,דבש אורגני,לא מנהל יחידת מידה,0.00,לא מנהל יחידת מידה,false,1,38.90,0.0000,true,1,204912
7290016995510,false,חמאת בוטנים אורגנית,ריזאו שנגקנג,CN,חמאת בוטנים אורגנית חלקה 510 גרם,גרמים,510.00,100 גרם,false,1,19.90,0.0390,true,1,231870
7290016995855,false,גינגר כתוש אורגני תב,תבואות,CN,גינגר כתוש אורגני תבואות  185 גרם,גרמים,185.00,100 גרם,false,1,15.90,0.0859,true,1,231876
7290016995886,false,פלפל צילי כתוש אורגנ,תבואות,CN,פלפל צילי כתוש אורגני 185 תבואות  גרם,גרמים,185.00,100 גרם,false,1,15.90,0.0859,true,1,231877
7290016995930,false,אבקת קקאו אורגנית תב,תבואות,PE,אבקת קקאו אורגנית תבואות  200 גרם,גרמים,200.00,100 גרם,false,1,21.90,0.1095,true,1,231878
7290017023212,true,רבעיית שוופס תפוח,מיוצר עי קונדיטוריית,IL,"שוופס מוגז פירות תפוח 330 מ""ל פחית רביעייה",Unknown,0.00,Unknown,false,1,16.90,0.0000,true,1,225750
7290017023854,false,"שוופס סודה 250מ""ל בק",מיוצר עי קונדיטוריית,IL,שוופס סודה 250 מל רביעיה,ליטרים,1.00,ליטר,false,1,14.60,14.6000,true,1,206771
7290017023861,false,שוופס סודה לימון 250,מיוצר עי קונדיטוריית,IL,שוופס סודה לימון 250 מל רביעיה,ליטרים,1.00,ליטר,false,1,14.60,14.6000,true,1,206772
7290017023878,false,שוופס סודה נענע ליים,מיוצר עי קונדיטוריית,IL,שוופס סודה בטעם נענע ליים 250 מל רביעיה,ליטרים,1.00,ליטר,false,1,14.60,14.6000,true,1,206773
7290017031705,false,"סנסודיין 75 מ""ל בסיס",DE MICLEN,SK,"סנסודיין משחת שיניים ניקיון ורעננות, 75 מל",מיליליטרים,75.00,"100 מ""ל",false,1,21.90,0.2920,true,1,210396
7290017059037,false,מעדן  בננה מייפל פול,יופיקס,IL,מעדן  בננה מייפל פולי קקאו  פרוביוטי ללא חלב 125 ג,גרמים,125.00,100 גרם,false,1,7.90,0.0632,true,1,237055
7290017059044,false,מעדן תפוח חמוציות קי,יופיקס,IL,מעדן תפוח חמוציות קינמון וגרעיני שבולת שועל פרוביו,גרמים,125.00,100 גרם,false,1,7.90,0.0632,true,1,237054
7290017065137,false,גבינה ריקוטה למריחה,האי נאם סי או אל.טי.,IL,גד ריקוטה למריחה 5% שומן 200 גרם,גרמים,200.00,100 גרם,false,1,10.90,0.0545,true,1,200900
7290017065175,false,מנצגו פרוס150 גרם גד,הנסיך- מפעל לייצור ט,ES,מנצגו פרוס150 גרם גד,גרמים,150.00,100 גרם,false,1,21.90,0.1460,true,1,202461
7290017065212,false,גבינת  קרם מסקרפונה,קרלו,IL,קרם מסקרפונה 38%,גרמים,250.00,100 גרם,false,1,21.90,0.0876,true,1,202843
7290017065588,false,יוגורט יווני 10% מחל,מחלבת גד,IL,גד יוגורט יווני 10% שומן,גרמים,600.00,100 גרם,false,1,17.90,0.0298,true,1,211856
7290017065731,false,גבינת שמנת עם כמהין,פ.פ.ח. שאביט,IL,גבינת שמנת עם כמהין 30%  גד   200גרם,גרמים,200.00,100 גרם,false,1,13.90,0.0695,true,1,215863
7290017068350,false,עדשים שחורות בלוגה,מיה,IL,עדשים שחורות בלוגה  מיה 500 גרם,גרמים,500.00,100 גרם,false,1,8.90,0.0178,true,1,240012
7290017068848,false,קישוט לעוגה צבעוני,מיה,IL,קישוט לעוגה צבעוני  מיה 200 גרם,גרמים,200.00,100 גרם,false,1,8.90,0.0445,true,1,240015
7290017088242,false,מגבונים בייבי בייסיק,,,מגבונים בייבי בייסיק,לא מנהל יחידת מידה,0.00,לא מנהל יחידת מידה,false,1,3.90,0.0000,true,1,208797
7290017088341,false,מגבון דוחה יתושים אי,DPL קסריה,IL,מגבון דוחה יתושים איי קר 20 יח,יחידה,1.00,יחידה,false,1,17.90,17.9000,true,1,212327
7290017105468,false,שלישיית אפונה קטן -,יוניליוור גרמניה  Gm,HU,יכין אפונת גינה עדינה 200*3,גרמים,50.00,100 גרם,false,1,13.90,0.2780,true,1,211427
7290017105895,false,גרגרי חומוס מסעדות י,זנלכל,IL,גרגרי חומוס להכנת חומוס משובח,גרמים,550.00,100 גרם,false,1,9.50,0.0173,true,1,213183
7290017129334,false,פניני טוסטונים צנימי,תות תעשיות מזון (201,IT,"טוסטונים פניני, צנימים בטעם טבעי 100 גרם",גרמים,100.00,100 גרם,false,1,6.90,0.0690,true,1,200596
7290017129778,false,שוקולד פרימיום 70%,אף.סי תבליני בגליל ב,IL,שוקולד מריר אגו 70% בטעם קפה 100 גרם,גרמים,100.00,100 גרם,false,1,8.90,0.0890,true,1,206064
7290017129839,false,שוקולד פרימיום 70%,אף.סי תבליני בגליל ב,IL,שוקולד פרימיום 70% בטעם פטל 100גר,גרמים,100.00,100 גרם,false,1,8.90,0.0890,true,1,206065
7290017129853,false,מיני קוקוס סבתא שושנ,HIQ FOOD PRODUCTS,IL,מיני קוקיס העוגיות של סבתא שושנה 600 גר',גרמים,600.00,100 גרם,false,1,23.90,0.0398,true,1,206068
7290017142098,false,פתיתי טונה TOGO בשמן,יוניקורד ח.צ בעמ,TH,טונה טו גו בשמן קנולה 85 גרם עץ הזית,גרמים,85.00,100 גרם,false,1,10.50,0.1235,true,1,202983
7290017142159,false,מארז שלישייה טונה בה,הנסיך- מפעל לייצור ט,TH,נתחי טונה בהירה בשמן זית 80*3 גרם,גרמים,240.00,100 גרם,false,1,22.90,0.0954,true,1,202982
7290017142166,false,פילה טונה פרוס שמן ז,יוניקורד ח.צ בעמ,TH,עץ הזית פילה פרוס עם שמן זית 120 גרם,גרמים,120.00,100 גרם,false,1,14.90,0.1242,true,1,230592
7290017142401,false,ארוחה אישית קינואה ל,ג'נרל מילס סאן אדריא,TH,קינואה לבנה ואדומה עם טונה 160 גרם,גרמים,160.00,100 גרם,false,1,13.90,0.0869,true,1,232611
7290017142418,false,ארוחה אישית אורז עדש,יוניקורד ח.צ בעמ,TH,אורז ועדשים עם טונה בשמן זית,גרמים,160.00,100 גרם,false,1,13.90,0.0869,true,1,232612
7290017142500,false,תרסיס שמן זית בטעם ש,קומטמפ קומפניה פורטו,IT,"תרסיס שמן זית בטעם שום עץ הזית  150מ""ל",מיליליטרים,150.00,"100 מ""ל",false,1,19.90,0.1327,true,1,239043
7290017189253,false,WOOPSקרפ אפוי קפוא 6,מנדלז סי.אר. פרודקשן,BE,WOOPSקרפ אפוי קפוא 600 גרם,גרמים,600.00,100 גרם,false,1,21.90,0.0365,true,1,229472
7290017217680,false,כפפות משק בית עם אלו,איזיטאצ,CN,כפפות משק בית עם אלוורה גודלM,יחידה,1.00,יחידה,false,1,4.90,4.9000,true,1,214754
7290017217741,false,צלחת מרק קריסטל פרח,LTD,CN,צלחת מרק קריסטל פרח 10 יח,יחידה,1.00,יחידה,false,1,25.90,25.9000,true,1,210384
7290017266060,false,"וופלים קראנצ לל""ס בט",עלמה,,"וופלים קראנצ לל""ס בטעם שוקולד עלמה 175 ג",גרמים,175.00,100 גרם,false,1,6.90,0.0394,true,1,201633
7290017325316,false,מיקס אורז מ.אפונה וע,לה בונטה,IT,מיקס אורז מ.אפונה ועדשים אורגני250גרםהרד,גרמים,250.00,100 גרם,false,1,14.90,0.0596,true,1,231815
7290017325323,true,מיקס כוסמת אורז מלא,לה בונטה,IT,מיקס כוסמת אורז מלא ואורז אדום אורגני 2,גרמים,250.00,100 גרם,false,1,14.90,0.0596,true,1,205414
7290017325330,false,מיקס דגנים ועדשים או,לה בונטה,IT,מיקס דגנים ועדשים אורגני 250 גרם הרדוף,גרמים,250.00,100 גרם,false,1,14.90,0.0596,true,1,231814
7290017325361,false,מיקס בורגול וקינואה,לה בונטה,IT,מיקס בורגול וקינואה אורגני 250גרם הרדוף,גרמים,250.00,100 גרם,false,1,14.90,0.0596,true,1,231813
7290017325446,false,משקה שיבולת שועל שקד,סוי מג'יק,ES,משקה שיבולת שועל שקדים אורגני ללס הרדוף1,ליטרים,1.00,ליטר,false,1,15.90,15.9000,true,1,211737
7290017325453,false,משקדה שקדים אורגני 1,ליקואטס,ES,משקדה שקדים אורגני 1 ליטר ללס ללג הרדוף,ליטרים,1.00,ליטר,false,1,15.90,15.9000,true,1,211736
7290017325477,false,רסק עגבניות אורגני 1,פריניר (הדס 1987) בע,IL,רסק עגבניות אורגני 22BX הרדוף 100גרם,גרמים,100.00,100 גרם,false,1,3.90,0.0390,true,1,232798
7290017325620,false,משקה אורז ושקדים אור,ליקואטס,ES,משקה אורז ושקדים אורגני1 ליטר הרדוף,ליטרים,1.00,ליטר,false,1,13.90,13.9000,true,1,213127
7290017325705,false,קמח שיבולת שועל אורג,טחנת קמח דגן לישראל,IL,קמח שיבולת שועל אורגני 500 גרם הרדוף ללא גלוטן,גרמים,500.00,100 גרם,false,1,18.90,0.0378,true,1,237069
7290017325729,false,קמח כוסמת ירוקה  אור,טחנת קמח דגן לישראל,IL,קמח כוסמת ירוקה  אורגני 500 גרם הרדוף ללא גלוטן,גרמים,500.00,100 גרם,false,1,20.90,0.0418,true,1,237068
7290017325743,false,קמח עדשים אדומות אור,טחנת קמח דגן לישראל,IL,קמח עדשים אדומות אורגני 500 גרם הרדוף לל,גרמים,500.00,100 גרם,false,1,18.90,0.0378,true,1,237066
7290017325774,false,ספגטי מחיטת כוסמין א,פסטיפיסוי פליצ'טי,IT,ספגטי טריקולור אורגני,גרמים,400.00,100 גרם,false,1,20.90,0.0522,true,1,237064
7290017325781,false,רגיטיני מחיטת כוסמין,פסטיפיסוי פליצ'טי,IT,פנה אורגני מקמח כוסמין מלא,גרמים,400.00,100 גרם,false,1,20.90,0.0522,true,1,237065
7290017325798,false,קוואקר אורגני 500 גר,אול אורגני,IL,קוואקר אורגני 500 גרם  הרדוף ללא גלוטן,גרמים,500.00,100 גרם,false,1,17.90,0.0358,true,1,237057
7290017325804,false,קוואקר עדין אורגני 5,אול אורגני,IL,קוואקר עדין אורגני 500 גרם הרדוף ללא גלוטן,גרמים,500.00,100 גרם,false,1,17.90,0.0358,true,1,237058
7290017325828,false,קוסקוס חומוס אורגני,ביה,IT,קוסקוס אורגני,גרמים,350.00,100 גרם,false,1,19.90,0.0569,true,1,237060
7290017325835,false,קוסקוס אפונה אורגני,ביה,IT,קוסקוס אורגני,גרמים,350.00,100 גרם,false,1,19.90,0.0569,true,1,237059
7290017334448,false,שמן קנולה מזוכך OLEO,א.ד.מ . אנטוורפן,BE,שמן קנולה מזוכך OLEO 1   ליטר,ליטרים,1.00,ליטר,false,1,11.90,11.9000,true,1,214782
7290017334455,false,"אורז פרסי  זיפר 1ק""ג",,TH,"אורז פרסי  זיפר 1ק""ג",קילוגרמים,1.00,"ק""ג",false,1,9.90,9.9000,true,1,236361
7290017334462,false,אורז יסמין  זיפר  1,,TH,"אורז יסמין  זיפר  1 ק""ג",קילוגרמים,1.00,"ק""ג",false,1,11.90,11.9000,true,1,236362
7290017406794,false,אורז בסמטי קינג קראו,פונט סלאם וולנסיה,IN,"אורז בסמטי קינג קראוון 1 ק""ג",קילוגרמים,1.00,"ק""ג",false,1,10.90,10.9000,true,1,237194
7290017470191,false,קשים מתקפלים לשתייה,,CN,קשים מתקפלים לשתייה 40 יח,Unknown,0.00,Unknown,false,1,3.90,0.0000,true,1,213823
7290017477596,false,תמר מגהול ענק פרמיום,דין שיווק,IL,תמר מגהול ענק פרמיום  400ג שקדיה,גרמים,400.00,100 גרם,false,1,19.90,0.0497,true,1,235925
7290017513409,false,תה ירוק + חליטה עם פ,HIQ FOOD PRODUCTS,IL,תה ירוק עם צמחים סגולים בטעם אוכמניות ואסאי,יחידה,1.00,יחידה,false,1,25.90,25.9000,true,1,210590
7290017513485,false,מחית עגבניות רוסטיקה,גרנדי איטליאני,IT,מחית עגבניות רוסטיקה בלה איטליה 680 גר,גרמים,680.00,100 גרם,false,1,11.90,0.0175,true,1,211065
7290017513775,false,פליפז בייגלה מצופה ש,שוורצקוף& הנקל דיסלד,TR,"Flipz, חטיף בייגלה אפוי בציפוי שוקולד חלב, 140 גרם",גרמים,140.00,100 גרם,false,1,8.90,0.0636,true,1,211383
7290017513782,false,פליפז  בייגלה מצופה,שוורצקוף& הנקל דיסלד,TR,פליפז בייגלה מצופה שוקולד מריר 140 ג,גרמים,140.00,100 גרם,false,1,8.90,0.0636,true,1,211382
7290017513829,false,תה ירוק לימונית וגינ,ויסוצקי,IL,תה ירוק לימונית וגינגר ויטמין D+C,גרמים,38.00,100 גרם,false,1,25.90,0.6816,true,1,213687
7290017513850,false,תה ירוק נענע ויטמין,ויסוצקי,IL,ויסוצקי ירוק נענע עם ויטמינים,גרמים,38.00,100 גרם,false,1,25.90,0.6816,true,1,213686
7290017513867,false,תה ירוק לימונית לואי,ויסוצקי,IL,תה ירוק עם לימונית/לואיזה עם ויטמינים T.T,גרמים,38.00,100 גרם,false,1,25.90,0.6816,true,1,213685
7290017516424,false,פנגיאה שוקולד קוקוס,ש.ר רגע בטבע,IL,פנגיאה שוקולד קוקוס ואגוזי לוז 300גרם,גרמים,300.00,100 גרם,false,1,29.90,0.0997,true,1,233969
7290017516431,false,פנגיאה שוקולד קוקוס,ש.ר רגע בטבע,IL,פנגיאה שוקולד קוקוס שקדים וקפה 300גרם,גרמים,300.00,100 גרם,false,1,29.90,0.0997,true,1,234930
7290017516561,false,שלישיית חטיפי חלבון,ש.ר רגע בטבע,IL,שלישיית חטיפי חלבון פנגיאה אגוזי לוז,לא מנהל יחידת מידה,0.00,לא מנהל יחידת מידה,false,1,29.90,0.0000,true,1,233965
7290017516578,false,שלישיית חטיפי חלבון,ש.ר רגע בטבע,IL,שלישיית חטיפי חלבון פנגיאה שוקולד,לא מנהל יחידת מידה,0.00,לא מנהל יחידת מידה,false,1,29.90,0.0000,true,1,233966
7290017589633,false,קברנה סוביניון מהדור,,IL,"קברנה סוביניון מהדורת רזרב גולד 750 מ""ל",מיליליטרים,750.00,"100 מ""ל",false,1,52.90,0.0705,true,1,238344
7290017599236,false,סוכרזית סטיוויה 200,סנו מפעלי ברונוס.,IL,200 טבליות,גרמים,0.00,100 גרם,false,1,25.90,0.0000,true,1,235817
7290017617008,false,טונה  סטרקיסט בשמן 3,. יצרן: טונה ויאטנם,,טונה  סטרקיסט בשמן 3*140גרם,גרמים,420.00,100 גרם,false,1,18.90,0.0450,true,1,235923
7290017617459,false,רביעיית טונה סטארקיס,dalmore distilleries,TH,רביעיית טונה סטארקיסט בשמן צמחי 480גרם,גרמים,480.00,100 גרם,false,1,21.90,0.0456,true,1,238658
7290017617466,false,רביעיית טונה סטארקיס,dalmore distilleries,TH,רביעיית טונה סטארקיסט במים  480גרם,גרמים,480.00,100 גרם,false,1,21.90,0.0456,true,1,238659
7290017641096,false,שוקולד מריר פרימיום,כרמית תעשיות ממתקים,IL,שוקולד מריר אגו 70% ללא תוספת סוכר 100 גרם,גרמים,100.00,100 גרם,false,1,9.90,0.0990,true,1,207224
7290017641188,false,חטיף קרקר עם שיפון מ,תות תעשיות מזון (201,LT,קרקר דגנים עם שיפון מלא וסלק 130 גר',גרמים,130.00,100 גרם,false,1,6.90,0.0531,true,1,207553
7290017641195,false,חטיף קרקר עם שיפון מ,תות תעשיות מזון (201,LT,קרקר דגנים עם שיפון מלא וגזר 130 גר',גרמים,130.00,100 גרם,false,1,6.90,0.0531,true,1,207552
7290017641201,false,חטיף קרקר עם שיפון מ,תות תעשיות מזון (201,LT,קרקר דגנים עם שיפון מלא וקייל 130 גר',גרמים,130.00,100 גרם,false,1,6.90,0.0531,true,1,207554
7290017641553,false,טבלת שוקולד 70% עם ש,"כד בני דרום בע""מ",IL,טבלת שוקולד 70% עם שקדים ומלח ים 100גרם,גרמים,100.00,100 גרם,false,1,8.90,0.0890,true,1,232633
7290017641560,false,טבלת שוקולד 70% עם א,"כד בני דרום בע""מ",IL,שוקולד 70% עם אגוז מקורמל 100ג*12 בדיס*2 בקרט,גרמים,100.00,100 גרם,false,1,8.90,0.0890,true,1,232634
7290017641744,false,שלוקים נשברים 8 בארי,HIQ FOOD PRODUCTS,IL,איגלו סטיקס 8 יח * 12 יח' בקרטון בדצ,גרמים,500.00,100 גרם,false,1,4.90,0.0098,true,1,230977
7290017677811,false,רוטב סויה קיקומן 296,קדבורי,NL,"רוטב קיקומן סויה ללא תוספת חומרים משמרים  296 מ""ל",מיליליטרים,296.00,"100 מ""ל",false,1,18.90,0.0639,true,1,209394
7290017724683,false,עוגיות חמאה שקדים 20,אקלר,IL,עוגיות חמאה שקדים 200 גרם,גרמים,200.00,100 גרם,false,1,23.90,0.1195,true,1,235847
7290017791142,false,קרקר כוסמין מלא אורג,פת במלח,IL,קרקר כוסמין מלא אורגינל 225 גרם,גרמים,225.00,100 גרם,false,1,22.90,0.1018,true,1,229522
7290017791203,false,קרקר כוסמין מלא סלק,פת במלח,IL,קרקר כוסמין מלא סלק 225 גרם,גרמים,225.00,100 גרם,false,1,22.90,0.1018,true,1,231661
7290017871363,false,פמילי יהלום שמן מקדמ,המאפיה של הרמן,TR,תחליב רחצה לידיים מועשר בשמן מקדמיה,מיליליטרים,500.00,"100 מ""ל",false,1,10.90,0.0218,true,1,212114
7290017871387,false,פמילי יהלום שמן זית,המאפיה של הרמן,TR,תחליב רחצה לידיים מועשר בשמן זית,מיליליטרים,500.00,"100 מ""ל",false,1,10.90,0.0218,true,1,212116
7290017871509,false,פמילי לקשרי שמן זית,המאפיה של הרמן,TR,פמלי לקשרי 1 ליטר עם שמן זית+משאבה -מהדורת חורף,ליטרים,1.00,ליטר,false,1,14.90,14.9000,true,1,210703
7290017872070,false,פרש וואנס מגבונים נט,ווטנאפס,IL,פרש וואנס מגבונים נטורל קר שלישייה,יחידה,1.00,יחידה,false,1,9.90,9.9000,true,1,234852
7290017872162,false,עוגיות אגוזי לוז TUS,היינץ צפון אמריקה מק,IL,"טוסו עוגיות אגוזי לוז לל""ס 200 גרם",גרמים,200.00,100 גרם,false,1,17.90,0.0895,true,1,231534
7290017872186,false,עוגיות פקאן TUSO 200,היינץ צפון אמריקה מק,IL,"טוסו עוגיות פקאן לל""ס 200 גרם",גרמים,200.00,100 גרם,false,1,17.90,0.0895,true,1,212422
7290017872193,false,עוגיות שקדים וקינמון,היינץ צפון אמריקה מק,IL,"טוסו עוגיות שקדים וקינמון לל""ס 200 גרם",גרמים,200.00,100 גרם,false,1,17.90,0.0895,true,1,212424
7290017872650,false,פמילי יהלום שמן לבנד,המאפיה של הרמן,TR,תחליב רחצה לידיים מועשר בשמן לוונדר,מיליליטרים,500.00,"100 מ""ל",false,1,10.90,0.0218,true,1,231932
7290017872667,false,פמילי יהלום שמן קמומ,המאפיה של הרמן,TR,תחליב רחצה לידיים מועשר בשמן קמומיל,מיליליטרים,500.00,"100 מ""ל",false,1,10.90,0.0218,true,1,231933
7290017888019,false,פרוט & ווג תפוח רימו,מיוצר עי קונדיטוריית,IL,"FRUIT&VEG תפוח סלק רימון ג'ינג'ר 350 מ""ל",מיליליטרים,350.00,"100 מ""ל",false,1,9.50,0.0271,true,1,208399
7290017888972,false,מי עדן פקק ספורט 1 ל,מופק ממקור בזלתי עדן,IL,מי עדן פקק ספורט 1 ליטר,ליטרים,1.00,ליטר,false,1,5.50,5.5000,true,1,212523
7290017894010,false,גרין קוקו - מי קוקוס,אף.סי תבליני בגליל ב,LK,גרין קוקו - מי קוקוס אננס אורגני 1 ליטר,ליטרים,1.00,ליטר,false,1,19.90,19.9000,true,1,210872
7290017894034,false,דגש - פתיתי שיבולת ש,אף.סי תבליני בגליל ב,IL,פתיתי שיבולת שועל מלאה עבה,גרמים,400.00,100 גרם,false,1,19.90,0.0497,true,1,230387
7290017907208,false,קמח תמי רב תכליתי לל,מנדלז סי.אר. פרודקשן,IL,קמח תמי רב תכליתי ללג 500גרם,גרמים,500.00,100 גרם,false,1,18.90,0.0378,true,1,233262
7290017907215,false,קמח תמי למאפי שמרים,פוראטוס ישראל,IL,קמח תמי למאפי שמרים ללג 500גרם,גרמים,500.00,100 גרם,false,1,18.90,0.0378,true,1,233264
7290017907222,false,קמח תמי תופח ללג 500,פוראטוס ישראל,IL,קמח תמי תופח ללג 500גרם,גרמים,500.00,100 גרם,false,1,18.90,0.0378,true,1,233263
7290017907246,false,תמי סולת ללג 300גרם,פוראטוס ישראל,IL,תמי סולת ללג 300גרם,גרמים,300.00,100 גרם,false,1,15.90,0.0530,true,1,233268
7290017907253,false,תמי פתיתים ללג 300גר,פוראטוס ישראל,IL,תמי פתיתים ללג 300גרם,גרמים,300.00,100 גרם,false,1,15.90,0.0530,true,1,233267
7290017907260,false,תמי פלאפל ללג 300גרם,פוראטוס ישראל,IL,תמי פלאפל ללג 300גרם,גרמים,300.00,100 גרם,false,1,15.90,0.0530,true,1,233266
7290017928036,true,מקלות גריסיני שומשום,HIQ FOOD PRODUCTS,IL,מאיר בייגל מקלות גריסיני שומשום 175 גרם,גרמים,175.00,100 גרם,false,1,11.90,0.0680,true,1,211180
7290017928043,true,גריסיני קראנץ מלח 17,HIQ FOOD PRODUCTS,IL,מאיר בייגל גריסיני קראנץ' עם מלח 175 גרם,יחידה,0.00,יחידה,false,1,11.90,0.0000,true,1,211181
7290017928098,false,שטוחלה מלח מאיר בייג,מאיר בייגל,IL,שטוחלה מלח מאיר בייגל 330 גרם,גרמים,330.00,100 גרם,false,1,11.90,0.0361,true,1,235721
7290017928210,true,בייגלה גדול שומשום 2,HIQ FOOD PRODUCTS,IL,בייגלה גדול שומשום 250 גרם מאיר בייגל,גרמים,250.00,100 גרם,false,1,11.90,0.0476,true,1,211183
7290017928227,true,שטוחלה פינוקים 300 ג,מאיר בייגל,IL,שטוחלה פינוקים,גרמים,300.00,100 גרם,false,1,11.90,0.0397,true,1,211184
7290017928432,true,גריסיני קראנץ פרג 17,HIQ FOOD PRODUCTS,IL,מאיר בייגל גריסיני קראנץ' עם פרג 175 גרם,גרמים,175.00,100 גרם,false,1,11.90,0.0680,true,1,211189
7290017928524,false,מאיר בייגל שטוח ניגו,HIQ FOOD PRODUCTS,IL,מאיר בייגל שטוח ניגובים מלח 330 גרם,גרמים,330.00,100 גרם,false,1,11.90,0.0361,true,1,235722
7290017928609,true,טבעות שומשום 300 גרם,מאיר בייגל,IL,מאיר בייגל טבעות שומשום 300 גרם,גרמים,300.00,100 גרם,false,1,11.90,0.0397,true,1,211191
7290017928616,true,שטוחלה שומשום 300 גר,מאיר בייגל,IL,שטוחלה שומשום 300 גרם מאיר בייגל,גרמים,300.00,100 גרם,false,1,11.90,0.0397,true,1,211192
7290017928630,true,גריסיני קראנץ פינוקי,HIQ FOOD PRODUCTS,IL,מאיר בייגל גריסיני קראנץ' פינוקים 175 גרם,גרמים,0.00,100 גרם,false,1,11.90,0.0000,true,1,211193
7290017928685,false,שמיניות מלח מאיר ביי,מאיר בייגל,IL,מאיר בייגל בייגלה עם מלח 400 גרם,גרמים,400.00,100 גרם,false,1,11.90,0.0298,true,1,235723
7290017928722,false,מאיר בייגל שטוח ניגו,מאיר בייגל,IL,מאיר בייגל שטוח ניגובים שומשום 300 גרם,גרמים,330.00,100 גרם,false,1,11.90,0.0361,true,1,235724
7290017928807,true,אצבעות שומשום 300 גר,HIQ FOOD PRODUCTS,IL,אצבעות שומשום 300 גרם מאיר בייגל,גרמים,300.00,100 גרם,false,1,11.90,0.0397,true,1,211195
7290017928821,true,מקלות גריסיני קלאסי,HIQ FOOD PRODUCTS,IL,מאיר בייגל מקלות גריסיני קלאסי 200 גרם,גרמים,200.00,100 גרם,false,1,11.90,0.0595,true,1,211197
7290017932088,false,גאלה תחתית אפויה לפא,,US,גאלה תחתית אפויה לפאי 170 גרם,גרמים,170.00,100 גרם,false,1,14.90,0.0876,true,1,235560
7290017947105,false,לחם אנגל בסגנון אמרי,"איטיליאן פוד, אס.פי.",IL,לחם אנגל בסגנון אמריקה 500 גרם,גרמים,500.00,100 גרם,false,1,13.90,0.0278,true,1,211565
7290017947457,false,חלת כוסמין קלועה 500,סנו מפעלי ברונוס.,IL,אנג'ל חלה ארוזה של שבת כוסמין 500 גרם,גרמים,500.00,100 גרם,false,1,17.90,0.0358,true,1,235753
7290017947464,false,פיתות כוסמין אנגל שמ,"איטיליאן פוד, אס.פי.",IL,מאפיית אנג'ל פיתות כוסמין 400 גרם,יחידה,1.00,יחידה,false,1,15.90,15.9000,true,1,213739
7290017947495,false,לחמניות כוסמין 6 יח,"איטיליאן פוד, אס.פי.",IL,אנג'ל לחמניות 100% כוסמין 450 גרם,גרמים,450.00,100 גרם,false,1,16.90,0.0376,true,1,214224
7290017947891,false,אנגל כוסמין וחיטה מל,"איטיליאן פוד, אס.פי.",IL,"אנג'ל כוסמין וחיטה מלאה במרקם חלק, 750 גרם",גרמים,750.00,100 גרם,false,1,15.90,0.0212,true,1,211564
7290017947921,false,שישיית לחמניות המבור,"איטיליאן פוד, אס.פי.",IL,אנג'ל לחמניות המבורגר בסגנון אמריקה 6 יח',גרמים,450.00,100 גרם,false,1,14.90,0.0331,true,1,211563
7290017947938,false,לחמניות מיני המבורגר,"איטיליאן פוד, אס.פי.",IL,לחמניות מיני המבורגר אמריקה 8 יח,גרמים,400.00,100 גרם,false,1,14.90,0.0373,true,1,214223
7290018012093,false,תאורת חירום מודל xl,,,תאורת חירום מודל xl,לא מנהל יחידת מידה,0.00,לא מנהל יחידת מידה,false,1,119.00,0.0000,true,1,211172
7290018043110,false,אול אין אקסטרא קרם ק,הרת'סייד פוד סולושיי,NL,אול אין אקסטרא קרם קשיו קרמל,גרמים,60.00,100 גרם,false,1,13.90,0.2317,true,1,235736
7290018043134,false,אול אין אקסטרא קרם ש,הרת'סייד פוד סולושיי,NL,אול אין אקסטרא קרם ש לבן,גרמים,60.00,100 גרם,false,1,13.90,0.2317,true,1,235735
7290018043189,false,PROUD קרמל קשיו 60 ג,מרס נדרלנד,NL,PROUD קרמל קשיו 60 גרם,גרמים,60.00,100 גרם,false,1,13.90,0.2317,true,1,214874
7290018043301,false,חטיף חלבון בטעם וניל,הרת'סייד פוד סולושיי,NL,חטיף חלבון בטעם ונילה קראנץ- 60 גרם,גרמים,60.00,100 גרם,false,1,13.90,0.2317,true,1,236886
7290018043592,false,מי חלבון אול אין אפר,שטיינרייזר גטראנקה,AT,מי חלבון אול אין אפרסק 500 מל,מיליליטרים,500.00,"100 מ""ל",false,1,18.90,0.0378,true,1,236271
7290018043608,false,מי חלבון אול אין  פ.,שטיינרייזר גטראנקה,AT,מי חלבון אול אין  פ.יער 500 מל,מיליליטרים,500.00,"100 מ""ל",false,1,18.90,0.0378,true,1,236272
7290018043899,false,חטיף חלבון בטעם בוטנ,הרת'סייד פוד סולושיי,NL,חטיף חלבון בטעם בוטנים קרמל- 60 גרם,גרמים,60.00,100 גרם,false,1,13.90,0.2317,true,1,236888
7290018045695,false,דגנים BON&BONבמילוי,,DE,דגנים BON&BONבמילוי קרם קרמל מלוח 480גרם,גרמים,480.00,100 גרם,false,1,21.90,0.0456,true,1,237025
7290018045893,false,דגנים BON&BONבמילוי,,DE,דגנים BON&BONבמילוי קרם נוגט 480גרם,גרמים,480.00,100 גרם,false,1,21.90,0.0456,true,1,237026
7290018071137,false,צלחות מתכלות קנה סוכ,,CN,צלחות מתכלות קנה סוכר 17 סמ 25 יח,יחידה,1.00,יחידה,false,1,11.90,11.9000,true,1,233257
7290018071144,false,צלחות מתכלות קנה סוכ,,CN,צלחות מתכלות קנה סוכר 23 סמ 25 יח,יחידה,1.00,יחידה,false,1,21.90,21.9000,true,1,233258
7290018071151,false,צלחות מתכלות קנה סוכ,,CN,צלחות מתכלות קנה סוכר 26 סמ 25 יח,יחידה,1.00,יחידה,false,1,26.90,26.9000,true,1,233259
7290018071168,false,לפתניות מתכלות קנה ס,,CN,לפתניות מתכלות קנה סוכר 11 סמ 25 יח,יחידה,1.00,יחידה,false,1,11.90,11.9000,true,1,235936
7290018071205,false,כפפות נטרו V ללא אבק,איזיטאצ,CN,כפפות נטרו V ללא אבקה S כחול 100 יח,יחידה,1.00,יחידה,false,1,29.90,29.9000,true,1,233597
7290018071212,false,כפפות נטרו V ללא אבק,איזיטאצ,CN,כפפות נטרו V ללא אבקה M כחול 100 יח,יחידה,1.00,יחידה,false,1,29.90,29.9000,true,1,233598
7290018077597,false,בייגל רומני אפוי קפו,גדרון,IL,בייגל רומני אפוי קפוא עם שומשום,יחידה,1.00,יחידה,false,1,5.90,5.9000,true,1,211682
7290018077603,false,בייגל רומני עם זעתר,גדרון,IL,בייגל רומני עם זעתר א.ק,יחידה,1.00,יחידה,false,1,5.90,5.9000,true,1,211605
7290018077665,false,בייגל רומני גדרון א.,גדרון,IL,בייגל רומני גדרון א.ק,יחידה,1.00,יחידה,false,1,5.90,5.9000,true,1,211683
7290018091081,false,מאפה פילו תרד וגבינו,"מעדנות בע""מ",IL,מאפה פילו תרד וגבינות 320 גרם מעדנות,גרמים,320.00,100 גרם,false,1,22.90,0.0716,true,1,237860
7290018091876,false,מאפה פילו גבינה 320,"מעדנות בע""מ",IL,מאפה פילו גבינה 320 גרם מעדנות,גרמים,320.00,100 גרם,false,1,22.90,0.0716,true,1,237862
7290018131077,false,שלגון מילקה עם ריפל,פרונרי פולין,PL,שלגון מילקה עם ריפל שוקולד 71 גרם,גרמים,71.00,100 גרם,false,1,11.50,0.1620,true,1,215511
7290018131176,false,מאגדת פרו וניל תות 8,גלידות נסטלה (נגה גל,IL,מאגדת פרו וניל תות 84*5 גר,גרמים,84.00,100 גרם,false,1,32.90,0.3917,true,1,211577
7290018131336,false,שלגון ליון קרמל 66גר,שוורצקוף& הנקל דיסלד,PL,שלגון ליון קרמל 66גרם,גרמים,66.00,100 גרם,false,1,11.50,0.1742,true,1,215512
7290018131343,false,לה קרמריה וניל שוקו.,המאפיה של הרמן,IL,לה קרמריה וניל שוקו.חתס.חלבי.כלפ 1.4 ל,ליטרים,1.40,ליטר,false,1,21.90,15.6429,true,1,211722
7290018131572,false,גלידה מיני בייטס מיל,שוורצקוף& הנקל דיסלד,PL,גלידה מיני בייטס מילקה 85,גרמים,85.00,100 גרם,false,1,7.90,0.0929,true,1,211591
7290018131640,false,קראנץ שוקולד בלונדי,נגה גלידות,IL,קראנץ שוקולד בלונדי 100 גרם,גרמים,100.00,100 גרם,false,1,10.50,0.1050,true,1,215510
7290018131770,false,שלגון וניל מצופה תות,נסטלה,IL,שלגון וניל מצופה תות 55 גרם,גרמים,55.00,100 גרם,false,1,5.90,0.1073,true,1,215011
7290018131855,false,מאג אקסטרים טילון בר,נגה גלידות,IL,מאג אקסטרים טילון בראוניז 432גרם,גרמים,432.00,100 גרם,false,1,32.90,0.0762,true,1,215507
7290018131879,false,מאג אקסטרים טילון רי,גלידות נסטלה (נגה גל,IL,מאג אקסטרים טילון ריבת חלב 432גרם,גרמים,432.00,100 גרם,false,1,32.90,0.0762,true,1,215506
7290018131954,false,מאגדת ל.פרוטה מצופה,נסטלה,IL,מאגדת ל.פרוטה מצופה תות שוקולד 350 גרם,גרמים,350.00,100 גרם,false,5,29.90,0.0854,true,1,215012
7290018156018,false,אולטרסול Free Kids ס,הדקלאים אגודת שיתופי,IL,אולטרסול Free Kids ספריי רציף שקוף SPF50,לא מנהל יחידת מידה,0.00,לא מנהל יחידת מידה,false,1,44.90,0.0000,true,1,235572
7290018165010,false,יין רזרב גולד גוורצט,יקבי ברקן שיווק והפצ,IL,יין רזרב גולד גוורצטרמינר 750 מל,מיליליטרים,750.00,"100 מ""ל",false,1,52.90,0.0705,true,1,238346
7290018165027,false,גולד אדישיין רוזה750,יקבי ברקן שיווק והפצ,IL,גולד אדישיין רוזה750 מל,מיליליטרים,750.00,"100 מ""ל",false,1,52.90,0.0705,true,1,238347
7290018194454,false,ערק סאפי לימונארק  7,הנסיך- מפעל לייצור ט,IL,"לימונארק סאפי  700 מ""ל",מיליליטרים,700.00,"100 מ""ל",false,1,59.90,0.0856,true,1,213177
7290018237908,false,נקניקיות עסיסיות למנ,עוף טוב,IL,נקניקיות עסיסיות למנגל  ללג  עוף טוב 40,גרמים,400.00,100 גרם,false,1,14.90,0.0373,true,1,238648
7290018249123,false,אינסטנט פודינג וניל,מתבל תעשיות מזון,IL,אינסטנט פודינג וניל סוויטאנגו ללס 50גרם,גרמים,50.00,100 גרם,false,1,12.90,0.2580,true,1,232030
7290018249444,false,סוויטאנגו אבקת שוקו,קרלו,EG,סוויטאנגו אבקת שוקו 400 גרם,גרמים,400.00,100 גרם,false,1,39.90,0.0997,true,1,235655
7290018249994,false,סוויטאנגו ממתיק בצנצ,מתבל תעשיות מזון,IL,סוויטאנגו ממתיק בצנצנת 700 גרם,גרמים,700.00,100 גרם,false,1,59.90,0.0856,true,1,231789
7290018296042,false,לחם טוסט אמריקה 500ג,מאפיית אגמי,IL,לחם טוסט אמריקה 500גרם,גרמים,500.00,100 גרם,false,1,14.90,0.0298,true,1,235617
7290018296257,false,לחם בריאות ושובע שיב,מאפיית אגמי,IL,לחם בריאות ושובע שיבולת שועל,גרמים,550.00,100 גרם,false,1,16.90,0.0307,true,1,235619
7290018296448,false,לחם בריוש 500 גרם,מאפיית אגמי,IL,לחם בריוש 500 גרם,גרמים,500.00,100 גרם,false,1,16.90,0.0338,true,1,237099
7290018296462,false,6 לחמניות מזונות,מאפיית אגמי,IL,6 לחמניות,גרמים,510.00,100 גרם,false,1,16.90,0.0331,true,1,238673
7290018296608,false,לחם בריאות ושובע 9 ד,מאפיית אגמי,IL,לחם בריאות ושובע 9 דגנים,גרמים,600.00,100 גרם,false,1,14.90,0.0248,true,1,212605
7290018296615,false,פיתה כוסמין ביס,"מאפיית אגמי בע""מ",,פיתה כוסמין ביס,גרמים,500.00,100 גרם,false,1,17.90,0.0358,true,1,212607
7290018296806,false,לחם בריאות מעושר,מאפיית אגמי,IL,לחם בריאות מעושר,גרמים,600.00,100 גרם,false,1,14.90,0.0248,true,1,212606
7290018296813,false,פיתה קלה ביס,"מאפיית אגמי בע""מ",,פיתה קלה ביס,גרמים,500.00,100 גרם,false,1,14.90,0.0298,true,1,212608
7290018309018,false,מקרון בוטיק מארז 6 י,אולה לה,IL,מקרון בוטיק מארז 6 יח 96 גר - חלבי,גרמים,96.00,100 גרם,false,1,29.90,0.3115,true,1,234024
7290018333457,false,מיני קוקיס שקדים ולי,HIQ FOOD PRODUCTS,IL,עוגיות מיני קוקיס שקדים ולימון 560 גרם,גרמים,560.00,100 גרם,false,1,23.90,0.0427,true,1,232637
7290018338049,false,שמן אבוקדו תבואות 25,פולאן פולסקו,ES,שמן אבוקדו תבואות 250 מל,מיליליטרים,250.00,"100 מ""ל",false,1,23.90,0.0956,true,1,215038
7290018338070,false,חיטת פריקי תבואות  5,תבואות,IL,חיטת פריקי תבואות  500 גרם,גרמים,500.00,100 גרם,false,1,11.90,0.0238,true,1,215033
7290018338544,false,פוסילי מקמח כוסמין ל,פוד סרויס,IT,פוסילי מקמח כוסמין לבן אורגני 500 גרם,גרמים,500.00,100 גרם,false,1,14.90,0.0298,true,1,236300
7290018338551,false,פנה מקמח כוסמין לבן,פוד סרויס,IT,פנה מקמח כוסמין לבן אורגני 500 גרם,גרמים,500.00,100 גרם,false,1,14.90,0.0298,true,1,236301
7290018344095,false,חטיף חלבון VEG PROTE,טבע ירוק,IL,חטיף חלבון VEG PROTEIN בוטנים מלח 50 גרם,גרמים,50.00,100 גרם,false,1,10.90,0.2180,true,1,240429
7290018344101,false,חטיף חלבון VEG PROTE,טבע ירוק,IL,חטיף חלבון VEG PROTEIN קקאו וקפה 50 גרם,גרמים,50.00,100 גרם,false,1,10.90,0.2180,true,1,240430
7290018344125,false,חטיף חלבון VEG PROTE,טבע ירוק,IL,חטיף חלבון VEG PROTEIN  אגוזי לוז וקקאו,גרמים,50.00,100 גרם,false,1,10.90,0.2180,true,1,240431
7290018371015,false,חטיף טורטייה   אורגנ,קואקספרה,PE,חטיף טורטייה   אורגני תירס סגולקינואה הש,גרמים,70.00,100 גרם,false,1,14.90,0.2129,true,1,237041
7290018371428,false,חומוס אורגני עם שמן,איי אנד סי,GR,חומוס אורגני עם שמן זית כתית מעולה 226 ג,גרמים,226.00,100 גרם,false,1,19.90,0.0881,true,1,237045
7290018371442,false,חומוס אורגני עם שמן,איי אנד סי,GR,חומוס אורגני עם שמן זית כתית מעולה ופלפל,גרמים,226.00,100 גרם,false,1,19.90,0.0881,true,1,237046
7290018371503,false,וופל קמח כוסמין אגוז,"רוקחמן בע""מ",IL,וופל קמח כוסמין אגוזים 200 גרם,גרמים,200.00,100 גרם,false,1,15.90,0.0795,true,1,237049
7290018440070,false,תרכיז עגבניות בשפורפ,בלה איטליה,IT,תרכיז עגבניות בשפורפרת 28  BX 200 גר,גרמים,200.00,100 גרם,false,1,8.90,0.0445,true,1,214158
7290018440209,false,פליפז בייגלה מצופה פ,שוורצקוף& הנקל דיסלד,TR,"Flipz, חטיף בייגלה אפוי בציפוי שוקולד חלב, 140 גרם",גרמים,140.00,100 גרם,false,1,8.90,0.0636,true,1,214781
7290018440223,false,צאי מסאלה עוצמתי 25,ויסוצקי,IL,צאי מסאלה עוצמתי 25 גרם,לא מנהל יחידת מידה,0.00,לא מנהל יחידת מידה,false,1,19.90,0.0000,true,1,235798
7290018440230,false,צאי ורדים 25 גרם,ויסוצקי,IL,צאי ורדים 25 גרם,לא מנהל יחידת מידה,0.00,לא מנהל יחידת מידה,false,1,19.90,0.0000,true,1,235800
7290018440247,false,צאי שקדים 25 גרם,ויסוצקי,IL,צאי שקדים 25 גרם,לא מנהל יחידת מידה,0.00,לא מנהל יחידת מידה,false,1,19.90,0.0000,true,1,235799
7290018440254,false,צאי קרמל מלוח 25 גרם,ויסוצקי,IL,צאי קרמל מלוח 25 גרם,לא מנהל יחידת מידה,0.00,לא מנהל יחידת מידה,false,1,19.90,0.0000,true,1,235801
7290018440384,false,תה ירוק מאטה לימון נ,ויסוצקי,IL,תה ירוק מאטה בטעם לימון ונענע,גרמים,25.00,100 גרם,false,1,25.90,1.0360,true,1,235796
7290018440391,false,תה ירוק מאטה נענע גו,ויסוצקי,IL,"תה ירוק מאטה, נענע וגוארנה",גרמים,25.00,100 גרם,false,1,25.90,1.0360,true,1,235797
7290018440407,false,תה ירוק מאטה קקאו לו,ויסוצקי,IL,תה ירוק מאטה בטעם קקאו ואגוזי לוז,גרמים,25.00,100 גרם,false,1,25.90,1.0360,true,1,235795
7290018440483,false,פליפז בייגלה מצופה ב,שוורצקוף& הנקל דיסלד,TR,פליפז בייגלה מצופה בקרמל מלוח ושוקולד 14,גרמים,140.00,100 גרם,false,1,8.90,0.0636,true,1,234341
7290018441626,false,פיינט בן&גריס מנטה ע,בן & ג'ריס,IL,פיינט בן&גריס מנטה עוגיות 430גרם,גרמים,430.00,100 גרם,false,1,23.90,0.0556,true,1,236881
7290018471128,false,ספרינג שייק אננס מנג,"יפאורה תבורי בע""מ",IL,ספרינג שייק אננס מנגו פסיפלורה 330 מל,מיליליטרים,330.00,"100 מ""ל",false,1,9.50,0.0288,true,1,234109
7290018471135,false,ספרינג שייק בננה תמר,"יפאורה תבורי בע""מ",IL,"ספרינג שייק בננה תמר תפוז 330 מ""ל",מיליליטרים,330.00,"100 מ""ל",false,1,9.50,0.0288,true,1,234110
7290018471142,false,ספרינג שייק בננה אננ,"יפאורה תבורי בע""מ",IL,ספרינג שייק בננה אננס קוקוס פירות יער 33,מיליליטרים,330.00,"100 מ""ל",false,1,9.50,0.0288,true,1,234111
7290018471470,false,תפוזינה enjoy נקטר ת,"כד בני דרום בע""מ",IL,תפוזינה קרטוניות תפוז-פסיפלורה 1 ל',ליטרים,1.00,ליטר,false,1,8.60,8.6000,true,1,233610
7290018471616,false,שוופס טוניק קלאסי 1,"יפאורה תבורי בע""מ",IL,שוופס מי טוניק 1 ליטר,ליטרים,1.00,ליטר,false,1,10.90,10.9000,true,1,235670
7290018471692,false,ספרינג שייק בננה אננ,"כד בני דרום בע""מ",IL,ספרינג שייק קרטונית בננה אננס קוקוס פירות יער 1 ל',ליטרים,1.00,ליטר,false,1,14.60,14.6000,true,1,234114
7290018500361,false,לחם אחיד פרוס אנגל 9,מאפיית שלמה א. אנגל,IL,לחם אחיד פרוס אנגל 900 גרם,גרמים,900.00,100 גרם,false,1,9.49,0.0105,true,1,238598
7290018540329,false,פיתה פיתה אנגל בלדי,מאפיית שלמה א. אנג'ל,IL,פיתה פיתה אנגל בלדי 8 יח 880 גרם,גרמים,880.00,100 גרם,false,1,12.90,0.0147,true,1,214970
7290018540817,false,ארטיזנל לחם מחמצת כו,מאפיית אורנים,IL,ארטיזנל לחם מחמצת כוסמין 500גרם,גרמים,500.00,100 גרם,false,1,18.90,0.0378,true,1,236337
7290018540824,false,ארטיזנל לחם מחמצת כפ,מאפיית אורנים,IL,ארטיזנל לחם מחמצת כפרי,גרמים,500.00,100 גרם,false,1,18.90,0.0378,true,1,236338
7290018540831,false,ארטיזנל לחם מחמצת חי,מאפיית אורנים,IL,ארטיזנל לחם מחמצת חיטה מלאה ודגנים500גרם,גרמים,500.00,100 גרם,false,1,18.90,0.0378,true,1,236339
7290018564639,false,שף הטבע כוסברה קצוצה,בני דרום,IL,שף הטבע כוסברה קצוצה טבליות 80גרם,גרמים,80.00,100 גרם,false,1,9.90,0.1238,true,1,239835
7290018564646,false,שף הטבע בזיליקום טבל,בני דרום,IL,שף הטבע בזיליקום טבליות 80גרם,גרמים,80.00,100 גרם,false,1,9.90,0.1238,true,1,239836
7290018564653,false,שף הטבע פטרוזיליה קצ,בני דרום,IL,שף הטבע פטרוזיליה קצוצה טבליות 80גרם,גרמים,80.00,100 גרם,false,1,9.90,0.1238,true,1,239837
7290018564660,false,שף הטבע צילי חריף טב,בני דרום,IL,שף הטבע צילי חריף טבליות 80גרם,גרמים,80.00,100 גרם,false,1,9.90,0.1238,true,1,239838
7290018641446,false,ערק פלוס לימודה 330,,IL,ערק פלוס לימודה 330 מל,מיליליטרים,330.00,"100 מ""ל",false,1,12.90,0.0391,true,1,236037
7290018652015,false,סופרולר 75גרם,פרונרי פולין,PL,סופרולר 75גרם,גרמים,75.00,100 גרם,false,1,7.90,0.1053,true,1,215514
7290018652039,false,לה קרמריה קרמל מלוח,נגה גלידות,IL,לה קרמריה קרמל מלוח ונוגט 1.4 ליטר,ליטרים,1.40,ליטר,false,1,21.90,15.6429,true,1,233081
7290018652053,false,ביסקולידה קסטרה 95 ג,נגה גלידות,IL,ביסקולידה קסטרה 95 גרם,גרמים,95.00,100 גרם,false,1,5.90,0.0621,true,1,215509
7290018652190,false,קראנץ בר אימפלס 60גר,גלידות נסטלה,IT,קראנץ בר אימפלס 60גרם,גרמים,60.00,100 גרם,false,1,6.90,0.1150,true,1,237324
7290018652695,false,ביסקולידה שוקו בננה,גלידות נסטלה,IL,ביסקולידה שוקו בננה 90גרם,גרמים,90.00,100 גרם,false,1,5.90,0.0656,true,1,237323
7290018652756,false,שתותי פרוטי 55גרם,נסטלה,IL,שתותי פרוטי 55גרם,גרמים,55.00,100 גרם,false,1,5.90,0.1073,true,1,237328
7290018652770,false,טילון גולדה 115גרם,גלידות נסטלה,IL,טילון גולדה 115גרם,גרמים,115.00,100 גרם,false,1,10.50,0.0913,true,1,237325
7290018652947,false,שלגון קראנץ פיסטוק 1,גלידות נסטלה,IL,שלגון קראנץ פיסטוק 100 גרם,גרמים,100.00,100 גרם,false,1,10.50,0.1050,true,1,238123
7290018677070,false,קרם קוקוס 18%אורגני,ש.ר רגע בטבע,IL,קרם קוקוס 18%אורגני טטרה פק 330מל,מיליליטרים,330.00,"100 מ""ל",false,1,11.90,0.0361,true,1,233971
7290018677124,false,גרנולה קראנצי  חמוצי,נוטרה זון,CZ,גרנולה קראנצי  חמוציות ודובדבנים ללא גלוטן וללא תו,גרמים,300.00,100 גרם,false,1,22.90,0.0763,true,1,236393
7290018677131,false,גרנולה קראנצי  אגוזי,נוטרה זון,CZ,גרנולה קראנצי  אגוזים ושקדים ללג וללס נ,גרמים,300.00,100 גרם,false,1,22.90,0.0763,true,1,236392
7290018677155,false,PANERIA תערובת קמחים,נוטרה זון,IT,PANERIA תערובת קמחים רב תכליתי ללג 500גר,גרמים,500.00,100 גרם,false,1,23.90,0.0478,true,1,233967
7290018677162,false,PANERIA תערובת רב תכ,נוטרה זון,IT,PANERIA תערובת רב תכליתית ללג בסיס עמילן,גרמים,500.00,100 גרם,false,1,24.90,0.0498,true,1,233968
7290018703076,false,חטיף חלבון בטעם דאבל,הרת'סייד פוד סולושיי,NL,חטיף חלבון בטעם דאבל שוקולד- 60 גרם,גרמים,60.00,100 גרם,false,1,13.90,0.2317,true,1,236887
7290018703489,false,אול אין  חטיף חלבון,,,אול אין  חטיף חלבון  בננה טופי אקסטרה 60 גרם,גרמים,60.00,100 גרם,false,1,13.90,0.2317,true,1,237904
7290018720004,false,מעדני מלך סנדוויץ תו,סנו מפעלי ברונוס.,IL,מעדני מלך סנדוויץ תות 150ג,גרמים,150.00,100 גרם,false,1,4.50,0.0300,true,1,235673
7290018720011,false,ביסקוויט קרנבל חיות,הגביע מוצרי וופלים,IL,ביסקוויט קרנבל חיות 250 גרם,גרמים,250.00,100 גרם,false,1,5.90,0.0236,true,1,234133
7290018720028,false,ביסקוויט קרנבל אותיו,הגביע מוצרי וופלים,IL,0,גרמים,250.00,100 גרם,false,1,5.90,0.0236,true,1,234134
7290018724408,false,דגני בוקר נוגט ללג נ,"נטורלה גטרנק בע""מ",IL,דגני בוקר נוגט ללג נטורלה 375 גרם,גרמים,375.00,100 גרם,false,1,19.90,0.0531,true,1,240521
7290018724422,false,דגני בוקר קינמון ללג,"נטורלה גטרנק בע""מ",IL,"דגני בוקר קינמון ללג ""נטורלה"" 375 גרם",גרמים,375.00,100 גרם,false,1,19.90,0.0531,true,1,240523
7290018724552,false,קמח שקדים נטורלה ללא,השקד אומנות ומסחר,IL,קמח שקדים נטורלה ללא גלוטן 250 גרם,גרמים,250.00,100 גרם,false,1,23.90,0.0956,true,1,236015
7290018724613,false,מאפה טבעוני משה בתיב,הטבעונית של סבתא מזל,IL,מאפה טבעוני משה בתיבה נטורלה  400 גרם,גרמים,400.00,100 גרם,false,1,39.90,0.0997,true,1,240050
7290018724637,false,מאפי פאי שווארמה טב,הטבעונית של סבתא מזל,IL,מאפי פאי שווארמה טבעוני נטורלה זוג 460,גרמים,460.00,100 גרם,false,1,49.90,0.1085,true,1,240052
7290018777268,false,חטיף חלבון VEG PROTE,טבע ירוק,IL,חטיף חלבון VEG PROTEIN בננה קקאו 50 גרם,גרמים,50.00,100 גרם,false,1,10.90,0.2180,true,1,240432
7290018792841,false,אבקת קקאו טבעי גאנה,גאנס לודרס,IL,אבקת קקאו טבעי גאנה 150  גרם,גרמים,150.00,100 גרם,false,1,10.90,0.0727,true,1,239353
7290018848005,false,יין רוזה בפחית 250 מ,דונלי ויני,IT,"יין רוזה בפחית 250 מ""ל",מיליליטרים,250.00,"100 מ""ל",false,1,14.90,0.0596,true,1,237076
7290018848012,false,יין לבן בפחית  250 מ,דונלי ויני,IT,"יין לבן בפחית  250 מ""ל",מיליליטרים,250.00,"100 מ""ל",false,1,14.90,0.0596,true,1,237075
7290018893449,false,צוקטה סטרופוופל במיל,ארלוי אס.אל.יו.,NL,צוקטה סטרופוופל במילוי קרמל 175 גר,גרמים,175.00,100 גרם,false,1,9.90,0.0566,true,1,235849
7290018893456,false,צוקטה עוגות אישיות ח,קריניציה ויטמינה אס,IT,צוקטה עוגות אישיות חלב 300 ג,גרמים,300.00,100 גרם,false,1,16.90,0.0563,true,1,235610
7290018893661,false,צוקטה עוגות אישיות מ,קריניציה ויטמינה אס,IT,"צוקטה עוגות אישיות מצופה מריר בד""צ 240",גרמים,240.00,100 גרם,false,1,14.90,0.0621,true,1,235611
7290018893814,false,טבלאת שוקולד צוקטה מ,הדקלאים אגודת שיתופי,ES,צוקטה - שוקולד מריר,גרמים,500.00,100 גרם,false,1,19.90,0.0398,true,1,235605
7290018894002,false,בלקוני וופל קוביות ק,בלקוני,IT,בלקוני וופל קוביות קקאו 250 ג,גרמים,250.00,100 גרם,false,1,12.90,0.0516,true,1,237760
7290018894019,false,בלקוני עוגות מיקס מק,בלקוני,IT,בלקוני עוגות מיקס מקס חלב 350 ג,גרמים,350.00,100 גרם,false,1,14.90,0.0426,true,1,237765
7290018894200,false,בלקוני וופל קוביות ו,בלקוני,IT,בלקוני וופל קוביות וניל 250 ג,גרמים,250.00,100 גרם,false,1,12.90,0.0516,true,1,237761
7290018894408,false,בלקוני וופל קוביות א,בלקוני,IT,בלקוני וופל קוביות אגוזי לוז 250 ג,גרמים,250.00,100 גרם,false,1,12.90,0.0516,true,1,237762
7290018894606,false,בלקוני וופל קקאו 175,בלקוני,IT,בלקוני וופל קקאו 175 ג,גרמים,175.00,100 גרם,false,1,8.90,0.0509,true,1,237763
7290018894804,false,בלקוני וופל אגוזי לו,בלקוני,IT,בלקוני וופל אגוזי לוז 175 ג,גרמים,175.00,100 גרם,false,1,8.90,0.0509,true,1,237764
7290018925065,false,מיץ תפוזים סחוט פרימ,השחר,IL,פרימור סחוט מיץ תפוזים 100% 2 ליטר,ליטרים,2.00,ליטר,false,1,28.50,14.2500,true,1,236659
7290018925072,false,מיץ לימון עם נענע סח,השחר,IL,פרימור משקה קל לימונים ונענע 2 ליטר,ליטרים,2.00,ליטר,false,1,28.50,14.2500,true,1,236439
7290018949016,false,משקה קל מוגז גרופר ת,,IL,משקה קל מוגז גרופר תפוחחה 330 מל,מיליליטרים,330.00,"100 מ""ל",false,1,7.90,0.0239,true,1,236039
7290018949023,false,משקה קל מוגז גרופר ל,,IL,משקה קל מוגז גרופר לימוננדה 330 מל,מיליליטרים,330.00,"100 מ""ל",false,1,7.90,0.0239,true,1,236040
7290019056096,false,שוופס מוגז עדין אפרס,"כד בני דרום בע""מ",IL,שוופס מוגז עדין אפרסק 1.5 ל',ליטרים,1.50,ליטר,false,1,10.50,7.0000,true,1,236456
7290019056119,false,סודה שוופס 1.5 ליטר,"יפאורה תבורי בע""מ",IL,סודה שוופס 1.5 ליטר,ליטרים,1.50,ליטר,false,1,4.20,2.8000,true,1,236457
7290019056133,false,סודה שוופס נענע ליים,"כד בני דרום בע""מ",IL,שוופס סודה נענע ליים 1.5 ל',ליטרים,1.50,ליטר,false,1,4.20,2.8000,true,1,236459
7290019056140,false,שוופס סודה למון גראס,"כד בני דרום בע""מ",IL,שוופס מי סודה בטעם למון גראס וג'ינג'ר 1.5 ליטר,ליטרים,1.50,ליטר,false,1,4.20,2.8000,true,1,236460
7290019056164,false,סודה שוופס רביעייה ב,"יפאורה תבורי בע""מ",IL,סודה שוופס רביעייה בקבוק 1.5 ליטר,ליטרים,6.00,ליטר,false,4,11.10,1.8500,true,1,236461
7290019056188,false,סודה שוופס נענע ליים,"כד בני דרום בע""מ",IL,סודה שוופס נענע ליים רביעייה 1.5 ליטר,ליטרים,6.00,ליטר,false,4,12.20,2.0333,true,1,236463
7290019056294,false,שוופס גינגר בקבוק 1.,"כד בני דרום בע""מ",IL,שוופס ג'ינג'ר אייל 1.5 ל',ליטרים,1.50,ליטר,false,1,15.90,10.6000,true,1,236472
7290019056300,false,שוופס ביטר לימון בקב,"כד בני דרום בע""מ",IL,שוופס ביטר למון 1.5 ל',ליטרים,1.50,ליטר,false,1,15.90,10.6000,true,1,236473
7290019056317,false,שוופס ראשן בקבוק 1.5,"כד בני דרום בע""מ",IL,שוופס ראשן 1.5 ל',ליטרים,1.50,ליטר,false,1,15.90,10.6000,true,1,236474
7290019056324,false,שוופס מי טוניק בקבוק,"כד בני דרום בע""מ",IL,שוופס טוניק 1.5 ל',ליטרים,1.50,ליטר,false,1,15.90,10.6000,true,1,236475
7290019056331,false,שוופס טוניק ללא סוכר,מיוצר עי קונדיטוריית,IL,שוופס מי טוניק ללא סוכר 1.5 ליטר,ליטרים,1.50,ליטר,false,1,15.90,10.6000,true,1,236476
7290019056355,false,תפוזינה לימונענע 1.5,"כד בני דרום בע""מ",IL,תפוזינה לימונענע 1.5 ל',ליטרים,1.50,ליטר,false,1,11.50,7.6667,true,1,236477
7290019056553,false,מים עין גדי שישייה 2,עין גדי מים מינרליים,IL,מים עין גדי שישייה 2 ליטר,ליטרים,12.00,ליטר,false,6,13.80,1.1500,true,1,236496
7290019056560,false,מים עין גדי בקבוק 2,יפאורה,IL,מים עין גדי בקבוק 2 ליטר,ליטרים,2.00,ליטר,false,1,4.20,2.1000,true,1,236497
7290019056645,false,ספרינג אגס סברס תפוח,"יפאורה תבורי בע""מ",IL,ספרינג תפוח אגס סברס 1.5 ל',ליטרים,1.50,ליטר,false,1,11.50,7.6667,true,1,236505
7290019056652,false,ספרינג אננס ובננה 1.,"יפאורה תבורי בע""מ",IL,ספרינג אננס בננה 1.5 ל',ליטרים,1.50,ליטר,false,1,11.50,7.6667,true,1,236506
7290019056942,false,מים עין גדי בקבוק 2,יפאורה,IL,מים עין גדי בקבוק 2 ליטר,ליטרים,2.00,ליטר,false,1,4.20,2.1000,true,1,236667
7290019056959,false,מי עדן בקבוק 1.5 ליט,יפאורה,IL,מי עדן בקבוק 1.5 ליטר,ליטרים,1.50,ליטר,false,1,3.20,2.1333,true,1,236510
7290019056966,false,מי עדן בקבוק 1.5 ליט,יפאורה,IL,מי עדן בקבוק 1.5 ליטר,ליטרים,1.50,ליטר,false,1,3.20,2.1333,true,1,236701
7290019056973,false,מי עדן שישייה בקבוק,מופק ממקור בזלתי עדן,IL,מי עדן שישייה בקבוק 1.5 ליטר,ליטרים,9.00,ליטר,false,6,14.90,1.6556,true,1,236511
7290019153313,false,פרוט אנד ווג תפוח חמ,יפאורה תבורי בעמ,IL,פרוט אנד ווג תפוח חמוציות אוכמניות 350,מיליליטרים,350.00,"100 מ""ל",false,1,8.90,0.0254,true,1,238309
7290019153344,false,תפוזינה סנגרייה 1.5,יפאורה,IL,תפוזינה סנגרייה 1.5 ליטר,ליטרים,1.50,ליטר,false,1,11.50,7.6667,true,1,238592
7290019153368,false,תפוזינה מוחיטו 330 מ,יפאורה,IL,"תפוזינה מוחיטו 330 מ""ל",מיליליטרים,330.00,"100 מ""ל",false,1,5.90,0.0179,true,1,238597
7290019153375,false,תפוזינה מוחיטו 1.5 ל,יפאורה,IL,תפוזינה מוחיטו 1.5 ליטר,ליטרים,1.50,ליטר,false,1,11.50,7.6667,true,1,238594
7290019153382,false,תפוזינה סנגרייה 330,יפאורה,IL,"תפוזינה סנגרייה 330 מ""ל",מיליליטרים,330.00,"100 מ""ל",false,1,5.90,0.0179,true,1,238595
7290019153399,false,תפוזינה פינק אוזו 33,יפאורה,IL,"תפוזינה פינק אוזו 330 מ""ל",מיליליטרים,330.00,"100 מ""ל",false,1,5.90,0.0179,true,1,238596
7290019232155,false,ויסוצקי לילה טוב קמו,ויסוצקי,IL,ויסוצקי לילה טוב קמומיל לבנדר 25 שקיקים,גרמים,25.00,100 גרם,false,1,25.90,1.0360,true,1,240306
7290019232162,false,ויסוצקי לילה טוב קמו,ויסוצקי,IL,ויסוצקי לילה טוב קמומיל מליסה 25 שקיקים,גרמים,25.00,100 גרם,false,1,25.90,1.0360,true,1,240307
7290019232834,false,בייגלה מצופה קרם עוג,אולקר מקבוצת פלאדיס,TR,בייגלה מצופה קרם עוגיות ושוקולד 140 גרם,גרמים,140.00,100 גרם,false,1,8.90,0.0636,true,1,238305
7290019233015,false,שקשוקה ירוקה תבשיל י,זיתא,IT,שקשוקה ירוקה תבשיל ירקות 420 גרם,גרמים,420.00,100 גרם,false,1,12.90,0.0307,true,1,239046
7290019233039,false,שקשוקה קלאסית רוטב ע,זיתא,IT,שקשוקה קלאסית רוטב עגבניות עם קוביות פלפלים צלויים,גרמים,420.00,100 גרם,false,1,12.90,0.0307,true,1,239049
7290019233046,false,זית קלמטה בלונד קלמט,זיתא,IL,זית קלמטה בלונד קלמטה מרינד זיתא 215 גרם,גרמים,215.00,100 גרם,false,1,13.90,0.0647,true,1,236949
7290019297239,false,צימוק כהה 330 גרם,"דין שיווק וקליה בע""מ",,צימוק כהה 330 גרם,גרמים,330.00,100 גרם,false,1,12.90,0.0391,true,1,236315
7290019297451,false,"מי ורדים 500 מ""ל",אף.סי תבליני בגליל ב,BE,שקדיה מי ורדים 500 מל,מיליליטרים,500.00,"100 מ""ל",false,1,15.90,0.0318,true,1,198700
7290019297550,false,בוטנים מטוגנים  185,קריניציה ויטמינה אס,IL,בוטנים מטוגנים,גרמים,185.00,100 גרם,false,1,7.90,0.0427,true,1,189014
7290019297628,false,שקד טבעי  150 גרם,דין שיווק,IL,שקד טבעי  150 גרם,גרמים,150.00,100 גרם,false,1,15.90,0.1060,true,1,235506
7290019297635,false,שקדים קלויים ששון הק,דין שיווק,IL,שקדים קלויים ששון הקולה 150 גרם,גרמים,150.00,100 גרם,false,1,17.90,0.1193,true,1,235507
7290019297642,false,גרעין שחור קלוי ללא,דין שיווק,IL,גרעין שחור קלוי ללא מלח 150 גר ששון,גרמים,150.00,100 גרם,false,1,5.90,0.0393,true,1,235563
7290019303657,false,פינוקיות שומשום -  מ,טבע ירוק,IL,פינוקיות שומשום -  מיקס בריאות 250 גרם,גרמים,250.00,100 גרם,false,1,17.90,0.0716,true,1,240434
7290019303701,false,פינוקיות שומשום - מי,טבע ירוק,IL,פינוקיות שומשום - מיקס ישראלי 250 גרם,גרמים,250.00,100 גרם,false,1,17.90,0.0716,true,1,240435
7290019303756,false,פינוקיות שומשום וגרע,טבע ירוק,IL,פינוקיות שומשום וגרעינים  250 גרם,גרמים,250.00,100 גרם,false,1,17.90,0.0716,true,1,240436
7290019303800,false,פינוקיות שומשום עם ש,טבע ירוק,IL,פינוקיות שומשום עם שקדים וחמוציות 250 גר,גרמים,250.00,100 גרם,false,1,17.90,0.0716,true,1,240437
7290055090702,false,איגלו שלוקים,מנדלז סי.אר. פרודקשן,IL,"איגלו שלוקים 29 מ""ל, 60 יחידות, 4 בקרטון",מיליליטרים,29.00,"100 מ""ל",false,1,12.90,0.4448,true,1,89167
7290067642005,false,בירה גולדסטאר SLOW B,טמפו,IL,גולדסטאר 10% בירה לאגר חזקה מאוד,מיליליטרים,330.00,"100 מ""ל",false,1,9.50,0.0288,true,1,198637
7290100240656,false,פתית שיפון,יוניליוור ישראל מזון,IL,פתית שיפון קרקר פריך משיפון ללא תוספת מלח וסוכר,גרמים,300.00,100 גרם,false,1,18.20,0.0607,true,1,73899
7290100243671,false,מרכך כביסה בדין אקסט,יוניליוור סנאיי וי ט,TR,בדין  מרכך כביסה מרוכז בדין אקסטרה כחול 960 מל,מיליליטרים,960.00,"100 מ""ל",false,1,19.90,0.0207,true,1,50571
7290100245231,false,מרק נמס בכוס ועוד עו,יוניליוור ישראל מזון,IL,קנור נמס בכוס טעם עוף עם שקדי מרק ואטריות 50 גרם,גרמים,50.00,100 גרם,false,1,7.50,0.1500,true,1,59629
7290100249598,false,רוטב שום ודבש קנור 3,יוניליוור ישראל מזון,IL,רוטב לעוף שום ודבש קנור,גרמים,320.00,100 גרם,false,1,13.90,0.0434,true,1,78201
7290100249659,false,רוטב לעוף צילי שום ק,יוניליוור ישראל מזון,IL,רוטב לעוף צ'ילי מתוק ושום קנור,גרמים,320.00,100 גרם,false,1,13.90,0.0434,true,1,78999
7290100341803,false,רצועות עוף דנטליים 2,ביופט,IL,בונזו חטיף רצועות עוף דנטלי,גרמים,25.00,100 גרם,false,1,5.90,0.2360,true,1,207809
7290100412374,false,בייביסיטר ספריי החתל,פאר פארם בעמ,,בייביסיטר ספריי החתלה,מיליליטרים,150.00,"100 מ""ל",false,1,19.90,0.1327,true,1,197509
7290100412749,false,דר עור תרחיץ פנים לע,אמיליה קוסמטיקס בעמ,IL,דר עור תרחיץ פנים לעור יבש פרחי בר,לא מנהל יחידת מידה,0.00,לא מנהל יחידת מידה,false,1,24.50,0.0000,true,1,207121
7290100653586,false,דאודורנט ליידי ספיד,קולגייט פלמוליב,US,דאודורנט ליידי ספיד סטיק 24/7 גל פרש פיוזן 65 גרם,גרמים,65.00,100 גרם,false,1,19.90,0.3062,true,1,25066
7290100658338,false,סבון כלים פלמוליב כח,הנסיך- מפעל לייצור ט,GR,פלמוליב נוזל לניקוי כלים אוקסי פלוס(כחול) 750 מל,מיליליטרים,750.00,"100 מ""ל",false,1,11.90,0.0159,true,1,29294
7290100659090,false,מאגדת חטיף דגנים תמר,"כד בני דרום בע""מ",IL,FRמאגדת חטיף דגנים תמרים וקינמון 110 גרם,גרמים,110.00,100 גרם,false,1,16.90,0.1536,true,1,31628
7290100680650,false,מנה חמה נודלס תאילנד,THAI PRESIDENT FOODS,TH,מנה חמה נודל.+ירקות תאילנדי6 6*76גרם,גרמים,76.00,100 גרם,false,1,6.90,0.0908,true,1,24266
7290100680711,false,פירורית זהב 350 גר,לחמנו,IL,אסם פירורית זהב 12*350גרם,גרמים,350.00,100 גרם,false,1,8.90,0.0254,true,1,31200
7290100680728,false,פירורית רגילה,מיוצר עי קונדיטוריית,IL,אסם פירורית 20*350גרם,גרמים,350.00,100 גרם,false,1,7.60,0.0217,true,1,31201
7290100681015,false,פודינג ריבת חלב,מיוצר עי קונדיטוריית,IL,אסם פודינג אינסטנט ריבת חלב 12*84גרם,גרמים,84.00,100 גרם,false,1,5.90,0.0702,true,1,55720
7290100684764,false,במבה יום הולדת על סר,"אסם השקעות בע""מ",IL,במבה יום הולדת סרט6 8*25גרם,גרמים,25.00,100 גרם,false,1,2.50,0.1000,true,1,32787
7290100685242,false,במבה תות על סרט 30 ג,"אסם השקעות בע""מ",IL,במבה מתוקה מחומרים טבעיים סרט 6 8*30גרם,גרמים,30.00,100 גרם,false,1,3.00,0.1000,true,1,34514
7290100685334,false,מרק עוף אמיתי ר.טבעי,"אסם השקעות בע""מ",IL,אסם מרק עוף רכיבים טבעיים בדצ6*400גרם,גרמים,400.00,100 גרם,false,1,27.90,0.0697,true,1,42283
7290100687109,false,במבה במילוי נוגט,"אסם השקעות בע""מ",IL,במבה במילוי נוגט 60 גרם,גרמים,60.00,100 גרם,false,1,4.90,0.0817,true,1,47717
7290100689301,false,מרק טעם עוף זך עדיף,"אסם השקעות בע""מ",IL,אסם עדיף זך טעם עוף 6*400גרם,גרמים,400.00,100 גרם,false,1,18.70,0.0467,true,1,46593
7290100700020,false,גריסי פנינה 500 גרם,האי נאם סי או אל.טי.,IL,גריסי פנינה 500 גרם,גרמים,500.00,100 גרם,false,1,5.90,0.0118,true,1,24144
7290100700075,false,פירורי לחם מוזהבים ס,"סוגת תעשיות בע""מ",IL,פירורי לחם מוזהבים סוגת 200 גרם,גרמים,200.00,100 גרם,false,1,4.20,0.0210,true,1,184115
7290100700242,false,"אורז עגול מלא 1 ק""ג","סוגת תעשיות בע""מ",IL,"אורז עגול מלא 1 ק""ג",קילוגרמים,1.00,"ק""ג",false,1,12.90,12.9000,true,1,82270
7290100700273,false,קינואה סוגת 500 גרם,האי נאם סי או אל.טי.,IL,קינואה 500 גרם,גרמים,500.00,100 גרם,false,1,15.90,0.0318,true,1,59632
7290100700334,false,קינואה לבנה  סוגת 1,סוגת,IL,"קינואה לבנה  סוגת 1 ק""ג",קילוגרמים,1.00,"ק""ג",false,1,25.90,25.9000,true,1,234333
7290100700372,false,אורז בסמטי מלא סוגת,האי נאם סי או אל.טי.,IL,אורז בסמטי מלא 1 קג,קילוגרמים,1.00,"ק""ג",false,1,16.90,16.9000,true,1,68751
7290100700396,false,"אורז יסמין סוגת 1 ק""",האי נאם סי או אל.טי.,IL,אורז יסמין קלאסי,קילוגרמים,1.00,"ק""ג",false,1,13.90,13.9000,true,1,82083
7290100700587,false,בורגול סוגת 500 גרם,האי נאם סי או אל.טי.,IL,בורגול 500 גרם,גרמים,500.00,100 גרם,false,1,5.90,0.0118,true,1,66794
7290100701454,false,גרישה 500 גרם,"סוגת תעשיות בע""מ",IL,גרישה 500 גרם,גרמים,500.00,100 גרם,false,1,5.90,0.0118,true,1,72069
7290100701874,false,"קמח כוסמין מלא 1ק""ג",טחנות קמח שטיבל באר,IL,קמח כוסמין מלא + 14,קילוגרמים,1.00,"ק""ג",false,1,17.90,17.9000,true,1,197563
7290100702253,true,שמרים יבשים בפחית סו,אייבי מאורי,IT,סוגת שמרים יבשים 100 גרם,גרמים,100.00,100 גרם,false,1,9.90,0.0990,true,1,206456
7290100702994,false,סוכר דמררה בשקית 500,"סוגת תעשיות בע""מ",IL,סוכר דמררה 500 גרם,גרמים,500.00,100 גרם,false,1,6.90,0.0138,true,1,201678
7290100703007,false,עדשים שחורות בלוגה 5,האי נאם סי או אל.טי.,IL,עדשים שחורות בלוגה,גרמים,500.00,100 גרם,false,1,8.90,0.0178,true,1,206453
7290100703533,false,קמח קסם שמרים סוגת 1,"שטיבל בע""מ",IL,"קמח קסם שמרים סוגת 1 ק""ג",קילוגרמים,1.00,"ק""ג",false,1,9.90,9.9000,true,1,202382
7290100703861,false,קמח קסם לחלה סוגת 1,סוגת,IL,"קמח קסם לחלה סוגת 1 ק""ג",קילוגרמים,1.00,"ק""ג",false,1,9.90,9.9000,true,1,206464
7290100704066,false,עדשים צהובות 500 גרם,האי נאם סי או אל.טי.,IL,עדשים צהובות 500 גרם,גרמים,500.00,100 גרם,false,1,8.90,0.0178,true,1,204619
7290100704493,false,קמח שמרים פיצה  סוגת,"שטיבל בע""מ - טחנת קמ",IL,קמח שמרים פיצה,קילוגרמים,1.00,"ק""ג",false,1,9.90,9.9000,true,1,234151
7290100704530,false,קמח כוסמין לבן ללא צ,טחנות קמח שטיבל באר,IL,קמח כוסמין לבן ללא ניפוי,קילוגרמים,1.00,"ק""ג",false,1,16.90,16.9000,true,1,234932
7290100704660,false,קינואה מיקס  סוגת 50,"סוגת תעשיות בע""מ",IL,קינואה מיקס  סוגת 500גרם,גרמים,500.00,100 גרם,false,1,15.90,0.0318,true,1,234931
7290100850909,false,דוריטוס נאצו 70 גרם,שטראוס,IL,דוריטוס נאצו 70 גרם,גרמים,70.00,100 גרם,false,1,3.90,0.0557,true,1,240087
7290100850916,false,דוריטוס חמוץ חריף 70,"שטראוס פריטו ליי בע""",IL,דוריטוס חמוץ חריף 70 גר 48 יח,גרמים,70.00,100 גרם,false,1,3.90,0.0557,true,1,22398
7290100850923,false,דוריטוס גריל 70 גרם,שטראוס פריטו ליי  בע,IL,דוריטוס גריל 70 גר 48 יח,גרמים,70.00,100 גרם,false,1,3.90,0.0557,true,1,22399
7290100850930,false,דוריטוס טבעי 70 גרם,שטראוס פריטו ליי  בע,IL,דוריטוס טבעי 70 גר 48 יח,גרמים,70.00,100 גרם,false,1,3.90,0.0557,true,1,22400
7290100858592,false,אבקת קקאו עלית 150 ג,הנסיך- מפעל לייצור ט,IL,שקית קקאו 150גרם/20שק/150גר,גרמים,150.00,100 גרם,false,1,11.80,0.0787,true,1,38972
7290100921401,false,הוואי שמפו קרטין מחז,טרופיקל דגיל,,הוואי שמפו קרטין מחזק 700   מל,מיליליטרים,700.00,"100 מ""ל",false,1,12.90,0.0184,true,1,184424
7290101453888,false,נר מספר  1,סודי,,נר מספר  1,Unknown,0.00,Unknown,false,1,4.50,0.0000,true,1,189823
7290101453895,false,נר מספר  2,סודי,,נר מספר  2,Unknown,0.00,Unknown,false,1,4.50,0.0000,true,1,189824
7290101453901,false,נר מספר  3,סודי,,נר מספר  3,Unknown,0.00,Unknown,false,1,4.50,0.0000,true,1,189825
7290101453918,false,נר מספר  4,סודי,,נר מספר  4,Unknown,0.00,Unknown,false,1,4.50,0.0000,true,1,189826
7290101453925,false,נר מספר     5,סודי,,נר מספר     5,Unknown,0.00,Unknown,false,1,4.50,0.0000,true,1,189827
7290101453932,false,נר מספר 6,סודי,,נר מספר 6,Unknown,0.00,Unknown,false,1,4.50,0.0000,true,1,189828
7290101453949,false,נר מספר  7,סודי,,נר מספר  7,Unknown,0.00,Unknown,false,1,4.50,0.0000,true,1,189829
7290101453956,false,נר מספר  8,סודי,,נר מספר  8,Unknown,0.00,Unknown,false,1,4.50,0.0000,true,1,189830
7290101453963,false,נר מספר  9,סודי,,נר מספר  9,Unknown,0.00,Unknown,false,1,4.50,0.0000,true,1,189831
7290101486688,false,מאגדת חטיף דגנים עם,"כד בני דרום בע""מ",IL,FREEמאגדת חטיף דגנים עם שוקולד 100 גרם,גרמים,100.00,100 גרם,false,1,16.90,0.1690,true,1,43344
7290101488248,false,דאו ליידי ספיד סטיק,הנסיך- מפעל לייצור ט,IT,דאו ליידי ספיד סטיק רול און ורוד 50 מל,מיליליטרים,50.00,"100 מ""ל",false,1,19.90,0.3980,true,1,48607
7290101488316,false,דאו ליידי ספיד סטיק,הנסיך- מפעל לייצור ט,US,דאודורנט ליידי ספיד סטיק ללא סימן שאוור פרש 65 גרם,מיליליטרים,65.00,"100 מ""ל",false,1,19.90,0.3062,true,1,52531
7290101488323,false,ליידי ספיד סטיק ללא,הנסיך- מפעל לייצור ט,US,דאודורנט ליידי ספיד סטיק ללא סימן פאודר פרש 65 גרם,גרמים,65.00,100 גרם,false,1,19.90,0.3062,true,1,52532
7290101500001,false,ביבי מיקס,חקלאי,IL,ביבי מיקס,גרמים,0.00,100 גרם,false,1,6.90,0.0000,true,1,51702
7290101500193,false,מיקס חסה - נספק 200,חקלאי,IL,מיקס חסה - נספק 200,גרמים,200.00,100 גרם,false,1,9.90,0.0495,true,1,204686
7290101500926,false,תרד ארוז,חקלאי,IL,תרד ארוז,Unknown,0.00,Unknown,false,1,12.90,0.0000,true,1,52181
7290101501138,false,כרובית ארוזה יח,חקלאי,IL,כרובית ארוזה יח,קילוגרמים,1.50,"ק""ג",false,1,13.90,9.2667,true,1,216624
7290101501176,false,פלפל פינקרבל,מ.ע יזמות,IL,פלפל פינקרבל,יחידה,1.00,יחידה,false,1,9.90,9.9000,true,1,196235
7290101501183,false,פלפל צילי,חקלאי,IL,פלפל צילי,לא מנהל יחידת מידה,0.00,לא מנהל יחידת מידה,false,1,7.90,0.0000,true,1,215161
7290101551027,false,קפסולות קפה אספרסו 1,הנסיך- מפעל לייצור ט,IL,קפסולות 14 למכונות NESPRESSO,גרמים,50.00,100 גרם,false,1,16.90,0.3380,true,1,207267
7290101551300,false,סילאן לחיץ יד מרדכי,פוזימון,IL,סילאן טבעי לחיץ 380 גרם,גרמים,380.00,100 גרם,false,1,16.90,0.0445,true,1,206687
7290101551539,true,דנונה פרו 20 גרם בטע,"שטראוס בריאות בע""מ",IL,דנונה פרו 20 גר אפרסק 0% שומן,גרמים,200.00,100 גרם,false,1,5.90,0.0295,true,1,205520
7290101551584,false,מארז תפוציפס קידס 10,הנסיך- מפעל לייצור ט,IL,מ. תפו קידס 10*20 גר 9 יח,גרמים,200.00,100 גרם,false,1,14.90,0.0745,true,1,205667
7290101551638,false,מארז ציטוס כאפה 10*,הנסיך- מפעל לייצור ט,IL,מ. ציטוס כאפה 10*20 גר 9 יח,גרמים,200.00,100 גרם,false,1,13.90,0.0695,true,1,205665
7290101863410,false,סיליט באנג אקונומיקה,סיליט,,"סיליט באנג אקונומיקה 750 מ""ל",מיליליטרים,750.00,"100 מ""ל",false,1,14.90,0.0199,true,1,53649
7290101864127,false,קליה אוקסי ספריי,רקיט בנקיזר,IL,"ספריי מסיר כתמים וניש קליה 750 מ""ל",מיליליטרים,750.00,"100 מ""ל",false,1,17.90,0.0239,true,1,58106
7290101865261,false,נוזל הברקה למדיח,פיניש,,"פיניש נוזל הברקה למדיח 800 מ""ל",מיליליטרים,800.00,"100 מ""ל",false,1,22.90,0.0286,true,1,87312
7290101866787,false,קליה וניש לכביסה לבנ,קליה,,"קליה וניש לכביסה לבנה ג""ל 3 לי",ליטרים,3.00,ליטר,false,1,26.90,8.9667,true,1,78860
7290101869702,true,גל למדיח,,,"פיניש AIO ג""ל 600 מל",מיליליטרים,600.00,"100 מ""ל",false,1,29.90,0.0498,true,1,193075
7290101982395,false,ממתק ספריי,פאן טיים,,ממתק ספריי מבחר טעמים,Unknown,0.00,Unknown,false,1,3.90,0.0000,true,1,78577
7290101982470,false,רולר,יושלם,,רולר,לא מנהל יחידת מידה,0.00,לא מנהל יחידת מידה,false,1,6.20,0.0000,true,1,65361
7290101984412,false,זיקוק מספר,F.T.I,,זיקוק מספר,Unknown,0.00,Unknown,false,1,4.90,0.0000,true,1,184095
7290101985433,false,הפתעות לימי הולדת,NOVELTY,,הפתעות לימי הולדת,Unknown,0.00,Unknown,false,1,6.70,0.0000,true,1,176121
7290101987598,false,חרב בועות סבון דורה,סודי,,חרב בועות סבון דורה,Unknown,0.00,Unknown,false,1,9.90,0.0000,true,1,88370
7290101989073,false,ממתק גלי,יושלם,,ממתק גלי,לא מנהל יחידת מידה,0.00,לא מנהל יחידת מידה,false,1,9.80,0.0000,true,1,176120
7290101999638,false,נרות מטה כוכבים הלו,סודי,,נרות מטה כוכבים הלו קיטי,Unknown,0.00,Unknown,false,1,6.90,0.0000,true,1,190589
7290101999645,false,נרות מטה כוכבים פו,סודי,,נרות מטה כוכבים פו,Unknown,0.00,Unknown,false,1,6.90,0.0000,true,1,194273
7290102030330,false,תפוציפס קראנץ מקסיקנ,"שטראוס פריטו ליי בע""",IL,תפו קראנצ מקסיקני 200 גר 12 יח - שמיטה,גרמים,200.00,100 גרם,false,1,9.90,0.0495,true,1,42479
7290102031276,false,אקטימל תות בננה  1/8,מיוצר עי קונדיטוריית,IL,אקטימל 8 תות בננה,מיליליטרים,800.00,"100 מ""ל",false,1,20.90,0.0261,true,1,42250
7290102300822,false,גבינת צדר אנגלית כתו,יוליניבר,,גבינת צדר אנגלית כתומה 200 גרם נני,גרמים,200.00,100 גרם,false,1,24.90,0.1245,true,1,85536
7290102300860,false,גבינת צדר אנגלית 200,יוליניבר,,גבינת צדר אנגלית 200 גרם נני,גרמים,200.00,100 גרם,false,1,24.90,0.1245,true,1,86818
7290102302246,false,גבינת גאודה 200 גרם,מיוצר עי קונדיטוריית,NL,גבינת גאודה נני 200 גרם,גרמים,200.00,100 גרם,false,1,27.90,0.1395,true,1,202748
7290102302260,false,גבינה גרנה פדנה 200,הנסיך- מפעל לייצור ט,IT,גבינת גראנה פדנו 200 גרם,גרמים,200.00,100 גרם,false,1,32.90,0.1645,true,1,202726
7290102302666,false,גבינת טברנה זיתים100,מיוצר עי קונדיטוריית,DK,הגבינות של נני גבינת טברנה בשמן 100 גרם,גרמים,100.00,100 גרם,false,1,13.90,0.1390,true,1,214085
7290102302864,false,גאודה פסטו ירוק 200,הנרי ויליך,NL,גאודה פסטו ירוק 200 גרם,גרמים,200.00,100 גרם,false,1,34.90,0.1745,true,1,231262
7290102302888,false,גאודה כמון 200 גרם,מיוצר עי קונדיטוריית,NL,גאודה כמון 200 גרם,גרמים,200.00,100 גרם,false,1,33.90,0.1695,true,1,231264
7290102302932,false,גאיה קלאסית בפרוסות,קריניציה ויטמינה אס,DE,גאיה גבינה טבעונית קלאסית בפרוסות 150 גרם,גרמים,150.00,100 גרם,false,1,22.90,0.1527,true,1,232428
7290102302994,false,גאיה בסגנון פטה במי,ZIEGLER,GR,גאיה גבינה טבעונית בסגנון פטה 200 גרם,גרמים,200.00,100 גרם,false,1,29.90,0.1495,true,1,232433
7290102304738,false,גבינת פיור פרפקשיין,הנרי ויליך,NL,גבינת פיור פרפקשיין 180 גרם,גרמים,180.00,100 גרם,false,1,45.90,0.2550,true,1,237866
7290102390427,false,יוגורט מולר פרופ תות,טרה,,יוגורט מולר פרופ תות 150 גרם,גרמים,150.00,100 גרם,false,1,5.50,0.0367,true,1,47056
7290102390465,false,יוגורט מולר פרופ אפר,טרה,,יוגורט מולר פרופ אפרסק פסיפלורה 150 גרם,גרמים,150.00,100 גרם,false,1,5.50,0.0367,true,1,47059
7290102390489,false,יוגורט מולר פרופ לימ,טרה,,יוגורט מולר פרופ לימון 150 גרם,גרמים,150.00,100 גרם,false,1,5.50,0.0367,true,1,47061
7290102391844,false,יוגורט מולר פרופ פיר,טרה,,יוגורט מולר פרופ פירות יער 150 גרם,גרמים,150.00,100 גרם,false,1,5.50,0.0367,true,1,49544
7290102393169,false,יוגורט מולר סימפלי פ,טרה,IL,מולר יוגורט ביו עם תות שדה 3% שומן 150 גרם,גרמים,150.00,100 גרם,false,1,5.50,0.0367,true,1,70116
7290102393176,false,יוגורט מולר סימפלי פ,מילקו תעשיות בעמ,IL,יוגורט מולר סימפלי פרוט אפרסק 3% 150 גרם,גרמים,150.00,100 גרם,false,1,5.50,0.0367,true,1,70117
7290102393190,false,יוגורט מולר סימפלי פ,מילקו תעשיות בעמ,IL,Muller Simply fruit יוגורט BIO פירות יער,גרמים,150.00,100 גרם,false,1,5.50,0.0367,true,1,70119
7290102393947,false,יוגורט מולר סימפלי פ,מילקו תעשיות בעמ,IL,יוגורט מולר סימפלי פרוט קיווי 3% 150 גרם,גרמים,150.00,100 גרם,false,1,5.50,0.0367,true,1,74713
7290102394258,false,גבינת עיזים 9% מה עז,משק צוריאל,IL,משק צוריאל מה-עז מחלב עיזים 9% שומן 180 גרם,גרמים,180.00,100 גרם,false,1,24.90,0.1383,true,1,78141
7290102394463,false,גבינה צהובה 28% נעם,טרה,IL,"גבנצ 28% ואקום 500 ג' בד""צ",גרמים,500.00,100 גרם,false,1,31.90,0.0638,true,1,86524
7290102396719,false,יוגורט מולר סימפלי פ,טרה,IL,יוגורט BIO עם חתיכת פרי,גרמים,150.00,100 גרם,false,1,5.50,0.0367,true,1,188632
7290102397730,false,גבינת אמנטל נעם פתיח,טרה,IL,טרה נועם אמנטל פרוסות גבינה חצי קשה 30% 200 גרם,גרמים,200.00,100 גרם,false,1,18.90,0.0945,true,1,199057
7290102397747,false,גבינה מוצרלה נעם רכי,טרה,IL,"מוצרלה נעם 22% שומן, 200 גרם",גרמים,200.00,100 גרם,false,1,20.90,0.1045,true,1,201033
7290102398560,false,שוקו טרה מועשר בקבוק,מילקו תעשיות בעמ,IL,שוקו טרה מועשר בקבוק 1ליטר,ליטרים,1.00,ליטר,false,1,13.90,13.9000,true,1,205346
7290102399048,false,קשקבל נעם פתיחה חוזר,טרה,IL,קשקבל נעם פתיחה חוזרת - 200 גרם,גרמים,200.00,100 גרם,false,1,26.90,0.1345,true,1,208077
7290102399635,false,מולר פרופ קוקוס ואננ,טרה,IL,מולר פרופ TROPICAL קוקוס ואננס 3.9% שומן,גרמים,150.00,100 גרם,false,1,5.50,0.0367,true,1,212133
7290102399772,false,ממרח חמאה מולר במליח,Molkerei Weihensteph,DE,ממרח חמאת Muller במליחות עדינה 250 גרם,גרמים,250.00,100 גרם,false,1,16.50,0.0660,true,1,232243
7290102399789,false,ממרח חמאת מולר ללא מ,Molkerei Weihensteph,DE,ממרח חמאת Muller ללא מלח 250 גרם,גרמים,250.00,100 גרם,false,1,16.50,0.0660,true,1,232244
7290102399796,false,מולר אקטיב יוגורט25,טרה,IL,Muller Active יוגורט BIO מועשר חלבון,גרמים,200.00,100 גרם,false,1,6.50,0.0325,true,1,212129
7290103120658,false,ספיד סטיק 24/7 גל,הנסיך- מפעל לייצור ט,US,"ספיד סטיק 24/7 ג""ל שחור 85 גרם",גרמים,85.00,100 גרם,false,1,21.90,0.2576,true,1,53250
7290103124588,false,פלמוליב סבון נוזלי ס,הנסיך- מפעל לייצור ט,TR,"פלמוליב סבון נוזלי סגול משאבה 750 מ""ל",מיליליטרים,750.00,"100 מ""ל",false,1,21.90,0.0292,true,1,189180
7290103124601,false,פלמוליב סבון נוזלי ח,הנסיך- מפעל לייצור ט,TR,"פלמוליב סבון נוזלי חלב ודבש 750 מ""ל",מיליליטרים,750.00,"100 מ""ל",false,1,21.90,0.0292,true,1,183833
7290103126797,false,מש.שיניים פרו רליף,הנסיך- מפעל לייצור ט,BR,משחת שיניים סנסטיב פרו ריליף קולגייט 75 מל,מיליליטרים,75.00,"100 מ""ל",false,1,25.90,0.3453,true,1,71922
7290103129378,false,ספיד סטיק דאו X5 גל,הנסיך- מפעל לייצור ט,US,דאודורנט גל ספיד סטיק X5 85 גרם,גרמים,0.00,100 גרם,false,1,21.90,0.0000,true,1,85030
7290103404758,false,סלט כרוב אדום יום יו,מיוצר עי קונדיטוריית,IL,כרוב 120,גרמים,120.00,100 גרם,false,1,5.50,0.0458,true,1,54625
7290103681241,false,"הר מוסקטו  750 מ""ל",תבור,IL,"תבור הר מוסקטו  750 מ""ל",מיליליטרים,750.00,"100 מ""ל",false,1,46.90,0.0625,true,1,208629
7290103681364,false,"יין קברנה 750 מ""ל סד",מיוצר על ידי יקב תבו,IL,תבור קברנה סוביניון  750 מל,מיליליטרים,750.00,"100 מ""ל",false,1,59.90,0.0799,true,1,206924
7290103681371,false,"יין מרלו 750 מ""ל סדר",מיוצר על ידי יקב תבו,IL,"יין מרלו 750 מ""ל סדרת תבור",מיליליטרים,750.00,"100 מ""ל",false,1,59.90,0.0799,true,1,206925
7290103700386,false,כריות יפניות לניקוי,"שניב תעשיות נייר בע""",,כריות יפניות לניקוי כלים טאצ שישייה,Unknown,0.00,Unknown,false,1,9.90,0.0000,true,1,188891
7290103702229,false,מפות שולחן עבות במיו,"שניב תעשיות נייר בע""",,מפות שולחן עבות במיוחד טאצ שמינייה,לא מנהל יחידת מידה,0.00,לא מנהל יחידת מידה,false,1,10.90,0.0000,true,1,192909
7290103702304,false,שקיות אשפה עבות במיו,"שניב תעשיות נייר בע""",,שקיות אשפה עבות במיוחד טאצ  77*90,Unknown,0.00,Unknown,false,1,16.90,0.0000,true,1,192905
7290103704155,false,מגבות נייר טאצ 6 גלי,"שניב תעשיות נייר בע""",IL,מגבות נייר טאצ 6 גלילים חדש,יחידה,1.00,יחידה,false,1,10.90,10.9000,true,1,233944
7290104061417,false,סלט חומוס וטחינה,"שטראוס גרופ בע""מ",IL,סלט חומוס וטחינה 400 גרם,גרמים,400.00,100 גרם,false,1,12.20,0.0305,true,1,60131
7290104061431,false,סלט חומוס וצנובר,"שטראוס גרופ בע""מ",IL,סלט חומוס וצנובר 400 גרם,גרמים,400.00,100 גרם,false,1,12.20,0.0305,true,1,60133
7290104067679,false,טחינה אחלה 400 גרם,מיוצר עי קונדיטוריית,IL,טחינה 400,גרמים,400.00,100 גרם,false,1,10.90,0.0273,true,1,194765
7290104067693,false,סלט חומוס בתוספת חרי,מיוצר עי קונדיטוריית,IL,חומוס  150 חריף,גרמים,150.00,100 גרם,false,1,5.90,0.0393,true,1,194979
7290104500572,false,אפרופו איטליאנו,מיוצר עי קונדיטוריית,IL,אפרופו איטלקי 36*50גרם,גרמים,50.00,100 גרם,false,1,5.20,0.1040,true,1,73818
7290104501661,false,פודינג אינסטנט וניל,מיוצר עי קונדיטוריית,IL,אסם פודינג בטעם וניל צרפתי 12*80גרם,גרמים,80.00,100 גרם,false,1,5.90,0.0738,true,1,69614
7290104508189,false,גביעי גלידה,בטר אנד דיפרנט,IL,אסם 24 גביעי גלידה ממותקים 12*95גרם,Unknown,0.00,Unknown,false,1,12.90,0.0000,true,1,76432
7290104508943,false,במבה קלאסי 200 גרם,"אסם השקעות בע""מ",IL,במבה קלאסי 200 גרם,גרמים,200.00,100 גרם,false,1,9.90,0.0495,true,1,78774
7290104722530,false,תפוציפס שמנת בצל200,"שטראוס פריטו ליי בע""",IL,תפו שמנת בצל 200 גר 12 יח - שמיטה,גרמים,200.00,100 גרם,false,1,9.90,0.0495,true,1,68450
7290104726262,false,מארז דני לשתייה רביע,מיוצר עי קונדיטוריית,IL,דני שלוק שוקולד רביעייה,גרמים,500.00,100 גרם,false,1,11.90,0.0238,true,1,71654
7290104726484,false,סוכריות טופי פרצופי,"שטראוס גרופ בע""מ",IL,טופי פרצופי מגדים 150 ג',גרמים,150.00,100 גרם,false,1,6.90,0.0460,true,1,72657
7290104728310,false,שמנת עמידה לקצפת 38%,מחלבת יטבתה,IL,שמנת להקצפה 38% מהדרין,מיליליטרים,250.00,"100 מ""ל",false,1,6.47,0.0259,true,1,74309
7290104729003,false,שמן זית כתית מעולה י,תות תעשיות מזון (201,IL,שמן זית כתית מעולה יד מרדכי,מיליליטרים,750.00,"100 מ""ל",false,1,34.90,0.0465,true,1,205839
7290104961540,false,טיטניום דאו ספריי,אמיליה קוסמטיקס,IL,ספריי גוף טיטניום מטאל,מיליליטרים,150.00,"100 מ""ל",false,1,15.90,0.1060,true,1,82943
7290104961885,false,קרטין אינטנס מרכך,טרופיקל דגיל תעשיות,IL,קרטין אינטנס- מרכך לשיער,מיליליטרים,400.00,"100 מ""ל",false,1,29.90,0.0747,true,1,86179
7290104961892,false,קרטין אינטנס מסיכה,טרופיקל דגיל תעשיות,IL,קרטין אינטנס- מסכה לשיער,מיליליטרים,350.00,"100 מ""ל",false,1,29.90,0.0854,true,1,86180
7290104963704,false,סופטקר  אל סבון עדין,קוסמופארם בע''מ,IL,סופטקר אל סבון עדין לתינוק,לא מנהל יחידת מידה,0.00,לא מנהל יחידת מידה,false,1,18.90,0.0000,true,1,204212
7290104963711,false,סופטקר שמפו אל דמע 7,גוד פוד פרודקטס S.p,IL,סופטקר שמפו אל דמע לעור רגיש 770 מל,לא מנהל יחידת מידה,0.00,לא מנהל יחידת מידה,false,1,18.90,0.0000,true,1,204211
7290104964664,false,סקינגארד ניחוח קוקוס,מולינו ניקולי s.p.a,IL,סקינגארד ניחוח קוקוס  30SPF,מיליליטרים,200.00,"100 מ""ל",false,1,35.90,0.1795,true,1,207691
7290104964671,false,סקינגארד ניחוח אננס,מולינו ניקולי s.p.a,IL,סקינגארד ניחוח אננס 30SPF,מיליליטרים,200.00,"100 מ""ל",false,1,35.90,0.1795,true,1,207692
7290104964701,false,סקינגארד קרם פנים לג,מולינו ניקולי s.p.a,IL,סקין גארד קרם הגנה לגולשים SPF50,מיליליטרים,60.00,"100 מ""ל",false,1,39.90,0.6650,true,1,207689
7290105360250,false,קפסולות מקיאטו 10 יח,הנסיך- מפעל לייצור ט,IL,קפסולות 09 למכונות NESPRESSO,גרמים,50.00,100 גרם,false,1,16.90,0.3380,true,1,87386
7290105360328,false,קפסולות קפה אספרסו 1,הנסיך- מפעל לייצור ט,IL,קפסולות 10 למכונות NESPRESSO,גרמים,50.00,100 גרם,false,1,16.90,0.3380,true,1,87416
7290105360335,false,קפסולות אספרסו 10 יח,הנסיך- מפעל לייצור ט,IL,קפסולות 07 למכונות NESPRESSO,גרמים,50.00,100 גרם,false,1,16.90,0.3380,true,1,87417
7290105360762,false,שמן זית 1 עדין,תות תעשיות מזון (201,IL,"שמן זית 1 עדין 750 מ""ל",מיליליטרים,750.00,"100 מ""ל",false,1,34.90,0.0465,true,1,81407
7290105360878,false,מארז תפוציפס,"שטראוס פריטו ליי בע""",IL,מארז תפוציפס 50*4 גרם,גרמים,200.00,100 גרם,false,1,12.90,0.0645,true,1,187342
7290105362339,false,שמנת לבישול     15%,,IL,שמנת לבישול 15% מהדרין- ח,מיליליטרים,250.00,"100 מ""ל",false,1,8.60,0.0344,true,1,81411
7290105363602,false,מקלות כיף כף קלאסי,"איי, בי, אינבוו",TR,כיף כף מקלות קלאסי,גרמים,40.00,100 גרם,false,1,5.90,0.1475,true,1,85286
7290105364289,false,מקלות כיף כף פצפוצים,"איי, בי, אינבוו",TR,כיף כף מקלות פצפוצים,גרמים,40.00,100 גרם,false,1,5.90,0.1475,true,1,85287
7290105364302,false,מקלות כיף כף אגוזים,"איי, בי, אינבוו",TR,כיף כף מקלות אגוזים,גרמים,40.00,100 גרם,false,1,5.90,0.1475,true,1,85288
7290105364678,false,משקה יוגורט אקטיביה,מיוצר עי קונדיטוריית,IL,משקה אקטיביה אפרסק 1.2% בודד,מיליליטרים,250.00,"100 מ""ל",false,1,5.90,0.0236,true,1,75878
7290105366993,false,גבינת סימפוניה פלפל,"שטראוס בריאות בע""מ",IL,סימפוניה פילפל שיפקה חריף,גרמים,200.00,100 גרם,false,1,11.90,0.0595,true,1,182204
7290105368904,false,שמנת מתוקה 250 32% מ,מחלבת יטבתה,IL,שמנת מתוקה להקצפה 32% מהדרין-ח,מיליליטרים,250.00,"100 מ""ל",false,1,7.80,0.0312,true,1,83965
7290105368959,false,משקה פונץ בננה פקק ס,,IL,"פונץ' בננה פקק 250 מ""ל",מיליליטרים,250.00,"100 מ""ל",false,1,5.50,0.0220,true,1,81417
7290105369130,false,גבינת סימפוניה 5% בצ,"שטראוס בריאות בע""מ",IL,סימפוניה בצל ירוק 2022,גרמים,200.00,100 גרם,false,1,11.90,0.0595,true,1,86537
7290105430458,false,פלמוליב סבון נוזלי,הנסיך- מפעל לייצור ט,TR,"פלמוליב נטורלס תחליב רחצה חלב שקדים,  750 מל",מיליליטרים,750.00,"100 מ""ל",false,1,21.90,0.0292,true,1,87878
7290105430472,false,דאו .סטיינגארד סטיק,COLGATE ($) -PALMOLI,,ליידי ספיד סטיק סטיינגארד סטיק,Unknown,0.00,Unknown,false,1,28.90,0.0000,true,1,88691
7290105430489,false,דאודורנט ליידי ספיד,הנסיך- מפעל לייצור ט,IT,דאודורנט ליידי ספיד רולאון סטיין גארד 50,מיליליטרים,50.00,"100 מ""ל",false,1,22.90,0.4580,true,1,88692
7290105431516,false,מאגדת חטיף תמרים,"כד בני דרום בע""מ",IL,"FREE חטיף תמרים ובוטנים, 5 חטיפים, 125 גרם",גרמים,125.00,100 גרם,false,1,16.90,0.1352,true,1,87880
7290105433985,false,ליידיפרש אסנס סטיק ד,הנסיך- מפעל לייצור ט,US,ליידיפרש אסנס סטיק דובדובן 65 גר,גרמים,65.00,100 גרם,false,1,19.90,0.3062,true,1,184085
7290105434029,false,ספיד סטיק נוטרו ספרי,הנסיך- מפעל לייצור ט,RU,ספיד סטיק דאודורנט ספריי נוטרו פאוור,מיליליטרים,150.00,"100 מ""ל",false,1,24.70,0.1647,true,1,188903
7290105434050,true,ספיד סטיק ירוק רגולר,הנסיך- מפעל לייצור ט,US,דאודורנט ספיד סטיק רגולר 85 גרם,Unknown,0.00,Unknown,false,1,31.90,0.0000,true,1,222204
7290105436382,false,מאגדת חטיף תמרים,"כד בני דרום בע""מ",IL,מאגדת חטיף תמרים קשיו,גרמים,125.00,100 גרם,false,1,16.90,0.1352,true,1,187146
7290105438546,true,נייר אפייה מתכלה קוק,סטודיו קוק,IL,קוקי נייר אפייה פרימיום 40 יחידות,Unknown,0.00,Unknown,false,1,9.90,0.0000,true,1,222208
7290105439581,false,חרדל דיזיון צרפתי מא,סאם קווינור,FR,חרדל דיזיון צרפתי מאסטר שף 370 גרם,גרמים,370.00,100 גרם,false,1,11.90,0.0322,true,1,195990
7290105439598,false,חרדל דיזיון גרגרים מ,סאם קווינור,FR,חרדל דיזיון גרגרים מאסטר שף 370 גרם,גרמים,370.00,100 גרם,false,1,11.90,0.0322,true,1,195991
7290105500151,false,וודקה פינלנדיה בקבוק,"אלטיה קורפ, הלסינקי,",FI,"וודקה פינלנדיה בקבוק 700 מ""ל",מיליליטרים,700.00,"100 מ""ל",false,1,74.90,0.1070,true,1,83052
7290105500236,false,ויסקי גק דניאלס 700,ג'ק דניאלס,US,טנסי וויסקי,מיליליטרים,700.00,"100 מ""ל",false,1,124.90,0.1784,true,1,185998
7290105691224,false,טורטייה שום בצל 60 ג,,IL,אסם חטיפי פריכונים טורטיה שום בצל 12*60ג,גרמים,60.00,100 גרם,false,1,7.90,0.1317,true,1,78875
7290105691248,false,טורטייה תירס 60 גרם,,IL,אסם חטיפי פריכונים טורטיה תירס 12*60גרם,גרמים,60.00,100 גרם,false,1,7.90,0.1317,true,1,78876
7290105691712,false,עוגיות הפסקת קפה,היינץ צפון אמריקה מק,IL,עוגיות הפסקת קפה דגנים מלאים          2,גרמים,230.00,100 גרם,false,1,11.90,0.0517,true,1,81636
7290105691934,false,"קמח שמרים 1 ק""ג",תאי פרזידנט פוד פאבל,IL,"קמח שמרים 1 ק""ג אסם",קילוגרמים,1.00,"ק""ג",false,1,10.80,10.8000,true,1,84827
7290105692771,false,אבקה להכנת לחמניות כ,מיוצר עי קונדיטוריית,IL,אסם אבקה להכנת לחמניות כלפ.8*200גרם,גרמים,200.00,100 גרם,false,1,10.90,0.0545,true,1,79785
7290105693341,false,מארז במבה 25*10 גרם,"אסם השקעות בע""מ",IL,מארז במבה 25*10 גרם,גרמים,250.00,100 גרם,false,1,15.90,0.0636,true,1,182419
7290105693457,false,עוגת הבית דמקה שוקו,מיוצר עי קונדיטוריית,IL,הבית עוגת דמקה שוקו וניל 8*320גרם,גרמים,320.00,100 גרם,false,1,15.90,0.0497,true,1,81420
7290105693952,false,פירורית זהב שומשום 2,מיוצר עי קונדיטוריית,IL,פירורית זהב שומשום 200 גרם,גרמים,200.00,100 גרם,false,1,6.90,0.0345,true,1,81421
7290105694904,false,אבקת מרק פטריות 220,"אסם השקעות בע""מ",IL,אבקת מרק פטריות 220 גרם,גרמים,220.00,100 גרם,false,1,17.90,0.0814,true,1,84314
7290105695024,false,פתיתים אפויים אורז ע,"אסם השקעות בע""מ",IL,אסם פתיתים אפויים אורז עם אטריות 12*500ג,גרמים,500.00,100 גרם,false,1,6.90,0.0138,true,1,85403
7290105962980,false,כרוב אדום 400 גרם,מיוצר עי קונדיטוריית,IL,כרוב אדום 400,גרמים,400.00,100 גרם,false,1,10.90,0.0273,true,1,194764
7290105962997,false,חציל במיונז 400 גרם,"שטראוס גרופ בע""מ",IL,חציל במיונז 400 גרם,גרמים,400.00,100 גרם,false,1,10.90,0.0273,true,1,194763
7290105963000,false,מטבוחה  400 גרם,מיוצר עי קונדיטוריית,IL,מטבוחה 400,גרמים,400.00,100 גרם,false,1,10.90,0.0273,true,1,194759
7290105963864,false,חזרת אחלה  220 גרם,"שטראוס גרופ בע""מ",IL,חזרת אחלה  220 גרם,גרמים,220.00,100 גרם,false,1,12.90,0.0586,true,1,83935
7290105964564,false,סלט חומוס אחלה 400 ג,מיוצר עי קונדיטוריית,IL,סלט חומוס אחלה 400 גרם,גרמים,400.00,100 גרם,false,1,8.90,0.0223,true,1,195858
7290105965738,false,משקה יוגורט דנונה תו,מיוצר עי קונדיטוריית,IL,דנונה לשתיה תות בננה 267גר',מיליליטרים,267.00,"100 מ""ל",false,1,5.30,0.0199,true,1,184003
7290105966469,false,חומץ בלסמי יד מרדכי,"אינסטנטה בע""מ",IT,חומץ בלסמי יד מרדכי,מיליליטרים,250.00,"100 מ""ל",false,1,15.90,0.0636,true,1,87725
7290105968111,false,זוג בזוקה ללס סופרגו,שטראוס גרופ,,"זוג בזוקה לל""ס סופרגול",גרמים,56.00,100 גרם,false,1,8.00,0.1429,true,1,83859
7290105968777,false,פריכיות 5 דגנים עם ש,"טחנת האבן תעשיות בע""",IL,פריכיות אנרגי תחתית ש.מריר OS,גרמים,70.00,100 גרם,false,1,8.80,0.1257,true,1,88547
7290106416567,true,סוכריה על מקל עגול,תנתה,IL,סוכריה על מקל עגול,לא מנהל יחידת מידה,0.00,לא מנהל יחידת מידה,false,1,2.50,0.0000,true,1,205593
7290106520066,false,רבע לשבע אגוזים  160,הגביע מוצרי וופלים ב,IL,רבע לשבע (ירוק) 160 גר',גרמים,160.00,100 גרם,false,1,12.90,0.0806,true,1,85750
7290106520288,false,WOW יוגורט דנונה תות,"שטראוס בריאות בע""מ",IL,WOW יוגורט דנונה תות 150 גרם,גרמים,150.00,100 גרם,false,1,4.90,0.0327,true,1,195837
7290106525320,false,שוקולית לאפיה 500 גר,הנסיך- מפעל לייצור ט,IL,שוקולית לאפיה,גרמים,500.00,100 גרם,false,1,17.70,0.0354,true,1,187345
7290106526822,false,פריכיות אנרגי תחתית,"שטראוס גרופ בע""מ",IL,פריכיות אנרגי תחתית שוקולד 80 גרם,גרמים,80.00,100 גרם,false,1,8.80,0.1100,true,1,182420
7290106528567,false,דוריטוס גריל 185 גרם,הנסיך- מפעל לייצור ט,IL,דוריטוס גריל 185 גר 12 יח,גרמים,185.00,100 גרם,false,1,8.00,0.0432,true,1,196357
7290106528628,false,דוריטוס טבעי 185 גרם,הנסיך- מפעל לייצור ט,IL,דוריטוס טבעי 185 גרם,גרמים,185.00,100 גרם,false,1,8.00,0.0432,true,1,196358
7290106571792,false,ויטמינציק ענבים,המאפיה של הרמן,IL,ויטמינצ'יק קרחון ענבים 48*80גרם,גרמים,80.00,100 גרם,false,1,2.90,0.0362,true,1,86994
7290106571921,false,עוגיות בטעם חמוציות,מיוצר עי קונדיטוריית,IL,פיטנס עוגיות חמוציות 12*180גרם,גרמים,180.00,100 גרם,false,1,12.80,0.0711,true,1,184888
7290106572027,false,לחמית חמישה דגנים,"אסם השקעות בע""מ",IL,לחמית חמישה דגנים 12*190גרם,גרמים,190.00,100 גרם,false,1,10.90,0.0574,true,1,85695
7290106572065,false,חטיפי טורטיה תירס,,IL,אסם חטיפי פרכ.טורטיה תר.חמוץ מתוק 12*60ג,גרמים,60.00,100 גרם,false,1,7.90,0.1317,true,1,85640
7290106573086,false,קוסקוס אמיתי מארז 2,"מיוצר ע""י קוד יצרן K",IL,אסם קוסקוס אמיתי קדמ.מארז זוגות12 2*350ג,גרמים,700.00,100 גרם,false,1,10.90,0.0156,true,1,180814
7290106573277,false,קריספי טאפאס,מיוצר עי קונדיטוריית,IL,אסם קריספי טאפאס זיתים 8*150גרם,גרמים,150.00,100 גרם,false,1,12.90,0.0860,true,1,181588
7290106573628,false,סלט חומוס טחינה 400,לחמנו,IL,צבר חומוס עם טחינה 12*400גרם,גרמים,400.00,100 גרם,false,1,12.90,0.0323,true,1,89154
7290106574120,false,שלגון גומיגם,המאפיה של הרמן,IL,גומיגם קרחון שרבט עם סוכריות בפנים42*90ג,גרמים,90.00,100 גרם,false,1,7.00,0.0778,true,1,182795
7290106574977,false,בייגלה שטוחים עם מלח,מיוצר עי קונדיטוריית,IL,אסם בייגלה שטוחים עם מלח 9*300גרם,גרמים,300.00,100 גרם,false,1,11.90,0.0397,true,1,180120
7290106575943,false,אבקה להכנת קניידלך כ,"אסם השקעות בע""מ",IL,אסם קניידלך בקלי קלות כלפ.8*140גרם,גרמים,140.00,100 גרם,false,1,9.90,0.0707,true,1,182423
7290106576223,false,אפרופו שוקולד חלב 40,מיוצר עי קונדיטוריית,IL,אפרופו שוקולד 36*40גרם,גרמים,40.00,100 גרם,false,1,5.20,0.1300,true,1,197199
7290106576513,false,סלט חומוס צבר 400 גר,סלטי צבר,IL,צבר חומוס 12*400גרם,גרמים,400.00,100 גרם,false,1,11.90,0.0298,true,1,181281
7290106576537,false,חומוס מסעדה צבר 700,סלטי צבר,IL,צבר חומוס מסעדה 6*700גרם,גרמים,700.00,100 גרם,false,1,12.90,0.0184,true,1,181396
7290106576797,false,גלידה לה קרמריה וניל,תות תעשיות מזון (201,IL,לה קרמריה וניל איטלקי בדצ 6*1.4ליטר,ליטרים,1.40,ליטר,false,1,21.90,15.6429,true,1,182803
7290106576810,false,גלידה לה קרמריה ריבת,המאפיה של הרמן,IL,לה קרמריה ריבת חלב חתס.כלפ.6*1.4ל,ליטרים,1.40,ליטר,false,1,21.90,15.6429,true,1,182804
7290106576834,false,גלידה לה קרמריה פונט,תות תעשיות מזון (201,IL,גלידה לה קרמריה פונטש בננה 1.4 ליטר,ליטרים,1.40,ליטר,false,1,21.90,15.6429,true,1,182811
7290106576919,false,גלידה לה קרמריה סורב,המאפיה של הרמן,IL,גלידה לה קרמריה סורבה תות 1.4 ליטר,ליטרים,1.40,ליטר,false,1,21.90,15.6429,true,1,182814
7290106576957,false,גלידה לה קרמריה שוקו,תות תעשיות מזון (201,IL,לה קרמריה שוקו וניל פליק פרווה בדצ6*1.4ל,לא מנהל יחידת מידה,0.00,לא מנהל יחידת מידה,false,1,21.90,0.0000,true,1,182815
7290106576971,false,גלידה לה קרמריה שוקו,תות תעשיות מזון (201,IL,לה קרמריה גלידת שוקולד 6*1.4ל,ליטרים,1.40,ליטר,false,1,21.90,15.6429,true,1,182805
7290106576995,false,גלידה לה קרמריה תות,המאפיה של הרמן,IL,לה קרמריה סורבה לייט תות מנגו 6*1.4ליטר,ליטרים,1.40,ליטר,false,1,21.90,15.6429,true,1,182812
7290106577039,false,גלידה לה קרמריה שוקו,תות תעשיות מזון (201,IL,לה קרמריה שוקו וניל פליק חלבי בדצ 6*1.4ל,לא מנהל יחידת מידה,0.00,לא מנהל יחידת מידה,false,1,21.90,0.0000,true,1,182807
7290106577527,false,קולסלו צבר 400 גרם,לחמנו,IL,צבר קולסלו מרובע 6*400גרם,גרמים,400.00,100 גרם,false,1,13.60,0.0340,true,1,181582
7290106578692,false,במבה ביסלי מיקס 80 ג,אסם,IL,במבה ביסלי מיקס 36*80גרם,גרמים,80.00,100 גרם,false,1,5.90,0.0738,true,1,184381
7290106578821,false,עוגת הבית שמרים שוקו,מיוצר עי קונדיטוריית,IL,הבית עוגת שמרים שוקולד קלאסית 8*350ג,גרמים,350.00,100 גרם,false,1,19.90,0.0569,true,1,184600
7290106653504,false,בוטנים אמריקאים סבבה,"שטראוס פריטו ליי בע""",IL,בוטנים אמריקאים סבבה בטעם ברביקיו 50 גרם,גרמים,50.00,100 גרם,false,1,2.90,0.0580,true,1,182047
7290106660649,false,חטיף ציטוס בוטנים 80,"שטראוס פריטו ליי בע""",IL,ציטוס בוטנים 80 גר 48 יח,גרמים,80.00,100 גרם,false,1,4.90,0.0613,true,1,198952
7290106662025,false,תפוציפס מלח פלפל 50,"שטראוס פריטו ליי בע""",IL,תפו מלח פלפל 50 גר 48 יח - שמיטה,גרמים,50.00,100 גרם,false,1,3.90,0.0780,true,1,198406
7290106662964,false,סוכריות נוסטלגיה גומ,הדקלאים אגודת שיתופי,IL,סוכ' נוסטלגיה גומי יין,גרמים,80.00,100 גרם,false,1,6.90,0.0863,true,1,193134
7290106663091,false,גבינת לאבנה 9% 500 ג,הדקלאים אגודת שיתופי,IL,לאבנה 9% 500 גרם,גרמים,500.00,100 גרם,false,1,17.90,0.0358,true,1,195193
7290106663121,false,עוגת מילקי CAKE אישי,בובארד איטליה אס.פי.,IT,עוגת מילקי CAKE אישית 34 גרם,גרמים,34.00,100 גרם,false,1,3.90,0.1147,true,1,193450
7290106663558,false,רוטב טריאקי רימון 28,אף.סי תבליני בגליל ב,IL,רוטב טריאקי 320 גרם,מיליליטרים,280.00,"100 מ""ל",false,1,14.90,0.0532,true,1,193156
7290106664562,false,רוטב שמנת 9%  עם פטר,,IL,רוטב שמנת 9%  עם פטריות 250 מל,מיליליטרים,250.00,"100 מ""ל",false,1,11.90,0.0476,true,1,191132
7290106667266,false,דוריטוס חמוץ חריף 18,הנסיך- מפעל לייצור ט,IL,דוריטוס חמוץ חריף 185 גרם,גרמים,185.00,100 גרם,false,1,8.00,0.0432,true,1,196355
7290106669857,false,קפסולות אספרסו וניל,הנסיך- מפעל לייצור ט,IL,קפסולות וניל למכונות NESPRESSO,גרמים,50.00,100 גרם,false,1,16.90,0.3380,true,1,197997
7290106720626,false,חטיף ציטוס גבינה 80,"שטראוס פריטו ליי בע""",IL,ציטוס גבינה 80 גר 48 יח רבנות,גרמים,80.00,100 גרם,false,1,4.90,0.0613,true,1,198721
7290106721920,false,מסטיק מאסט ספירמינט,"שטראוס גרופ בע""מ.",IL,"צנצנת ספירמינט לל""ס 66 גרם",גרמים,66.00,100 גרם,false,1,9.90,0.1500,true,1,193139
7290106725867,false,סירופ מייפל טבעי 189,קוסלסי פוד,CA,"סירופ מייפל טבעי 189 מ""ל",מיליליטרים,189.00,"100 מ""ל",false,1,34.90,0.1847,true,1,195180
7290106726178,false,WOW יוגורט דנונה פיר,מיוצר עי קונדיטוריית,IL,WOW יוגורט דנונה פירות יער 150 גרם,גרמים,150.00,100 גרם,false,1,4.90,0.0327,true,1,195183
7290106727984,false,כיף כף פצפצים 135 גר,שולן צ'יקולטה גידה ס,TR,גביע פצפצים 135 ג' 2016,גרמים,135.00,100 גרם,false,1,13.90,0.1030,true,1,197203
7290107280075,true,תבניות אלומיניום לאפ,מיוצר עי קונדיטוריית,CN,"סנו סושי, תבניות אלומיניום מידה L, 130 גרם",Unknown,0.00,Unknown,false,1,9.80,0.0000,true,1,192982
7290107280099,false,מגבוני נייר טואלט,טרופיקל דגיל תעשיות,IL,"סנו סופט מגבוני טואלט לחים, מארז שלישייה",Unknown,0.00,Unknown,false,1,19.90,0.0000,true,1,185774
7290107280273,false,קרם ידיים קרמה לעור,,IL,"קרם ידיים קרמה לעור יבש 100 מ""ל",מיליליטרים,100.00,"100 מ""ל",false,1,9.90,0.0990,true,1,194354
7290107280341,false,ריצפז מטליות לחות לר,טרופיקל דגיל תעשיות,IL,ריצפז מטליות לחות מלון מפנק,יחידה,1.00,יחידה,false,1,14.90,14.9000,true,1,210904
7290107280570,false,גל כביסה מקסימה,מיוצר עי קונדיטוריית,IL,ג'ל כביסה 3 ל' MIX&WASH לכביסה צבעונית,ליטרים,3.00,ליטר,false,1,29.90,9.9667,true,1,188027
7290107280600,false,טבליות למדיח סנו ספא,גרופה אינקו,PL,"סנו ספארק, טבליות למדיח, 2000 גרם",לא מנהל יחידת מידה,1.50,לא מנהל יחידת מידה,false,1,56.90,37.9333,true,1,201771
7290107280655,false,א.כביסה מקסימה בייבי,הורביץ סחר,IL,אבקת כביסה מרוכזת,קילוגרמים,3.25,"ק""ג",false,1,32.90,10.1231,true,1,189747
7290107280709,false,נוזל להברקה 700 מל,,IL,נוזל להברקה 700 מל                SPARK,מיליליטרים,900.00,"100 מ""ל",false,1,16.90,0.0188,true,1,190381
7290107280761,false,נוזל כלים לימון,מיוצר עי קונדיטוריית,IL,ספארק משאבה לימון 1ל,ליטרים,1.00,ליטר,false,1,11.90,11.9000,true,1,189731
7290107645591,false,מרק טעם עוף קנור רכי,יוניליוור ישראל מזון,IL,קנור מרק טעם עוף 100% רכיבים טבעיים 400 גרם,גרמים,400.00,100 גרם,false,1,16.90,0.0422,true,1,202448
7290107646147,false,חטיף שוגי קורנפלקס ש,יוניליוור ישראל מזון,IL,"שוגי חטיף פתיתי תירס קלויים, 156 גרם",גרמים,156.00,100 גרם,false,1,15.90,0.1019,true,1,202465
7290107646154,false,חטיף קוקומן פצפוצים,יוניליוור ישראל מזון,IL,"קוקומן חטיף פצפוצי דגנים בטעם שוקולד, 126 גרם",גרמים,126.00,100 גרם,false,1,15.90,0.1262,true,1,202466
7290107646383,false,מטליות לחות לניקוי ר,עלבד משואות יצחק בעמ,IL,מטליות לחות לניקוי רצפה לימון סיף,גרמים,676.00,100 גרם,false,1,13.90,0.0206,true,1,199609
7290107646826,false,חטיף שוגי שוקו שישיי,יוניליוור ישראל מזון,IL,"שוגי חטיף פתיתי תירס קלויים בטעם שוקולד, 156 גרם",גרמים,156.00,100 גרם,false,1,15.90,0.1019,true,1,202467
7290107647625,false,מאגדת קורנטו כשלפ ונ,יוניליוור,IL,מאגדת קורנטו כשלפ וניל,לא מנהל יחידת מידה,0.00,לא מנהל יחידת מידה,false,1,37.90,0.0000,true,1,207299
7290107647649,false,שלגון סולרו קוקוס אנ,"גלידת שטראוס בע""מ",IL,שלגון סולרו קוקוס אננס 62 גרם,גרמים,62.00,100 גרם,false,1,7.90,0.1274,true,1,206800
7290107647656,false,שלגון מיני סולרו קוק,,IL,שלגון מיני סולרו קוקוס אננס 245גרם,גרמים,245.00,100 גרם,false,1,26.90,0.1098,true,1,206801
7290107647816,false,ברנפלקס ללא תוספת סו,יוניליוור ישראל מזון,IL,ברנפלקס ללא תוספת סוכר 500 גרם,גרמים,500.00,100 גרם,false,1,25.90,0.0518,true,1,200232
7290107647854,false,דגני בוקר שוגי בדצ 5,יוניליוור ישראל מזון,IL,דגני בוקר שוגי בדצ 500 גרם,גרמים,500.00,100 גרם,false,1,24.90,0.0498,true,1,200229
7290107649681,false,קורנטו פסק זמן 64 גר,יוניליוור גרמניה  Gm,IL,קורנטו פסק זמן 64 גרם,גרמים,64.00,100 גרם,false,1,9.90,0.1547,true,1,207892
7290107649780,false,שוקובו שוקו 85 גרם,"מיוצר ע""י גלידת שטרא",IL,שוקובו שוקו 85 גרם,גרמים,85.00,100 גרם,false,1,10.90,0.1282,true,1,207895
7290107649858,false,טילון מגנום לבן גליד,"מיוצר ע""י גלידת שטרא",IL,מגנום  טילון שוקולד לבן 100 גרם,גרמים,100.00,100 גרם,false,1,10.90,0.1090,true,1,208525
7290107871990,false,פסטה צינורות אסם 500,פסטה זארה,IT,אסם פסטה צינורות איטלקי 12*500גרם,גרמים,500.00,100 גרם,false,1,6.90,0.0138,true,1,190551
7290107874526,false,במבה בומבה כשלפ  60,אסם,IL,במבה בומבה כשלפ  60 גרם,גרמים,60.00,100 גרם,false,1,4.90,0.0817,true,1,188655
7290107875158,false,במבה קלאסי מארז 4 יח,מיוצר עי קונדיטוריית,IL,במבה קלאסי מארז 4 יח 60 גרם,גרמים,240.00,100 גרם,false,1,13.90,0.0579,true,1,193999
7290107879668,false,קרחון שרבט לה פרוטה,המאפיה של הרמן,IL,לה פרוטה תות 36*70גרם,גרמים,70.00,100 גרם,false,1,6.90,0.0986,true,1,195793
7290107879699,false,קרחון שרבט לה פרוטה,המאפיה של הרמן,IL,לה פרוטה מנגו 36*70גרם,גרמים,70.00,100 גרם,false,1,6.90,0.0986,true,1,195794
7290107879712,false,שרבט לה פרוטה פירות,נגה גלידות,IL,שרבט לה פרוטה פירות אדומים 70גרם,גרמים,70.00,100 גרם,false,1,6.90,0.0986,true,1,237339
7290107931397,false,חטיף כיף כף פצפצים 4,"איי, בי, אינבוו",TR,כיף כף פצפצים,גרמים,40.00,100 גרם,false,1,5.90,0.1475,true,1,196558
7290107931465,false,פריכיות אנרגי תחתית,"שטראוס גרופ בע""מ",IL,פריכיות אנרגי ת.ש. לבן 70ג ווסטהיים,גרמים,70.00,100 גרם,false,1,8.80,0.1257,true,1,195840
7290107932080,false,חלב בקבוק 3% מועשר 1,,IL,חלב בקבוק 3% מועשר 1 ליטר,ליטרים,1.00,ליטר,false,1,7.90,7.9000,true,1,195129
7290107932134,false,חלב בקבוק 1% מועשר 1,,IL,חלב בקבוק 1% מועשר 1 ליטר,ליטרים,1.00,ליטר,false,1,7.90,7.9000,true,1,195130
7290107933315,false,חלב דל לקטוז 2% בקבו,מחלבת יטבתה,IL,חלב בבקבוק דל לקטוז 2%- מהדרין,ליטרים,1.00,ליטר,false,1,7.90,7.9000,true,1,195132
7290107933643,false,משקה חלב עם דגנים וב,מחלבת יטבתה,IL,"ארוחה קטנה בבקבוק בננה לל""ג",מיליליטרים,250.00,"100 מ""ל",false,1,5.00,0.0200,true,1,196346
7290107933650,false,משקה חלב עם דגנים ות,,IL,משקה חלב עם דגנים ותות,מיליליטרים,250.00,"100 מ""ל",false,1,5.00,0.0200,true,1,196345
7290107936309,false,יוגורט דנונה יווני ל,"שטראוס בריאות בע""מ",IL,דנונה יוגורט יווני לבן,גרמים,130.00,100 גרם,false,1,3.40,0.0262,true,1,197348
7290107936958,false,ביסקוויט עד חצות אצב,הדקלאים אגודת שיתופי,FR,ביסקוויט עד חצות אצבעות 125 גרם,גרמים,125.00,100 גרם,false,1,14.90,0.1192,true,1,200463
7290107937627,false,מסטיק מאסט קוביות ספ,רוג'ר אנד רוג'ר,DE,צנצנת קוביות מנטה עדינה 58 גרם,גרמים,58.00,100 גרם,false,1,9.90,0.1707,true,1,197332
7290107937634,false,מסטיק מאסט קוביות פפ,רוג'ר אנד רוג'ר,DE,צנצנת קוביות מנטה 58 גרם,גרמים,58.00,100 גרם,false,1,9.90,0.1707,true,1,197313
7290107937641,false,מסטיק מאסט קוביות בז,רוג'ר אנד רוג'ר,DE,צנצנת קוביות בזוקה 58 גרם,גרמים,58.00,100 גרם,false,1,9.90,0.1707,true,1,197334
7290107937856,false,קפסולות קפה מספר 11,הנסיך- מפעל לייצור ט,IL,קפסולות 11 גואטמלה למכונות NESPRESSO,גרמים,50.00,100 גרם,false,1,16.90,0.3380,true,1,197297
7290107938396,false,משקה יוגורט אקטימל ת,מיוצר עי קונדיטוריית,IL,אקטימל שמיניה תות,מיליליטרים,864.00,"100 מ""ל",false,1,20.90,0.0242,true,1,196781
7290107940467,false,יוגורט אקטיביה 1.5%,מיוצר עי קונדיטוריית,IL,אקטיביה 200 גרם 1.5%,גרמים,200.00,100 גרם,false,1,4.20,0.0210,true,1,196774
7290107942355,false,תפוציפס מקלות בטעם ט,"שטראוס פריטו ליי בע""",IL,תפו מקלות טבעי 60 גר 56 יח,גרמים,60.00,100 גרם,false,1,3.90,0.0650,true,1,236924
7290107943048,false,ופל טורטית מוקטן 90,מיוצר עי קונדיטוריית,IL,"וופל טורטית 90 גרם בד""צ",גרמים,90.00,100 גרם,false,1,4.90,0.0544,true,1,197329
7290107943369,false,קוואקר שיבולת שועל ל,היידי שוקולד בירונטי,US,קוואקר שיבולת שועל ללא גלוטן 511 גרם,גרמים,511.00,100 גרם,false,1,19.90,0.0389,true,1,200291
7290107944243,false,אפיפיות בטעם שוקולד,"שטראוס גרופ בע""מ",IL,אפיפיות בטעם שוקולד 200 גרם,גרמים,200.00,100 גרם,false,1,8.90,0.0445,true,1,200208
7290107944472,false,גבינת סימפוניה שום ש,"שטראוס בריאות בע""מ",IL,סימפוניה שום שמיר 5%,גרמים,200.00,100 גרם,false,1,11.90,0.0595,true,1,197498
7290107945165,false,קונפיטורה משמש 340 ג,אף.סי תבליני בגליל ב,IL,קונפיטורת משמש 340 גרם,גרמים,340.00,100 גרם,false,1,14.90,0.0438,true,1,198159
7290107951104,false,בפלות שוקולד 200 גרם,"א.ג. גילרו בע""מ",IL,בפלות שוקולד 200 גרם,גרמים,200.00,100 גרם,false,1,5.10,0.0255,true,1,197543
7290107951586,false,מיקס מעורב 390 גרם כ,"שטראוס גרופ בע""מ",IL,כשלפ מיקס מעורב 390 גרם,גרמים,390.00,100 גרם,false,1,29.90,0.0767,true,1,201495
7290107951715,false,מסטיק מאסט קוביות ענ,רוג'ר אנד רוג'ר,DE,צנצנת קוביות ענבים 58 גרם,גרמים,58.00,100 גרם,false,1,9.90,0.1707,true,1,198153
7290107954976,false,משקה יטבתה פרו קפה 3,,IL,משקה קפה עם חלבון חלב 350 מיל,מיליליטרים,350.00,"100 מ""ל",false,1,6.50,0.0186,true,1,199784
7290107956901,true,קפסולות אגוזי לוז למ,הנסיך- מפעל לייצור ט,IL,קפסולות אגוזי לוז למכונות NESPRESSO,לא מנהל יחידת מידה,0.00,לא מנהל יחידת מידה,false,1,16.90,0.0000,true,1,203104
7290107956925,true,קפסולות קפה אספרסו 1,הנסיך- מפעל לייצור ט,IL,קפסולות 13 אוגנדה למכונות NESPRESSO,לא מנהל יחידת מידה,0.00,לא מנהל יחידת מידה,false,1,16.90,0.0000,true,1,205367
7290107956932,true,קפסולות אינדונזיה,הנסיך- מפעל לייצור ט,IL,קפסולות 12 אינדונזיה למכונות NESPRESSO,Unknown,0.00,Unknown,false,1,16.90,0.0000,true,1,204683
7290107957069,false,מסטיק עלמה בצנצנת בט,"שטראוס גרופ בע""מ",IL,"צנצנת עלמה בטעם אוכמניות לל""ס 66 גרם",גרמים,66.00,100 גרם,false,1,9.90,0.1500,true,1,200458
7290107957076,false,מסטיק עלמה בצנצנת בט,"שטראוס גרופ בע""מ",IL,מסטיק עלמה בצנצנת בטעם ספירמינט 66 גרם,גרמים,66.00,100 גרם,false,1,9.90,0.1500,true,1,200459
7290107957137,true,גבינת  סימפוניה עשבי,שטראוס,IL,גבינת  סימפוניה עשבי תיבול 200גרם,גרמים,200.00,100 גרם,false,1,11.90,0.0595,true,1,205526
7290107957991,false,מילקי מינייס 144 גרם,תות תעשיות מזון (201,IT,מילקי מינייס,גרמים,144.00,100 גרם,false,1,14.90,0.1035,true,1,204738
7290107958035,true,מארז דנונה במתיקות מ,מיוצר עי קונדיטוריית,IL,מארז 8 דנונה מתיקות מעודנת ללא סוכר וממת,Unknown,0.00,Unknown,false,1,18.90,0.0000,true,1,212704
7290107971751,false,מי פה קולגייט טוטל כ,יבואן ומשווק: ש. שסט,PL,קולגייט מי פה טוטל כחול 500 מל,מיליליטרים,500.00,"100 מ""ל",false,1,31.90,0.0638,true,1,196562
7290107973038,false,פלמוליב סבון ידיים א,הנסיך- מפעל לייצור ט,IT,פלמוליב סבון ידיים אקווריום 300 מל,מיליליטרים,300.00,"100 מ""ל",false,1,9.90,0.0330,true,1,199604
7290107973311,false,קולגייט מברשת שיניים,הנסיך- מפעל לייצור ט,,קולגייט 360 מברשת שיניים גולד 2 יח',לא מנהל יחידת מידה,0.00,לא מנהל יחידת מידה,false,1,33.90,0.0000,true,1,196592
7290107973793,false,מנה עגבניות שלמות 40,פראנו אריקו ופיגלי ס,IT,100% עגבניות איטלקיות שלמות מקולפות 400 גרם,גרמים,400.00,100 גרם,false,1,6.20,0.0155,true,1,196987
7290107973861,false,עגבניות קצוצות דק 1/,קונסרזיו קאסאלאסקו ד,IT,מאסטר שף עגבניות קצוצות דק מארז שלישייה,גרמים,400.00,100 גרם,false,1,15.90,0.0398,true,1,197187
7290107974066,false,עלי טורטיה קמח מלא 3,אורגניק,DE,עלי טורטיה קמח מלא 320 גרם,גרמים,320.00,100 גרם,false,1,10.90,0.0341,true,1,196723
7290107974073,false,עלי טורטיה קמח לבן 3,"ש. שסטוביץ בע""מ",DE,מאסטר שף עלי טורטיה קמח לבן 320 גר,גרמים,320.00,100 גרם,false,1,10.90,0.0341,true,1,196721
7290107974080,false,עלי טורטיה קמח לבן 8,סינאק סנאקס ג'י.אמ.ב,DE,מאסטר שף עלי טורטייה קמח חיטה 756 גרם,גרמים,840.00,100 גרם,false,1,19.90,0.0237,true,1,196722
7290107978323,false,איטריות דקיקות מאסטר,פי.פי.איג' ארטלקס ג',PL,"מאסטר שף, אטריות דקיקות, 400 גרם",גרמים,400.00,100 גרם,false,1,6.50,0.0163,true,1,199358
7290107978347,false,איטריות בינוניות מאס,פי.פי.איג' ארטלקס ג',PL,מאסטר שף אטריות בינוניות 400 גרם,גרמים,400.00,100 גרם,false,1,6.50,0.0163,true,1,199360
7290107978637,true,משחת שיניים מרידול ח,קולגייט פלמוליב,PL,מרידול משחת שיניים למניעת בעיות חנייכים 75 מל,מיליליטרים,1.00,"100 מ""ל",false,1,19.90,19.9000,true,1,206212
7290107979184,false,קוקי תבנית אלומיניום,HAI PLASTIC,CN,קוקי תבנית אלומיניום עם נייר אפייה גדול,יחידה,1.00,יחידה,false,1,13.90,13.9000,true,1,199935
7290107979191,false,קוקי תבנית אלומיניום,HAI PLASTIC,CN,קוקי תבנית אלומיניום עם נייר אפייה ענק,יחידה,1.00,יחידה,false,1,13.90,13.9000,true,1,199936
7290108200232,true,וניש גולד אבקה לבן,,,וניש גולד אבקה לבן 470 גרם,גרמים,470.00,100 גרם,false,1,17.90,0.0381,true,1,194649
7290108350128,false,שקית אשפה חזקה סנו,מיוצר עי קונדיטוריית,IL,שקית אשפה חזקה סנו סושי 40 יח,Unknown,0.00,Unknown,false,1,25.90,0.0000,true,1,190382
7290108350210,false,סנו סושי 30 שקיות אש,מיוצר עי קונדיטוריית,IL,סנו סושי 30 שקיות אשפה XL חזקות במיוחד,לא מנהל יחידת מידה,0.00,לא מנהל יחידת מידה,false,1,26.90,0.0000,true,1,195497
7290108350531,false,נוזל כלים סנו ספארק,מיוצר עי קונדיטוריית,IL,ספארק משאבה קלאסי 1ל,ליטרים,1.00,ליטר,false,1,11.90,11.9000,true,1,194355
7290108350555,false,נוזל כלים סנו ספארק,,,נוזל כלים סנו ספארק עור רגיש 1ליטר משאבה,ליטרים,1.00,ליטר,false,1,11.90,11.9000,true,1,194357
7290108350616,false,מרכך כביסה מקסימה סו,"איי, בי, אינבוו",IL,מרכך מרוכז בלו בלוסום 1ליטר,ליטרים,1.00,ליטר,false,1,18.90,18.9000,true,1,196840
7290108350685,false,מנקה למדיח כלים סנו,סנו,IL,ספארק מנקה מדיח כלים 250 מל,מיליליטרים,250.00,"100 מ""ל",false,1,13.90,0.0556,true,1,201772
7290108351156,false,סנו גט לניקוי כללי ו,"איי, בי, אינבוו",IL,ג'ט פלוס חומץ 1.5 ליטר,ליטרים,1.50,ליטר,false,1,15.90,10.6000,true,1,197700
7290108351514,false,מרכך כביסה מקסימה BL,הורביץ סחר,IL,מרכך כביסה מקסימה BLUE BLOSSOM,ליטרים,4.00,ליטר,false,1,22.90,5.7250,true,1,197582
7290108351583,false,גט לניקוי אסלות,טרופיקל דגיל תעשיות,IL,גט לניקוי אסלות,לא מנהל יחידת מידה,0.00,לא מנהל יחידת מידה,false,1,11.90,0.0000,true,1,204202
7290108351613,false,ריצפז פרש הום,"איי, בי, אינבוו",IL,'רצפז פ.הום מלון חלומי  2 ליטר,ליטרים,0.00,ליטר,false,1,21.90,0.0000,true,1,199857
7290108351620,false,סנו פרש- NO.2 לוכד ר,"סנו מפעלי ברונוס בע""",IL,"סנו פרש- NO.2 לוכד ריחות רעים 60 מ""ל",מיליליטרים,60.00,"100 מ""ל",false,1,15.90,0.2650,true,1,200383
7290108351699,false,מגבונים גט + חומץ מא,סנו מפעלי ברונוס על,IL,מגבונים גט + חומץ מא,לא מנהל יחידת מידה,0.00,לא מנהל יחידת מידה,false,1,22.90,0.0000,true,1,204815
7290108351705,false,סנו מקסימה פניני ביש,value smart prodacts,US,פניני בישום לכביסה fresh linen,יחידה,1.00,יחידה,false,1,30.90,30.9000,true,1,230356
7290108351729,false,נוזל לניקוי אסלות אק,מיוצר עי קונדיטוריית,IL,סנו גרין פאוור ניקוי אסלות אקולוגי 750 מל,מיליליטרים,750.00,"100 מ""ל",false,1,11.90,0.0159,true,1,231452
7290108351859,false,מקסימה בישום עוצמתי,הורביץ סחר,IL,פוראבר בושם PEONY מרוכז לכביס בתוספת ריכוך 600 מל,לא מנהל יחידת מידה,0.00,לא מנהל יחידת מידה,false,1,22.90,0.0000,true,1,206741
7290108351910,false,טבליות למדיח 30 יחיד,גרופה אינקו,PL,טבליות למדיח 30 יחידות,לא מנהל יחידת מידה,0.00,לא מנהל יחידת מידה,false,1,25.90,0.0000,true,1,206749
7290108352009,false,טבליות מדיח לניקוי כ,טרופיקל דגיל תעשיות,PL,סנו ספארק 50 קפסולות למדיח,לא מנהל יחידת מידה,0.00,לא מנהל יחידת מידה,false,1,39.90,0.0000,true,1,211843
7290108352153,false,סנובון נוזלי לוטוס ו,מיוצר עי קונדיטוריית,IL,99.9% סנו בון נוזל לניקוי אסלות 750 מל,מיליליטרים,750.00,"100 מ""ל",false,1,11.90,0.0159,true,1,212277
7290108352207,false,מקסימה 40קפסולות גל,טרופיקל דגיל תעשיות,IL,סנו מקסימה קפסולות לכביסה 40 יח,יחידה,1.00,יחידה,false,1,39.90,39.9000,true,1,231542
7290108352214,false,מקסימה 40קפסולות גל,טרופיקל דגיל תעשיות,IL,סנו מקסימה קפסולות לכביסה 40 יח,יחידה,1.00,יחידה,false,1,39.90,39.9000,true,1,231541
7290108352252,false,נוזל כלים ספארק 1 לי,"איי, בי, אינבוו",IL,ספארק נוזל לכלים מתאים לפירות וירקות 1 ל',ליטרים,1.00,ליטר,false,1,11.90,11.9000,true,1,212857
7290108352269,false,דלי מטליות לחיטוי ונ,הורביץ סחר,IL,דלי מטליות לחיטוי וניקוי 99.9%,יחידה,1.00,יחידה,false,1,31.90,31.9000,true,1,212093
7290108352276,false,סנו מטליות לניקוי וח,"סנו מפעלי ברונס בע""מ",IL,99.9% מטליות לחיטוי ולניקוי רצפות 10 יח,לא מנהל יחידת מידה,0.00,לא מנהל יחידת מידה,false,1,16.90,0.0000,true,1,211839
7290108352337,false,סנו פרש אוטומטיק מלו,מיוצר עי קונדיטוריית,IL,מבשם לבית בניחוח מלון מפנק 250 מל,מיליליטרים,250.00,"100 מ""ל",false,1,17.90,0.0716,true,1,212544
7290108352344,false,סנו פרש אוטומטיק מלו,מיוצר עי קונדיטוריית,IL,מבשם לבית בניחוח מלון בוטיק 250 מל,מיליליטרים,250.00,"100 מ""ל",false,1,17.90,0.0716,true,1,212543
7290108352351,false,סנו תרסיס לחיטוי 99.,"סנו מפעלי ברונוס בע""",IL,99.9% תרסיס לחיטוי 400 מל,מיליליטרים,400.00,"100 מ""ל",false,1,21.90,0.0547,true,1,212276
7290108352412,false,מטהר אוויר ארומטי ור,מיוצר עי קונדיטוריית,IL,מטהר אוויר ארומטי ורוד,Unknown,0.00,Unknown,false,1,13.90,0.0000,true,1,213209
7290108352511,false,מקסימה לניקוי וחיטוי,"איי, בי, אינבוו",IL,"מקסימה לניקוי וחיטוי למכונת כביסה, 500 מ""ל",מיליליטרים,500.00,"100 מ""ל",false,1,12.90,0.0258,true,1,235115
7290108352528,false,מתז לחיטוי וניקוי חד,"איי, בי, אינבוו",IL,99.9% חיטוי וניקוי חדר אמבטיה 750 מל,מיליליטרים,750.00,"100 מ""ל",false,1,16.90,0.0225,true,1,233833
7290108352597,false,מגבונים לחים לניקוי,סנו,,מגבונים לחים לניקוי בדלי 400 יח,לא מנהל יחידת מידה,0.00,לא מנהל יחידת מידה,false,1,29.90,0.0000,true,1,196983
7290108352641,false,מארז שלישיית מטליות,סנו מפעלי ברונוס.,CN,"סנו סושי מטלית הפלא לניקוי כללי, 3 יחידות",לא מנהל יחידת מידה,0.00,לא מנהל יחידת מידה,false,1,14.90,0.0000,true,1,199852
7290108352672,false,מטלית הפלא לריצפה זו,סנו מפעלי ברונוס.,CN,"סנו סושי, צמד מטליות במארז, מטלית הפלא לרצפה",Unknown,0.00,Unknown,false,1,21.90,0.0000,true,1,199851
7290108352801,false,סנו סושי - שקיות אשפ,"איי, בי, אינבוו",IL,שקיות אשפה לפחים קטנים,לא מנהל יחידת מידה,0.00,לא מנהל יחידת מידה,false,1,21.90,0.0000,true,1,204210
7290108352818,false,מטלית לשיש במבוק,צ'נצ'גן גולי מוצרי צ,CN,סנו סושי מטלית במבוק לניקוי,לא מנהל יחידת מידה,0.00,לא מנהל יחידת מידה,false,1,7.90,0.0000,true,1,206742
7290108352825,false,ספוג הפלא נירוסטה,s.k.a.t ltdסנו מפעלי,CN,ספוג הפלא נירוסטה,גרמים,44.00,100 גרם,false,1,10.90,0.2477,true,1,204814
7290108352900,false,מגבות הפלא גליל כפול,סנו מפעלי ברונוס בעמ,IL,"מגבות הפלא גליל כפול- מגבות עבות, חזקות וסופגות",לא מנהל יחידת מידה,0.00,לא מנהל יחידת מידה,false,1,21.90,0.0000,true,1,209304
7290108353037,false,סנו סושי תבנית אפייה,מיוצר עי קונדיטוריית,CN,סנו סושי- תבניות אפייה מנייר,יחידה,1.00,יחידה,false,1,11.90,11.9000,true,1,230155
7290108353044,false,סנו סושי תבניות אפיה,מיוצר עי קונדיטוריית,CN,תבניות אפייה מנייר L,יחידה,1.00,יחידה,false,1,10.90,10.9000,true,1,212915
7290108353068,false,כרית קרצוף עם סיני נ,מיוצר עי קונדיטוריית,CN,כרית קרצוף עם סיבי נירוסטה,יחידה,1.00,יחידה,false,1,10.90,10.9000,true,1,211527
7290108353075,true,מפיות אירוח איכותיות,האנק טישו,PL,מפיות אירוח איכותיות 40*40,יחידה,1.00,יחידה,false,1,10.90,10.9000,true,1,208357
7290108353488,false,סנובון מוצק דיזיין ב,סנו מפעלי ברונוס בעמ,IL,סבון אסלה בניחוח סחלב פראי,יחידה,1.00,יחידה,false,1,6.90,6.9000,true,1,209306
7290108353501,false,שקיות אשפה סנו סושי,טרופיקל דגיל תעשיות,TR,שקיות אשפה סנו סושי עם ידית - 25 יח,יחידה,1.00,יחידה,false,1,19.90,19.9000,true,1,211054
7290108353648,false,סנו סושי 70 שקיות או,איי טי אריזות,TR,סנו סושי 70 שקיות אוכל מנייר + מדבקות במ,יחידה,1.00,יחידה,false,1,11.90,11.9000,true,1,213120
7290108353686,false,סנו סושי מטלית חלומי,נינגבו סנבנג,CN,סנו סושי- מטלית חלומית לריצפה 1 יח,יחידה,1.00,יחידה,false,1,11.90,11.9000,true,1,233828
7290108353921,false,דאודורנט סטיק קרמה מ,בטר אנד דיפרנט,IL,"דאודורנט סטיק קרמה מאסק 70 מ""ל",מיליליטרים,70.00,"100 מ""ל",false,1,19.90,0.2843,true,1,235117
7290108353983,false,קרם גוף קרמה קלאסי 5,טרופיקל דגיל תעשיות,IL,קרמה קרם גוף קלאסי 500 מל,מיליליטרים,500.00,"100 מ""ל",false,1,24.90,0.0498,true,1,214670
7290108354164,false,שלישיית אלסבון כיף ש,טרופיקל דגיל תעשיות,IL,כיף שלישיית אל סבון קטיפתי מועשר בשמנים עם משאבה.,ליטרים,1.50,ליטר,false,1,18.90,12.6000,true,1,214760
7290108354355,false,סנו 20 מגבוני ידיים,דן - מור חומרי טבע ו,IL,מגבונים היגיינים לניקוי הידיים 20 יח,יחידה,1.00,יחידה,false,1,11.90,11.9000,true,1,213119
7290108354430,false,שמפו כיף שמן קוקוס ו,גוד פוד פרודקטס S.p,IL,שמפו כיף שמן קוקוס וקרטין 700מל,מיליליטרים,700.00,"100 מ""ל",false,1,12.90,0.0184,true,1,214666
7290108354447,false,מרכך כיף שמן קוקוס ו,גוד פוד פרודקטס S.p,IL,מרכך כיף שמן קוקוס וקרטין 700מל,מיליליטרים,700.00,"100 מ""ל",false,1,12.90,0.0184,true,1,214667
7290108354911,false,קרמה מן שמפו גל רחצה,טרופיקל דגיל תעשיות,IL,"קרמה מן שמפו, ג'ל רחצה וגילוח 700 מל",מיליליטרים,700.00,"100 מ""ל",false,1,18.90,0.0270,true,1,212166
7290108355307,false,שמפו סירוק קל 750 מל,גוד פוד פרודקטס S.p,IL,נקה 7 סירוק קל שמפו 750 מל,מיליליטרים,750.00,"100 מ""ל",false,1,12.90,0.0172,true,1,209309
7290108355314,false,מרכך סירוק קל 750 מל,גוד פוד פרודקטס S.p,IL,מרכך סירוק קל 750 מל,מיליליטרים,750.00,"100 מ""ל",false,1,12.90,0.0172,true,1,209310
7290108356113,false,כיף תחליב רחצה מילק,קוסמופארם בעמ,IL,"כיף תחליב רחצה חלב ודבש, 700 מל",מיליליטרים,700.00,"100 מ""ל",false,1,12.90,0.0184,true,1,206153
7290108356168,false,כיף תחליב רחצה מילק,גוד פוד פרודקטס S.p,IL,"כיף תחליב רחצה אוקיינוס, 700 מל",מיליליטרים,700.00,"100 מ""ל",false,1,12.90,0.0184,true,1,206155
7290108357042,false,קרליין דאודורנט רול,קוסמופארם,IL,קרליין דאודורנט רול און ביו סיטריס 75 מל,מיליליטרים,75.00,"100 מ""ל",false,1,13.90,0.1853,true,1,237741
7290108357059,false,קרליין דאודורנט רול,קוסמופארם,IL,קרליין דאודורנט רול און ביו גן קסום 75 מ,מיליליטרים,75.00,"100 מ""ל",false,1,13.90,0.1853,true,1,237742
7290108357073,false,נושם BIO דיאודורנט,קוסמופארם,IL,נושם BIO דיאודורנט ספריי Citrus Blossom,מיליליטרים,150.00,"100 מ""ל",false,1,13.90,0.0927,true,1,237743
7290108357080,false,נושם BIO דיאודורנט ס,קוסמופארם,IL,נושם BIO דיאודורנט ספריי Secret Garden 1,מיליליטרים,150.00,"100 מ""ל",false,1,13.90,0.0927,true,1,237744
7290108357189,false,מבשם מקסימה למייבש F,"איי, בי, אינבוו",IL,מבשם מקסימה למייבש FLORAL TOUCH,יחידה,1.00,יחידה,false,1,18.90,18.9000,true,1,211058
7290108357196,false,מתז לניקוי סנו גט תמ,מיוצר עי קונדיטוריית,IL,סנו ג'ט פלוס לניקוי כללי 750 מל,מיליליטרים,750.00,"100 מ""ל",false,1,13.90,0.0185,true,1,235114
7290108357233,false,מגבונים לחים לניקוי,סנו,IL,מגבונים לחים לניקוי חלונות סנו קליר 50 ד,יחידה,1.00,יחידה,false,1,11.90,11.9000,true,1,237745
7290108357240,false,סנו אוקסיגן אבקת להס,סנו,IL,סנו אוקסיגן אבקת להסרת כתמים 1.4 קג,קילוגרמים,1.40,"ק""ג",false,1,29.90,21.3571,true,1,237746
7290108357271,false,סנובון נוזלי עם חמצן,סנו,IL,"סנובון נוזלי עם חמצן 750 מ""ל",מיליליטרים,750.00,"100 מ""ל",false,1,11.90,0.0159,true,1,237982
7290108357288,false,זאוול אקונומיקה בניח,סנו,IL,זאוול אקונומיקה בניחוח פריחה לבנה 4 ליטר,ליטרים,4.00,ליטר,false,1,15.90,3.9750,true,1,237747
7290108357301,false,סנו K300 קוטל חרקים,סנו,IL,סנו K300 קוטל חרקים 300 מל,מיליליטרים,300.00,"100 מ""ל",false,1,12.90,0.0430,true,1,237748
7290108357493,false,תחליב רחצה קרמה וניל,גוד פוד פרודקטס S.p,IL,"תחליב רחצה קרמה וניל ופלפל ורוד 700 מ""ל",מיליליטרים,700.00,"100 מ""ל",false,1,18.90,0.0270,true,1,233834
7290108357707,false,כיף שמפו לשיער רגיל,גוד פוד פרודקטס S.p,IL,כיף שמפו לשיער רגיל תפוח זרעי ציה 700 מ,מיליליטרים,700.00,"100 מ""ל",false,1,12.90,0.0184,true,1,207013
7290108357745,false,כיף שמפו ומרכך 2+1 ת,גוד פוד פרודקטס S.p,IL,כיף שמפו ומרכך 2+1 תאנה ומנטה700 מ,מיליליטרים,700.00,"100 מ""ל",false,1,12.90,0.0184,true,1,207016
7290108357868,false,כיף גל רחצה מעושר בש,קוסמופארם,IL,כיף גל רחצה מעושר בשמן מקדמיה 700 מל,מיליליטרים,700.00,"100 מ""ל",false,1,12.90,0.0184,true,1,237750
7290108358070,false,תחליב רחצה קרמה קלאס,גוד פוד פרודקטס S.p,IL,קרמה  תחליב רחצה קלאסי 700 מל,מיליליטרים,700.00,"100 מ""ל",false,1,18.90,0.0270,true,1,232206
7290108358087,false,תחליב רחצה קרמה מאסק,גוד פוד פרודקטס S.p,IL,קרמה  תחליב רחצה מאסק 700 מל,מיליליטרים,700.00,"100 מ""ל",false,1,18.90,0.0270,true,1,232205
7290108359145,false,סנו סושי דפי ספוג הפ,סנו,IL,סנו סושי דפי ספוג הפלא 12 יח,יחידה,12.00,יחידה,false,1,12.90,1.0750,true,1,240109
7290108359824,false,קרם גוף  בייבי כיף 5,קוסמופארם בעמ,IL,"לעור רגיש, 500 מל",מיליליטרים,500.00,"100 מ""ל",false,1,25.90,0.0518,true,1,206152
7290108359831,false,שמן גוף  בייבי כיף 5,"מיוצר ומשווק ע""י קוס",IL,בייבי כיף שמן גוף עם לחות מועשרת 500 מל,מיליליטרים,500.00,"100 מ""ל",false,1,25.90,0.0518,true,1,206151
7290108359855,false,שמפו אל דמע בייבי כי,קוסמופארם בעמ,IL,"בייבי כיף שמפו אל דמע, 750 מל",מיליליטרים,750.00,"100 מ""ל",false,1,18.90,0.0252,true,1,206150
7290108359985,false,סנו JAVEL מרסס פריחה,סנו,IL,סנו JAVEL מרסס פריחה לבנה 1 ליטר,ליטרים,1.00,ליטר,false,1,16.90,16.9000,true,1,237754
7290108420401,false,תמר מהגול 1 קג,חקלאי,IL,תמר מהגול 1 קג,קילוגרמים,1.00,"ק""ג",false,1,24.90,24.9000,true,1,237718
7290108501360,true,גבינת צדר בשלה 200 ג,וויקה פארמס אל.טי.די,GB,גבינת צדר בשלה 200 גרם  MATURED ORANGE,גרמים,200.00,100 גרם,false,1,22.90,0.1145,true,1,205153
7290108501490,true,גבינת מוצרלה חצי קשה,ג.וילי פוד אינטרנשיו,IL,"Euro cheese גבינת מוצרלה 24% שומן, 150 גרם",גרמים,150.00,100 גרם,false,1,15.90,0.1060,true,1,205145
7290108501650,false,רביעיית חתיכות אננס,טקרנג פיאפל אינדוסטר,CN,רביעיית חתיכות אננס בסירופ קל,לא מנהל יחידת מידה,0.00,לא מנהל יחידת מידה,false,4,12.90,0.0000,true,1,204382
7290108501667,false,רביעיית קוקטייל פירו,טקרנג פיאפל אינדוסטר,CN,רביעיית קוקטייל פירות  בסירופ קל,לא מנהל יחידת מידה,0.00,לא מנהל יחידת מידה,false,4,12.90,0.0000,true,1,204383
7290108501827,false,קדאיף שערות בצק 450,הנסיך- מפעל לייצור ט,GR,קדאיף שערות בצק 450 גרם,גרמים,450.00,100 גרם,false,1,24.90,0.0553,true,1,208335
7290108502305,false,גבינת גרנה פדנו משול,זאיני,IT,גבינת גרנה פדנו משולש 150 גרם,גרמים,200.00,100 גרם,false,1,22.90,0.1145,true,1,211350
7290108502329,true,נתחי טונה בשמן זית 6,ארזינא,TH,נתחי טונה בשמן זית 640 גרם ויליפוד 1/4,גרמים,640.00,100 גרם,false,1,30.90,0.0483,true,1,205532
7290108502381,false,תחתיות לפיצה קוטר 26,מוטלוקל גידה סאנאי ט,TR,מנת השף בסיסים להכנת פיצה 480 גרם,גרמים,480.00,100 גרם,false,1,13.90,0.0290,true,1,231637
7290108502541,false,גבינת שמנת טבעי 200,קסוס אל פסטור,TR,גבינת שמנת טבעי 200 גרם EURO,גרמים,200.00,100 גרם,false,1,13.90,0.0695,true,1,205957
7290108502589,false,גבינת שמנת שום 200 ג,קסוס אל פסטור,TR,גבינת שמנת שום 200 גרם EURO,גרמים,200.00,100 גרם,false,1,13.90,0.0695,true,1,205961
7290108503043,false,תפוחונים מיובשים מאר,הביי דונגפנג פוד קו.,CN,תפוחונים מיובשים מארז 3+1 88 גרם,גרמים,88.00,100 גרם,false,1,14.90,0.1693,true,1,207248
7290108503708,false,פיצה עם פטריות  וילי,מוטלוקל גידה סאנאי ט,IT,פיצה עם פטריות  ויליפוד 390גרם,גרמים,390.00,100 גרם,false,1,13.90,0.0356,true,1,208935
7290108503975,false,קנלוני 250 גרם   PAS,ויליפוד,IT,קנלוני 250 גרם   PASTA ITALIANA,גרמים,250.00,100 גרם,false,1,11.90,0.0476,true,1,207673
7290108504279,false,קשקבל צאנק 150גרם,ג.וילי פוד אינטרנשיו,ES,קשקבל צאנק 150גרם,גרמים,150.00,100 גרם,false,1,18.90,0.1260,true,1,231640
7290108504293,false,מנצגו צאנק 150גרם,ג.וילי פוד אינטרנשיו,ES,מנצגו צאנק 150גרם,גרמים,150.00,100 גרם,false,1,18.90,0.1260,true,1,231642
7290108505177,false,דלתא  יוגורט עם אננס,דלתא,GR,דלתא  יוגורט עם אננס  0%    150גרם,גרמים,150.00,100 גרם,false,1,5.50,0.0367,true,1,231644
7290108505207,false,דלתא  יוגורט עם אוכמ,דלתא,GR,דלתא  יוגורט עם אוכמניות  0% 150גרם,גרמים,150.00,100 גרם,false,1,5.50,0.0367,true,1,231646
7290108505726,false,אצבעות - גבינה חצי ק,הנסיך- מפעל לייצור ט,TR,אצבעות  גבינה חצי קשה 25%  200גרם,גרמים,200.00,100 גרם,false,1,13.90,0.0695,true,1,231648
7290108506495,false,כנאפה קפוא 192.5גרם,ארמה גרופ,TR,כנאפה קפוא 192.5גרם,גרמים,193.00,100 גרם,false,1,14.90,0.0772,true,1,212174
7290108506709,false,גבינת פרמגאנו רגיאנו,זנתי,IT,גבינת פרמגאנו רגיאנו 150 גרם,גרמים,150.00,100 גרם,false,1,28.90,0.1927,true,1,231380
7290108506969,false,מאפה בורקס מים תורכי,גידה,TR,מאפה בורקס מים תורכי- גבינה ויליפוד  300,גרמים,300.00,100 גרם,false,1,14.90,0.0497,true,1,231651
7290108507072,false,שבבי גבינת גרנה פדנו,זנאתי,IT,שבבי גבינת גרנה פדנו 100 גרם,גרמים,100.00,100 גרם,false,1,13.90,0.1390,true,1,232974
7290108507188,false,כנאפה אריזה משפחתית,ארמה גרופ,TR,כנאפה אריזה משפחתית 657.5גרם,גרמים,658.00,100 גרם,false,1,32.90,0.0500,true,1,232287
7290108508109,false,"טורטליני לל""ג מילוי",ג.ר.א.מ.מ גרופו אלימ,IT,"טורטליני לל""ג מילוי ריקוטה ותרד 250איטלי",גרמים,250.00,100 גרם,false,1,13.90,0.0556,true,1,233202
7290108508703,false,טורטיה ללג ויליפוד 2,מוטלוקל גידה סאנאי ט,TR,טורטיה ללא גלוטן  270 ג 6 יחידות,גרמים,270.00,100 גרם,false,1,9.90,0.0367,true,1,215885
7290108509113,false,גבינה בולגרית מעודנת,,TR,גבינה בולגרית מעודנת יורו  18%  250 גרם,גרמים,250.00,100 גרם,false,1,11.90,0.0476,true,1,237869
7290108509267,false,פסטה עם רוטב גבינה 2,אלסקה,UA,פסטה עם רוטב גבינה 206 גרם,גרמים,206.00,100 גרם,false,1,9.90,0.0481,true,1,236624
7290109351025,false,חומוסטחינה חלק מלך ה,לחמנו,IL,צבר חומוסטחינה 6*400גרם,גרמים,400.00,100 גרם,false,1,14.90,0.0373,true,1,195437
7290109351209,false,קרחון שרבט לה פרוטה,תות תעשיות מזון (201,IL,קרחון שרבט לה פרוטה אננס תפוז 70 גרם,גרמים,70.00,100 גרם,false,1,6.90,0.0986,true,1,195798
7290109353272,false,ספגטי פרפקטו עתיר בס,פסטה זארה,IT,ספגטי פרפקטו עתיר בסיבים 500 גרם,גרמים,500.00,100 גרם,false,1,7.90,0.0158,true,1,196906
7290109354972,false,ביסקוויט פתיבר ללא ג,מיוצר עי קונדיטוריית,IL,אסם פתי בר ללא גלוטן קלאסי 12*200גרם,גרמים,200.00,100 גרם,false,1,11.90,0.0595,true,1,197325
7290109354996,false,ביסקוויט פתיבר ללא ג,מיוצר עי קונדיטוריית,IL,אסם פתי בר ללא גלוטן שוקו 12*200גרם,גרמים,200.00,100 גרם,false,1,11.90,0.0595,true,1,197312
7290109355504,false,שלגון קראנץ וניל נוג,נטו מלינדה-בשר,IL,נסטלה קראנץ ונל.ליבת נגט.שקלד.לבן28*100ג,גרמים,100.00,100 גרם,false,1,10.50,0.1050,true,1,197576
7290109358482,false,קרמוגית אסם במילוי ח,היינץ צפון אמריקה מק,IL,אסם קרמוגית במילוי חלבה 12*200גרם,גרמים,200.00,100 גרם,false,1,11.90,0.0595,true,1,206784
7290109358765,false,דגני קראנץ רולס 450,"אסם השקעות בע""מ",IL,דגני קראנץ רולס 450 גרם,גרמים,450.00,100 גרם,false,1,19.90,0.0442,true,1,198737
7290109580104,false,רוסטביף זוגלובק פרי,זוגלובק,IL,רוסטביף זוגלובק פרימיום 150 גרם,גרמים,150.00,100 גרם,false,1,25.90,0.1727,true,1,233066
7290109580111,false,צלעות אסאדו מעושנות,זוגלובק,IL,צלעות אסאדו מעושנות פרימיום 120 גרם,גרמים,120.00,100 גרם,false,1,23.90,0.1992,true,1,237424
7290109580135,false,קורנדביף זוגלובק פר,זוגלובק,IL,קורנדביף זוגלובק פרימיום 180 גרם,גרמים,180.00,100 גרם,false,1,25.90,0.1439,true,1,233068
7290109580166,false,סרוולד קלאסי זוגלוב,זוגלובק,IL,סרוולד קלאסי זוגלובק פרימיום 150 גרם,גרמים,150.00,100 גרם,false,1,25.90,0.1727,true,1,233069
7290109580210,false,נקניקיות ריינהולדס ה,זוגלובק,IL,נקניקיות ריינהולדס הצרפתיה 300 גרם,גרמים,300.00,100 גרם,false,1,18.90,0.0630,true,1,235820
7290109580227,false,נקניקיות ריינהולדס ק,זוגלובק,IL,נקניקיות ריינהולדס קאריוורסט 300 גרם,גרמים,300.00,100 גרם,false,1,18.90,0.0630,true,1,235821
7290109920146,false,מסיר אבן דורגול לקומ,פרח,,יעקבי דורגול מסיר אבן ללא הרתחה 750 מל,מיליליטרים,750.00,"100 מ""ל",false,1,20.90,0.0279,true,1,199113
7290109920580,true,אסטוניש מרסס עם אקונ,פרח,,יעקבי אסטוניש ספריי ניקוי עם אקונומיקה 750 מל,Unknown,0.00,Unknown,false,1,15.90,0.0000,true,1,204499
7290109920603,true,אסטוניש קרם מטבח חדש,פרח,,יעקבי אסטוניש הלוגן לכיריים מזכוכית קרמית 500 מל,Unknown,0.00,Unknown,false,1,11.90,0.0000,true,1,222786
7290109920627,true,אסטוניש קרם אמבט,פרח,,יעקבי אסטוניש לחדר האמבט 500 מל,Unknown,0.00,Unknown,false,1,11.90,0.0000,true,1,205750
7290109921334,false,אידיאל דפי בד לכביסה,מרקה,ES,"אידיאל דפי בד לכביסה 15 יח             """,לא מנהל יחידת מידה,0.00,לא מנהל יחידת מידה,false,1,12.90,0.0000,true,1,207256
7290109921372,false,אסטוניש משחה לתנור+ס,אסטוניש,GB,אסטוניש משחה לניקוי תנור וגריל +ספוג,גרמים,250.00,100 גרם,false,1,19.90,0.0796,true,1,208247
7290109921419,false,סבון אסלה כחול זוגי,רלווי,IT,סבון אסלה כחול זוגי עם אקונומיקה,גרמים,33.00,100 גרם,false,1,11.90,0.3606,true,1,209347
7290109921488,false,דורגול מנקה מכונות כ,דורינג,DE,"דורגול מנקה מכונות כביסה 500 מ""ל",מיליליטרים,500.00,"100 מ""ל",false,1,33.90,0.0678,true,1,230433
7290109921570,false,יעקבי לניקוי פרקט 1.,וונדפוט,BE,יעקבי לניקוי פרקט 1.25 ליטר,ליטרים,1.25,ליטר,false,1,17.90,14.3200,true,1,210550
7290110059712,false,רחפן משיכה עם סוכריו,,,רחפן משיכה עם סוכריות קשות מניונים  יחיד,לא מנהל יחידת מידה,0.00,לא מנהל יחידת מידה,false,1,5.90,0.0000,true,1,200209
7290110110277,false,סיידר סומרסבי רביעיי,"קרלסברג קרואטיה , יב",HR,סומרסבי סיידר 4 בק 330,ליטרים,1.32,ליטר,false,1,35.90,27.1970,true,1,202842
7290110110352,false,קרלסברג 0.0 בק 330 מ,קרלסברג רומניהיבואן:,RO,"קרלסברג 0.0 בק 330 מ""ל ייבוא",מיליליטרים,330.00,"100 מ""ל",false,1,4.90,0.0148,true,1,211377
7290110110369,false,בירה קרלסברג LUMA שי,מולינו ניקולי s.p.a,IL,"קרלסברג LUMA שישייה 330 מ""ל",ליטרים,1.98,ליטר,false,6,49.90,25.2020,true,1,212520
7290110110635,false,"ספרייט בקבוק 500 מ""ל",כלורוקס אוקלנד,IL,"ספרייט בקבוק 500 מ""ל",מיליליטרים,500.00,"100 מ""ל",false,1,7.50,0.0150,true,1,202344
7290110110659,false,ספרייט פחית סליק 330,תות תעשיות מזון (201,IL,"סליק ספרייט LIME 330 מ""ל מבצע",מיליליטרים,330.00,"100 מ""ל",false,1,5.90,0.0179,true,1,202343
7290110111557,false,פאוורייד ספורט500מל,Caslino al Piano pla,IT,פאוורייד ספורט500מל בטעם פירות,מיליליטרים,500.00,"100 מ""ל",false,1,9.90,0.0198,true,1,206028
7290110111564,false,פאוורייד ספורט 500מל,Caslino al Piano pla,IT,פאוורייד ספורט 500מל איזוטוני בטעם הדרים,מיליליטרים,500.00,"100 מ""ל",false,1,9.90,0.0198,true,1,206029
7290110111809,false,מארז שישיות פאנטה או,תות תעשיות מזון (201,IL,"ק""ק 6 FRIDGE-PACK מבצע",ליטרים,1.98,ליטר,false,1,24.90,12.5758,true,1,233568
7290110113421,false,בירה קרלסברד LUMA בק,מולינו ניקולי s.p.a,IL,קרלסברג LUMA בק 330 בודד,מיליליטרים,330.00,"100 מ""ל",false,1,9.90,0.0300,true,1,212521
7290110113902,false,בירה טובורג פחית סלי,מולינו ניקולי s.p.a,IL,"טובורג רד פחית 330 מ""ל",מיליליטרים,330.00,"100 מ""ל",false,1,7.90,0.0239,true,1,235697
7290110114190,false,פריגת יוניקורן תפוח,גת,IL,"סחוט UNICORN תפוח ענבים אגס 400 מ""ל",מיליליטרים,400.00,"100 מ""ל",false,1,10.00,0.0250,true,1,238342
7290110114602,false,נביעות+ רכיבי פרי תפ,פארייפאבה אגרואינדוס,IL,נביעות + רכיבי פרי תפוח אגס 0.5 ליטר,ליטרים,0.50,ליטר,false,1,7.00,14.0000,true,1,234129
7290110114787,false,מי נביעות +בטעם תפוח,תות תעשיות מזון (201,IL,נביעות+ בטעם תפוח 1.5 ליטר,ליטרים,1.50,ליטר,false,1,9.90,6.6000,true,1,236512
7290110114794,false,מי נביעות +בטעם אפרס,"איטיליאן פוד, אס.פי.",IL,מי נביעות +בטעם אפרסק 1.5 ליטר,ליטרים,1.50,ליטר,false,1,9.90,6.6000,true,1,236513
7290110114800,false,מי נביעות +בטעם ענבי,פארייפאבה אגרואינדוס,IL,נביעות + בטעם ענבים 1.5 ליטר,ליטרים,1.50,ליטר,false,1,9.90,6.6000,true,1,236514
7290110114855,false,מים נביעות שישייה בק,תות תעשיות מזון (201,IL,מים נביעות שישייה בקבוק 1.5 ליטר,ליטרים,9.00,ליטר,false,6,13.90,1.5444,true,1,236519
7290110114893,false,מיץ תפוזים סחוט פריג,היינץ צפון אמריקה מק,IL,סחוט תפוזים קלאסי 2 ליטר,ליטרים,2.00,ליטר,false,1,26.90,13.4500,true,1,236522
7290110114961,false,משקל פריגת תפוזים 1.,מולינו ניקולי s.p.a,IL,"פריגת תפוזים, 1.5 ליטר",ליטרים,1.50,ליטר,false,1,9.90,6.6000,true,1,236526
7290110114985,false,משקל פריגת אשכוליות,מולינו ניקולי s.p.a,IL,פריגת בטעם אשכוליות 1.5 ליטר,ליטרים,1.50,ליטר,false,1,9.90,6.6000,true,1,236528
7290110114992,false,משקל פריגת דיאט אשכו,מולינו ניקולי s.p.a,IL,פריגת טעם אשכוליות דל קלוריות 1.5 ליטר,ליטרים,1.50,ליטר,false,1,9.90,6.6000,true,1,236529
7290110115005,false,משקל פריגת ענבים 1.5,מולינו ניקולי s.p.a,IL,משקה קל פירות ענבים תפוחים,ליטרים,1.50,ליטר,false,1,9.90,6.6000,true,1,236530
7290110115029,false,משקל פריגת תפוחים 1.,מולינו ניקולי s.p.a,IL,משקל פריגת תפוחים 1.5 ליטר,ליטרים,1.50,ליטר,false,1,9.90,6.6000,true,1,236532
7290110115036,false,משקל פריגת מנגו 1.5,מולינו ניקולי s.p.a,IL,משקל פריגת מנגו 1.5 ליטר,ליטרים,1.50,ליטר,false,1,9.90,6.6000,true,1,236533
7290110115043,false,משקל פריגת לימונענע,מולינו ניקולי s.p.a,IL,משקה קל פירות לימונענע,ליטרים,1.50,ליטר,false,1,9.90,6.6000,true,1,236534
7290110115050,false,משקל פריגת תות בננה,מולינו ניקולי s.p.a,IL,משקל פריגת תות בננה 1.5 ליטר,ליטרים,1.50,ליטר,false,1,9.90,6.6000,true,1,236535
7290110115067,false,משקל פריגת אפרסק 1.5,מולינו ניקולי s.p.a,IL,פריגת בטעם אפרסק 1.5 ליטר,ליטרים,1.50,ליטר,false,1,9.90,6.6000,true,1,236536
7290110115074,false,פריגת דובדבן 1.5 ליט,מולינו ניקולי s.p.a,IL,פריגת דובדבן תפוח 1.5 ליטר,ליטרים,1.50,ליטר,false,1,9.90,6.6000,true,1,236768
7290110115081,false,משקל פריגת צלול ענבי,תות תעשיות מזון (201,IL,פריגת צלול משקה קל ענבים תפוחים,ליטרים,1.50,ליטר,false,1,9.90,6.6000,true,1,236537
7290110115098,false,משקל פריגת צלול תפוח,תות תעשיות מזון (201,IL,פריגת צלול משקה קל תפוחים,ליטרים,1.50,ליטר,false,1,9.90,6.6000,true,1,236538
7290110115104,false,משקל פריגת צלול אפרס,מולינו ניקולי s.p.a,IL,פריגת צלול משקה קל אפרסקים תפוחים,ליטרים,1.50,ליטר,false,1,9.90,6.6000,true,1,236539
7290110115111,false,משקל פריגת צלול אננס,תות תעשיות מזון (201,IL,פריגת צלול משקה קל אננס,ליטרים,1.50,ליטר,false,1,9.90,6.6000,true,1,236540
7290110115128,false,פריגת צלול בטעם לימו,תות תעשיות מזון (201,IL,פריגת צלול משקה קל לימונענע,ליטרים,1.50,ליטר,false,1,9.90,6.6000,true,1,236541
7290110115159,false,משקה ויסוצקי ICE ארל,גוד פוד פרודקטס S.p,IL,ויסוצקי משקה תה ארל גריי טעם ברגמוט,ליטרים,1.50,ליטר,false,1,11.90,7.9333,true,1,236544
7290110115234,false,קולה ZERO נטול 1.5 ל,תות תעשיות מזון (201,IL,קוקה קולה ZERO נטול 1.5 ליטר,ליטרים,1.50,ליטר,false,1,8.90,5.9333,true,1,236550
7290110115258,false,קולה ZERO מנגו 1.5 ל,תות תעשיות מזון (201,IL,קולה ZERO מנגו 1.5 ליטר,ליטרים,1.50,ליטר,false,1,8.90,5.9333,true,1,236552
7290110115289,false,ספרייט 19 קל לימון-נ,תות תעשיות מזון (201,IL,ספרייט 19 קל' לימון-נענע 1.5 ליטר,ליטרים,1.50,ליטר,false,1,8.90,5.9333,true,1,236555
7290110115296,false,פאנטה אורנג בקבוק 1.,תות תעשיות מזון (201,IL,פאנטה אורנג' 1.5 ליטר,ליטרים,1.50,ליטר,false,1,8.90,5.9333,true,1,236556
7290110115302,false,פאנטה ZERO אורנג 1.5,תות תעשיות מזון (201,IL,פאנטה ZERO אורנג' 1.5 ליטר,ליטרים,1.50,ליטר,false,1,8.90,5.9333,true,1,236557
7290110115326,false,פאנטה אורנג מנגו 1.5,החברה המרכזית לייצור,IL,פאנטה אורנג מנגו 1.5 ל,ליטרים,1.50,ליטר,false,1,8.90,5.9333,true,1,236559
7290110115333,false,פאנטה תות בקבוק 1.5,"אינסטנטה בע""מ",IL,פאנטה גזוז בטעם תות 1.5 ליטר,ליטרים,1.50,ליטר,false,1,8.90,5.9333,true,1,236560
7290110115395,false,ספרייט זירו שישייה ב,"אינסטנטה בע""מ",IL,ZERO ספרייט שישיות 1.5 ליטר,ליטרים,9.00,ליטר,false,6,47.90,5.3222,true,1,236565
7290110115418,false,קוקה קולה זירו שישיי,תות תעשיות מזון (201,IL,קולה ZERO שישיות 1.5 ליטר,ליטרים,9.00,ליטר,false,6,47.90,5.3222,true,1,236567
7290110115456,false,תה קר פיוזתה אפרסק 1,מולינו ניקולי s.p.a,IL,FUZE tea אפרסק 19 קל' 1.5 ליטר,ליטרים,1.50,ליטר,false,1,9.90,6.6000,true,1,236571
7290110115463,false,תה קר FUZE TEA אפרסק,מולינו ניקולי s.p.a,IL,פיוזטי אפרסק 1.5 ליטר,ליטרים,1.50,ליטר,false,1,9.90,6.6000,true,1,236572
7290110115494,false,תה קר FUZE TEA ענבים,תות תעשיות מזון (201,IL,פיוזטי ענבים 1.5 ליטר,ליטרים,1.50,ליטר,false,1,9.90,6.6000,true,1,236575
7290110115616,false,ZERO פיוז טי גרין אנ,מולינו ניקולי s.p.a,IL,פיוזטי ZERO גרין אננס 1.5 ליטר,ליטרים,1.50,ליטר,false,1,9.90,6.6000,true,1,236648
7290110115623,false,ZERO פיוז טי אפרסק 1,מולינו ניקולי s.p.a,IL,פיוזטי ZERO אפרסק 1.5 ליטר,ליטרים,1.50,ליטר,false,1,9.90,6.6000,true,1,236649
7290110115777,false,מים נביעות בקבוק 1.5,נביעות,,מים נביעות בקבוק 1.5 ליטר,ליטרים,1.50,ליטר,false,1,4.20,2.8000,true,1,236669
7290110115838,false,ספרייט זירו בקבוק 1.,"אינסטנטה בע""מ",IL,ספרייט זירו בקבוק 1.5 ליטר,ליטרים,1.50,ליטר,false,1,8.90,5.9333,true,1,236554
7290110115845,false,קוקה קולה בקבוק  1.5,"אינסטנטה בע""מ",IL,קוקה קולה בקבוק  1.5 ליטר,ליטרים,1.50,ליטר,false,1,8.90,5.9333,true,1,236547
7290110115852,false,קוקה קולה דיאט בקבוק,תות תעשיות מזון (201,IL,קוקה קולה דיאט בקבוק  1.5 ליטר,ליטרים,1.50,ליטר,false,1,8.90,5.9333,true,1,236548
7290110115869,false,קוקה קולה זירו בקבוק,תות תעשיות מזון (201,IL,קוקה קולה זירו בקבוק 1.5 ליטר,ליטרים,1.50,ליטר,false,1,8.90,5.9333,true,1,236549
7290110115876,false,סודה קינלי 1.5 ליטר,"אינסטנטה בע""מ",IL,סודה קינלי 1.5 ליטר,ליטרים,1.50,ליטר,false,1,5.20,3.4667,true,1,236561
7290110116040,false,ZERO  פאנטה פירות כח,החברה המרכזית למשקאו,IL,ZERO  פאנטה פירות כחול 1.5 ליטר,ליטרים,1.50,ליטר,false,1,8.90,5.9333,true,1,238495
7290110116064,false,ZERO  פאנטה פירות יר,החברה המרכזית למשקאו,IL,ZERO,ליטרים,1.50,ליטר,false,1,8.90,5.9333,true,1,238496
7290110116125,false,סירופ בטעם פטל 750 מ,פריגת,IL,סירופ בטעם פטל 750 מל,מיליליטרים,750.00,"100 מ""ל",false,1,24.90,0.0332,true,1,240402
7290110116149,false,סירופ בטעם ענבים 750,פריגת,IL,סירופ בטעם ענבים 750 מל,מיליליטרים,750.00,"100 מ""ל",false,1,24.90,0.0332,true,1,240404
7290110116194,false,נביעות + לימון ליים,החברה המרכזית למשקאו,IL,נביעות + לימון ליים 0 קלוריות 1.5 ליטר,ליטרים,1.50,ליטר,false,1,9.90,6.6000,true,1,240029
7290110116217,false,נביעות +0 קלוריות אש,החברה המרכזית למשקאו,IL,נביעות +0 קלוריות אשכולית 1.5 ליטר,ליטרים,1.50,ליטר,false,1,9.90,6.6000,true,1,240028
7290110116385,false,קולה קולה  זירו סטאפ,החברה המרכזית למשקאו,IL,קולה קולה  זירו סטאפני 330 מל,מיליליטרים,330.00,"100 מ""ל",false,1,7.50,0.0227,true,1,239045
7290110320591,false,גבינה בולגרית 16% במ,תנובה,IL,פיראוס בולגרית 16% שומן במרקם מעודן,גרמים,250.00,100 גרם,false,1,22.70,0.0908,true,1,199028
7290110320744,false,גבינה גרנה פדנו 150,תנובה,IT,גבינה גרנה פדנו קולקשיין 150 גרם,גרמים,150.00,100 גרם,false,1,24.90,0.1660,true,1,202718
7290110320850,false,פתיתי עמק בשקית 200,"תנובה, מחלבת תל יוסף",IL,עמק פתיתים 28% שומן 200 גרם,גרמים,200.00,100 גרם,false,1,15.50,0.0775,true,1,200474
7290110320867,false,פתיתי עמק למאפים 28%,מולינו ניקולי s.p.a,IL,עמק פתיתים 28% שומן 500 גרם,גרמים,500.00,100 גרם,false,1,34.90,0.0698,true,1,200330
7290110320935,false,פרוסות מוצרלה 150 גר,תנובה מחלבת תל יוסף,IL,פרוסות מוצרלה קולקשיין 150 גרם,גרמים,150.00,100 גרם,false,1,17.40,0.1160,true,1,200358
7290110321031,false,GO יוגורט יופלה שומן,"תנובה, מחלבת אלון תב",IL,GO יוגורט יופלה שומן 20 וחלבון 200 גרם,גרמים,200.00,100 גרם,false,1,5.90,0.0295,true,1,200302
7290110321048,false,יוגורט יופלה GO במתי,תנובה,IL,יוגורט יופלה GO במתיקות מעודנת 200 גרם,גרמים,200.00,100 גרם,false,1,5.90,0.0295,true,1,200303
7290110321277,false,קוטג בקטנה 5% 100 גר,"תנובה, מחלבת אלון תב",IL,תנובה קוטג' 5% בקטנה 100 גרם,גרמים,100.00,100 גרם,false,1,2.70,0.0270,true,1,201596
7290110321680,false,יוגורט יופלה GO תות,מחלבת אלון תבור,IL,יוגורט עם תות בתוספת חלבוני חלב,גרמים,200.00,100 גרם,false,1,5.90,0.0295,true,1,202458
7290110321697,false,יוגורט יופלה GO אפרס,מחלבת אלון תבור,IL,יוגורט עם אפרסק בתוספת חלבוני חלב,גרמים,200.00,100 גרם,false,1,5.90,0.0295,true,1,202459
7290110322014,false,טופו טבעי 300 גרם,סוי מג'ק,IL,טופו טבעי 300 גרם,גרמים,300.00,100 גרם,false,1,12.50,0.0417,true,1,204333
7290110322021,false,טופו בזיליקום 300 גר,סוי מג'ק,IL,טופו בטעם בזיליקום,גרמים,300.00,100 גרם,false,1,12.50,0.0417,true,1,204332
7290110322038,false,טופו פקנטי 300 גרם,סוי מג'ק,IL,טופו פקנטי 300 גרם,גרמים,300.00,100 גרם,false,1,12.50,0.0417,true,1,204331
7290110322946,true,יופלה טיוב יוגורט במ,תנובה בעמ,IL,יופלה טיוב יוגורט במרקם חלק בטעם תות בננ,גרמים,350.00,100 גרם,false,1,12.50,0.0357,true,1,205911
7290110323073,false,משקה יוגורט  יופלה G,תנובה בעמ,IL,משקה יוגורט  יופלה GO 20 מועשר בחלבון תו,מיליליטרים,236.00,"100 מ""ל",false,1,6.50,0.0275,true,1,205914
7290110323301,false,גבינה צהובה טל העמק,פ.פ.ח. שאביט,IL,גבינה צהובה טל העמק 32% שומן 200 גרם,גרמים,200.00,100 גרם,false,1,18.90,0.0945,true,1,206730
7290110323585,true,יוגורט עם דובדבן מופ,תנובה בעמ,IL,יוגורט עם דובדבן מופחת קולוריות GO200גרם,גרמים,200.00,100 גרם,false,1,5.90,0.0295,true,1,206264
7290110324070,false,גבינת חלומי מחלב בקר,"תנובה בע""מ",IL,גבינת חלומי מחלב בקר 22% שומן 200 גרם,גרמים,200.00,100 גרם,false,1,20.90,0.1045,true,1,209246
7290110324711,false,ממרח סויה 9% בטעם טב,"תנובה בע""מ",IL,ממרח סויה 9% בטעם טבעי,גרמים,250.00,100 גרם,false,1,9.50,0.0380,true,1,208890
7290110324728,false,ממרח סויה 9% עם שום,"תנובה בע""מ",IL,ממרח סויה 9% עם שום שמיר,גרמים,250.00,100 גרם,false,1,9.50,0.0380,true,1,208891
7290110324841,false,מעדן שקדים עם שוקולד,תנובה בעמ,IL,מעדן שקדים עם שוקולד מריר אלטרנטיב 125גר,גרמים,125.00,100 גרם,false,1,4.30,0.0344,true,1,210813
7290110324926,false,משקה סויה ללא תוספת,"תנובה בע""מ",IL,משקה סויה ללא תוספת סוכר  1 ליטר,ליטרים,1.00,ליטר,false,1,11.50,11.5000,true,1,210823
7290110325121,false,משקה יוגורטGO  לייט,"תנובה בע""מ",IL,משקה יוגורטGO  לייט מנגו אננס 250מל,מיליליטרים,250.00,"100 מ""ל",false,1,6.50,0.0260,true,1,210020
7290110325169,false,פרוסות גאודה 170 גרם,תנובה,IL,פרוסות גאודה קולקשיין  170 גרם,גרמים,170.00,100 גרם,false,1,22.90,0.1347,true,1,211866
7290110325305,false,מעדן סויהGO 20 גרם ח,"תנובה בע""מ",IL,מעדן סויהGO 20 גרם חלבון במתיקות מעודנת 200גרם,גרמים,200.00,100 גרם,false,1,5.90,0.0295,true,1,210817
7290110325312,false,מעדן סויה GO 20 גרם,"תנובה בע""מ",IL,מעדן סויה GO 20 גרם חלבון בטעם תות  200גרם,גרמים,200.00,100 גרם,false,1,5.90,0.0295,true,1,210816
7290110325619,false,משקה שיבולת שועל  1ל,"תנובה בע""מ",IL,משקה שיבולת שועל  1ליטר,ליטרים,1.00,ליטר,false,1,12.90,12.9000,true,1,211402
7290110325626,false,"משקה שקדים לל""ס 1ליט",תנובה,IL,"משקה שקדים לל""ס 1ליטר",ליטרים,1.00,ליטר,false,1,12.90,12.9000,true,1,212614
7290110325701,false,צזיקי יווני  פיראוס,מחלבת הרדוף,IL,צזיקי יווני  פיראוס 9% על בסיס יוגורט,גרמים,250.00,100 גרם,false,1,12.50,0.0500,true,1,211628
7290110325879,false,פתיתי גאודה 200 גרם,תנובה,IL,פתיתי גאודה 200 גרם,גרמים,200.00,100 גרם,false,1,18.90,0.0945,true,1,211867
7290110325893,false,תנובה GO אייס קפה 34,מיוצר עי קונדיטוריית,IL,תנובה GO אייס קפה 340 מל,מיליליטרים,340.00,"100 מ""ל",false,1,8.50,0.0250,true,1,211407
7290110326210,false,יופלה און טופ פצפוצי,מחלבת אלון תבור,IL,יופלה און טופ פצפוצים 157 גרם,גרמים,157.00,100 גרם,false,1,4.90,0.0312,true,1,211868
7290110326227,false,יופלה און טופ קורנפל,מחלבת אלון תבור,IL,יופלה און טופ קורנפלקס  157 גרם,גרמים,157.00,100 גרם,false,1,4.90,0.0312,true,1,211870
7290110326234,false,יופלה און טופ כוכבים,מחלבת אלון תבור,IL,יופלה און טופ כוכבים 157 גרם,גרמים,157.00,100 גרם,false,1,4.90,0.0312,true,1,211869
7290110326241,false,יופלה און טופ גרנולה,מחלבת אלון תבור,IL,יופלה און טופ גרנולה 157 גרם,גרמים,157.00,100 גרם,false,1,4.90,0.0312,true,1,211871
7290110326333,false,פרוסות גבינה סקנדינב,פ.פ.ח. שאביט,IL,פרוסות גבינה סקנדינבית קולקשיין 170 גרם,גרמים,200.00,100 גרם,false,1,18.90,0.0945,true,1,213862
7290110326784,false,פתיתי עמק 28% - 600,תנובה,IL,פתיתי עמק 28% - 600 גר,גרמים,600.00,100 גרם,false,1,39.90,0.0665,true,1,238337
7290110326852,false,השף הלבן ממרח חמאה ב,בונגה פולין,PL,השף הלבן ממרח חמאה בתוספת מלח 200 גרם,גרמים,200.00,100 גרם,false,1,10.90,0.0545,true,1,214932
7290110327033,false,משקהמועשר בחלבון במת,מיוצר עי קונדיטוריית,IL,משקהמועשר בחלבון במתיקות מופחתת GO,לא מנהל יחידת מידה,0.00,לא מנהל יחידת מידה,false,1,12.90,0.0000,true,1,213162
7290110327514,false,משקה שיבולת שועל  אל,תנובה,IL,משקה שיבולת שועל  אלטרנטיב אגוזי לוז 1 ל,ליטרים,1.00,ליטר,false,1,12.90,12.9000,true,1,236219
7290110327545,false,יופלה אוןטופ תות תוס,מיוצר עי קונדיטוריית,IL,יופלה אוןטופ תות תוספת פצפוצים מצופים157,גרמים,157.00,100 גרם,false,1,4.90,0.0312,true,1,236947
7290110327798,false,חטיף חלבון גו בטעם ש,"בלמונט קונפקציות בע""",US,GO חטיף חלבון  בטעם שוקולד 60 גרם,גרמים,60.00,100 גרם,false,1,12.90,0.2150,true,1,233702
7290110327804,false,חטיף חלבון גו בצק עו,"בלמונט קונפקציות בע""",US,GO חטיף חלבון  בטעם בצק עוגיות 60 גרם,גרמים,60.00,100 גרם,false,1,12.90,0.2150,true,1,233703
7290110327811,false,חטיף חלבון גו קוקוס,"בלמונט קונפקציות בע""",US,GO חטיף חלבון עם קוקוס 60 גרם,גרמים,60.00,100 גרם,false,1,12.90,0.2150,true,1,233704
7290110327828,false,חטיף חלבון גו חמאת ב,"בלמונט קונפקציות בע""",US,GO חטיף חלבון עם חמאת בוטנים 60 גרם,גרמים,60.00,100 גרם,false,1,12.90,0.2150,true,1,233705
7290110328016,false,משקה סויה מועשר בחלב,סוי מג'ק,IL,"משקה סויה מועשר בחלבון בטעם אגוזי לוז 250 מ""ל",מיליליטרים,250.00,"100 מ""ל",false,1,6.50,0.0260,true,1,215363
7290110328146,false,פתיתים בסגנון גאודה,"קבוצת מיבל, מיפה א.ג",CH,פתיתים בסגנון גאודה  אלטרנטיב  200 גרם,גרמים,200.00,100 גרם,false,1,23.90,0.1195,true,1,215871
7290110328221,false,יוגורט תנובה נטול לק,תנובה בעמ,IL,יוגורט תנובה נטול לקטוז 3% 200 גרם,גרמים,200.00,100 גרם,false,1,3.90,0.0195,true,1,215297
7290110328481,false,פתיתי פרמגאנו רגיאנו,ברטינלי גיאני א.,IT,פתיתי פרמגאנו רגיאנו קולקשיין 100 גרם,גרמים,100.00,100 גרם,false,1,15.90,0.1590,true,1,215878
7290110328504,false,מיקס גבינות מוצרלה ס,מיוצר עי קונדיטוריית,IL,מיקס גבינות מוצרלה סקנדינבית וגאודה השף,גרמים,300.00,100 גרם,false,1,27.90,0.0930,true,1,233312
7290110328511,false,פתיתי טל העמק 32% 20,תנובה,IL,פתיתי טל העמק 32% 200גרם,גרמים,200.00,100 גרם,false,1,17.90,0.0895,true,1,234956
7290110328580,false,יוגורט תנובה 5% 200,מיוצר עי קונדיטוריית,IL,יוגורט תנובה 5% 200 גרם,גרמים,200.00,100 גרם,false,1,3.20,0.0160,true,1,236220
7290110328627,false,יוגורט GO סמיך 0% בנ,מיוצר עי קונדיטוריית,IL,יוגורט GO סמיך 0% בננה קרמל 200 גרם,גרמים,200.00,100 גרם,false,1,5.90,0.0295,true,1,233734
7290110328764,false,יוגורט GO סמיך 0% תו,מיוצר עי קונדיטוריית,IL,יוגורט GO סמיך 0% תות 200 גרם,גרמים,200.00,100 גרם,false,1,5.90,0.0295,true,1,233733
7290110328771,false,יוגורט GO סמיך 0% פ.,מיוצר עי קונדיטוריית,IL,יוגורט GO סמיך 0% פ. יער 200 גרם,גרמים,200.00,100 גרם,false,1,5.90,0.0295,true,1,233732
7290110328788,false,יוגורט GO סמיך 0% אפ,תנובה בעמ,IL,יוגורט GO סמיך 0% אפרסק 200 גרם,גרמים,200.00,100 גרם,false,1,5.90,0.0295,true,1,233731
7290110328955,false,קוביות גבינת עזים בש,דודוני תעשיית החלב ה,GR,קוביות גבינת עזים בשמן פיראוס 350 גרם,גרמים,350.00,100 גרם,false,1,27.90,0.0797,true,1,237791
7290110329136,false,מעדן חלב גו בטעם שוק,"תנובה בע""מ",IL,מעדן חלב גו בטעם שוקולד 12 חלבון 120גרם,גרמים,120.00,100 גרם,false,1,4.80,0.0400,true,1,236221
7290110329143,false,מעדן חלב גו בטעם וני,"תנובה בע""מ",IL,מעדן חלב גו בטעם וניל  12 חלבון  120גרם,גרמים,120.00,100 גרם,false,1,4.80,0.0400,true,1,236222
7290110329266,false,יוגורט תנובה מחלב עי,תנובה,IL,יוגורט תנובה מחלב עיזים  140 גרם,גרמים,140.00,100 גרם,false,1,5.90,0.0421,true,1,235613
7290110329273,false,יוגורט תנובה מחלב עי,תנובה,IL,יוגורט תנובה מחלב עיזים   750 גרם,גרמים,750.00,100 גרם,false,1,20.90,0.0279,true,1,235614
7290110329303,false,פרוסות בטעם צהובה קל,תנובה,IL,פרוסות בטעם צהובה קלאסית אלטרנטיב 200 גר,גרמים,200.00,100 גרם,false,1,21.90,0.1095,true,1,236225
7290110329624,false,OLALAיופלה וניל טארט,"תנובה בע""מ",IL,OLALAיופלה וניל טארט טאטן   150 גרם,גרמים,150.00,100 גרם,false,1,4.90,0.0327,true,1,236687
7290110329631,false,OLALAיופלה וניל תות,"תנובה בע""מ",IL,OLALAיופלה וניל תות  150 גרם,גרמים,150.00,100 גרם,false,1,4.90,0.0327,true,1,236686
7290110329662,false,OLALAיופלה וניל קרם,"תנובה בע""מ",IL,OLALAיופלה וניל קרם ברולה  150 גרם,גרמים,150.00,100 גרם,false,1,4.90,0.0327,true,1,236683
7290110329686,false,משקה חלב GO בטעם עוג,תנובה,IL,משקה חלב GO בטעם עוגיות 340 מל,מיליליטרים,340.00,"100 מ""ל",false,1,8.50,0.0250,true,1,236226
7290110329693,false,יוגורטGO סמיך 0% מלב,מיוצר עי קונדיטוריית,IL,יוגורט 200גרםGO סמיך 0% מלבי,גרמים,200.00,100 גרם,false,1,5.90,0.0295,true,1,236227
7290110329716,false,משקה חלב עם קפה קפוצ,"תנובה בע""מ",IL,"משקה חלב עם קפה קפוצינו 230  מ""ל",מיליליטרים,230.00,"100 מ""ל",false,1,7.90,0.0343,true,1,238283
7290110329792,false,סויה אלטרנטיב  ביו א,תנובה,IL,סויה אלטרנטיב  ביו אפרסק150 גרם,גרמים,150.00,100 גרם,false,1,4.50,0.0300,true,1,236711
7290110329808,false,סויה אלטרנטיב  ביו ת,תנובה,IL,סויה אלטרנטיב  ביו תות 150 גרם,גרמים,150.00,100 גרם,false,1,4.90,0.0327,true,1,236710
7290110329815,false,סויה אלטרנטיב  ביו מ,תנובה,IL,סויה אלטרנטיב  ביו מתיקות מעודנת150 גרם,גרמים,150.00,100 גרם,false,1,4.90,0.0327,true,1,236709
7290110329839,false,פרוסות צהובה בטעם זי,תנובה,IL,פרוסות צהובה בטעם זיתים אלטרנטיב  200 גר,גרמים,200.00,100 גרם,false,1,21.90,0.1095,true,1,236229
7290110329846,false,סויה אלטרנטיב  ביו ט,תנובה,IL,סויה אלטרנטיב  ביו טבעי150 גרם,גרמים,150.00,100 גרם,false,1,4.90,0.0327,true,1,236712
7290110329914,false,מאגדת משקה שיבולת שו,תנובה בעמ,IL,מאגדת משקה שיבולת שועל ושקדים ביו אלטרנט,גרמים,600.00,100 גרם,false,6,18.90,0.0315,true,1,236956
7290110472016,false,כבל 2 מטר - TYPE C,,,כבל 2 מטר - TYPE C,יחידה,1.00,יחידה,false,1,39.90,39.9000,true,1,210837
7290110472474,false,מתאם קיר TYPE C,,,מתאם קיר TYPE C,יחידה,1.00,יחידה,false,1,54.90,54.9000,true,1,210677
7290110474256,false,כבל aux iron man,,,כבל aux iron man,יחידה,1.00,יחידה,false,1,49.90,49.9000,true,1,210672
7290110474690,false,כבל USB C  לחיבור LI,,,כבל USB C  לחיבור LIGHTNING מאושר אפל,יחידה,1.00,יחידה,false,1,69.90,69.9000,true,1,210671
7290110550691,false,חטיף פרה ממולדה פטל,מיוצר עי קונדיטוריית,IL,חטיף פרה ממולדה פטל 50 גרם בדצ,גרמים,50.00,100 גרם,false,1,4.50,0.0900,true,1,236116
7290110550707,false,חטיף פרה ממולדה אננס,מיוצר עי קונדיטוריית,IL,חטיף פרה ממולדה אננס 50 גרם בדצ,גרמים,50.00,100 גרם,false,1,4.50,0.0900,true,1,236115
7290110552220,false,דנונה פרו 20 חלבון,"שטראוס בריאות בע""מ",IL,'דנונה פרו 20גר' ללא סוכר תות,גרמים,200.00,100 גרם,false,1,5.90,0.0295,true,1,236793
7290110552237,false,דנונה פרו 20 חלבון,"שטראוס בריאות בע""מ",IL,דנונה פרו 20גר' ללא סוכר אפרסק מנגו,גרמים,200.00,100 גרם,false,1,5.90,0.0295,true,1,236794
7290110552411,false,משקה קפה קר בטעם קרמ,יטבתה,IL,משקה קפה קר בטעם קרמל  230 מל,מיליליטרים,230.00,"100 מ""ל",false,1,7.90,0.0343,true,1,237875
7290110553012,false,קפה פלטינום קלאסיק כ,שטראוס גרופ,IL,"קפה פלטינום קלאסיק כשל""פ וריפיל 250 גרם",גרמים,250.00,100 גרם,false,1,27.90,0.1116,true,1,237726
7290110553029,false,אנרגי פריכיות חלבון,שטראוס,IL,אנרגי פריכיות חלבון קייל חומוס ומלח 60,גרמים,60.00,100 גרם,false,1,10.90,0.1817,true,1,237078
7290110553036,false,אנרגי פריכיות חלבון,שטראוס,IL,אנרגי פריכיות חלבון בטטה סגולה ואפונה 60 גרם,גרמים,60.00,100 גרם,false,1,10.90,0.1817,true,1,237079
7290110553173,false,אנרג`י פריכיות בטעם,שטראוס גרופ,IL,אנרג`י פריכיות בטעם קרמל 40 גרם,מיליליטרים,40.00,"100 מ""ל",false,1,7.90,0.1975,true,1,239066
7290110553180,false,אנרג`י פריכיות בטעם,שטראוס גרופ,IL,אנרג`י פריכיות בטעם תפוח קינמון 40 גרם,מיליליטרים,40.00,"100 מ""ל",false,1,7.90,0.1975,true,1,239067
7290110553210,false,סבבה בוטנים הוט באפל,שטראוס,IL,סבבה בוטנים הוט באפלו ווינגס 50 גרם,גרמים,50.00,100 גרם,false,1,2.90,0.0580,true,1,238893
7290110553272,false,דנונה WOW בטעם קרם ק,שטראוס,IL,דנונה WOW בטעם קרם קפה 150גרם,גרמים,150.00,100 גרם,false,1,4.90,0.0327,true,1,236908
7290110553449,false,מילקי קייק סנאק *6,בווארד טור ד'אלבון,FR,מילקי סנאק 6 יחידות,גרמים,1.00,100 גרם,false,6,14.90,14.9000,true,1,236960
7290110553623,false,ציטוס קראנץ צדר חלפי,שטראוס,IL,ציטוס קראנץ צדר חלפיניו 80 גרם,גרמים,80.00,100 גרם,false,1,4.90,0.0613,true,1,239224
7290110554118,false,נודלס מלזי חריף דל,"טרופיקל דגיל בע""מ אז",IL,נודלס מלזי חריף דלישס 350גרם,גרמים,350.00,100 גרם,false,1,26.90,0.0769,true,1,235857
7290110554477,false,קפסולות לאפוגטו מייפ,שטראוס,IL,קפסולות לאפוגטו מייפל 50 גרם,גרמים,50.00,100 גרם,false,1,16.90,0.3380,true,1,238456
7290110554514,false,קפה טורקי אתיופי 100,שטראוס,IL,קפה טורקי אתיופי 100 גרם,גרמים,100.00,100 גרם,false,1,8.90,0.0890,true,1,238454
7290110554699,false,קפסולות קפה אספרסו ע,שטראוס קפה בי.וי.,IL,קפסולות קפה אספרסו עולה 50 גרם,גרמים,50.00,100 גרם,false,1,16.90,0.3380,true,1,239051
7290110554705,false,קפסולות קפה אספרסו י,שטראוס קפה בי.וי.,IL,קפסולות קפה אספרסו יוניקו 50 גרם,גרמים,50.00,100 גרם,false,1,16.90,0.3380,true,1,239050
7290110555306,false,רבע לשבע טבעוני סינמ,הגביע מוצרי וופלים ב,IL,רבע לשבע טבעוני סינמון באן 125 גרם,גרמים,125.00,100 גרם,false,1,12.90,0.1032,true,1,240119
7290110556242,false,שוקולד פרה מריר 100,"שטראוס גרופ בע""מ.",IL,שוקולד פרה מריר 100 גרם,גרמים,100.00,100 גרם,false,1,5.90,0.0590,true,1,239932
7290110557027,false,חומוס הסדרה 50% טחינ,שטראוס,IL,חומוס הסדרה 50% טחינה 400גרם,גרמים,400.00,100 גרם,false,1,14.90,0.0373,true,1,236343
7290110557102,false,מעדן חלב עם שוקולד פ,מיוצר עי קונדיטוריית,IL,מעדן חלב עם שוקולד פרו 11 חלבון 150גרם,גרמים,150.00,100 גרם,false,1,5.00,0.0333,true,1,235582
7290110557133,false,מעדן הגולן וניל 125,מיוצר עי קונדיטוריית,IL,מעדן הגולן וניל 125 גרם,גרמים,125.00,100 גרם,false,1,3.20,0.0256,true,1,235825
7290110557393,false,מארז מילקי שלוק  איי,"שטראוס גרופ בע""מ",IL,מארז מילקי שלוק  אייס קפה 276 מל,מיליליטרים,276.00,"100 מ""ל",false,1,9.50,0.0344,true,1,238657
7290110557416,false,מילקי טופ לבבות 141ג,שטראוס,IL,מילקי טופ לבבות 141גרם,גרמים,141.00,100 גרם,false,1,4.90,0.0348,true,1,236961
7290110558130,false,אקטיביה עם שיבולת שו,שטראוס,IL,אקטיביה עם שיבולת שועל ודבש 150 גרם,גרמים,150.00,100 גרם,false,1,5.00,0.0333,true,1,238323
7290110558239,false,WOW דנונה קראק פאי 1,"שטראוס בריאות בע""מ",IL,WOW דנונה קראק פאי 150גרם,גרמים,150.00,100 גרם,false,1,4.90,0.0327,true,1,239026
7290110558284,false,דנונה ביו מולטי 200,שטראוס,IL,דנונה ביו מולטי 200 גרם,מיליליטרים,200.00,"100 מ""ל",false,1,4.50,0.0225,true,1,238656
7290110558314,false,דנונה פרו 20 גרםללא,שטראוס,IL,דנונה פרו 20 גרםללא סוכר בטעם פיסטוק,גרמים,200.00,100 גרם,false,1,5.90,0.0295,true,1,238662
7290110558338,false,יוגורט  פרו 25 גר חל,שטראוס,IL,יוגורט  פרו 25 גר חלבון  200 גרם,גרמים,200.00,100 גרם,false,1,5.90,0.0295,true,1,237879
7290110558918,false,עלי חסה קראנץ שטופים,שטראוס בריאות ירקות,IL,עלי חסה קראנץ שטופים 150 ג שטראוס,גרמים,150.00,100 גרם,false,1,12.90,0.0860,true,1,239866
7290110560317,false,פריכיות משולשות- מלח,פרח,IL,פריכיות משולשות- מלח ים,גרמים,30.00,100 גרם,false,1,5.90,0.1967,true,1,205998
7290110560324,false,פריכיות משולשות אפונ,פרח,IL,פריכיות משולשות- אפונה ירוקה,גרמים,30.00,100 גרם,false,1,5.90,0.1967,true,1,205999
7290110560836,false,מילקי בטעם פסק זמן 1,מיוצר עי קונדיטוריית,IL,מילקי בטעם פסק זמן,גרמים,133.00,100 גרם,false,1,3.00,0.0226,true,1,202472
7290110561352,false,יוגורט דנונה דל לקטו,"שטראוס בריאות בע""מ",IL,דנונה דל לקטוז בתוספת סידן,גרמים,200.00,100 גרם,false,1,3.70,0.0185,true,1,202988
7290110563431,false,משקה קפה קר   קלאסי,האי נאם סי או אל.טי.,AT,משקה קפה קר בסגנון קלאסי 1.6%,מיליליטרים,230.00,"100 מ""ל",false,1,7.90,0.0343,true,1,207227
7290110563448,false,משקה קפה קר  מעודן 1,האי נאם סי או אל.טי.,AT,משקה קפה קר בסגנון מעודן 1.6%,מיליליטרים,230.00,"100 מ""ל",false,1,7.90,0.0343,true,1,207228
7290110563462,false,חלב בבקבוק נטול לקטו,מחלבת יטבתה,IL,חלב בבקבוק נטול לקטוז 2%,ליטרים,1.00,ליטר,false,1,8.20,8.2000,true,1,207542
7290110564339,false,חומוס עשיר ב30% טחינ,מיוצר עי קונדיטוריית,IL,חומוס עשיר ב30% טחינה הסדרה המובחרת400,גרמים,400.00,100 גרם,false,1,14.90,0.0373,true,1,201613
7290110564360,false,חומוס עשיר ב40% טחינ,מיוצר עי קונדיטוריית,IL,חומוס עשיר ב40% טחינה הסדרה המובחרת400 d,גרמים,400.00,100 גרם,false,1,14.90,0.0373,true,1,201614
7290110564742,false,משקה קפה קר   חזק 1.,האי נאם סי או אל.טי.,AT,משקה קפה קר בסגנון חזק -חדש,מיליליטרים,230.00,"100 מ""ל",false,1,7.90,0.0343,true,1,207229
7290110565527,false,דנונה פרו 20 גרם חלב,"שטראוס בריאות בע""מ",IL,דנונה פרו 20 גר 1.5% שומן,גרמים,200.00,100 גרם,false,1,5.90,0.0295,true,1,200995
7290110566975,false,דנונה פרו 20גרם תות,"שטראוס בריאות בע""מ",IL,דנונה פרו 20 גר תות 0% שומן,גרמים,200.00,100 גרם,false,1,5.90,0.0295,true,1,202719
7290110568238,false,קצפת צמחית 21%  250,,IL,קצפת צמחית 21%,גרמים,250.00,100 גרם,false,1,8.50,0.0340,true,1,204360
7290110568276,false,משקה יטבתה פרו וניל,,IL,משקה וניל עם חלבון חלב 350 מיל,מיליליטרים,350.00,"100 מ""ל",false,1,6.50,0.0186,true,1,204018
7290110568498,false,קונפיטורת תות במתיקו,"אינסטנטה בע""מ",FR,קונפיטורת תות במתיקות מעודנת 265 גרם,גרמים,265.00,100 גרם,false,1,14.90,0.0562,true,1,207839
7290110571382,false,מעדן חלב בטעם וניל פ,"שטראוס בריאות בע""מ",IL,מעדן חלב בטעם וניל מועשר בחלבון,גרמים,150.00,100 גרם,false,1,5.00,0.0333,true,1,237883
7290110576318,false,מארז שלישיית שוקולד,שטראוס,IL,מארז שלישיית אגוז לבן 3*100 גרם,גרמים,300.00,100 גרם,false,3,27.90,0.0930,true,1,240161
7290110576356,false,ספלנדיד שוקולד מריר,קימ'ס גריפלנן,BE,ספלנדיד שוקולד מריר פרו 64%,גרמים,100.00,100 גרם,false,1,8.90,0.0890,true,1,240287
7290110576363,false,ספלנדיד שוקולד מריר,קימ'ס גריפלנן,BE,ספלנדיד שוקולד מריר אוגנדה 80%,גרמים,100.00,100 גרם,false,1,8.90,0.0890,true,1,240286
7290110576370,false,מארז שלישיית שוקולד,שטראוס,IL,מארז שלישיית שוקולד  אגוז מריר 100 גרם,גרמים,300.00,100 גרם,false,3,27.90,0.0930,true,1,240162
7290110576387,false,מארז שלישיית שוקולד,שטראוס,IL,מארז שלישיית שוקולד אגוז חלב 100 גרם,גרמים,300.00,100 גרם,false,3,27.90,0.0930,true,1,240160
7290110576752,false,ספלנדיד מריר 70% 100,קימ'ס גריפלנן,BE,ספלנדיד מריר 70% 100 גרם,גרמים,100.00,100 גרם,false,1,9.90,0.0990,true,1,240539
7290110576776,false,ספלנדיד מריר 85% 100,קימ'ס גריפלנן,BE,ספלנדיד מריר 85% 100 גרם,גרמים,100.00,100 גרם,false,1,9.90,0.0990,true,1,240540
7290110576868,false,גמדים רביעיית סלט פי,שטראוס,IL,גמדים רביעיית סלט פירות 400גרם,גרמים,400.00,100 גרם,false,1,11.90,0.0298,true,1,240376
7290110577308,false,מארז  יד מרדכי כל הט,יד מרדכי,IL,מארז  יד מרדכי כל הטוב שבטבע,יחידה,1.00,יחידה,false,1,79.90,79.9000,true,1,239926
7290111342196,false,מגן תחתון  קוטקס נור,קימברלי,VN,מגן תחתון  קוטקס נורמל - 76 יח,לא מנהל יחידת מידה,0.00,לא מנהל יחידת מידה,false,1,24.90,0.0000,true,1,211475
7290111344695,false,נייר טואלט מולט מהדו,קימברלי,IL,נייר טואלט מולט מהדורת חורף 32 יחידות,לא מנהל יחידת מידה,0.00,לא מנהל יחידת מידה,false,1,32.90,0.0000,true,1,236214
7290111344831,false,מגן תחתון קוטקס נורמ,,CN,מגן תחתון קוטקס נורמל 60 יחידות,יחידה,1.00,יחידה,false,1,19.90,19.9000,true,1,236754
7290111344879,false,מגן תחתון קוטקס 2ב1,,CN,מגן תחתון קוטקס 2ב1 44 יחידות,יחידה,1.00,יחידה,false,1,19.90,19.9000,true,1,236755
7290111350665,false,דבש לחיץ 350 גרם,דולפין ספא,IL,קליית גת דבש לחיץ טהור מפרחי בר 350 גרם,גרמים,350.00,100 גרם,false,1,27.90,0.0797,true,1,205831
7290111350672,false,דבש קליית גת  700 גר,דולפין ספא,IL,קליית גת דבש טהור מפרחי בר 700 גרם,גרמים,700.00,100 גרם,false,1,36.90,0.0527,true,1,205832
7290111350726,false,נאצוס הוטפופ מקסיקני,פופז,US,נאצוס הוטפופ מקסיקני 332 גרם,גרמים,332.00,100 גרם,false,1,14.90,0.0449,true,1,207881
7290111533419,false,עוגיות אנגל בוטנים מ,מאפית אנגל,IL,עוגיות אנגל בוטנים מצופה כשלפ 350 גרם,גרמים,350.00,100 גרם,false,1,17.90,0.0511,true,1,211698
7290111564277,false,פיטנס פריכיות 3 דגני,PT,IL,פיטנס פריכיות 3 דגנים דקות 12*120גרם,גרמים,120.00,100 גרם,false,1,10.90,0.0908,true,1,199615
7290111564291,false,פריכיות דקות עם קינו,PT,IL,פיטנס פריכיות דקות עם קינואה 12*120גרם,גרמים,120.00,100 גרם,false,1,10.90,0.0908,true,1,199616
7290111564505,false,קרחון אננס,נגה גלידות,IL,קרחון אננס,גרמים,80.00,100 גרם,false,1,2.90,0.0362,true,1,201205
7290111565502,false,גלידה סנדויץ אוריאו,ג'נרל מילס סאן אדריא,IT,אוראו סנדביץ'אימפלס24*80ג12359343,גרמים,80.00,100 גרם,false,1,10.50,0.1313,true,1,201545
7290111565656,false,במבה נוגט 150 גרם,,IL,במבה נוגט 24*150גרם,גרמים,150.00,100 גרם,false,1,9.90,0.0660,true,1,200343
7290111566066,false,במבה ביסלי בצל מיקס,מיוצר עי קונדיטוריית,IL,במבה ביסלי בצל מיקס 36*80גרם,גרמים,80.00,100 גרם,false,1,5.90,0.0738,true,1,202316
7290111566240,false,שניצל דק טבעול בטעם,כצט,IL,טבעול שניצל דק בטעם צילי חריף 8*564גרם,גרמים,564.00,100 גרם,false,1,32.90,0.0583,true,1,201969
7290111566271,false,חטיפי תירס טבעול 657,כצט,IL,טבעול חטיפי תירס 6*657גרם,גרמים,657.00,100 גרם,false,1,32.90,0.0501,true,1,201957
7290111566318,false,שניצל דק טבעול מן הצ,כצט,IL,טבעול שניצל דק מן הצומח 8*564גרם,גרמים,564.00,100 גרם,false,1,32.90,0.0583,true,1,201970
7290111566332,false,נקניקיות וינר טבעול,טבעול,IL,נקניקיות וינר טבעול צמחוניות 680 גרם,גרמים,680.00,100 גרם,false,1,32.90,0.0484,true,1,201961
7290111566547,false,חזה בגריל טבעול צמחו,כצט,IL,טבעול חזה בגריל צמחוני 6*560גרם,גרמים,560.00,100 גרם,false,1,32.90,0.0587,true,1,201956
7290111566561,false,שניצל ברוקולי טבעול,כצט,IL,טבעול שניצל ברוקולי 99 קלוריות 6*560ג,גרמים,560.00,100 גרם,false,1,31.90,0.0570,true,1,201968
7290111566714,false,טבעול המבורגר צמחוני,טבעול,IL,טבעול המבורגר צמחוני 99,גרמים,600.00,100 גרם,false,1,32.90,0.0548,true,1,201955
7290111566752,false,שניצל תירס טבעול 99,כצט,IL,טבעול שניצל תירס 99 קלוריות 6*693גרם,גרמים,693.00,100 גרם,false,1,32.90,0.0475,true,1,201972
7290111566776,false,נקניקיות קוקטייל טבע,כצט,IL,טבעול נקניקיות קוקטייל צמחוניות6*680גרם,גרמים,680.00,100 גרם,false,1,32.90,0.0484,true,1,201962
7290111568206,false,ביסלי פארטי מיקס 150,פרו מן יו פתרונות אר,IL,ביסלי פארטי מיקס 24*150גרם,גרמים,150.00,100 גרם,false,1,8.90,0.0593,true,1,202753
7290111568312,false,נודלס אסם איטריות בי,פסטה זארה,IT,אסם נודלס אטריות ביצים רחבות מאד 10*400ג,גרמים,400.00,100 גרם,false,1,9.90,0.0248,true,1,232400
7290111930898,false,חטיף פוף כוכבים גריל,מנה,IL,חטיף פוף כוכבים גריל אמריקאי 40 גרם,גרמים,40.00,100 גרם,false,1,3.50,0.0875,true,1,200530
7290111930911,false,חטיף פוף לבבות קלאסי,מנה,IL,מנה חטיף פוף קלאסי לבבות 40 גרם,גרמים,40.00,100 גרם,false,1,3.50,0.0875,true,1,200527
7290111930928,false,חטיף פוף לבבות גריל,מנה,IL,מנה חטיף פוף גריל לבבות 40 גרם,גרמים,40.00,100 גרם,false,1,3.50,0.0875,true,1,200528
7290111932502,false,משחת שיניים אופטיק ו,COLGATE ($) -PALMOLI,PL,"קולגייט אופטיק וויט אקספרט 75 מ""ל",מיליליטרים,75.00,"100 מ""ל",false,1,27.90,0.3720,true,1,205494
7290111933561,false,תערובת ציפוי נאגטס מ,טסט וסנט קו.לטד,TH,תערובת ציפוי נאגטס מסטרשף 250,גרמים,250.00,100 גרם,false,1,7.90,0.0316,true,1,235715
7290111935992,false,איטריות חיטה מאסטר ש,ליהאנג פוד,CN,איטריות חיטה מאסטר שף 350גרם,גרמים,350.00,100 גרם,false,1,8.50,0.0243,true,1,210836
7290111936296,true,פלמוליב ארומה סנסייש,COLGATE ($) -PALMOLI,TR,פלמוליב ארומה סנסיישן מסאז 750,Unknown,0.00,Unknown,false,1,21.90,0.0000,true,1,208363
7290111939143,false,קוקי נייר אפייה עגול,,IL,קוקי נייר אפייה עגול קוטר 28,יחידה,1.00,יחידה,false,1,7.90,7.9000,true,1,211466
7290112002099,false,קולון גל 2.5 ליטר רג,רקיט בנקיזר,IL,ג'ל כביסה קולון קלאסי 2.5 ליטר,ליטרים,2.50,ליטר,false,1,28.90,11.5600,true,1,210880
7290112002112,false,קולון גל 2.5 ליטר ור,רקיט בנקיזר,IL,ג'ל כביסה קולון בניחוח מאסק 2.5 ליטר,ליטרים,2.50,ליטר,false,1,28.90,11.5600,true,1,210879
7290112192882,false,משחת שיניים סנסודיין,יוליניבר,DE,משחת שיניים סנסודיין רגישות וחניכיים מלב,מיליליטרים,75.00,"100 מ""ל",false,1,29.90,0.3987,true,1,214031
7290112330352,false,דנונה פרו 20גרם וניל,"שטראוס בריאות בע""מ",IL,דנונה פרו 20 גר וניל 0% שומן,גרמים,200.00,100 גרם,false,1,5.90,0.0295,true,1,208306
7290112330390,false,דנונה פרו 20גרם פירו,"שטראוס בריאות בע""מ",IL,דנונה פרו 20 גר פירות יער 0% שומן,גרמים,200.00,100 גרם,false,1,5.90,0.0295,true,1,208307
7290112330420,false,דנונה פרו לבן 2.9% ש,מיוצר עי קונדיטוריית,IL,דנונה 2.9% שומן 12 גרם חלבון,גרמים,150.00,100 גרם,false,1,4.80,0.0320,true,1,207020
7290112330970,false,שייק חלבון מי גבינה,,IL,"שייק חלבון מי גבינה עם פירות יער 350 מ""ל",מיליליטרים,350.00,"100 מ""ל",false,1,7.50,0.0214,true,1,207025
7290112332585,false,פרכיות משולשות תפוא,פרח,IL,פריכיות משולשות-סלק,גרמים,30.00,100 גרם,false,1,5.90,0.1967,true,1,208894
7290112332691,false,עוגיית קרם פסק זמן א,תות תעשיות מזון (201,IL,פינוקיות קרם פסק זמן,גרמים,200.00,100 גרם,false,1,11.90,0.0595,true,1,209033
7290112332899,false,בזוקה פופים קלאסי 58,רוג'ר אנד רוג'ר,DE,בזוקה פופים קלאסי 58 ג,גרמים,58.00,100 גרם,false,1,9.90,0.1707,true,1,209035
7290112334749,false,קפה טורקי עלית 200גר,שטראוס קפה בי.וי,IL,עלית טורקי שקית 200 ג 10% תוספת,גרמים,200.00,100 גרם,false,1,15.90,0.0795,true,1,210078
7290112335487,false,פריכיות טעימות קצח ו,פרח תעשיות,IL,פריכיות טעימות קצח ודגנים 135 גרם,גרמים,135.00,100 גרם,false,1,13.90,0.1030,true,1,208301
7290112335500,false,פריכיות טעימות חלבון,פרח,IL,פריכיות טעימות חלבון 19,גרמים,135.00,100 גרם,false,1,13.90,0.1030,true,1,208303
7290112336637,false,סוכריות ללס תות אוכמ,מיישקו,PL,סוכריות ללס יוגורט תות אוכמניות,גרמים,80.00,100 גרם,false,1,8.90,0.1113,true,1,211358
7290112336644,false,סוכריות ללס לימון 80,פלזנסקי,PL,סוכריות ללס לימון 80 ג חדש,גרמים,80.00,100 גרם,false,1,8.90,0.1113,true,1,211359
7290112336651,false,סוכריות ללס ריבת חלב,פלזנסקי,PL,סוכריות ללס ריבת חלב 80 ג חדש,גרמים,80.00,100 גרם,false,1,8.90,0.1113,true,1,211360
7290112336712,false,דנונה פרו 21   0%  2,"שטראוס בריאות בע""מ",IL,דנונה פרו 21 גר 0% שומן,גרמים,200.00,100 גרם,false,1,5.90,0.0295,true,1,207549
7290112337474,false,סוכריות ללס פטל לימו,פלזנסקי,PL,סוכריות ללס פטל לימון  80 גר,גרמים,80.00,100 גרם,false,1,8.90,0.1113,true,1,211361
7290112337481,false,סוכריות ללס קפוצינו,פלזנסקי,PL,סוכריות ללס קפוצ'ינו 80 גר' אריזה חדשה,גרמים,80.00,100 גרם,false,1,8.90,0.1113,true,1,211362
7290112339294,false,אקטיביה עם ציה ואפרס,"שטראוס בריאות בע""מ",IL,אקטיביה עם צ'יה ואפרסק,גרמים,150.00,100 גרם,false,1,4.90,0.0327,true,1,210370
7290112339867,true,גמדים סקוויז  תות 10,שטראוס,IL,גמדים סקוויז  תות 100 גרם,גרמים,100.00,100 גרם,false,1,5.70,0.0570,true,1,213170
7290112339874,true,גמדים סקוויז תות בננ,שטראוס,IL,גמדים סקוויז תות בננה 100,גרמים,100.00,100 גרם,false,1,5.70,0.0570,true,1,213171
7290112340122,false,פריכיות טעימות 3 דגנ,פרח תעשיות,IL,פריכיות טעימות 3 דגנים 135 גרם,גרמים,135.00,100 גרם,false,1,13.90,0.1030,true,1,208304
7290112340245,false,מסטיק מאסט צנצנת דוב,"שטראוס גרופ בע""מ",IL,צנצנת MUST דובדבן 66 גר,גרמים,66.00,100 גרם,false,1,9.90,0.1500,true,1,207906
7290112340252,false,מסטיק מאסט צנצנת אבט,"שטראוס גרופ בע""מ",IL,מסטיק מאסט צנצנת אבטיח מלון 66 גרם,גרמים,66.00,100 גרם,false,1,9.90,0.1500,true,1,207905
7290112340276,false,עוגיית קרם קפה נמס,הגביע מוצרי ופלים בע,IL,פינוקיות קרם קפה נמס,גרמים,200.00,100 גרם,false,1,11.90,0.0595,true,1,209042
7290112340900,false,קפה טורקי האג 200 גר,הנסיך- מפעל לייצור ט,IL,קפה טורקי האג 200 גרם,גרמים,200.00,100 גרם,false,1,29.90,0.1495,true,1,232045
7290112341006,false,מארז מילקי קצפת כפיו,"שטראוס גרופ בע""מ",IL,מארז מילקי קצפת + כפיות,גרמים,172.00,100 גרם,false,1,8.60,0.0500,true,1,208159
7290112341679,false,אקטיביה  3% 200גרם,מיוצר עי קונדיטוריית,IL,אקטיביה  3% 200ג',גרמים,200.00,100 גרם,false,1,4.20,0.0210,true,1,210372
7290112342102,false,גבינת סימפוניה בצל מ,"שטראוס בריאות בע""מ",IL,סימפוניה בצל מקורמל,גרמים,200.00,100 גרם,false,1,11.90,0.0595,true,1,211409
7290112343420,false,יטבתה פרו ארוחת בוקר,,IL,"יטבתה פרו ארוחת בוקר 350 מל לל""ג",מיליליטרים,350.00,"100 מ""ל",false,1,7.40,0.0211,true,1,210898
7290112343499,false,ציטוס פאף 55 גרם,"שטראוס פריטו ליי בע""",IL,צ'יטוס PUFFS בטעם גבינה 55 ג 48 יח,גרמים,55.00,100 גרם,false,1,4.90,0.0891,true,1,235764
7290112343512,false,ציטוס פאף 160 גרם,הנסיך- מפעל לייצור ט,IL,צ'יטוס PUFFS בטעם גבינה 160 ג 9 יח,גרמים,160.00,100 גרם,false,1,9.90,0.0619,true,1,235765
7290112344724,false,מילקי בטעם שוקולד בל,שטראוס,IL,מילקי בטעם שוקולד בלונדי  170גרם,גרמים,170.00,100 גרם,false,1,3.50,0.0206,true,1,210893
7290112344786,false,קפה פלטינום קלאסיק 2,הנסיך- מפעל לייצור ט,IL,קפה פלטינום קלאסיק 200 גרם,גרמים,200.00,100 גרם,false,1,27.90,0.1395,true,1,215772
7290112344953,false,גבינת סימפוניה חציל,"שטראוס בריאות בע""מ",IL,סימפוניה חציל קלוי,גרמים,200.00,100 גרם,false,1,11.90,0.0595,true,1,214272
7290112346360,false,בפלות אחת אחת בציפוי,"אינסטנטה בע""מ",GR,בפלות אחת אחת בציפוי שוקולד חלב,גרמים,180.00,100 גרם,false,1,15.90,0.0883,true,1,211366
7290112346797,false,אקטיביה שיבולת שועל,מיוצר עי קונדיטוריית,IL,אקטיביה עם שיבולת שועל ושזיף,Unknown,0.00,Unknown,false,1,4.90,0.0000,true,1,231267
7290112347008,false,גמדים ארוחת בוקר תות,מיוצר עי קונדיטוריית,IL,גמדים ארוחת בוקר תות סקוויז,גרמים,100.00,100 גרם,false,1,5.70,0.0570,true,1,210888
7290112347725,false,קפה קר BeanZ עם קצת,קריניציה ויטמינה אס,PL,קולד ברו עם קצת מתיקות BEANZ,מיליליטרים,250.00,"100 מ""ל",false,1,9.90,0.0396,true,1,215895
7290112348999,false,פריכיות טעימות תירס,פרח,IL,פריכיות טעימות תירס דקות 135 ג,גרמים,135.00,100 גרם,false,1,13.90,0.1030,true,1,214831
7290112349316,false,בזוקה ביג פופים בטעם,רוג'ר אנד רוג'ר,DE,בזוקה ביג פופים בטעם תות 86 גר,גרמים,86.00,100 גרם,false,1,15.90,0.1849,true,1,231308
7290112349606,false,דניאלה תות בננה88גרם,"שטראוס בריאות בע""מ",IL,דניאלה תות בננה,גרמים,88.00,100 גרם,false,1,4.40,0.0500,true,1,236797
7290112349675,false,גמדים ארוחת בוקר וני,מיוצר עי קונדיטוריית,IL,גמדים ארוחת בוקר וניל סקוויז,גרמים,100.00,100 גרם,false,1,5.70,0.0570,true,1,210889
7290112349699,false,פסאטה מחית עגבניות ח,"אינסטנטה בע""מ",IT,פסאטה מחית עגבניות חלקה  יד מרדכי 350 גר,גרמים,350.00,100 גרם,false,1,12.90,0.0369,true,1,211562
7290112349705,false,רוטב עגבניות קלאסי פ,"אינסטנטה בע""מ",IT,רוטב עגבניות קלאסי פומודורו יד מרדכי350ג,גרמים,350.00,100 גרם,false,1,12.90,0.0369,true,1,211560
7290112349736,false,רוטב עגבניות לפסטה ב,אמיליאנה קונסרב סוסי,IT,רוטב עגבניות לפסטה בזיליקום יד מרדכי350ג,גרמים,350.00,100 גרם,false,1,12.90,0.0369,true,1,211561
7290112349750,false,רוטב עגבניות לפיצה 3,יד מרדכי,IL,רוטב עגבניות לפיצה 350 גרם,גרמים,350.00,100 גרם,false,1,12.90,0.0369,true,1,236079
7290112349897,false,מאסט קוביות מנטה  86,רוג'ר אנד רוג'ר,DE,מאסט קוביות מנטה  86 ג וועסטהיים,גרמים,86.00,100 גרם,false,1,15.90,0.1849,true,1,231310
7290112350312,false,קפסולות אספרסו 15 שט,הנסיך- מפעל לייצור ט,IL,קפסולות 15 למכונות NESPRESSO,גרמים,50.00,100 גרם,false,1,16.90,0.3380,true,1,213117
7290112352699,false,חבילת שי פורים חיות,שטראוס,IL,חבילת שי פורים חיות מחופשות 117 גרם,גרמים,117.00,100 גרם,false,1,9.90,0.0846,true,1,214974
7290112353412,false,פריכיות משולשות-תפוא,פרח,IL,"פריכיות משולשות-תפוא,תירס,אפונה,סלק ומלח",גרמים,30.00,100 גרם,false,1,5.90,0.1967,true,1,213207
7290112354174,false,פסטה רוזה דלישס 280ג,"טרופיקל דגיל בע""מ אז",IT,פסטה רוזה דלישס 280גרם,גרמים,280.00,100 גרם,false,1,24.90,0.0889,true,1,235858
7290112354204,false,ספגטי עגבניות  דלישס,"טרופיקל דגיל בע""מ אז",IT,ספגטי עגבניות  דלישס 280 גרם,גרמים,280.00,100 גרם,false,1,24.90,0.0889,true,1,235860
7290112354211,false,פיצה מרגריטה  דלישס,סקרלינפיצה אס. אר. א,IT,פיצה מרגריטה  דלישס 400 גרם,גרמים,400.00,100 גרם,false,1,26.90,0.0672,true,1,235861
7290112354235,false,ברקטה פיצה דלישס 300,סקרלינפיצה אס. אר. א,IT,ברקטה פיצה דלישס 300 גרם,גרמים,300.00,100 גרם,false,1,26.90,0.0897,true,1,235862
7290112354747,false,דנונה בר בננה עם קור,"שטראוס בריאות בע""מ",IL,דנונה בר בננה עם קורנפלקס,גרמים,172.00,100 גרם,false,1,4.80,0.0279,true,1,213865
7290112355027,false,דנונה פרו20 גרם חלבו,"שטראוס בריאות בע""מ",IL,דנונה פרו 20 גרם בטעם קרמל מלוח,גרמים,200.00,100 גרם,false,1,5.90,0.0295,true,1,214764
7290112355102,false,גמדים פאוץ סלט פירות,"שטראוס בריאות בע""מ",IL,סקוויז גמדים לדרך סלט פירות 100 גרם,גרמים,100.00,100 גרם,false,1,5.70,0.0570,true,1,214857
7290112355317,false,רביולי במילוי רוטב פ,"שטראוס גרופ בע""מ",IL,רביולי בטעם פיצה 400 גרם,גרמים,400.00,100 גרם,false,1,19.90,0.0497,true,1,233955
7290112355720,false,דנונה WOW קרמל מלוח,"שטראוס בריאות בע""מ",IL,דנונה WOW קרמל מלוח,גרמים,150.00,100 גרם,false,1,4.90,0.0327,true,1,214856
7290112355775,false,גבינת סימפוניה עירית,שטראוס,IL,גבינת סימפוניה עירית 200 גרם,גרמים,200.00,100 גרם,false,1,11.90,0.0595,true,1,239028
7290112355812,false,מילקי טופ קורנפלקס מ,שטראוס,IL,מילקי טופ קורנפלקס מעורב,גרמים,141.00,100 גרם,false,1,4.90,0.0348,true,1,238544
7290112356536,false,קקאו 150גרם + 10%,הנסיך- מפעל לייצור ט,IL,קקאו 150גרם + 10%,גרמים,150.00,100 גרם,false,1,11.80,0.0787,true,1,212852
7290112357106,false,שעועית אדומה 380טעם,קונסרברס,IT,שעועית אדומה 380טעם הטבע,גרמים,380.00,100 גרם,false,1,7.90,0.0208,true,1,231538
7290112358004,false,פסק זמן קראנץ 32גרם,המאפיה של הרמן,TR,פסק זמן קראנץ' 32 גר,גרמים,32.00,100 גרם,false,1,5.90,0.1844,true,1,214470
7290112358219,false,רוטב צילי מתוק 300 ג,אף.סי תבליני בגליל ב,IL,רוטב צילי מתוק 300 גר יד מרדכי,גרמים,300.00,100 גרם,false,1,14.90,0.0497,true,1,213033
7290112358431,false,עד חצות דאבל 200 גרם,הדקלאים אגודת שיתופי,FR,עד חצות דאבל 200 גרם,גרמים,200.00,100 גרם,false,1,14.90,0.0745,true,1,233616
7290112490032,true,מרק נמס בכוס תירס 43,יוניליוור ישראל מזון,IL,קנור נמס בכוס מרק תירס 45 גרם,גרמים,43.00,100 גרם,false,1,7.50,0.1744,true,1,205311
7290112490117,false,קליק טבלאות וופל ואג,יוניליוור ישראל מזון,IL,קליק  שוקולד חלב עם וופל ואגוזים 85 גרם,גרמים,85.00,100 גרם,false,1,6.70,0.0788,true,1,202877
7290112490209,true,נמס בכוס עגבניות קרו,יוניליוור ישראל מזון,IL,נמס בכוס עגבניות קרוטונים ר.טבעי 64 גרם,גרמים,64.00,100 גרם,false,1,7.50,0.1172,true,1,205314
7290112490230,true,נמס בכוס אפונה ר.טבע,יוניליוור ישראל מזון,IL,נמס בכוס מרק אפונה - 100% רכיבים טבעיים,גרמים,50.00,100 גרם,false,1,7.50,0.1500,true,1,205315
7290112490711,true,נמס בכוס פטריות ר.טב,יוניליוור ישראל מזון,IL,נמס בכוס מרק פטריות - 100% רכיבים טבעיים,גרמים,48.00,100 גרם,false,1,7.50,0.1563,true,1,205316
7290112490735,true,מרק עשיר עגבניות עם,יוניליוור ישראל מזון,IL,מרק עשיר עגבניות עם פסטה – 100% רכיבים ט,גרמים,105.00,100 גרם,false,1,12.90,0.1229,true,1,205317
7290112490742,true,מרק עשיר פטריות עם ג,יוניליוור ישראל מזון,IL,מרק עשיר פטריות עם גריסים – 100% רכיבים,גרמים,104.00,100 גרם,false,1,12.90,0.1240,true,1,205318
7290112490759,true,מרק עשיר עוף עם אטרי,יוניליוור ישראל מזון,IL,מרק עשיר עוף עם אטריות – 100% רכיבים טבע,גרמים,74.00,100 גרם,false,1,12.90,0.1743,true,1,205319
7290112491527,true,קנור רוטב טריאקי שומ,יוניליוור ישראל מזון,IL,קנור  רוטב טריאקי שומשום 310 גרם,גרמים,310.00,100 גרם,false,1,13.90,0.0448,true,1,205935
7290112492456,false,פינוק שמפו לשיער יבש,יוניליוור ישראל טיפו,IL,PINUK שמפו 2IN1 700 ML,מיליליטרים,700.00,"100 מ""ל",false,1,12.90,0.0184,true,1,212212
7290112492463,false,פינוק שמפו ומרכך 2ב1,יוניליוור ישראל טיפו,IL,PINUK שמפו 2IN1 700 ML,מיליליטרים,700.00,"100 מ""ל",false,1,12.90,0.0184,true,1,212213
7290112492531,true,פינוק מרכך שיער רגיל,יוניליוור ישראל טיפו,IL,PINUK מרכך 700 ML,מיליליטרים,700.00,"100 מ""ל",false,1,12.90,0.0184,true,1,211108
7290112492548,true,פינוק מרכך שיער יבש,יוניליוור ישראל טיפו,IL,PINUK מרכך שיער 700 ML,מיליליטרים,700.00,"100 מ""ל",false,1,12.90,0.0184,true,1,211109
7290112492593,true,פינוק תחליב רחצה בני,יוניליוור ישראל טיפו,IL,PINUK סבון נוזלי 700 ML,גרמים,700.00,100 גרם,false,1,12.90,0.0184,true,1,211111
7290112492609,true,פינוק תחליב רחצה לבנ,יוניליוור ישראל טיפו,IL,PINUK סבון נוזלי 700 ML,מיליליטרים,700.00,"100 מ""ל",false,1,12.90,0.0184,true,1,211112
7290112492630,true,פינוק שמפו 3 ב-1 לגב,יוניליוור ישראל טיפו,IL,PINUK סבון נוזלי 700 ML,מיליליטרים,700.00,"100 מ""ל",false,1,12.90,0.0184,true,1,211114
7290112492944,false,קנור מרק עוף אמיתי כ,יוניליוור ישראל מזון,IL,קנור מרק עוף כשר לפסח 400 גרם,גרמים,400.00,100 גרם,false,1,22.90,0.0572,true,1,211343
7290112492999,false,קנור מרק טעם עוף 400,יוניליוור ישראל מזון,IL,קנור מרק טעם עוף 400 גרם,גרמים,400.00,100 גרם,false,1,17.50,0.0438,true,1,211082
7290112493071,true,מרק היום עדשים כתומו,יוניליוור ישראל מזון,IL,מרק היום עדשים כתומות  קנור 85 גרם  100%,Unknown,0.00,Unknown,false,1,12.90,0.0000,true,1,210040
7290112493088,true,קנור מרק נמס בכוס עד,יוניליוור ישראל מזון,IL,קנור מרק נמס בכוס עדשים   50 גרם- 100% ר,Unknown,0.00,Unknown,false,1,7.50,0.0000,true,1,210041
7290112493095,true,קנור מרק נמס בכוס עג,יוניליוור ישראל מזון,IL,קנור מרק נמס בכוס עגבניות חריף  48 גרם -,גרמים,48.00,100 גרם,false,1,7.50,0.1563,true,1,210042
7290112493293,true,קנור מרק נמס בכוס יר,יוניליוור ישראל מזון,IL,קנור מרק נמס בכוס ירקות 44גרם - 100% רכי,גרמים,44.00,100 גרם,false,1,7.50,0.1705,true,1,210043
7290112493316,true,מרק היום אפונה קנור,יוניליוור ישראל מזון,IL,מרק היום אפונה קנור  117גרם  100% רכיבים,גרמים,117.00,100 גרם,false,1,12.90,0.1103,true,1,210044
7290112493903,false,ננסים בדצ מעדן קפוא,,IL,"מאגדת ננסים בטעמים תות, לימון, קולה ומשמש",גרמים,87.00,100 גרם,false,1,10.90,0.1253,true,1,209980
7290112493934,false,גלידה קרמיסימו וניל,,IL,גלידה קרמיסימו וניל צרפתי 1.33 ליטר,ליטרים,1.33,ליטר,false,1,26.90,20.2256,true,1,211303
7290112494238,false,קליק שקית  כדורים חל,יוניליוור ישראל מזון,IL,קליק  קליק כדורים 65 גרם,גרמים,65.00,100 גרם,false,1,7.90,0.1215,true,1,210520
7290112494276,false,קליק שקית  כריות 65,יוניליוור ישראל מזון,IL,קליק  קליק כריות 65 גרם,גרמים,65.00,100 גרם,false,1,7.90,0.1215,true,1,210521
7290112494283,false,קליק שקית  מעורב חום,יוניליוור ישראל מזון,IL,קליק   חום לבן 65 גרם,גרמים,65.00,100 גרם,false,1,7.90,0.1215,true,1,210519
7290112494344,false,קורנפלקס תלמה 850  ג,יוניליוור שפע ישראל,IL,תלמה קורנפלקס של אלופים דגני בוקר 850 גרם,גרמים,850.00,100 גרם,false,1,21.90,0.0258,true,1,211724
7290112494351,false,קורנפלקס תלמה 850 גר,יוניליוור שפע ישראל,IL,תלמה  קורנפלקס של אלופים 850 גרם,גרמים,850.00,100 גרם,false,1,21.90,0.0258,true,1,211725
7290112494382,false,קנור פירה ביתי 260 ג,יוניליוור ישראל מזון,IL,פירה בטעם ביתי מוכן ברגע קנור,גרמים,260.00,100 גרם,false,1,14.90,0.0573,true,1,210935
7290112494610,false,קנור רוטב עגבניות פי,קונסורזיו קאסאלאסקו,IT,KNORR רטבים לפסטה 415 GR,גרמים,415.00,100 גרם,false,1,14.90,0.0359,true,1,210835
7290112494801,false,בדין גל לכביסה לבנה,זוהר דליה,IL,בדין גל לכביסה לבנה וצבעונית בניחוח בדי,ליטרים,2.50,ליטר,false,1,27.90,11.1600,true,1,210565
7290112495006,false,כריות נוגט 686 גרם,יוניליוור שפע ישראל,IL,תלמה דגני בוקר כריות נוגט 686 גרם,גרמים,686.00,100 גרם,false,1,29.90,0.0436,true,1,210538
7290112495105,false,נשנושים חטיף אפוי בט,בייגל את בייגל מזון,IL,נשנושים חטיף אפוי בטעם שמנת בצל 260 גרם,גרמים,260.00,100 גרם,false,1,14.90,0.0573,true,1,210631
7290112495167,false,נשנושי קרקר משולשי ש,בייגל את בייגל מזון,IL,נשנושי קרקר משולשי שומשום 300 גרם,גרמים,300.00,100 גרם,false,1,15.50,0.0517,true,1,210627
7290112495228,false,קורנפלקס בנגיעות דבש,יוניליוור שפע ישראל,IL,תלמה קורנפלקס דבש 448 גרם,גרמים,448.00,100 גרם,false,1,18.90,0.0422,true,1,210542
7290112495488,false,קורנפלקס פתיתי תירס,"מולינו ניקולי S.p.A,",IT,תלמה קורנפלקס ללא גלוטן 500 גרם,גרמים,500.00,100 גרם,false,1,22.90,0.0458,true,1,215734
7290112495754,false,הלמנס אלף האיים  305,יוניליוור ישראל מזון,IL,הלמנ'ס רוטב אלף האיים 305 גרם,גרמים,305.00,100 גרם,false,1,12.90,0.0423,true,1,211318
7290112495785,false,הלמנס רוטב שום 300 ג,יוניליוור ישראל מזון,IL,הלמנ'ס רוטב שום 300 גרם,גרמים,300.00,100 גרם,false,1,12.90,0.0430,true,1,211320
7290112495921,false,קנור מרק דגש בטעם עו,יוניליוור ישראל מזון,IL,קנור מרק דגש בטעם עוף כשר לפסח 1 קג,קילוגרמים,1.00,"ק""ג",false,1,19.70,19.7000,true,1,211347
7290112496065,false,פתית תירס קרקר פריך,אקסטרודו בשיצ'ה S.R.,CZ,Patit תירס 200 GR,גרמים,200.00,100 גרם,false,1,19.90,0.0995,true,1,211551
7290112496430,false,נמס בכוס אקסטרה מרק,יוניליוור ישראל מזון,IL,נמס בכוס אקסטרה מרק עגבניות 37 גרם,גרמים,37.00,100 גרם,false,1,4.50,0.1216,true,1,235939
7290112496447,false,נמס בכוס טעם עוף אקס,יוניליוור ישראל מזון,IL,קנור נמס בכוס אקסטרה מרק טעם עוף עם אטריות 27 גרם,גרמים,27.00,100 גרם,false,1,4.50,0.1667,true,1,235940
7290112496461,false,נמס בכוס אקסטרה ירקו,יוניליוור ישראל מזון,IL,נמס בכוס מרק אקסטרה ירקות עם המון אטריות,גרמים,32.00,100 גרם,false,1,4.50,0.1406,true,1,235994
7290112497000,false,סיף פנטסטיק ניקוי כל,"זוהר דליה, קיבוץ דלי",IL,סיף פנטסטיק ניקוי כללי בניחוח לימון 1 ליטר,ליטרים,1.00,ליטר,false,1,13.90,13.9000,true,1,212198
7290112497123,false,סחלב להכנה 2 שקיות ב,יוניליוור ישראל מזון,IL,קנור סחלב 112 גרם,גרמים,112.00,100 גרם,false,1,12.90,0.1152,true,1,214611
7290112498267,false,פינוק אל סבון לידיים,קוסטר אירוסול ולף סנ,IL,פינוק  אל סבון לידיים בניחוח פינוק קלאסי 950 מל,מיליליטרים,950.00,"100 מ""ל",false,1,12.90,0.0136,true,1,235763
7290112498649,false,פיינט פסק זמן קוקוס,"גלידת שטראוס בע""מ",IL,שטראוס גלידת פסק זמן קוקוס 520 מל,מיליליטרים,520.00,"100 מ""ל",false,1,23.90,0.0460,true,1,213072
7290112498786,false,מגנום קריספי קר.בננה,יוניליוור,IL,מגנום שלגון מגנום קריספי קרמל בננה 76 גרם,גרמים,76.00,100 גרם,false,1,10.90,0.1434,true,1,215018
7290112498885,false,מאגד גודיז תותים ושו,"גלידת שטראוס בע""מ, ר",IL,מאגד גודיז תותים ושוקלד לבן 235גרם,גרמים,235.00,100 גרם,false,1,26.90,0.1145,true,1,215849
7290112498915,false,מאגדת מגנום שוקולד ש,"מיוצר ע""י גלידת שטרא",IL,מגנום מאגדת מיני מגנום שקדים מובחרים 5 יחידות,גרמים,250.00,100 גרם,false,1,32.90,0.1316,true,1,233876
7290112498922,false,מאגדת מגנום שוקולד ל,"מיוצר ע""י גלידת שטרא",IL,מגנום מאגדת מיני מגנום לבן 5 יחידות,גרמים,250.00,100 גרם,false,1,32.90,0.1316,true,1,233877
7290112498939,false,בומבה 84גרם,"מיוצר ע""י גלידת שטרא",IL,שטראוס שלגון בומבה בטעם וניל 80 גרם,גרמים,84.00,100 גרם,false,1,9.90,0.1179,true,1,215518
7290112498946,false,ארטיק ילדים קשת בענן,שטראוס גרופ גלידות,IL,ארטיק ילדים קשת בענן 47גרם,גרמים,47.00,100 גרם,false,1,6.90,0.1468,true,1,237085
7290112499080,false,גלידת שרבט עם קוקוס,"מיוצר ע""י גלידת שטרא",IL,גלידת שרבט עם קוקוס 65גרם,גרמים,65.00,100 גרם,false,1,10.90,0.1677,true,1,237084
7290112499097,false,מאגדת מיני מגנום מרי,"מיוצר ע""י גלידת שטרא",IL,מגנום  מאגדת מיני מגנום מריר 5 יחידות,גרמים,240.00,100 גרם,false,1,32.90,0.1371,true,1,237086
7290112499103,false,קורנטו קליק וניל עוג,שטראוס גרופ גלידות,IL,קורנטו קליק וניל עוגיות 72 גרם,גרמים,72.00,100 גרם,false,1,9.90,0.1375,true,1,237712
7290112499110,false,קורנטו קליק שוקולד ח,שטראוס גרופ גלידות,IL,קורנטו קליק שוקולד חזק 72 גרם,גרמים,72.00,100 גרם,false,1,9.90,0.1375,true,1,237713
7290112499127,false,שלגון שמנת בטעם וניל,"מיוצר ע""י גלידת שטרא",IL,מגנום  שלגון גלידה שוקולד לבן ותות 77 גרם,גרמים,77.00,100 גרם,false,1,11.90,0.1545,true,1,237083
7290112499219,false,גודיז פיסטוק ושוקולד,"גלידת שטראוס בע""מ, ר",IL,גודיז  מאגדת גלידה בטעמי פיסטוק ושוקולד 5 יחידות,גרמים,235.00,100 גרם,false,1,26.90,0.1145,true,1,237714
7290112499226,false,גלידונית כמה כמה בטע,שטראוס גרופ גלידות,IL,גלידונית כמה כמה בטעמי פיסטוק ובננה 950,מיליליטרים,950.00,"100 מ""ל",false,1,41.90,0.0441,true,1,240465
7290112499448,false,מרכך לשיער שמן מרוקא,יוניליוור ישראל טיפו,IL,פינוק מרכך בתוספת שמן מרוקאי 700 מל,מיליליטרים,700.00,"100 מ""ל",false,1,12.90,0.0184,true,1,234140
7290112499639,false,טילון סופר מגנום וני,"מיוצר ע""י גלידת שטרא",IL,קורנטו מגנום טילון וניל צ'יפ שוקולד 110 גרם,גרמים,110.00,100 גרם,false,1,10.90,0.0991,true,1,211315
7290112499677,false,מגנום שוקולד לבן 85,"מיוצר ע""י גלידת שטרא",IL,מגנום  שלגון שוקולד לבן 85 גרם,גרמים,85.00,100 גרם,false,1,11.90,0.1400,true,1,211309
7290112499738,false,שלגון מלון 90 גרם,"מיוצר ע""י גלידת שטרא",IL,מקס  שלגון מלון  90 גרם,גרמים,90.00,100 גרם,false,1,6.90,0.0767,true,1,211369
7290112499776,false,מאגדת גודיז שלגון אי,"גלידת שטראוס בע""מ",IL,GOODIZ חבילות בית 350 ML,גרמים,297.00,100 גרם,false,1,26.90,0.0906,true,1,212009
7290112499813,false,אסקימו אבטיח75 גרם,"גלידת שטראוס בע""מ, ר",IL,אסקימו אבטיח75 גרם,גרמים,75.00,100 גרם,false,1,2.90,0.0387,true,1,212014
7290112499837,false,מגנום דואט שוקולד עם,"גלידות שטראוס בע""מ,",IL,Magnum יחידתיות 134 ML,גרמים,90.00,100 גרם,false,1,11.90,0.1322,true,1,211310
7290112499851,false,מגנום חטיף בטעם בראו,"גלידת שטראוס בע""מ, ר",IL,Magnum יחידתיות 80 ML,גרמים,58.00,100 גרם,false,1,9.90,0.1707,true,1,212582
7290112499905,false,קורנטו קליק מרשמלו 7,"מיוצר ע""י גלידת שטרא",IL,קורנטו טילון קורנטו קליק בטעם מרשמלו 72 גרם,גרמים,72.00,100 גרם,false,1,9.90,0.1375,true,1,212583
7290112499929,false,מגנום שוקולד 85 גרם,"מיוצר ע""י גלידת שטרא",IL,מגנום  שלגון מגנום שוקולד 85 גרם,גרמים,85.00,100 גרם,false,1,11.90,0.1400,true,1,211311
7290112499936,false,מגנום שקדים 85 גרם,"מיוצר ע""י גלידת שטרא",IL,מגנום  שלגון מגנום שקדים 85 גרם,גרמים,85.00,100 גרם,false,1,11.90,0.1400,true,1,211312
7290112499943,false,מיני מגנום קלאסיק שו,"גלידות שטראוס בע""מ,",IL,מיני מגנום קלאסיק שוקולד  250 גרם,גרמים,250.00,100 גרם,false,1,32.90,0.1316,true,1,211307
7290112960856,false,טילון אקסטרים מטבע ש,שוורצקוף& הנקל דיסלד,IL,נסטל.אקסטרים ליבת ריבת חלב ומטבע 18*115ג,גרמים,128.00,100 גרם,false,1,10.50,0.0820,true,1,207312
7290112961181,false,נודלס אטריות אסם אור,מיוצר עי קונדיטוריית,TH,אסם נודלס אטריות אורז דקיקות כלפ 16*300ג,גרמים,300.00,100 גרם,false,1,9.90,0.0330,true,1,206220
7290112961266,false,אסם בייגלה כפיות פיז,,IL,אסם בייגלה כפיות פיזור איטלקי 12*300גרם,גרמים,300.00,100 גרם,false,1,11.90,0.0397,true,1,208733
7290112961327,false,אסם בייגלה כפיות פיז,,IL,אסם בייגלה כפיות פיזור כפרי 12*300גרם,גרמים,300.00,100 גרם,false,1,11.90,0.0397,true,1,208734
7290112961372,false,פיטנס חטיפי פריכיות,"פרח תעשיות מזון בע""מ",IL,פיטנס חטיפי פריכיות דקות קינמון12*60ג,גרמים,60.00,100 גרם,false,1,8.90,0.1483,true,1,206692
7290112962003,false,שלגון בשומן צמחי טעם,שוורצקוף& הנקל דיסלד,IL,קראנץ וניל עוגיות 28*90גרם,לא מנהל יחידת מידה,0.00,לא מנהל יחידת מידה,false,1,10.50,0.0000,true,1,206793
7290112962324,false,טבעול שניצל כרובית 9,טבעול תעשיות מזון בע,IL,טבעול שניצל כרובית 99 קלוריות 500 גרם,גרמים,500.00,100 גרם,false,1,32.90,0.0658,true,1,209254
7290112962751,false,אוראו שלגון אימפלס 6,שוורצקוף& הנקל דיסלד,IL,אוראו שלגון אימפלס 20*65גרם,גרמים,65.00,100 גרם,false,1,11.50,0.1769,true,1,207317
7290112962904,false,שקדי מרק אסם כשלפ 15,,IL,אסם שקדי מרק כלפ 12*150גרם,גרמים,150.00,100 גרם,false,1,9.90,0.0660,true,1,207358
7290112963321,false,גרטיפי בייגלה שטוח ה,מיוצר עי קונדיטוריית,IL,"גרטיפי בייגלה שטוח הכל לל""ג 300גרם",גרמים,300.00,100 גרם,false,1,15.90,0.0530,true,1,212466
7290112963529,false,מאגדת אקסטרים שוקו ו,שוורצקוף& הנקל דיסלד,IL,אקסטרים שוקו וניל פרווה מאח.5 6*74ג,לא מנהל יחידת מידה,0.00,לא מנהל יחידת מידה,false,1,32.90,0.0000,true,1,207316
7290112963918,false,פיטנס קרקר דק רוזמרי,אסם,IL,פיטנס קרקר דק רוזמרין 12*140גרם,גרמים,140.00,100 גרם,false,1,12.90,0.0921,true,1,209203
7290112964458,false,אסם רוטב ויניגרט חדש,אסם,IL,אסם רוטב ויניגרט חדש לסלט 9*295גרם,גרמים,295.00,100 גרם,false,1,11.90,0.0403,true,1,208907
7290112965141,false,אסם פתיתים אפויים עם,אסם,IL,אסם פתיתים אפויים עם ירקות 7*130ג,גרמים,130.00,100 גרם,false,1,11.90,0.0915,true,1,211479
7290112965165,true,מרק נמס פטריות   34,אסם,IL,אסם זוג מרק נמס פטריות בדצ14*48גרם,גרמים,34.00,100 גרם,false,1,5.90,0.1735,true,1,210051
7290112965264,true,מרק נמס אפונה   *30,אסם,IL,אסם זוג מרק נמס אפונה בדצ 14*30גרם,גרמים,60.00,100 גרם,false,1,5.90,0.0983,true,1,210055
7290112965301,true,מרק טעם עוף    38גר,אסם,IL,אסם זוג מרק נמס טעם עוף בדצ 10*52גרם,גרמים,38.00,100 גרם,false,1,5.90,0.1553,true,1,210057
7290112965684,false,פיטנס חטיף מולטיגריי,מיוצר עי קונדיטוריית,IL,פיטנס חטיף מולטיגריין עשבי תיבול  25גרם,גרמים,25.00,100 גרם,false,1,5.50,0.2200,true,1,214485
7290112965707,false,פיטנס חטיף מולטיגריי,"אסם השקעות בע""מ",IL,פיטנס חטיף מולטיגריין צילי מעודן 24*25ג,גרמים,25.00,100 גרם,false,1,5.50,0.2200,true,1,214486
7290112965981,false,טבעול גורמה ארוחת דג,טבעול,IL,טבעול גורמה ארוחת דגנים  450 גרם,גרמים,450.00,100 גרם,false,1,33.90,0.0753,true,1,237027
7290112966025,false,אסם בייגלה כפיות כפר,,IL,אסם בייגלה כפיות כפרי טוגו 24*60גרם,גרמים,60.00,100 גרם,false,1,3.70,0.0617,true,1,210995
7290112967138,false,אסם בייגלה שמיניות ל,מיוצר עי קונדיטוריית,IL,אסם בייגלה שמיניות ללא גלוטן חדש 6*250ג,גרמים,250.00,100 גרם,false,1,14.90,0.0596,true,1,211004
7290112967381,false,פיטנס חטיפי פריכיות,"פרח תעשיות מזון בע""מ",IL,פיטנס חטיפי פריכיות קטניות ומלח ים 60 ג,גרמים,60.00,100 גרם,false,1,8.90,0.1483,true,1,212781
7290112967787,false,בישולים מיקס איטלקי,"אסם השקעות בע""מ",IL,בישולים מיקס איטלקי  אסם 200גרם,גרמים,200.00,100 גרם,false,1,19.90,0.0995,true,1,211419
7290112967800,false,בישולים מיקס בצלים,"אסם השקעות בע""מ",IL,בישולים מיקס בצלים אסם 200גרם,גרמים,200.00,100 גרם,false,1,19.90,0.0995,true,1,211420
7290112967824,false,בישולים מיקס קלאסי,"אסם השקעות בע""מ",IL,בישולים מיקס קלאסי אסם200גרם,גרמים,200.00,100 גרם,false,1,19.90,0.0995,true,1,211421
7290112968340,false,צבר חומוס גרוס גס גס,שוורצקוף& הנקל דיסלד,IL,צבר חומוס גרוס גס גס  400גרם,גרמים,400.00,100 גרם,false,1,14.90,0.0373,true,1,211703
7290112968784,false,טבעול חטיפי כרובית 4,כצט,IL,טבעול חטיפי כרובית 450גרם,גרמים,450.00,100 גרם,false,1,32.90,0.0731,true,1,211980
7290112968807,false,פיטנס קרקר דק סלק 14,מפעל אסם יקנעם,IL,פיטנס קרקר דק סלק 12*140גרם,גרמים,140.00,100 גרם,false,1,12.90,0.0921,true,1,213205
7290112968821,false,פיטנס קרקר דק בטטה 1,מפעל אסם יקנעם,IL,פיטנס קרקר דק בטטה 12*140גרם,גרמים,140.00,100 גרם,false,1,12.90,0.0921,true,1,213206
7290112968913,false,אסם פתיבר לבבות 250ג,"אסם השקעות בע""מ",IL,אסם פתיבר לבבות 250גרם,גרמים,250.00,100 גרם,false,1,7.90,0.0316,true,1,234012
7290112969002,false,אסם אינסטנט פודינג פ,מיוצר עי קונדיטוריית,IL,אסם אינסטנט פודינג פיסטוק 80גרם,גרמים,80.00,100 גרם,false,1,5.90,0.0738,true,1,211981
7290113154612,false,מסננת נירוסטה קטנה ע,,,מסננת נירוסטה קטנה ע,יחידה,1.00,יחידה,false,1,12.90,12.9000,true,1,231051
7290113158672,false,כוס זכוכית כפולה 350,,,כוס זכוכית כפולה 350,יחידה,1.00,יחידה,false,1,39.90,39.9000,true,1,214602
7290113192171,false,מיקס אגוזים שקדים וח,דין שיווק,IL,מיקס אגוזים שקדים וחמוציות 150 גרם,גרמים,150.00,100 גרם,false,1,14.90,0.0993,true,1,235508
7290113192317,true,טבעות זיתים מושחרים,בית השיטה,IL,טבעות זיתים מושחרים בית השיטה   280גר,גרמים,280.00,100 גרם,false,1,12.90,0.0461,true,1,211143
7290113192331,true,זית ירוק גדול בית ה,הנסיך- מפעל לייצור ט,IL,זית ירוק גדול בית השיטה 340גר,גרמים,0.00,100 גרם,false,1,11.90,0.0000,true,1,211145
7290113192348,true,זית ירוק ט.שום בית ה,הנסיך- מפעל לייצור ט,IL,זית ירוק ט.שום בית השיטה 340גר,Unknown,0.00,Unknown,false,1,10.90,0.0000,true,1,211146
7290113192355,true,חרוזית ירוק בית השיט,בית-השיטה עסיס תעשיו,IL,חרוזית ירוק בית השיטה   275גר,גרמים,275.00,100 גרם,false,1,11.90,0.0433,true,1,211147
7290113192362,true,טבעות זיתים ירק בית,הנסיך- מפעל לייצור ט,IL,טבעות זיתים ירק בית השיטה 280גר,גרמים,280.00,100 גרם,false,1,11.90,0.0425,true,1,211148
7290113192386,true,זית סורי מבוקע בית,הנסיך- מפעל לייצור ט,IL,זית סורי מבוקע בית השיטה  340גר,גרמים,340.00,100 גרם,false,1,11.90,0.0350,true,1,211150
7290113192393,true,קוקטייל זיתים בית ה,בית-השיטה עסיס תעשיו,IL,קוקטייל זיתים בית השיטה 336גר,גרמים,336.00,100 גרם,false,1,12.90,0.0384,true,1,211151
7290113192478,true,מלפפונים במלח 10-12,בית-השיטה עסיס תעשיו,IL,מלפפונים במלח 10-12 בית השיטה 320גר,גרמים,320.00,100 גרם,false,1,9.50,0.0297,true,1,211159
7290113192492,true,מלפפונים בחומץ 17-13,הנסיך- מפעל לייצור ט,IL,מלפפונים בחומץ 17-13בית השיטה  290גר,גרמים,290.00,100 גרם,false,1,11.90,0.0410,true,1,211161
7290113192508,true,מלפפונים במלח 17-13ב,הנסיך- מפעל לייצור ט,IL,מלפפונים במלח 17-13בית השיטה  320גר,גרמים,320.00,100 גרם,false,1,11.90,0.0372,true,1,211162
7290113192515,true,מלפפונים במלח 18 -25,הנסיך- מפעל לייצור ט,IL,מלפפונים במלח 18 -25בית השיטה  320גר,גרמים,0.00,100 גרם,false,1,12.90,0.0000,true,1,211163
7290113192539,true,מלפפונים במלח  7-9 ב,הנסיך- מפעל לייצור ט,IL,מלפפונים במלח  7-9 בית השיטה 320גר,לא מנהל יחידת מידה,0.00,לא מנהל יחידת מידה,false,1,6.90,0.0000,true,1,211165
7290113192553,true,מלפפונים באלדי 13-17,בית-השיטה עסיס תעשיו,IL,ב.הש.מלפ.מלח.בלדי א2 13-17 12*320ג חדש,גרמים,320.00,100 גרם,false,1,10.90,0.0341,true,1,211167
7290113192577,true,כרוב כבוש בית השיטה,שוורצקוף& הנקל דיסלד,IL,כרוב כבוש בית השיטה 430גר,גרמים,430.00,100 גרם,false,1,8.50,0.0198,true,1,211169
7290113192881,false,טורטיה חיטה מופחתת ק,דין שיווק,IL,טורטיה חיטה מופחתת קלוריות 270 גרם,גרמים,270.00,100 גרם,false,1,9.90,0.0367,true,1,236147
7290113193888,false,חצילים מוחמצים בית ה,שוורצקוף& הנקל דיסלד,IL,חצילים מוחמצים בית השיטה 320גרם,גרמים,320.00,100 גרם,false,1,11.90,0.0372,true,1,232441
7290113194298,false,רצועות סלק חמוץ בית,שוורצקוף& הנקל דיסלד,IL,רצועות סלק חמוץ בית השיטה 215גרם,גרמים,215.00,100 גרם,false,1,8.90,0.0414,true,1,232442
7290113195042,false,מלפפון במלח כבישה בי,שוורצקוף& הנקל דיסלד,IL,מלפפון במלח כבישה ביתיתבית השיטה 750גרם,גרמים,215.00,100 גרם,false,1,33.90,0.1577,true,1,232443
7290113196490,false,פריכיות כוסמת ציה 15,זן - בר,IL,פריכיות כוסמת ציה 150 גרם במליחות עדינה,גרמים,150.00,100 גרם,false,1,11.90,0.0793,true,1,236333
7290113196506,false,פריכיות כוסמת 150 גר,זן - בר,IL,פריכיות כוסמת 150 גרם ללא מלח,גרמים,150.00,100 גרם,false,1,11.90,0.0793,true,1,236331
7290113196513,false,פריכיות כוסמת שקדים,זן - בר,IL,פריכיות כוסמת שקדים 150 גרם במליחות עדינה,גרמים,150.00,100 גרם,false,1,11.90,0.0793,true,1,236334
7290113196520,false,פריכיות כוסמין 150 ג,זן - בר,IL,פריכיות כוסמין 150 גרם ללא מלח,גרמים,150.00,100 גרם,false,1,11.90,0.0793,true,1,236332
7290113198043,false,פקאן מצופה שוקולד וע,דין שיווק,IL,פקאן מצופה שוקולד ועוגיות 150גרם,גרמים,150.00,100 גרם,false,1,14.90,0.0993,true,1,235538
7290113198067,false,פקאן מצופה שוקולד לב,"דין שיווק וקליה בע""מ",IL,פקאן מצופה שוקולד לבן 150 גרם,גרמים,150.00,100 גרם,false,1,14.90,0.0993,true,1,235565
7290113198074,false,פקאן מצופה שוקולד שי,דין שיווק,IL,פקאן מצופה שוקולד שיש 150גרם,גרמים,150.00,100 גרם,false,1,14.90,0.0993,true,1,235539
7290113198609,false,סוכריות גומי נחשים 2,טופ גלוב,IL,סוכריות גומי נחשים 200 גרם,גרמים,200.00,100 גרם,false,1,9.90,0.0495,true,1,235720
7290113199897,false,סוכריות חמצוצים בטעם,דין שיווק,IL,סוכריות חמצוצים בטעם תות שדה 180 גרם,גרמים,180.00,100 גרם,false,1,9.90,0.0550,true,1,237496
7290113199927,false,סוכריות חמצוצים בטעמ,דין שיווק,IL,סוכריות חמצוצים בטעמי פירות 180 גרם,גרמים,180.00,100 גרם,false,1,9.90,0.0550,true,1,237497
7290113302310,false,בונזו בטטה רול 80 גר,שינייה פט פוד,CN,בונזו בטטה רול 80 גרם,גרמים,80.00,100 גרם,false,1,12.90,0.1613,true,1,239664
7290113452855,false,סוכריות גומי יין ארו,טופגם,IL,סוכריות גומי יין ארוז 200 גרם,גרמים,200.00,100 גרם,false,1,10.90,0.0545,true,1,236215
7290113452862,false,סוכריות גומי נחש מוב,טופגם,IL,סוכריות גומי נחש מוברק ארוז 200 גרם,גרמים,200.00,100 גרם,false,1,10.90,0.0545,true,1,236149
7290113452916,false,סוכריות גומי קולה קט,טופגם,IL,סוכריות גומי קולה קטן ארוז 200 גרם,גרמים,200.00,100 גרם,false,1,10.90,0.0545,true,1,236148
7290113452923,false,סוכריות גומי לב אפרס,טופגם,IL,סוכריות גומי לב אפרסק ארוז 200 גרם,גרמים,200.00,100 גרם,false,1,10.90,0.0545,true,1,236216
7290113452985,false,קטי תות ממולא 150 גר,טופגם,IL,קטי תות ממולא 150 גרם,גרמים,150.00,100 גרם,false,1,10.90,0.0727,true,1,238922
7290114151566,false,שמפו לכל סוגי השיער,בוטני,IL,שמפו לכל סוגי השיער בוטני 500 מל,מיליליטרים,500.00,"100 מ""ל",false,1,23.90,0.0478,true,1,234888
7290114151573,false,בוטני שמפו לשיער רגי,אף.סי תבליני בגליל ב,IL,שמפו לשיער רגיל - שמן 500 מל,מיליליטרים,500.00,"100 מ""ל",false,1,23.90,0.0478,true,1,232092
7290114151597,false,בוטני שמפו לשיער רגי,אף.סי תבליני בגליל ב,IL,שמפו לשיער רגיל - יבש  500 מל,מיליליטרים,500.00,"100 מ""ל",false,1,23.90,0.0478,true,1,232103
7290114151603,false,מרכך לכל סוגי השיער,בוטני,IL,מרכך לכל סוגי השיער בוטני 500 מל,מיליליטרים,500.00,"100 מ""ל",false,1,23.90,0.0478,true,1,234889
7290114151610,false,בוטני מרכך לשיער רגי,אף.סי תבליני בגליל ב,IL,מרכך לשיער רגיל -שמן 500 מל,מיליליטרים,500.00,"100 מ""ל",false,1,23.90,0.0478,true,1,232104
7290114151634,false,בוטני מרכך לשיער רגי,אף.סי תבליני בגליל ב,IL,מרכך לשיער רגיל -יבש 500 מל,מיליליטרים,500.00,"100 מ""ל",false,1,23.90,0.0478,true,1,232106
7290114151641,false,בוטני סבון גוף קוקוס,אף.סי תבליני בגליל ב,IL,"סבון גוף משפחתי 500 מ""ל",מיליליטרים,500.00,"100 מ""ל",false,1,23.90,0.0478,true,1,232107
7290114151658,false,בוטני סבון גוף לעור,אף.סי תבליני בגליל ב,IL,"סבון גוף לעור יבש  500 מ""ל",מיליליטרים,500.00,"100 מ""ל",false,1,23.90,0.0478,true,1,232108
7290114151665,false,בוטני סבון ידיים קוק,אף.סי תבליני בגליל ב,IL,סבון ידיים 500 מל,מיליליטרים,500.00,"100 מ""ל",false,1,19.90,0.0398,true,1,232110
7290114151672,false,בוטני סבון ידיים לבנ,אף.סי תבליני בגליל ב,IL,סבון ידיים  לעור יבש 500 מל,מיליליטרים,500.00,"100 מ""ל",false,1,19.90,0.0398,true,1,232111
7290114310369,false,מולר עם תות ואננס  6,טרה,IL,Muller HEAVEN תות אננס,גרמים,120.00,100 גרם,false,1,5.90,0.0492,true,1,235153
7290114310567,false,לאבנה עיזים 5% צוריא,משק צוריאל,IL,לאבנה עיזים 5% צוריאל250 גרם,גרמים,200.00,100 גרם,false,1,16.90,0.0845,true,1,234895
7290114310574,false,גבינת קרם שמנת עיזים,משק צוריאל,IL,גבינת קרם שמנת עיזים 5% 200 גרם,גרמים,200.00,100 גרם,false,1,16.90,0.0845,true,1,233848
7290114310901,false,גבינה לבנה 5% 250 גר,טרה,IL,גבינה לבנה 250 גרם 5% ווסטהיים,גרמים,250.00,100 גרם,false,1,4.98,0.0199,true,1,235236
7290114311045,false,מולר סימפלי פרוט תות,מילקו תעשיות בעמ,IL,מולר סימפלי פרוט תות בננה 3% 150גרם,גרמים,150.00,100 גרם,false,1,5.50,0.0367,true,1,237203
7290114311106,false,מולר נטורל 1.7% גרנו,טרה,IL,מולר נטורל + 1.7% שומן בתוספת גרנולה וסירופ סילאן,גרמים,177.00,100 גרם,false,1,7.50,0.0424,true,1,236861
7290114311144,false,מה עז גבינת עיזים  ע,משק צוריאל,IL,מה עז גבינת עיזים  עם שום ושמיר 9%  צורי,גרמים,150.00,100 גרם,false,1,26.90,0.1793,true,1,237884
7290114311458,false,Dחלב 3% מועשר וויטמי,טרה,IL,D,ליטרים,1.00,ליטר,false,1,7.90,7.9000,true,1,240165
7290114603515,false,רוטב קארי אדום מאסטר,תאי סופרים,TH,מאסטר שף רוטב קארי אדום 340 גרם,גרמים,340.00,100 גרם,false,1,14.90,0.0438,true,1,232365
7290114603522,false,רוטב קארי ירוק מאסטר,תאי סופרים,TH,מאסטר שף רוטב קארי ירוק 340 גרם,גרמים,340.00,100 גרם,false,1,14.90,0.0438,true,1,232366
7290114604864,false,מאסטר שף קוסקוס דק 3,דוידוביץ,IL,מאסטר שף קוסקוס דק 350 גרם,גרמים,350.00,100 גרם,false,1,6.90,0.0197,true,1,214819
7290114604871,false,מאסטר שף קוסקוס בינו,דוידוביץ,IL,מאסטר שף קוסקוס בינוני 350 גרם,גרמים,350.00,100 גרם,false,1,6.90,0.0197,true,1,214820
7290114604895,false,מאסטר שף ממרח ספייסי,Remia,NL,מאסטר שף ממרח ספייסי לחיץ 446 גר,גרמים,446.00,100 גרם,false,1,13.90,0.0312,true,1,233719
7290114604901,false,מאסטר שף ממרח שום לח,Remia,NL,מאסטר שף ממרח שום לחיץ 444 גרם,גרמים,444.00,100 גרם,false,1,13.90,0.0313,true,1,233720
7290114604925,false,קרם קוקוס לייט מאסטר,"תאי קוקונאט חברה בע""",TH,קרם קוקוס לייט מאסטר שף 400 מל,מיליליטרים,400.00,"100 מ""ל",false,1,9.90,0.0248,true,1,235953
7290114605571,false,קוקי  תבניות מתקפלות,כרמל,CN,קוקי  תבניות מתקפלות 5 יח,לא מנהל יחידת מידה,0.00,לא מנהל יחידת מידה,false,1,10.90,0.0000,true,1,233807
7290114606530,false,מאסטר שף רוטב מיונז,Remia,NL,מאסטר שף רוטב מיונז וקטשופ 515 גר,גרמים,515.00,100 גרם,false,1,13.90,0.0270,true,1,233722
7290114606547,false,מאסטר שף מיונז פטריו,Remia,NL,מאסטר שף מיונז פטריות כמהין 242 גרם,גרמים,242.00,100 גרם,false,1,13.90,0.0574,true,1,233721
7290114606554,false,מאסטר שף מיונז לייט,Remia,NL,מאסטר שף מיונז לייט לחיץ 470 גרם,גרמים,470.00,100 גרם,false,1,13.90,0.0296,true,1,233723
7290114606592,false,מאסטר שף סויה מסורתי,קריניציה ויטמינה אס,TH,"מאסטר שף סויה מסורתית 620 מ""ל",מיליליטרים,620.00,"100 מ""ל",false,1,15.90,0.0256,true,1,234877
7290114606608,false,מאסטר שף סויה  דל נת,קריניציה ויטמינה אס,TH,"מאסטר שף סויה  דל נתרן 620  מ""ל",מיליליטרים,620.00,"100 מ""ל",false,1,15.90,0.0256,true,1,234876
7290114608695,false,מיונז עם וואסבי מאסט,רמיה סי.וי,NL,מיונז עם וואסבי מאסטר שף 241 גרם,גרמים,241.00,100 גרם,false,1,13.90,0.0577,true,1,235952
7290114720250,false,מטען סוללות USB אוני,,,מטען סוללות USB אוני,יחידה,1.00,יחידה,false,1,69.90,69.9000,true,1,212315
7290114720625,false,מטען נייד למוצרי USB,,,מטען נייד למוצרי USB,יחידה,1.00,יחידה,false,1,79.90,79.9000,true,1,213770
7290114720878,false,75w מארז זוג נורות ל,,,75w מארז זוג נורות לבן,יחידה,1.00,יחידה,false,1,29.90,29.9000,true,1,233377
7290115073676,false,מסכות מנתח שחורות 50,מ.פאנג,CN,מסכות מנתח שחורות 50 יח שמחה זה אנחנו,יחידה,1.00,יחידה,false,1,9.90,9.9000,true,1,213077
7290115077131,false,מסכת פנים חדפ ילדים,מ.פאנג,CN,מסכת פנים חדפ ילדים 40 יח צבעוני,יחידה,1.00,יחידה,false,1,8.90,8.9000,true,1,214665
7290115190014,false,סיגריות PPמרלבורו רד,פיליפ מוריס,,סיגריות PPמרלבורו רד חפיסה,יחידה,1.00,יחידה,false,1,36.70,36.7000,false,1,214154
7290115190038,false,סיגריות PPמרלבורו רד,פיליפ מוריס,,סיגריות PPמרלבורו רד סופט חפיסה,יחידה,1.00,יחידה,false,1,34.50,34.5000,false,1,214140
7290115190052,false,סיגריות מרלבורו פליי,פיליפ מוריס,,סיגריות מרלבורו פלייבור מיקסPP חפיסה בוד,יחידה,1.00,יחידה,false,1,36.70,36.7000,false,1,213912
7290115190076,false,סיגריות מרלבורו גולד,פיליפ מוריס,,סיגריות מרלבורו גולד  100בודד,יחידה,1.00,יחידה,false,1,36.70,36.7000,false,1,214507
7290115190090,false,סיגריות מרלבורו גולד,פיליפ מוריס,,סיגריות מרלבורו גולדPP חפיסה,יחידה,1.00,יחידה,false,1,36.70,36.7000,false,1,214126
7290115190137,false,סיגריות מרלבורו פיין,פיליפ מוריס,,סיגריות מרלבורו פיין טאץPP חפיסה,יחידה,1.00,יחידה,false,1,32.90,32.9000,false,1,214150
7290115190151,false,סיגריות מרלבורו טאץP,פיליפ מוריס,,סיגריות מרלבורו טאץPP חפיסה,יחידה,1.00,יחידה,false,1,32.90,32.9000,false,1,214142
7290115190175,false,סיגריות פרלמנט סופר,פיליפ מוריס,,סיגריות פרלמנט סופר סלימסPP חפיסה בודד,יחידה,1.00,יחידה,false,1,41.70,41.7000,false,1,213908
7290115190199,false,פרלמנט נייט 100PP חפ,פיליפ מוריס,,פרלמנט נייט 100PP חפיסה,יחידה,1.00,יחידה,false,1,41.70,41.7000,false,1,233483
7290115190212,false,סיגריות פרלמנט בלו 1,פיליפ מוריס,,סיגריות פרלמנט בלו 100PPחפיסה,יחידה,1.00,יחידה,false,1,41.70,41.7000,false,1,214132
7290115190236,false,סיגריות פרלמנט בלוPP,פיליפ מוריס,,סיגריות פרלמנט בלוPP חפיסה,יחידה,1.00,יחידה,false,1,41.70,41.7000,false,1,214128
7290115190250,false,סיגריות פרלמנט נייטP,פיליפ מוריס,,סיגריות פרלמנט נייטPP חפיסה בודד,יחידה,1.00,יחידה,false,1,41.70,41.7000,false,1,213914
7290115190335,false,ל.מ בלו 100PP חפיסה,פיליפ מוריס,,ל.מ בלו 100PP חפיסה,יחידה,1.00,יחידה,false,1,32.20,32.2000,false,1,233580
7290115190359,false,סיגריות ל.מ בלוPP חפ,פיליפ מוריס,,סיגריות ל.מ בלוPP חפיסה בודד,יחידה,1.00,יחידה,false,1,32.20,32.2000,false,1,213910
7290115190373,false,סיגריות ל.מ. קפסולהP,פיליפ מוריס,,סיגריות ל.מ. קפסולהPP חפיסה,יחידה,1.00,יחידה,false,1,32.20,32.2000,false,1,214146
7290115190434,false,סיגריות ל.מ וייבPP ח,פיליפ מוריס,IL,סיגריות ל.מ וייבPP חפיסה בודד,יחידה,1.00,יחידה,false,1,32.20,32.2000,false,1,213916
7290115190472,false,סיגריות נקסט פיין אד,פיליפ מוריס,,סיגריות נקסט פיין אדגPP חפיסה,יחידה,1.00,יחידה,false,1,25.00,25.0000,false,1,214797
7290115190519,false,סיגריות נקסט פיין חפ,פיליפ מוריס,,סיגריות נקסט פיין חפיסה,יחידה,1.00,יחידה,false,1,31.20,31.2000,false,1,214136
7290115190533,false,סיגריות נקסט ריסס 10,פיליפ מוריס,,סיגריות נקסט ריסס 100בודד,יחידה,1.00,יחידה,false,1,26.00,26.0000,false,1,214504
7290115190557,false,סיגריות נקסט ריסס קצ,פיליפ מוריס,,סיגריות נקסט ריסס קצרPP חפיסה,יחידה,1.00,יחידה,false,1,26.00,26.0000,false,1,214138
7290115190595,false,סיגריות נקסט אוריגינ,פיליפ מוריס,,סיגריות נקסט אוריגינלPP חפיסה,יחידה,1.00,יחידה,false,1,31.20,31.2000,false,1,214124
7290115190632,false,טבק  מרלבורו גולד חפ,פיליפ מוריס,,טבק  מרלבורו גולד חפיסה 30 גרם,גרמים,30.00,100 גרם,false,1,82.40,2.7467,false,1,214799
7290115190694,false,טבק צסטרפילד פיין וי,פיליפ מוריס,,טבק צסטרפילד פיין וירגינה בודד,יחידה,1.00,יחידה,false,1,69.00,69.0000,true,1,214502
7290115190731,false,טבק צסטרפילד אוריגינ,,,טבק צסטרפילד אוריגינל 30PP חפיסה,יחידה,1.00,יחידה,false,1,69.00,69.0000,true,1,214152
7290115190892,false,סיגריות מרלבורו פיוז,פיליפ מוריס,IL,סיגריות מרלבורו פיוזן קפסולה בודד,יחידה,1.00,יחידה,false,1,27.00,27.0000,false,1,233980
7290115190960,false,מרלבורו טאץ אדום פאק,פיליפ מוריס,TR,מרלבורו טאץ אדום פאקט,יחידה,10.00,יחידה,false,10,290.00,29.0000,false,1,238927
7290115191035,false,מרלבורו סאמר ספלאש ח,פיליפ מוריס,RS,מרלבורו סאמר ספלאש חפיסה בודד,יחידה,1.00,יחידה,false,1,29.00,29.0000,false,1,238236
7290115200676,false,קרמוגית קרמל מלוח200,היינץ צפון אמריקה מק,IL,קרמוגית קרמל מלוח200 גרם,גרמים,200.00,100 גרם,false,1,11.90,0.0595,true,1,215300
7290115200843,false,אפרופו לחם שום 50 גר,"אסם השקעות בע""מ",IL,אפרופו לחם שום 50 גרם,גרמים,50.00,100 גרם,false,1,5.20,0.1040,true,1,236594
7290115201451,false,טבעול גורמה לביבות ב,טבעול,IL,טבעול גורמה לביבות בטטה קארי 455גרם,גרמים,455.00,100 גרם,false,1,33.90,0.0745,true,1,238984
7290115201475,false,טבעול גורמה לביבות כ,טבעול,IL,טבעול גורמה לביבות כרישה  434גרם,גרמים,455.00,100 גרם,false,1,33.90,0.0745,true,1,238985
7290115201703,false,בסלי ברביקיו 200גרם,מיוצר עי קונדיטוריית,IL,בסלי ברביקיו 200גרם,גרמים,200.00,100 גרם,false,1,7.90,0.0395,true,1,214432
7290115201727,false,בסלי בצל 200גרם,מיוצר עי קונדיטוריית,IL,בסלי בצל 200גרם,גרמים,200.00,100 גרם,false,1,7.90,0.0395,true,1,214431
7290115201864,false,במבה נוגט אינסייד אא,מיוצר עי קונדיטוריית,IL,במבה נוגט אינסייד אאוט 60 גרם,גרמים,60.00,100 גרם,false,1,4.90,0.0817,true,1,236595
7290115202236,false,טבעול טופו קרנצים 47,כצט,IL,טבעול טופו קרנצים 470גרם,גרמים,470.00,100 גרם,false,1,32.90,0.0700,true,1,234961
7290115202939,false,מנה חמה רייס נודלס ע,מיוצר עי קונדיטוריית,TH,מנה חמה רייס נודלס עוף פטריות 50 גרם,גרמים,50.00,100 גרם,false,1,8.90,0.1780,true,1,236286
7290115203158,false,אסם רוטב טיקה מסאלה,"אסם השקעות בע""מ",IL,אסם רוטב טיקה מסאלה 290 מל,מיליליטרים,290.00,"100 מ""ל",false,1,13.90,0.0479,true,1,233887
7290115203172,false,במבה פרו 80גרם,אסם,IL,במבה פרו 80גרם,גרמים,80.00,100 גרם,false,1,5.90,0.0738,true,1,239225
7290115203486,false,פירורית בטעם ביסלי,קיבוץ עינת,IL,פירורית בטעם ביסלי גריל אסם 200 גרם,גרמים,200.00,100 גרם,false,1,5.90,0.0295,true,1,234798
7290115204056,false,אסם קטשופ פחות 56% ס,אסם,IL,אסם קטשופ פחות 56% סוכר 690 גרם,גרמים,690.00,100 גרם,false,1,11.90,0.0172,true,1,215307
7290115204612,false,ערגליות מיקס שוקותות,"אסם השקעות בע""מ",IL,ערגליות מיקס שוקותות 300גרם,גרמים,300.00,100 גרם,false,1,11.90,0.0397,true,1,233571
7290115205176,false,פיטנס קרקר דק כפרי 1,אסם יקנעם,IL,פיטנס קרקר דק כפרי 150 גרם,גרמים,150.00,100 גרם,false,1,12.90,0.0860,true,1,236911
7290115205312,false,קרקר דק פיטנס זיתים,"אסם השקעות בע""מ",IL,קרקר דק פיטנס זיתים 140 גרם,גרמים,140.00,100 גרם,false,1,12.90,0.0921,true,1,237838
7290115205527,false,פיטנס חטיף מולטגריין,פיטנס,IL,פיטנס חטיף מולטגריין עם עדשים 25 גרם,גרמים,25.00,100 גרם,false,1,5.50,0.2200,true,1,238478
7290115205541,false,פיטנס חטיף מולטיגריי,פיטנס,IL,פיטנס חטיף מולטיגריין עם חומוס 25 גרם,גרמים,25.00,100 גרם,false,1,5.50,0.2200,true,1,238479
7290115206135,false,טבעול גורמה ארוחת קי,טבעול,IL,טבעול גורמה ארוחת קינואה  450 גרם,גרמים,450.00,100 גרם,false,1,33.90,0.0753,true,1,237029
7290115206159,false,אסם מיני קרוטונים 4,עינת תעשיות מזון,IL,אסם מיני קרוטונים 4 צבעים למרק 300 גרם,גרמים,300.00,100 גרם,false,1,25.90,0.0863,true,1,235731
7290115206333,false,עוגיות מיני שוקוציפס,אסם,IL,עוגיות מיני שוקוציפס 225גרם,גרמים,225.00,100 גרם,false,1,11.90,0.0529,true,1,237494
7290115206449,false,אסם אינסטנט פודינג ת,אסם,IL,אסם אינסטנט פודינג תות כשלפ 80גרם,גרמים,80.00,100 גרם,false,1,5.60,0.0700,true,1,237205
7290115207347,false,אינסטנט פודינג פירו,"אסם השקעות בע""מ",IL,אינסטנט פודינג פירות יער 80גרם,גרמים,80.00,100 גרם,false,1,5.90,0.0738,true,1,237895
7290115207361,false,אסם פתי בר פיסטוק 50,אסם,IL,אסם פתי בר פיסטוק 12*500גרם,גרמים,500.00,100 גרם,false,1,14.90,0.0298,true,1,237988
7290115208009,false,סירופ ויטמינציק ענבי,בית-השיטה עסיס תעשיו,IL,סירופ ויטמינציק ענבים 1 ליטר,ליטרים,1.00,ליטר,false,1,23.90,23.9000,true,1,236988
7290115208047,false,סירופ ויטמינציק פטל,בית-השיטה עסיס תעשיו,IL,סירופ ויטמינציק פטל 1 ליטר,ליטרים,1.00,ליטר,false,1,23.90,23.9000,true,1,236986
7290115208320,false,אפרופו בטעם ביסלי בצ,אסם,IL,אפרופו בטעם ביסלי בצל 50גרם,גרמים,50.00,100 גרם,false,1,4.90,0.0980,true,1,240470
7290115208597,false,אסם קרמוגית מיניס קר,אסם,IL,אסם קרמוגית מיניס קרמל מלוח 200 גרם,גרמים,200.00,100 גרם,false,1,11.90,0.0595,true,1,239017
7290115209174,false,במבה אורירית 60גרם,אסם,IL,במבה אורירית 60גרם,גרמים,60.00,100 גרם,false,1,4.90,0.0817,true,1,239226
7290115209358,false,במבה במילוי בראוניז,אסם,IL,במבה במילוי בראוניז 60גרם,גרמים,60.00,100 גרם,false,1,4.90,0.0817,true,1,240467
7290115250503,false,קרקר כוסמין שום ועשב,פת במלח,IL,קרקר כוסמין שום ועשבי תיבול  225 גרם,גרמים,225.00,100 גרם,false,1,21.90,0.0973,true,1,231662
7290115670240,false,פרכיות כשלפ טעימות א,פרח,IL,כשלפ פריכיות אורז מלא דקות,גרמים,110.00,100 גרם,false,1,13.90,0.1264,true,1,215304
7290115670691,false,גרנולה  אנרגי פירות,אמקו ספול אס. אר.או,CZ,גרנולה  אנרגי פירות יער 400 גרם,גרמים,400.00,100 גרם,false,1,15.90,0.0398,true,1,236892
7290115670707,false,גרנולה אנרגי  שוקולד,אמקו ספול אס. אר.או,CZ,גרנולה אנרגי  שוקולד ואגוזים 400 גרם,גרמים,400.00,100 גרם,false,1,15.90,0.0398,true,1,236891
7290115670820,false,כיף כף חצי חצי שוקו,מיוצר עי קונדיטוריית,IL,כיף כף חצי חצי שוקו וניל תקציב,גרמים,45.00,100 גרם,false,1,4.50,0.1000,true,1,235289
7290115671339,false,מיני פינוקיות בראוני,תות תעשיות מזון (201,IL,מיני פינוקיות בראוניז בייגל בוטן 180 ג',גרמים,180.00,100 גרם,false,1,11.90,0.0661,true,1,235291
7290115671346,false,מיני פינוקיות טופי ק,תות תעשיות מזון (201,IL,מיני פינוקיות טופי קרמל מלוח 180 ג',גרמים,180.00,100 גרם,false,1,11.90,0.0661,true,1,235292
7290115672930,false,"מסיכה בד""צ פורים 202",שטראוס,IL,"מסיכה בד""צ פורים 2022",לא מנהל יחידת מידה,0.00,לא מנהל יחידת מידה,false,1,12.90,0.0000,true,1,237107
7290115673555,false,בפלות אחת אחת בטעם א,דולפין ספא,IL,בפלות אחת אחת בטעם אגוזים 240 גרם,גרמים,240.00,100 גרם,false,1,15.90,0.0663,true,1,236112
7290115673562,false,בפלות אחת אחת בטעם ק,דולפין ספא,IL,בפלות אחת אחת בטעם קפה נמס 240 גרם,גרמים,240.00,100 גרם,false,1,15.90,0.0663,true,1,236085
7290115674712,false,BREADZ קרקר סריראצה,סנו מפעלי ברונוס.,US,BREADZ קרקר סריראצה 170 גרם,גרמים,170.00,100 גרם,false,1,13.90,0.0818,true,1,236591
7290115674774,false,BREADZ קרקר קינואה ו,סנו מפעלי ברונוס.,US,BREADZ קרקר קינואה וציה 170 גרם,גרמים,170.00,100 גרם,false,1,13.90,0.0818,true,1,236590
7290115675580,false,חטיף קוואקר ובוטנים,"שטראוס פריטו ליי בע""",IL,חטיף קוואקר ובוטנים 50 ג 48 יח,גרמים,50.00,100 גרם,false,1,3.90,0.0780,true,1,236207
7290115675696,false,קוואקר אגוזים 375 גר,שטראוס,IL,קוואקר אגוזים 375 גרם  Cruesli,גרמים,375.00,100 גרם,false,1,20.90,0.0557,true,1,235146
7290115675702,false,קוואקר פירות 375 גרם,שטראוס,IL,קוואקר פירות 375 גרם  Cruesli,גרמים,375.00,100 גרם,false,1,20.90,0.0557,true,1,235147
7290115675764,false,קפסולות מס 8 אתיופיה,הנסיך- מפעל לייצור ט,IL,קפסולות 08 אתיופיה למכונות NESPRESSO,גרמים,55.00,100 גרם,false,1,16.90,0.3073,true,1,236586
7290115675788,false,קפה טורקי תבלינים גל,הנסיך- מפעל לייצור ט,IL,טורקי תבלינים גלילי,גרמים,100.00,100 גרם,false,1,10.90,0.1090,true,1,233987
7290115675986,false,דנונה בר עם אגוזים מ,"שטראוס בריאות בע""מ",IL,דנונה בר עם אגוזים מקורמלים,גרמים,173.00,100 גרם,false,1,4.80,0.0277,true,1,214852
7290115676051,false,משקה אקטיביה עם שש מ,מיוצר עי קונדיטוריית,IL,"משקה אקטיביה עם ש""ש מתיקות מעודנת",מיליליטרים,265.00,"100 מ""ל",false,1,5.90,0.0223,true,1,235831
7290115676082,false,משקה דנונה פרו 20 תו,"נארז ע""י : א.ג. גילר",IL,משקה דנונה פרו 20 תות,מיליליטרים,255.00,"100 מ""ל",false,1,6.90,0.0271,true,1,233745
7290115676099,false,משקה דנונה פרו 20 ונ,"נארז ע""י : א.ג. גילר",IL,משקה דנונה פרו 20 וניל,מיליליטרים,255.00,"100 מ""ל",false,1,6.90,0.0271,true,1,233744
7290115676389,false,חרוסת  יד מרדכי 250,פוליבה,IL,חרוסת  יד מרדכי 250 גרם,גרמים,250.00,100 גרם,false,1,16.90,0.0676,true,1,215735
7290115676693,false,תפוציפס מלח חומץ 50,"שטראוס פריטו ליי בע""",IL,תפוציפס מלח חומץ 50 גרם,גרמים,50.00,100 גרם,false,1,3.90,0.0780,true,1,238573
7290115676990,false,תפוציפס מלח חומץ 50,"שטראוס פריטו ליי בע""",IL,תפו SALT & VINEGAR י50 גר 48 יח,גרמים,50.00,100 גרם,false,1,3.90,0.0780,true,1,215808
7290115677362,false,נודלס טריאקי  דליש,"טרופיקל דגיל בע""מ אז",IL,נודלס טריאקי  דלישס 350גרם,גרמים,350.00,100 גרם,false,1,26.90,0.0769,true,1,235864
7290115677898,false,ממרח עדשים קארי פיקנ,"שטראוס גרופ בע""מ",IL,ממרח עדשים קארי פיקנטי 235 גרם,גרמים,235.00,100 גרם,false,1,11.90,0.0506,true,1,233902
7290115678222,false,דנונה יווני  1.040,שטראוס,IL,דנונה יווני  1.040   שמינייה,קילוגרמים,1.04,"ק""ג",false,1,26.90,25.8654,true,1,236909
7290115678376,false,מעדן הגולן שוקולד  1,מיוצר עי קונדיטוריית,IL,מעדן הגולן שוקולד,גרמים,125.00,100 גרם,false,1,3.20,0.0256,true,1,234320
7290115678383,false,מעדן הגולן שוקולד מר,מיוצר עי קונדיטוריית,IL,מעדן הגולן שוקולד מריר,גרמים,125.00,100 גרם,false,1,3.20,0.0256,true,1,234319
7290115678666,false,אחלה נשנוש טחינה קרם,"שטראוס גרופ בע""מ",IL,אחלה נשנוש טחינה קרם חציל פרכיות,גרמים,120.00,100 גרם,false,1,9.90,0.0825,true,1,236867
7290115678871,false,שוקולית נוגט 500 גרם,שטראוס,IL,שוקולית נוגט 500 גרם,גרמים,500.00,100 גרם,false,1,15.90,0.0318,true,1,236588
7290115678888,false,שוקולית טופי קרמל 50,שטראוס,IL,שוקולית טופי קרמל 500 גרם,גרמים,500.00,100 גרם,false,1,15.90,0.0318,true,1,236587
7290115679885,false,פיצה מבצק עם כרובית,"טרופיקל דגיל בע""מ אז",IT,פיצה כרובית 320 גרם,גרמים,320.00,100 גרם,false,1,29.90,0.0934,true,1,235871
7290115679960,false,ציטוס פופקורן טבעי 6,"שטראוס פריטו ליי בע""",IL,צ'יטוס פופקורן בטעם טבעי 60 ג 24 יח,גרמים,60.00,100 גרם,false,1,3.90,0.0650,true,1,234343
7290116530260,false,דגני שוגי קקאו 400גר,יוניליוור שפע ישראל,IL,תלמה דגני בוקר שוגי קקאו 400 גרם,גרמים,400.00,100 גרם,false,1,22.90,0.0572,true,1,234953
7290116530895,false,בדין תרסיס למייבש כב,"זוהר דליה, קיבוץ דלי",IL,"בדין תרסיס למייבש כביסה פינוק 500 מ""ל",מיליליטרים,500.00,"100 מ""ל",false,1,19.90,0.0398,true,1,235130
7290116531090,false,דגדג במליחות מעודנת,"דרך השוקולד 1, צפת 1",IL,דגדג במליחות מעודנת 250 גרם,גרמים,250.00,100 גרם,false,1,10.90,0.0436,true,1,236761
7290116531137,false,קנור מרק עשיר תאילנד,יוניליוור ישראל מזון,IL,קנור מרק תאילנדי פיקנטי 65 גרם,גרמים,65.00,100 גרם,false,1,12.90,0.1985,true,1,236027
7290116531311,false,חטיף קליק בלאק&וויט,יוניליוור ישראל מזון,IL,קליק  חטיף קליק בלאק&וויט בציפוי שוקולד לבן 35 גרם,גרמים,35.00,100 גרם,false,1,5.90,0.1686,true,1,238361
7290116531649,false,פינוק שמפו בניחוח תפ,יוניליוור ישראל טיפו,IL,פינוק  שמפו בניחוח תפוח 700 מל,מיליליטרים,700.00,"100 מ""ל",false,1,12.90,0.0184,true,1,236028
7290116531656,false,פינוק מרכך בניחוח תפ,יוניליוור ישראל טיפו,IL,פינוק  מרכך בניחוח תפוח 700 מל,מיליליטרים,700.00,"100 מ""ל",false,1,12.90,0.0184,true,1,236029
7290116531748,false,קליק קוקומן חום&לבן,"דרך השוקולד 1, צפת 1",IL,קליק  קליק שוקו מיקס חום לבן כשר לפסח 65 גרם,גרמים,65.00,100 גרם,false,1,7.90,0.1215,true,1,237090
7290116531762,false,בדין דפי מרכך למייבש,,US,בדין  דפי מרכך למייבש כביסה ורוד 40 יחידות,יחידה,1.00,יחידה,false,1,18.90,18.9000,true,1,238217
7290116531779,false,בדין דפי מרכך למייבש,,US,בדין  דפי מרכך למייבש כביסה כחול 40 יחידות,יחידה,1.00,יחידה,false,1,18.90,18.9000,true,1,238218
7290116531830,false,כריות קינמון 686גרם,יוניליוור שפע ישראל,IL,תלמה כריות  קינמון 686 גרם,גרמים,686.00,100 גרם,false,1,29.90,0.0436,true,1,236400
7290116531885,false,ממרח טבעוני ויגן 500,יוניליוור ישראל מזון,IL,הלמנס  ממרח טבעוני ויגן  500 גרם,גרמים,500.00,100 גרם,false,1,14.90,0.0298,true,1,239349
7290116531915,false,דגדג בטעם פתי בר דג,"דרך השוקולד 1, צפת 1",IL,דגדג בטעם פתי בר דג דג 235 גרם,גרמים,235.00,100 גרם,false,1,10.90,0.0464,true,1,236766
7290116531922,false,דגדג בטעם קטשופ דג ד,"דרך השוקולד 1, צפת 1",IL,דגדג בטעם קטשופ דג דג 235 גרם,גרמים,235.00,100 גרם,false,1,10.90,0.0464,true,1,236767
7290116531939,false,גלידונית תות שדה 638,"גלידת שטראוס בע""מ, ר",IL,קרמיסימו גלידונית גלידה בטעם תות שדה 60 יחידות,גרמים,638.00,100 גרם,false,1,41.90,0.0657,true,1,237709
7290116532011,false,קליק חטיף נוגט 35 גר,אזור התעשייה רמת גבר,IL,קליק  חטיף נוגט 35 גרם,גרמים,35.00,100 גרם,false,1,5.90,0.1686,true,1,237347
7290116532035,false,קליק קורנפלקס חום לב,"דרך השוקולד 1, צפת 1",IL,קליק  קליק קורנפלקס חום לבן כשר לפסח 65 גרם,גרמים,65.00,100 גרם,false,1,7.90,0.1215,true,1,237091
7290116532042,false,קליק כריות נוגט כשלפ,"דרך השוקולד 1, צפת 1",IL,קליק  קליק כריות נוגט כשר לפסח 65 גרם,גרמים,65.00,100 גרם,false,1,7.90,0.1215,true,1,237089
7290116532264,false,גודיז פרי אפרסק 300,שטראוס גרופ גלידות,IL,גודיז פרי אפרסק 300 גרם,גרמים,300.00,100 גרם,false,1,26.90,0.0897,true,1,237715
7290116532271,false,גודיז סנדוויץ 270 גר,שטראוס גרופ גלידות,IL,גודיז סנדוויץ 270 גרם,גרמים,270.00,100 גרם,false,1,32.90,0.1219,true,1,237716
7290116532462,false,פיינט קליק שוקולד בנ,"גלידת שטראוס בע""מ, ר",IL,פיינט קליק שוקולד בננה,מיליליטרים,520.00,"100 מ""ל",false,1,24.90,0.0479,true,1,238194
7290116532479,false,פיינט קליק שוקולד לב,"גלידת שטראוס בע""מ, ר",IL,"פיינט קליק שוקולד לבן קרם עוגיות 520 מ""ל",מיליליטרים,520.00,"100 מ""ל",false,1,24.90,0.0479,true,1,238193
7290116532585,false,ברנפלקס קרנצים  דבש,יוניליוור שפע ישראל,IL,ברנפלקס קרנצים  דבש וקינמון  375גרם,גרמים,375.00,100 גרם,false,1,24.90,0.0664,true,1,240172
7290116914527,false,מארז סוכריות על מקל,,CN,מארז סוכריות על מקל 600 גרם,גרמים,600.00,100 גרם,false,1,22.90,0.0382,true,1,238665
7290116930282,false,ארוחה בקטנה לאבנה עם,תנובה,IL,ארוחה בקטנה לאבנה עם קרקרים 150 גרם,גרמים,150.00,100 גרם,false,1,7.50,0.0500,true,1,239036
7290116930435,false,יוגורט גו סמיך 0% דו,תנובה,IL,יוגורט גו סמיך 0% דובדבן,גרמים,150.00,100 גרם,false,1,5.90,0.0393,true,1,237896
7290116930442,false,SHAKE יופלה בננה מנג,תנובה בעמ,IL,SHAKE יופלה בננה מנגו תפוז גזר וציה 230,מיליליטרים,230.00,"100 מ""ל",false,1,8.90,0.0387,true,1,238641
7290116930459,false,SHAKE יופלה בננה אננ,תנובה,IL,SHAKE יופלה בננה אננס וקוקוס 230 מל,מיליליטרים,230.00,"100 מ""ל",false,1,8.90,0.0387,true,1,238644
7290116930466,false,SHAKE יופלה מנגו בננ,תנובה,IL,SHAKE יופלה מנגו בננה פסיפלורה והל 230 מ,מיליליטרים,230.00,"100 מ""ל",false,1,8.90,0.0387,true,1,238643
7290116930497,false,פלח גבינה כחולה קולק,פיקוס דה אירופה ס.ל.,ES,פלח גבינה כחולה קולקשיין 100  גרם,גרמים,100.00,100 גרם,false,1,15.90,0.1590,true,1,237792
7290116930626,false,ארוחה בקטנה ציזיקי ע,תנובה,IL,ארוחה בקטנה ציזיקי עם קרקרים 150 גרם,גרמים,150.00,100 גרם,false,1,7.50,0.0500,true,1,239037
7290116930633,false,יולו שוקולד בלונדי ע,תנובה,IL,יולו שוקולד בלונדי עם שברי בייגלה 120 גרם,גרמים,120.00,100 גרם,false,1,5.50,0.0458,true,1,238647
7290116930701,false,GOמעדן חלב בטעם קרמל,תנובה,IL,GOמעדן חלב בטעם קרמל מלוח  120גרם,גרמים,120.00,100 גרם,false,1,4.80,0.0400,true,1,238645
7290116931074,false,גבינה צהובה טל העמק,תנובה,IL,גבינה צהובה טל העמק 32% 300 גרם,גרמים,300.00,100 גרם,false,1,25.90,0.0863,true,1,239878
7290116931081,false,מעדן סויה בטעם טופי,תנובה,IL,מעדן סויה בטעם טופי קרמל 125 גרם,גרמים,125.00,100 גרם,false,1,3.90,0.0312,true,1,239384
7290116931104,false,יופלה גו במרקם סמיך,תנובה,IL,יופלה גו במרקם סמיך עם אננס 0%  200גרם,גרמים,200.00,100 גרם,false,1,5.90,0.0295,true,1,239386
7290117260265,false,מארז  דונטס שישיה,טיביג'י גרופ,TR,מארז  דונטס שישיה,לא מנהל יחידת מידה,0.00,לא מנהל יחידת מידה,false,1,21.90,0.0000,true,1,236067
7290117260685,false,קרמבו תן בו טעמים שו,אלוויר,DK,קרמבו תן בו טעמים שונים 1/12,גרמים,230.00,100 גרם,false,1,19.90,0.0865,true,1,236816
7290117261354,false,גבינת ריקוטה יורו 20,באלבן גידה סנאי,TR,גבינת ריקוטה יורו 200 גרם 5%שומן,גרמים,200.00,100 גרם,false,1,10.90,0.0545,true,1,238447
7290117261378,false,גבינת קשקבל לייט 8%,באלבן גידה סנאי,TR,גבינת קשקבל לייט 8% יורו  250גרם,גרמים,250.00,100 גרם,false,1,15.90,0.0636,true,1,238448
7290117261385,false,גבינת פטה לייט  8% י,באלבן גידה סנאי,TR,גבינת פטה לייט  8% יורו  500גרם,גרמים,500.00,100 גרם,false,1,27.90,0.0558,true,1,238449
7290117261705,false,חמאת עיזים יורו 200,באלבן גידה סנאי,TR,חמאת עיזים יורו 200 גרם,גרמים,200.00,100 גרם,false,1,13.90,0.0695,true,1,238446
7290117380192,false,פוף חטיף קראנץ גריל,מנה,IL,פוף חטיף קראנץ גריל 60 גרם,גרמים,60.00,100 גרם,false,1,3.50,0.0583,true,1,236878
7290117380215,false,פוף חטיף קראנץ טאקו,מנה,IL,פוף חטיף קראנץ טאקו 60 גרם,גרמים,60.00,100 גרם,false,1,3.50,0.0583,true,1,236880
7290117380864,false,סלים דליס  עוגות ברא,הלמה הלום,NL,סלים דליס  עוגות בראוניס אישיות שוקולד 1,גרמים,120.00,100 גרם,false,1,13.90,0.1158,true,1,238320
7290117380871,false,סלים דליס  עוגות ברא,הלמה הלום,NL,סלים דליס  עוגות בראוניס אישיות אוכמניות 120גרם,גרמים,120.00,100 גרם,false,1,13.90,0.1158,true,1,238321
7290117382318,false,חטיף  סלים דליס פרו,andros snc,IT,חטיף  סלים דליס פרו  מצופה שוקולד מריר 6,גרמים,60.00,100 גרם,false,1,12.90,0.2150,true,1,239040
7290117382325,false,חטיף  סלים דליס פרו,andros snc,IT,חטיף  סלים דליס פרו  מצופה שוקולד חלב  6,גרמים,60.00,100 גרם,false,1,12.90,0.2150,true,1,239039
7290117382332,false,חטיף  סלים דליס פרו,andros snc,IT,חטיף  סלים דליס פרו  מצופה שוקולד עוגיות,גרמים,60.00,100 גרם,false,1,12.90,0.2150,true,1,239041
7290117821381,false,ביצת הפתעה פלסטיק עם,שמחה,IL,ביצת הפתעה פלסטיק עם סוכריות קשות 10ג S קפיץ,גרמים,10.00,100 גרם,false,1,6.90,0.6900,true,1,239013
7290117821435,false,ביצת הפתעה פלסטיק עם,שמחה,IL,ביצת הפתעה פלסטיק עם סוכריות קשות 10ג S חד קרן,גרמים,10.00,100 גרם,false,1,6.90,0.6900,true,1,239009
7290117821459,false,ביצת הפתעה פלסטיק עם,שמחה,IL,ביצת הפתעה פלסטיק עם סוכריות קשות 20ג L דינוזאור,גרמים,20.00,100 גרם,false,1,8.90,0.4450,true,1,239014
7290118420514,false,אינסטנט פודינג נוגט,"אסם השקעות בע""מ",IL,אינסטנט פודינג נוגט 75גרם,גרמים,75.00,100 גרם,false,1,5.90,0.0787,true,1,240381
7296021121531,false,"תבנית פאי 24 ס""מ",,,"תבנית פאי 24 ס""מ",יחידה,1.00,יחידה,false,1,24.90,24.9000,true,1,203203
7296021131394,false,"סכין מולטי 1.5 ס""מ",,,"סכין מולטי 1.5 ס""מ",יחידה,1.00,יחידה,false,1,19.90,19.9000,true,1,203200
7296021133541,false,מצקת נירוסטה ידית שח,KIS CHINA,CN,מצקת נירוסטה ידית שחורה נעמן  בייסיק ידי,יחידה,1.00,יחידה,false,1,23.90,23.9000,true,1,203192
7296021133565,false,תרווד מחורץ ידית שחו,KIS CHINA,CN,תרווד מחורץ ידית שחורה נעמן  בייסיק ידית,יחידה,1.00,יחידה,false,1,16.90,16.9000,true,1,203195
7296021133596,false,כף בישול ידית שחורה,KIS CHINA,CN,כף בישול ידית שחורה נעמן  בייסיק ידית שח,יחידה,1.00,יחידה,false,1,16.90,16.9000,true,1,203193
7296021133602,false,"מועך תפו""א ידית שחור",KIS CHINA,CN,"מועך תפו""א ידית שחורה נעמן  בייסיק ידית",יחידה,1.00,יחידה,false,1,16.90,16.9000,true,1,203194
7296021133633,false,כף פריזיאן ידית שחור,KIS CHINA,CN,כף פריזיאן ידית שחורה נעמן  בייסיק ידית,יחידה,1.00,יחידה,false,1,9.90,9.9000,true,1,203214
7296021133640,false,גלגלת פיצה ידית שחור,KIS CHINA,CN,גלגלת פיצה גדולה ידית שחורה נעמן  בייסיק,יחידה,1.00,יחידה,false,1,14.90,14.9000,true,1,203212
7296021133695,false,מגרדת ידית שחורה נעמ,,,מגרדת ידית שחורה נעמן  בייסיק ידית שחורה,יחידה,1.00,יחידה,false,1,10.90,10.9000,true,1,216408
7296021133701,false,קישואן זוקיני ידית ש,KIS CHINA,CN,קישואן זוקיני ידית שחורה נעמן  בייסיק יד,יחידה,1.00,יחידה,false,1,10.90,10.9000,true,1,203215
7296021137150,false,סכין שף 20 סמ BASIC,,,"סכין שף/בשר 20 ס""מ BASIC נעמן",יחידה,1.00,יחידה,false,1,44.90,44.9000,true,1,212740
7296021137860,false,חותך רצועות כרוב,,,חותך רצועות כרוב קולפנים,יחידה,1.00,יחידה,false,1,18.90,18.9000,true,1,229177
7296021148446,true,כף גלידה,,,כף גלידה,יחידה,1.00,יחידה,false,1,6.90,6.9000,true,1,209517
7296021166273,false,"קערה אובלית 25*31 ס""",,,"קערה אובלית 25*31 ס""מ פלסטיק",יחידה,1.00,יחידה,false,1,18.90,18.9000,true,1,212600
7296021170676,false,פותחן שימורים  פרפר,KIS CHINA,CN,פותחן שימורים  פרפר ידית שחורה  אביזרי מטבח,יחידה,1.00,יחידה,false,1,31.90,31.9000,true,1,230411
7296021268328,false,פרייבט שף מארז מגבות,,,פרייבט שף מארז מגבות 40/60 סמ כחול כהה,יחידה,1.00,יחידה,false,1,28.90,28.9000,true,1,231561
7296021273650,false,סט שישיית סכינים לחי,,,סט שישיית סכינים לחיתוך ירקות שחור,יחידה,1.00,יחידה,false,1,14.90,14.9000,true,1,236818
7297488098152,false,קמח חומוס דגש 500 גר,אף.סי תבליני בגליל ב,IL,דוכן גן שמואל קמח חומוס 500 גרם,גרמים,500.00,100 גרם,false,1,16.90,0.0338,true,1,77041
7297488098183,false,קמח אורז ללא גלוטן 5,תבליני העליון 2007 ב,IL,דוכן גן שמואל קמח אורז 500 גרם,גרמים,500.00,100 גרם,false,1,11.90,0.0238,true,1,81864
7297488098220,false,קמח תפוח אדמה ללא גל,תות תעשיות מזון (201,IL,דוכן גן שמואל קמח תפוחי אדמה 500 גרם,גרמים,500.00,100 גרם,false,1,11.90,0.0238,true,1,81866
7297488098282,false,אבקת מרק בטעם עוף 50,תות תעשיות מזון (201,IL,בריאות וטבע אבקת מרק בטעם עוף 500 גרם,גרמים,500.00,100 גרם,false,1,21.90,0.0438,true,1,81871
7297488098299,false,קמח טפיוקה ללא גלוטן,תות תעשיות מזון (201,IL,דוכן גן שמואל קמח טפיוקה 500 גרם,גרמים,500.00,100 גרם,false,1,10.90,0.0218,true,1,81872
7297488098305,false,קמח שקדים דגש 250 גר,תות תעשיות מזון (201,IL,דוכן גן שמואל קמח שקדים 500 גרם,גרמים,250.00,100 גרם,false,1,27.90,0.1116,true,1,82262
7297488099753,false,עוגיות בטעם שוקולד ו,תות תעשיות מזון (201,IL,עוגיות בטעם שוקולד וקוקוס 250 גרם,גרמים,250.00,100 גרם,false,1,27.90,0.1116,true,1,201603
7297488199736,false,קוסקוס 140 גרם,נטורפוד,,קוסקוס 140 גרם,גרמים,140.00,100 גרם,false,1,18.90,0.1350,true,1,201602
7297603013473,false,משטח עגול להגשה מעץ,,,משטח עגול להגשה מעץ,יחידה,1.00,יחידה,false,1,37.90,37.9000,true,1,240190
7297603014388,false,מלקחיים סיליקון 22 ס,,,מלקחיים סיליקון 22 ס,יחידה,1.00,יחידה,false,1,19.90,19.9000,true,1,235357
7297603015576,false,קרש חיתוך עץ אקשיה ע,,,קרש חיתוך עץ אקשיה ע,יחידה,1.00,יחידה,false,1,29.90,29.9000,true,1,236087
7297603015705,false,קרש חיתוך ללחם מעץ ב,,,קרש חיתוך ללחם מעץ ב,יחידה,1.00,יחידה,false,1,39.90,39.9000,true,1,236100
7297603015774,false,כף עץ מחוררת במבוק 3,,,כף עץ מחוררת במבוק 3,יחידה,1.00,יחידה,false,1,11.90,11.9000,true,1,236106
7297603015798,false,כף עץ לפסטה במבוק 30,,,כף עץ לפסטה במבוק 30,יחידה,1.00,יחידה,false,1,11.90,11.9000,true,1,236108
7297603016405,false,קרש אקשיה להגשה מחול,,,קרש אקשיה להגשה מחול,יחידה,1.00,יחידה,false,1,59.90,59.9000,true,1,237941
7297603016870,false,סוחט לימון ידני צהוב,,,סוחט לימון ידני צהוב,יחידה,1.00,יחידה,false,1,24.90,24.9000,true,1,240196
7297603016894,false,סוחט לימון ידני צהוב,,,סוחט לימון ידני צהוב,יחידה,1.00,יחידה,false,1,29.90,29.9000,true,1,240197
7297603017358,false,מאג סבתא רגע של קפה,,,מאג סבתא רגע של קפה,יחידה,1.00,יחידה,false,1,10.90,10.9000,true,1,236778
7297603017365,false,מאג סבתא רגע של קפה,,,מאג סבתא רגע של קפה,יחידה,1.00,יחידה,false,1,11.90,11.9000,true,1,236779
7297603028132,false,כפפה סילקון שחורה עמ,,,כפפה סילקון שחורה עמ,יחידה,1.00,יחידה,false,1,31.90,31.9000,true,1,240208
7297603029795,false,צילנדר קש  צבע טבעי,,,צילנדר קש  צבע טבעי,יחידה,1.00,יחידה,false,1,19.90,19.9000,true,1,240211
7297603030326,false,מאג סבתא רטרו שחור ל,,,מאג סבתא רטרו שחור ל,יחידה,1.00,יחידה,false,1,12.90,12.9000,true,1,240223
7297603030364,false,בול סבתא  4 גווני חו,,,בול סבתא  4 גווני חו,יחידה,1.00,יחידה,false,1,16.90,16.9000,true,1,240227
7297603031804,false,משקל מטבח דיגטלי מעו,,,משקל מטבח דיגטלי מעו,יחידה,1.00,יחידה,false,1,49.90,49.9000,true,1,240231
7297603031811,false,משקל מטבח דיגטלי מעו,,,משקל מטבח דיגטלי מעו,יחידה,1.00,יחידה,false,1,49.90,49.9000,true,1,240232
7297603031828,false,משקל מטבח דיגטלי מעו,,,משקל מטבח דיגטלי מעו,יחידה,1.00,יחידה,false,1,49.90,49.9000,true,1,240233
7297603032337,false,דיספנסר חלק מרובע למ,,,דיספנסר חלק מרובע למ,יחידה,1.00,יחידה,false,1,59.90,59.9000,true,1,240238
7297603032344,false,דיספנסר חלק מרובע למ,,,דיספנסר חלק מרובע למ,יחידה,1.00,יחידה,false,1,59.90,59.9000,true,1,240239
7297603034027,false,קרמיקה יפנית  מגש מל,,,קרמיקה יפנית  מגש מלבן 28X16 סמ,יחידה,1.00,יחידה,false,1,29.90,29.9000,true,1,240242
7297603034102,false,קרמיקה וינטג  צלחת ע,,,קרמיקה וינטג  צלחת ע,יחידה,1.00,יחידה,false,1,19.90,19.9000,true,1,240250
7297603034225,false,מאג פורצלן על רגל,,,מאג פורצלן על רגל,יחידה,1.00,יחידה,false,1,19.90,19.9000,true,1,240258
7312040017683,false,וודקה אבסולוט בקבוק,"איי, בי, אינבוו",SE,"אבסולוט וודקה, 700 מ''ל",מיליליטרים,700.00,"100 מ""ל",false,1,69.90,0.0999,true,1,89040
7394376123337,false,משקה שיבולת שועל אור,טרנסומס פוד איי.בי,SE,משקה שיבולת שועל אורגני אוטלי  1 ליטר,ליטרים,1.00,ליטר,false,1,14.90,14.9000,true,1,212776
7394376615832,false,משקה שיבולת שועל בטע,,SE,משקה שיבולת שועל בטעם שוקולד אוטלי 1 לי,ליטרים,1.00,ליטר,false,1,15.90,15.9000,true,1,212774
7394376616778,false,משקה שיבולת שועל  לה,,SE,משקה שיבולת שועל  להקצפה בריסטה  אוטלי 1,ליטרים,1.00,ליטר,false,1,15.90,15.9000,true,1,212773
7394376620294,false,משקה שיבולת שועל וני,איי אם פי אס איי תעש,NL,משקה שיבולת שועל וניל אוטלי 1 ליטר,ליטרים,1.00,ליטר,false,1,15.90,15.9000,true,1,240174
7441000720599,false,לבבות דקל פח 400 גרם,אינקופלמיטו,EC,שימורי לבבות דקל שלמים(פחית),גרמים,400.00,100 גרם,false,1,14.90,0.0373,true,1,197859
7441000720605,false,לבבות דקל בצנצנת 410,אינקופלמיטו אס. אי,EC,לה קימה שימורי לבבות דקל שלמים 410 גרם,גרמים,410.00,100 גרם,false,1,18.90,0.0461,true,1,197860
7500162900000,false,בירה סול בודד בקבוק,פארייפאבה אגרואינדוס,NL,"סול ח""פ 330 בקבוק בודד",מיליליטרים,330.00,"100 מ""ל",false,1,9.90,0.0300,true,1,212171
7501013101348,false,גומקס מנגו בקבוק 473,חומקס קומר קומרסאליז,MX,"גומקס מנגו בקבוק 473 מ""ל",מיליליטרים,473.00,"100 מ""ל",false,1,8.50,0.0180,true,1,210243
7501013101393,false,גומקס אננס בקבוק 473,פארייפאבה אגרואינדוס,MX,"ג'ומקס אננס  בקבוק 473 מ""ל תריסר",מיליליטרים,473.00,"100 מ""ל",false,1,8.50,0.0180,true,1,210241
7501013122039,false,גומקס מיץ מנגו קרטונ,חומקס קומר קומרסאליז,MX,ג'ומקס מנגו קרטונית  ליטר תריסר,ליטרים,1.00,ליטר,false,1,9.90,9.9000,true,1,210238
7501013122053,false,גומקס מיץ אפרסק קרטו,חומקס קומר קומרסאליז,MX,ג'ומקס אפרסק קרטונית  ליטר תריסר,ליטרים,1.00,ליטר,false,1,9.90,9.9000,true,1,210237
7501013122114,false,גומקס מיץ אננס קרטונ,חומקס קומר קומרסאליז,MX,ג'ומקס אננס קרטונית  ליטר תריסר,ליטרים,1.00,ליטר,false,1,9.90,9.9000,true,1,210236
7501013122190,false,גומקס מיץ תפוחים קרט,חומקס קומר קומרסאליז,MX,ג'ומקס  תפוחים קרטונית ליטר  תריסר,ליטרים,1.00,ליטר,false,1,9.90,9.9000,true,1,210240
7501013122992,false,גומקס מיץ קוקוס אננס,חומקס קומר קומרסאליז,MX,ג'ומקס קוקוס אננס קרטונית  ליטר תריסר,ליטרים,1.00,ליטר,false,1,9.90,9.9000,true,1,210239
7501013138184,false,יוניקו פרסקו חמוציות,חומקס קומר קומרסאליז,MX,ג'ומקס פרסקו חמוציות קרטונית  ליטר תריסר,ליטרים,1.00,ליטר,false,1,12.60,12.6000,true,1,234135
7501049936945,false,שישיית בירה סול 330,פארייפאבה אגרואינדוס,NL,"בירה סול שישייה (6X330 מ""ל)",ליטרים,1.98,ליטר,false,1,36.90,18.6364,true,1,212170
7501064191398,false,שישיית בירה קורונה ב,קריניציה ויטמינה אס,MX,בשישיית בירה קורונה אקסטרה 2.13 ל',ליטרים,2.13,ליטר,false,6,39.90,18.7324,true,1,208185
7501064196690,false,פחית בירה קורונה 355,סרבסריה מידלו,MX,"פחית בירה קורונה 355 מ""ל",מיליליטרים,355.00,"100 מ""ל",false,1,10.90,0.0307,true,1,211290
7503012779306,false,סירופ אגבה כחולה – נ,תות תעשיות מזון (201,MX,נטור פוד סירופ אגבה כחולה אורגני 330 גרם,גרמים,330.00,100 גרם,false,1,21.90,0.0664,true,1,82640
7509546678702,false,קולגייט משחת שיניים,קולגייט-פלמוליב,BR,קולגייט משחת שיניים טוטאל אנטי טרטר 100,מיליליטרים,100.00,"100 מ""ל",false,1,17.90,0.1790,true,1,239068
7610023051212,false,דגנים מיזלי שוקואיקס,מיוצר עי קונדיטוריית,,תערובת דגנים מיזלי שוקואיקס          500,גרמים,500.00,100 גרם,false,1,26.90,0.0538,true,1,16206
7610100034084,false,מיונז טומי 265 גרם,נסטלה שוויץ ס.א,,טומי מיונז אמיתי מביצי חופש 265 גרם,גרמים,265.00,100 גרם,false,1,16.90,0.0638,true,1,205810
7610113000175,false,בקרדי מוחיטו 700מל,בקרדי מרטיני,DE,בקרדי מוחיטו 700מל,מיליליטרים,700.00,"100 מ""ל",false,1,79.90,0.1141,true,1,214097
7610113011652,false,בקרדי בריזר תפוח 275,בקרדי בעמ,BE,"בריזר - משקה כוהלי מוגז בטעם תפוח 275 מ""ל",מיליליטרים,275.00,"100 מ""ל",false,1,14.90,0.0542,true,1,212659
7610113013250,false,פחית בקרדי מוחיטו 25,בקרדי מרטיני,BE,פחית בקרדי מוחיטו 250 מל,מיליליטרים,250.00,"100 מ""ל",false,1,14.90,0.0596,true,1,234122
7610113015797,false,בריזר סלצזר פטל ליים,"איי, בי, אינבוו",BE,בריזר סלצזר פטל ליים 250 מל פחית,מיליליטרים,250.00,"100 מ""ל",false,1,14.90,0.0596,true,1,236265
7610400014649,false,שוקולד לינדור חלב 10,לינדט ושפרונגלי,,שוקולד לינדור חלב 100 גרם,גרמים,100.00,100 גרם,false,1,17.50,0.1750,true,1,9319
7610400030632,false,לינדור וואיט,לינדט ושפרונגלי איי,,לינדור וואיט,גרמים,200.00,100 גרם,false,1,34.90,0.1745,true,1,182733
7610400066037,false,בונבוניירה לינדור סט,"לינדט ושפרונגלי, קלי",,בונבוניירה לינדור סטרטצלה 200 גרם,גרמים,200.00,100 גרם,false,1,34.90,0.1745,true,1,182734
7610400068369,false,שוקולד לינדור אגוזים,לינדט ושפרונגלי,,לינדט לינדור שוקולד חלב שוויצרי ואגוזים 100 גר',גרמים,100.00,100 גרם,false,1,17.50,0.1750,true,1,56789
7610400068505,false,בונבוניירה לינדור מי,לינדט ושפרונגלי,,בונבוניירה לינדור מילק 200 גרם,גרמים,200.00,100 גרם,false,1,34.90,0.1745,true,1,59004
7610400068529,false,בונבוניירה לינדור קו,לינדט ושפרונגלי,,בונבוניירה לינדור קורנה 200 גרם,גרמים,200.00,100 גרם,false,1,34.90,0.1745,true,1,196923
7610400074155,false,שוקולד לינדור מריר 6,"לינדט ושפרונגלי, CH-",,שוקולד לינדור מריר 60%  100 גרם,גרמים,100.00,100 גרם,false,1,17.50,0.1750,true,1,56790
7610400075770,false,לינדט לגרנד דארק הזל,לינדט ושפרונגלי,CH,לינדט לגרנד דארק הזלנט 150 גרם,גרמים,150.00,100 גרם,false,1,24.90,0.1660,true,1,240169
7610400075787,false,לינדט לגרנד מילק הזל,"לינדט ושפרונגלי, קיל",CH,לינדט לה גרנד - שוקולד חלב עם אגוזי לוז 150 גר',גרמים,150.00,100 גרם,false,1,24.90,0.1660,true,1,240170
7610400091060,false,שוקולד לינדט אקסלנס,לינדט ושפרונגלי,,שוקולד לינדט אקסלנס תפוז 100 גרם,גרמים,100.00,100 גרם,false,1,14.90,0.1490,true,1,212260
7612800209694,false,סיגריות לאקי סטרייק,BAT,,סיגריות לאקי סטרייק אדום חפיסה בודד,יחידה,1.00,יחידה,false,1,32.50,32.5000,false,1,200293
7613030979647,false,דגני בוקר טריקס 480,ג'נרל מילס סאן אדריא,IL,טריקס 12*480גרם 2018,גרמים,480.00,100 גרם,false,1,26.90,0.0560,true,1,202434
7613032045753,false,דגני פיטנס שוקולד 37,הנסיך- מפעל לייצור ט,FR,פיטנס שוקולד 16*375גרם 2017,גרמים,375.00,100 גרם,false,1,21.90,0.0584,true,1,48657
7613033548192,false,דגני בוקר פיטנס שוקו,הנסיך- מפעל לייצור ט,FR,פיטנס שוקולד מריר 16*375גרם 2017,גרמים,375.00,100 גרם,false,1,21.90,0.0584,true,1,77791
7613035379817,false,דנטלייף גזע קטן115גר,פורינה,US,דנטלייף גזע קטן115גרם,גרמים,115.00,100 גרם,false,1,14.90,0.1296,true,1,235926
7613035619050,false,חמשושים מפלצות,שוורצקוף& הנקל דיסלד,ES,חמשושים מפלצות 18*75מל,גרמים,80.00,100 גרם,false,1,7.90,0.0988,true,1,196651
7613035807778,false,רוטב עגבניות לבולונז,נסטלה ספרד,ES,פרפקטו רוטב עגבניות לבולונז 6*400גרם,גרמים,400.00,100 גרם,false,1,10.90,0.0273,true,1,197233
7613035809109,false,רוטב עגבניות ובזיליק,נסטלה ספרד,ES,פרפקטו רוטב עגבניות ובזיליקום 6*400גרם,גרמים,400.00,100 גרם,false,1,10.90,0.0273,true,1,197236
7613035809123,false,רוטב עגבניות עם פלפל,נסטלה ספרד,ES,פרפקטו רוטב עגבניות עם פלפלים 6*400גרם,גרמים,400.00,100 גרם,false,1,10.90,0.0273,true,1,197235
7613035809857,false,רוטב עגבניות לפסטה פ,נסטלה ספרד,ES,פרפקטו רוטב עגבניות לפסטה ולבישול 6*400ג,גרמים,400.00,100 גרם,false,1,10.90,0.0273,true,1,197234
7613036120395,false,ONE כלב מידמקסי בקר,פורינה,US,ONE כלב מידמקסי בקר 2.5קג,קילוגרמים,2.50,"ק""ג",false,1,84.90,33.9600,true,1,210495
7613036280327,false,פחית פרייה גוס א דוב,נסטלה ווטרס ספלאי,FR,פרייבה אנד ג'וס אפרסק דובדבן פחית,מיליליטרים,250.00,"100 מ""ל",false,1,8.50,0.0340,true,1,214474
7613036520492,false,פרפקטו רוטב עגבניות,ביוטוני ספרד,ES,פרפקטו רוטב עגבניות לפיצה 6*400גרם,גרמים,400.00,100 גרם,false,1,10.90,0.0273,true,1,214655
7613036576734,false,חמישייה קרחוני שרבט,פרונרי איבריה ס.ל,ES,נסטלה חמשושים חדש 18*60גרם,גרמים,60.00,100 גרם,false,1,7.90,0.1317,true,1,205018
7613036725309,false,דנטלייף חתול עוף 40,פורינה,US,דנטלייף חתול עוף 40 גרם,גרמים,40.00,100 גרם,false,1,9.90,0.2475,true,1,235929
7613036880879,false,גרבר מחית תפוח עץ 19,מטרנה,IL,גרבר מחית תפוח עץ 190 גרם,גרמים,190.00,100 גרם,false,1,6.90,0.0363,true,1,211484
7613037811629,false,גו פרי קורנפלקס 500ג,שוורצקוף& הנקל דיסלד,IL,גו פרי קורנפלקס 7*500גרם,גרמים,500.00,100 גרם,false,1,13.90,0.0278,true,1,214335
7613287325822,false,רוטב מיקס לחיץ 295 ג,אסם,PL,רוטב מיקס לחיץ 295 גרם,גרמים,295.00,100 גרם,false,1,14.90,0.0505,true,1,235948
7613287325853,false,רוטב ספייסי איולי לח,נסטלה פולין,PL,רוטב ספייסי איולי לחיץ 295 גרם,גרמים,295.00,100 גרם,false,1,14.90,0.0505,true,1,235947
7613287325952,false,רוטב ברביקיו אסם לחי,דפטונה פולין,PL,רוטב ברביקיו אסם לחיץ 295 גרם,גרמים,295.00,100 גרם,false,1,14.90,0.0505,true,1,235951
7613287325983,false,רוטב סלסה אסם לחיץ 2,דפטונה פולין,PL,רוטב סלסה אסם לחיץ 295 גרם,גרמים,295.00,100 גרם,false,1,14.90,0.0505,true,1,235950
7613287394323,false,דגני מולטי צירייס נ,CPU,GB,דגני מולטי צירייס נסטלה 600גרם,גרמים,600.00,100 גרם,false,1,26.90,0.0448,true,1,215882
7613287476494,false,מיונז אסם לחיץ 295 ג,נסטלה פולין,PL,מיונז אסם לחיץ 295 גרם,גרמים,295.00,100 גרם,false,1,14.90,0.0505,true,1,235949
7613287476678,false,סינימיניס צורוס  360,נסטלה אוונקה,PT,סינימיניס צורוס  360גרם,גרמים,360.00,100 גרם,false,1,26.90,0.0747,true,1,235176
7613287654151,false,קראנץ כריות שוקו בננ,סי.פי צרפת,FR,קראנץ כריות שוקו בננה  385גרם,גרמים,385.00,100 גרם,false,1,26.90,0.0699,true,1,235144
7616500553484,false,פריי שוקולד מריר 78%,פריי,CH,פריי שוקולד מריר 78% 100 גרם,גרמים,100.00,100 גרם,false,1,9.90,0.0990,true,1,46537
7622010001858,false,עוגיות אוראו ממולאות,פי אר ג'יי אס אי מנד,UA,עוגיות אוראו ממולאות קרם וניל 176 גר',גרמים,176.00,100 גרם,false,1,9.90,0.0563,true,1,196189
7622201127206,false,ממרח שוקולד מילקה  3,"נטרה מלה אנ.וי,",BE,ממרח שוקולד מילקה 350 גרם,גרמים,350.00,100 גרם,false,1,17.90,0.0511,true,1,234010
7622201127367,false,מילקה אוריאו מיניס ל,"נארז ע""י : א.ג. גילר",UA,מילקה אוריאו מיניס לבן 153 גרם,גרמים,153.00,100 גרם,false,1,16.90,0.1105,true,1,233078
7622201127398,false,מילקה אוריאו מיניס א,"איטיליאן פוד, אס.פי.",UA,מילקה אוראו מיניס אורגינל 153 גרם,גרמים,153.00,100 גרם,false,1,16.90,0.1105,true,1,215755
7622201137052,false,מילקה מיני קוקיז 110,מנדלז סי.אר. פרודקשן,ES,מילקה מיני קוקיז 110 גרם,גרמים,110.00,100 גרם,false,1,8.90,0.0809,true,1,215501
7622201401900,false,עוגיות מילקה סנסיישן,גוד פוד פרודקטס S.p,PL,עוגיות מילקה סנסיישן אוראו 156 גרם,גרמים,156.00,100 גרם,false,1,13.90,0.0891,true,1,214375
7622201502515,false,מילקה קוקי לופ 132 ג,מונדלייז,,מילקה קוקי לופ 132 גרם,גרמים,132.00,100 גרם,false,1,13.90,0.1053,true,1,236266
7622201801809,false,שוקולד חלב אגוזים מי,מנדלז דויצ'לנד סנקס,DE,מילקה שוקוד חלב עם אגוזי לוז 100 גרם,גרמים,100.00,100 גרם,false,1,6.90,0.0690,true,1,235108
7622201802363,false,שוקולד חלב אגוז וצימ,מנדלז דויצ'לנד סנקס,DE,מילקה שוקולד חלב עם צימוקים ואגוזים 100 גר',גרמים,100.00,100 גרם,false,1,6.90,0.0690,true,1,235107
7622201802394,false,שוקולד חלב מילקה 100,מנדלז דויצ'לנד סנקס,DE,מילקה חלב מסרונים 100 גרם,גרמים,100.00,100 גרם,false,1,6.90,0.0690,true,1,235106
7622201813390,false,מילקה וואפל במילוי ק,מונדליז סי.אר. ביסקו,,מילקה וואפל במילוי קרם קקאו 150 גרם,גרמים,150.00,100 גרם,false,1,16.90,0.1127,true,1,215487
7622201819552,false,מילקה דארק 85 גרם חד,מונדלייז,DE,מילקה דארק 85 גרם חדש,גרמים,85.00,100 גרם,false,1,8.50,0.1000,true,1,236269
7622210597915,false,מילקה לבבות פרלינים,"איטיליאן פוד, אס.פי.",BG,מילקה לבבות פרלינים 110 גרם,גרמים,110.00,100 גרם,false,1,11.90,0.1082,true,1,214311
7622210635105,false,אוראו תות 154 גרם,מונדלז אספנה גאלטס פ,ES,אוראו תות 154 גרם,גרמים,154.00,100 גרם,false,1,7.90,0.0513,true,1,210976
7622210637994,false,אוראו ביס קראנצי אור,"איטיליאן פוד, אס.פי.",ES,אוראו קראנצ'י בייטס מצופים 110 גרם,גרמים,110.00,100 גרם,false,1,8.90,0.0809,true,1,214946
7622210638021,false,אוראו ביס קראנצי בצי,"איטיליאן פוד, אס.פי.",ES,אוראו קראנצ'י בייטס מצופים 110 גרם,גרמים,110.00,100 גרם,false,1,8.90,0.0809,true,1,214947
7622210826053,false,ט שוקולד מילקה אוראו,גיאורי קאקסז קייאףטי,HU,שוקולד מילקה אוראו סנדביץ 92 גרם,גרמים,92.00,100 גרם,false,1,6.90,0.0750,true,1,214662
7622210835338,false,עוגיות אוראו בראוניז,"איטיליאן פוד, אס.פי.",ES,עוגיות אוראו בראוניז 176 גרם,גרמים,176.00,100 גרם,false,1,9.90,0.0563,true,1,207257
7622300200237,false,מילקה שוקולד חלב 250,תאי פרזידנט פוד פאבל,AT,מילקה שוקולד חלב 250 גר',גרמים,250.00,100 גרם,false,1,12.90,0.0516,true,1,80974
7622300315283,false,"אוראו וניל בד""צ 154","מונדלז CR פרודקשיין,",UA,"אוראו וניל בד""צ 154 גרם",גרמים,154.00,100 גרם,false,1,7.90,0.0513,true,1,235109
7622300340285,false,פילדלפיה 22% שומן 17,דולפין ספא,DE,גבינת שמנת 21% שומן,גרמים,175.00,100 גרם,false,1,14.90,0.0851,true,1,203135
7622300340292,false,פילדלפיה מופחת שומן,דולפין ספא,DE,גבינת שמנת מופחתת שומן 11% שומן,גרמים,175.00,100 גרם,false,1,14.90,0.0851,true,1,203136
7622300489427,false,עוגיות אוראו פאדג שו,"איטיליאן פוד, אס.פי.",ES,עוגיות אוראו בציפוי בטעם שוקולד לבן 246 גר',גרמים,246.00,100 גרם,false,1,17.90,0.0728,true,1,202538
7622300489434,false,עוגיות אוראו פאדג שו,"איטיליאן פוד, אס.פי.",ES,עוגיות אוראו פאדג שוקולד חלב 246 גרם,גרמים,246.00,100 גרם,false,1,17.90,0.0728,true,1,202539
7622300495046,false,שוקולד חלב אקסטרא קק,מנדלז דויצ'לנד סנקס,DE,מילקה שוקולד חלב עם אקסטרה קקאו 100 גרם,גרמים,100.00,100 גרם,false,1,7.50,0.0750,true,1,87006
7622300617820,false,שוקולד חלב אוראו מיל,מנדלז דויצ'לנד סנקס,DE,שוקולד חלב אוראו מילקה 100 גרם,גרמים,100.00,100 גרם,false,1,6.90,0.0690,true,1,86211
7622300756413,false,פילדלפיה 20% שומן עם,דולפין ספא,DE,פילדלפיה גבינת שמנת עם עשבי תיבול 20% שומן 175 גרם,גרמים,175.00,100 גרם,false,1,14.90,0.0851,true,1,203137
7622400005190,false,שוקולד חלב חום לבן מ,מונדלייז,DE,שוקולד חלב חום לבן מילקה 100 גרם,גרמים,100.00,100 גרם,false,1,6.90,0.0690,true,1,60188
7630477891592,false,סטארבקס קפסולות האוס,נסטלה נספרסו,CH,סטארבקס קפסולות האוס בלנד 57 גרם,גרמים,57.00,100 גרם,false,1,21.90,0.3842,true,1,235133
7630477891714,false,סטארבקס קפסולות אספר,נסטלה נספרסו,CH,סטארבקס קפסולות אספרסו 57 גרם,גרמים,57.00,100 גרם,false,1,21.90,0.3842,true,1,235134
7630477891738,false,סטארבקס קפסולות אספר,נסטלה נספרסו,CH,סטארבקס קפסולות אספרסו בלונד 53 גרם,גרמים,53.00,100 גרם,false,1,21.90,0.4132,true,1,235132
7640175743451,false,פחית גין בומביי   טו,בקרדי מרטיני,BE,פחית גין בומביי   טוניק 250 מל,מיליליטרים,250.00,"100 מ""ל",false,1,14.90,0.0596,true,1,235086
7702018405145,true,גילט גל גילוח סירייס,P&G,DE,"ג'ילט סירייס  ג'ל גילוח להגנה 200 מ""ל.",Unknown,0.00,Unknown,false,1,13.90,0.0000,true,1,230050
7702018462032,false,גילט מאך 3 רביעיות ס,פרוקטור אנד גמבל,DE,גילט מאך 3 רביעיות סטארט,יחידה,1.00,יחידה,false,1,29.90,29.9000,true,1,212930
7702018471423,false,גילט פיוזן רביעיות ס,פרןקטר אנד גמבל ברלי,PL,גילט פיוזן רביעיות סטארט,יחידה,1.00,יחידה,false,1,39.90,39.9000,true,1,230618
7702024258322,false,פיטנס חטיפי קרקר ציה,יוליניבר,CO,פיטנס חטיפי קרקר ציה ופישתן 234 גרם,גרמים,234.00,100 גרם,false,1,12.90,0.0551,true,1,212784
7702174068826,false,לקקן יוגטה בטעם פירו,הדקלאים אגודת שיתופי,CO,"לקקן יוגטה בטעם פירות 12 יח            """,גרמים,216.00,100 גרם,false,1,10.90,0.0505,true,1,86073
7702174070201,false,לקקן בטעם מסטיק טופי,הדקלאים אגודת שיתופי,CO,לקקן בטעם מסטיק ממולא טופי בטעם תות 216 גרם,גרמים,216.00,100 גרם,false,1,10.90,0.0505,true,1,86380
7750526001786,false,אינקה ציפס ירקות שור,יאנג שינג,US,אינקה ציפס ירקות שורש אוריגינל 142גרם,גרמים,142.00,100 גרם,false,1,19.90,0.1401,true,1,232516
7792860006218,false,סוכריות לקקן בייבי ד,לריטייר,AR,"סוכריות בייבי דול, 24 גרם",גרמים,20.00,100 גרם,false,1,2.60,0.1300,true,1,9397
7804414000860,false,יין דון חוליו קברנה,,,דון חוליו יין 13.5% אדום יבש קברנה סובניון 2016,מיליליטרים,750.00,"100 מ""ל",false,1,32.90,0.0439,true,1,9400
7804414000884,false,יין דון חוליו שרדונה,יקב,,דון חוליו יין 12% לבן יבש שרדונה 2017,מיליליטרים,750.00,"100 מ""ל",false,1,32.90,0.0439,true,1,9402
7891024136805,false,קולגייט מי פה פלאקס,קולגייט פלמוליב,BR,קולגייט פלאקס שטיפת פה 500 מל,מיליליטרים,500.00,"100 מ""ל",false,1,36.90,0.0738,true,1,193213
7891024179482,false,שטיפת פה אופטיק וייט,יבואן ומשווק: ש. שסט,PL,קולגייט מי פה אופטיק וייט 500 מל,מיליליטרים,500.00,"100 מ""ל",false,1,31.90,0.0638,true,1,86540
8000215204219,false,משקה אורז אורגני ויט,בטר אנד דיפרנט,IT,משקה אורז אורגני 1 ליטר,ליטרים,1.00,ליטר,false,1,13.90,13.9000,true,1,68914
8000215204240,false,משקה שקדים ואורז אור,בטר אנד דיפרנט,IT,משקה שקדים ואורז אורגני 1 ליטר,ליטרים,1.00,ליטר,false,1,13.90,13.9000,true,1,68915
8000215204264,false,משקה אורז אורגני ויט,בטר אנד דיפרנט,IT,ויטריז משקה אורז אישי 200 מל,מיליליטרים,200.00,"100 מ""ל",false,1,4.90,0.0245,true,1,202965
8000215204271,false,משקה אורז ושקדים ויט,"נטורפוד בע""מ",IT,"משקה אורז ושקדים ויטריז 200 מ""ל",מיליליטרים,200.00,"100 מ""ל",false,1,4.90,0.0245,true,1,188642
8000215204370,false,תחליף שמנת צמחי לביש,ויטריז,IT,תחליף שמנת צמחי לבישול אורגני ויטריז 200,מיליליטרים,200.00,"100 מ""ל",false,1,6.90,0.0345,true,1,202966
8000215204394,false,משקה אגוזי לוז ואורז,בטר אנד דיפרנט,US,משקה אגוזי לוז ואורז אורגני 1 ליטר,ליטרים,1.00,ליטר,false,1,17.90,17.9000,true,1,186107
8000215204554,true,משקה אורז קוקוס אורג,בטר אנד דיפרנט,IT,ויטאריז אורז עם קוקוס אורגני 1 ליטר,ליטרים,1.00,ליטר,false,1,13.90,13.9000,true,1,202964
8000215204561,false,משקה שקדים אורגני VI,בטר אנד דיפרנט,IT,ויטאסי משקה שקדים אורגני 1 ליטר,ליטרים,1.00,ליטר,false,1,16.90,16.9000,true,1,206193
8000215204653,false,ויטסי - משקה סויה או,בטר אנד דיפרנט,IT,ויטאסי משקה סויה אורגני,ליטרים,1.00,ליטר,false,1,11.90,11.9000,true,1,210874
8000215204677,false,ויטריז משקה שיבולת ש,ויטריז,IT,ויטריז משקה שיבולת שועל בריסטה אורגני 1ל,ליטרים,1.00,ליטר,false,1,13.90,13.9000,true,1,236872
8000215204714,false,משקה שיבולת שועל אור,בטר אנד דיפרנט,IT,פרימאבנה משקה שיבולת שועל אורגני 1 ליטר,ליטרים,1.00,ליטר,false,1,13.90,13.9000,true,1,186108
8000380003723,false,ופל גרנד פטיסרי אגוז,קריניציה ויטמינה אס,IT,ופל גרנד פטיסרי אגוזים 100 גרם,גרמים,100.00,100 גרם,false,1,12.90,0.1290,true,1,9510
8000380003761,false,ופל גרנד פטיסרי קוקו,קריניציה ויטמינה אס,IT,לואקר גרנד פטיסרי קוקוס 100 גרם,גרמים,100.00,100 גרם,false,1,12.90,0.1290,true,1,9511
8000380004669,false,ופל סנדויץ קקאו לואק,"א. לואקר, קונפקט ג'י",AT,ופל סנדויץ קקאו לואקר 200 גרם,גרמים,200.00,100 גרם,false,1,14.90,0.0745,true,1,59162
8000380004676,false,ופל סנדויץ קרם וניל,"אינסטנטה בע""מ",AT,ופל סנדויץ קרם וניל לואקר 200 גרם,גרמים,200.00,100 גרם,false,1,14.90,0.0745,true,1,9512
8000380004911,false,ופל קואדרטיני אגוז 2,קריניציה ויטמינה אס,AT,קוארדטיני אגוז 250 גר',גרמים,250.00,100 גרם,false,1,14.90,0.0596,true,1,9513
8000380004966,false,ופל קואדרטיני קקאו 2,קריניציה ויטמינה אס,AT,קוארדטיני שוקולד 250 גר',גרמים,250.00,100 גרם,false,1,14.90,0.0596,true,1,9514
8000380007257,false,ופל מצופה שוקולד גרד,קריניציה ויטמינה אס,IT,לואקר גרנדה אגוז 200 גר',גרמים,200.00,100 גרם,false,1,14.90,0.0745,true,1,9516
8000380007264,false,ופל קקאו לואקר 175 ג,קריניציה ויטמינה אס,AT,לואקר קלאסיק קקאו 175 גרם,גרמים,175.00,100 גרם,false,1,10.90,0.0623,true,1,12710
8000380106028,false,טורטינה אורגינל שישי,קריניציה ויטמינה אס,IT,טורטינה 1/6 חדש,גרמים,125.00,100 גרם,false,1,22.90,0.1832,true,1,46011
8000380153442,false,ופל אגוז לואקר 90 גר,לואקר,,ופל אגוז לואקר 90 גרם,גרמים,90.00,100 גרם,false,1,7.90,0.0878,true,1,87457
8000380155699,false,טורטינה לבן,קריניציה ויטמינה אס,IT,טורטינה 1/3 לבן,גרמים,63.00,100 גרם,false,1,12.90,0.2048,true,1,188117
8000380180837,false,גרנד פטיסרי במילוי ק,"אינסטנטה בע""מ",IT,גרנד פטיסרי במילוי קרם קוקוס ובציפוי שוק,גרמים,100.00,100 גרם,false,1,12.90,0.1290,true,1,196994
8000380205400,false,קוואדרטיני חמאת בוטנ,לואקר,IT,קוואדרטיני חמאת בוטנים 250 גרם,גרמים,250.00,100 גרם,false,1,14.90,0.0596,true,1,238690
8000500009673,false,בונבוניירה רושר 300,קדבורי,IT,בונבוניירה רושר 300 גרם,גרמים,300.00,100 גרם,false,1,49.90,0.1663,true,1,25402
8000500023624,false,קינדר הפי היפו קקאו,קדבורי,DE,קינדר הפי היפו קקאו 105 גר,גרמים,102.00,100 גרם,false,1,14.90,0.1461,true,1,46138
8000500023976,false,בונבוניירה רפאלו 150,פררו,PL,כדור וופל בציפוי קוקוס פריך במילוי קרם ושקד שלם,גרמים,150.00,100 גרם,false,1,19.90,0.1327,true,1,9517
8000500026731,false,ביצי הפתעה מצופה שוק,קדבורי,IT,ביצת הפתעה  קינדר שלישייה,גרמים,64.00,100 גרם,false,1,15.90,0.2484,true,1,9518
8000500032237,false,פררו רושה  375 גרי,קדבורי,IT,פררו רושה  375 גרי,גרמים,375.00,100 גרם,false,1,46.90,0.1251,true,1,22066
8000500037874,false,בונבוניירה רושר אריז,פררו,IT,בונבוניירה רושר אריזה דקורטיבית 200 גרם,גרמים,200.00,100 גרם,false,1,29.90,0.1495,true,1,9521
8000500071083,false,שוקולד קינדר אריזה ד,קדבורי,IT,אצבעות שוקולד קינדר 200 גר,גרמים,200.00,100 גרם,false,1,12.90,0.0645,true,1,9522
8000500094976,false,בונב.רושה קונוס 212,פררו,IT,בונב.רושה קונוס 212 גרם,גרמים,212.00,100 גרם,false,1,39.90,0.1882,true,1,85160
8000500126325,false,שלישיית קינדר גוי ור,פררו,ZA,קינדר ג'וי ורוד שלישייה,גרמים,60.00,100 גרם,false,1,15.90,0.2650,true,1,185292
8000500164242,false,רפאלו  70 גרם,קדבורי,PL,רפאלו  70 גרם,גרמים,70.00,100 גרם,false,1,12.90,0.1843,true,1,229089
8000500227848,true,נוטלה בי רדי שישיה 1,קדבורי,IT,נוטלה בי רדי שישיה 132 גרם,גרמים,132.00,100 גרם,false,1,13.90,0.1053,true,1,206010
8000500247150,true,פררו קולקשיין 172  ג,קדבורי,DE,פררו קולקשיין 172  גרי,גרמים,172.00,100 גרם,false,1,29.90,0.1738,true,1,211598
8000500249352,false,חטיפי בואנו מיני מיק,קדבורי,PL,קינדר בואנו מיני מיקס,גרמים,205.00,100 גרם,false,1,21.90,0.1068,true,1,206016
8000500256213,false,שוקולד קינדר מיני 12,קדבורי,IT,קינדר שוקולד מיני 120 גרם,גרמים,120.00,100 גרם,false,1,12.90,0.1075,true,1,211606
8000500267103,true,קינדר דליס עשיריה,קדבורי,IT,קינדר דליס עוגת ספוג קקאו במילוי חלבי 390 גרם,גרמים,390.00,100 גרם,false,1,20.90,0.0536,true,1,206009
8000500269169,false,קינדר קארדס חמישיה 1,פררו,IT,קינדר קארדס חמישיה 128 גרם,גרמים,128.00,100 גרם,false,1,13.90,0.1086,true,1,240076
8000500386941,false,ממרח אגוזי לוז  עם ק,קדבורי,IT,ממרח אגוזי לוז  עם קקאו נוטלה  900גרם,גרמים,900.00,100 גרם,false,1,33.90,0.0377,true,1,238207
8000700000050,false,סבון מוצק לבן  דאב ר,יוניליוור גרמניה (מנ,DE,סבון מוצק לבן  דאב רביעייה,גרמים,400.00,100 גרם,false,1,13.90,0.0348,true,1,9533
8000920704974,false,גלידה שורטי שוקולד ב,מוצרי איכות אמריקאיי,,"גלידה שורטי שוקולד בראוניס  150 מ""ל",מיליליטרים,150.00,"100 מ""ל",false,1,10.90,0.0727,true,1,24400
8000920704998,false,גלידה שורטי בצק עוגי,מוצרי איכות אמריקאיי,IL,בצק עוגיות 150 מ'ל - שורטי,מיליליטרים,150.00,"100 מ""ל",false,1,8.90,0.0593,true,1,24402
8001010033721,false,רוטב פסטו חדש 135 גר,,,רוטב פסטו חדש 135 גרם PONTI,גרמים,135.00,100 גרם,false,1,13.90,0.1030,true,1,207569
8001090016003,true,פיירי טב למדיח 84 יח,קדבורי,BE,פיירי אוריגינל קפסולות למדיח כלים 84 יחידות,Unknown,0.00,Unknown,false,1,59.90,0.0000,true,1,223753
8001090222756,true,הרבל אסנסס מרכך שמן,קדבורי,FR,הרבל אסנסס מרכך שמן מורינגה,Unknown,0.00,Unknown,false,1,19.90,0.0000,true,1,230061
8001090222848,true,הרבל אסנסס שמפו שיקו,קדבורי,FR,"הרבל אסנסס שמפו שיקום שמן ארגן 400 מ""ל",Unknown,0.00,Unknown,false,1,19.90,0.0000,true,1,230062
8001090336408,false,פמפרס בייבי דריי מיד,קדבורי,DE,פמפרס בייבי דריי מידה 3 38 יחידות,לא מנהל יחידת מידה,0.00,לא מנהל יחידת מידה,false,1,35.90,0.0000,true,1,211136
8001090336446,false,פמפרס בייבי דריי מיד,קדבורי,DE,פמפרס בייבי דריי מידה 4 34 יחידות,לא מנהל יחידת מידה,0.00,לא מנהל יחידת מידה,false,1,35.90,0.0000,true,1,211137
8001090336491,false,פמפרס בייבי דריי מיד,קדבורי,DE,פמפרס בייבי דריי מידה 4+ 31 יחידות,לא מנהל יחידת מידה,0.00,לא מנהל יחידת מידה,false,1,35.90,0.0000,true,1,211138
8001090336521,false,פמפרס בייבי דריי מיד,קדבורי,DE,פמפרס בייבי דריי מידה 5 30 יחידות,לא מנהל יחידת מידה,0.00,לא מנהל יחידת מידה,false,1,35.90,0.0000,true,1,211139
8001090336606,false,פמפרס בייבי דריי מיד,קדבורי,DE,פמפרס בייבי דריי מידה 6 26 יחידות,לא מנהל יחידת מידה,0.00,לא מנהל יחידת מידה,false,1,35.90,0.0000,true,1,211140
8001090721129,false,אריאל קפסולות לכביסה,פרוקטר אנד גמבל,FR,אריאל קפסולות לכביסה צבעונית,יחידה,1.00,יחידה,false,1,39.90,39.9000,true,1,209281
8001090745903,false,אבקת כביסה טייד אלפי,קדבורי,,"טייד אבקת כביסה אלפיין פרש 4 ק""ג",קילוגרמים,3.00,"ק""ג",false,1,36.90,12.3000,true,1,204504
8001090810083,false,פנטן קונדישנר נוסחה,קדבורי,RO,"פנטן קונדישנר נוסחה קלאסית 500 מ""ל",מיליליטרים,500.00,"100 מ""ל",false,1,18.90,0.0378,true,1,205094
8001090810205,false,פנטן שמפו נוסחה קלאס,קדבורי,RO,"פנטן שמפו הנוסחה הקלאסית 500 מ""ל",מיליליטרים,500.00,"100 מ""ל",false,1,18.90,0.0378,true,1,205093
8001090810403,false,פנטן שמפו למגע רך כמ,קדבורי,RO,פנטן שמפו למגע רך כמשי 500 מל,מיליליטרים,500.00,"100 מ""ל",false,1,18.90,0.0378,true,1,205091
8001090833167,false,אריאל גל כביסה ניחוח,,FR,אריאל ג'ל כביסה ניחוח הרים 2.365 ליטר,ליטרים,2.37,ליטר,false,1,36.90,15.5696,true,1,206094
8001090833198,false,אריאל גל כביסה ניחוח,,FR,אריאל ג'ל כביסה ניחוח מרענן 2.365 ליטר,ליטרים,2.37,ליטר,false,1,36.90,15.5696,true,1,206095
8001090891273,false,לנור כדוריות הבושם ב,קדבורי,US,לנור כדוריות הבושם בניחוח סחלב 210 גרם,גרמים,210.00,100 גרם,false,1,29.90,0.1424,true,1,232131
8001090899286,true,תחבושות אולוויז פלטי,פרוקטר אנד גמבל,UA,תחבושות אולוויז פלטינום לילה בטוח 14 יח',Unknown,0.00,Unknown,false,1,18.90,0.0000,true,1,210500
8001090988768,false,פנטן שמפו הזנת קרטין,פרוקטר אנד גמבל,,"פנטן שמפו הזנת קרטין 500 מ""ל",מיליליטרים,500.00,"100 מ""ל",false,1,18.90,0.0378,true,1,205101
8001090988881,false,פנטן קונדישנר למגע ר,פרוקטר אנד גמבל,,"פנטן קונדישנר למגע רך כמשי 500 מ""ל",מיליליטרים,500.00,"100 מ""ל",false,1,18.90,0.0378,true,1,205092
8001090989000,false,פנטן מרכך הזנת קרטין,פרוקטר אנד גמבל,,"פנטן מרכך הזנת קרטין 500 מ""ל",מיליליטרים,500.00,"100 מ""ל",false,1,18.90,0.0378,true,1,205102
8001160001786,false,משקה גטורייד ספורט כ,פארייפאבה אגרואינדוס,IT,"משקה גטורייד ספורט כחול 500 מ""ל",מיליליטרים,500.00,"100 מ""ל",false,1,10.90,0.0218,true,1,85572
8001160001892,false,משקה גטורייד ספורט ת,פארייפאבה אגרואינדוס,IT,גטורייד ספורט תפוז אדום בקבוק 500 תריסר,מיליליטרים,500.00,"100 מ""ל",false,1,10.90,0.0218,true,1,86814
8001505000160,true,מעדן דובדבנים אורגני,אף.סי תבליני בגליל ב,IT,פיור די פרוטה מעדן דובדבנים 250 גרם,גרמים,250.00,100 גרם,false,1,20.90,0.0836,true,1,209184
8001505000498,true,מעדן לימון אורגני,ריג'וני דה אסיאגו,IT,מעדן לימון אורגני 250 גרם,גרמים,250.00,100 גרם,false,1,21.90,0.0876,true,1,209187
8001505001105,true,ממרח אגוזי לוז אורגנ,אף.סי תבליני בגליל ב,IT,ממרח אגוזי לוז אורגני לא חלבי 270 גרם ני,גרמים,270.00,100 גרם,false,1,22.90,0.0848,true,1,202889
8001505001785,false,נוציולטה ביאנקה ממרח,אף.סי תבליני בגליל ב,IT,ממרח 30% אגוזי לוז,גרמים,270.00,100 גרם,false,1,21.90,0.0811,true,1,212291
8001620015612,false,סן בנדטו גזר תפוז לי,"איי, בי, אינבוו",IT,"סן בנדטו גזר תפוז לימון 400 מ""ל",מיליליטרים,400.00,"100 מ""ל",false,1,8.50,0.0213,true,1,215892
8001620019160,false,סן בנדטו אפרסק 400 מ,טמפו,IL,"סן בנדטו אפרסק 400 מ""ל",מיליליטרים,400.00,"100 מ""ל",false,1,8.50,0.0213,true,1,239847
8001620019177,false,סן בנדטו ענבים 400 מ,טמפו,IL,"סן בנדטו ענבים 400 מ""ל",מיליליטרים,400.00,"100 מ""ל",false,1,8.50,0.0213,true,1,239848
8001780499307,false,דובדבני אמרנה 230 גר,FABRRI,IT,דובדבני אמרנה 230 גרם FABBRI,גרמים,230.00,100 גרם,false,1,23.90,0.1039,true,1,213091
8001841019291,false,קפסולות גל לכביסה 3,קדבורי,FR,קפסולות גל לכביסה 3 ב 1 אריאל,לא מנהל יחידת מידה,0.00,לא מנהל יחידת מידה,false,1,19.90,0.0000,true,1,207806
8001841669465,false,אריאל קפסולות 24 יח,קדבורי,FR,אריאל קפסולות 24 יח בניחוח לנור,יחידה,1.00,יחידה,false,1,39.90,39.9000,true,1,233981
8001841715957,false,שולדרס גל רחצה ושמפו,"נארז ע""י : א.ג. גילר",FR,שולדרס ג'ל רחצה ושמפו ניקוי אינטנסיבי 360,מיליליטרים,360.00,"100 מ""ל",false,1,19.90,0.0553,true,1,235184
8001841716312,false,שולדרס גל רחצה ושמפו,פרוקטר & גמבל,FR,"שולדרס גל רחצה ושמפו ספורט, 360 מ""ל",מיליליטרים,360.00,"100 מ""ל",false,1,19.90,0.0553,true,1,235185
8001841716435,false,שולדרס גל רחצה ושמפו,"נארז ע""י : א.ג. גילר",FR,"שולדרס ג'ל רחצה ושמפו לעור רגיש 360 מ""ל",מיליליטרים,360.00,"100 מ""ל",false,1,19.90,0.0553,true,1,235186
8001841716596,false,הד שולדרס גל רחצה וש,"נארז ע""י : א.ג. גילר",FR,"הד שולדרס גל רחצה ושמפו מרענן 360 מ""ל",מיליליטרים,360.00,"100 מ""ל",false,1,19.90,0.0553,true,1,235187
8001841958460,false,פיירי טבליות למדיח 4,קדבורי,BE,פיירי אוריגינל קפסולות למדיח כלים 48 יחידות,לא מנהל יחידת מידה,0.00,לא מנהל יחידת מידה,false,1,44.90,0.0000,true,1,234338
8001943549122,true,מטבעות צוקטה חלב,ואל קור קורסניני אס,IT,מטבעות צוקטה חלב,לא מנהל יחידת מידה,0.00,לא מנהל יחידת מידה,false,1,4.90,0.0000,true,1,203771
8002267016475,false,צוקטה ביצי שוקולד בו,מולינו ניקולי s.p.a,IT,צוקטה 3 ביצי שוקולד חלב עם הפתעות 60 גרם,גרמים,60.00,100 גרם,false,1,12.90,0.2150,true,1,230980
8002270436581,true,סן פלגרינו פלסטיק מו,"איי, בי, אינבוו",IT,"סן פלגרינו פלסטיק מוגז שישייה 500 מ""ל",ליטרים,3.00,ליטר,false,1,32.90,10.9667,true,1,228459
8002270576645,false,סן פלגרינו אורגני לי,סן פלגרינו,IT,"סן פלגרינו לימון 200 מ""ל 24 יח'",מיליליטרים,200.00,"100 מ""ל",false,1,6.50,0.0325,true,1,210862
8002270846472,false,סן פלגרינו פלאסטיק ב,"איי, בי, אינבוו",IT,"סן פלגרינו מוגז פלסטיק 500 מ""ל 24 יחידות",מיליליטרים,500.00,"100 מ""ל",false,1,6.20,0.0124,true,1,88216
8002270866524,false,סן פלגרינו מים,פארייפאבה אגרואינדוס,IT,סן פלגרינו 1 ליטר בקבוק פלסטיק,ליטרים,1.00,ליטר,false,1,9.60,9.6000,true,1,88097
8002450204009,false,יין מבעבע ורדי אפרסק,"איי, בי, אינבוו",IT,ורדי ספרקלטיני אפרסק 750 מל,מיליליטרים,750.00,"100 מ""ל",false,1,29.90,0.0399,true,1,60252
8002450206003,false,יין מוגז ורדי רימוני,"איי, בי, אינבוו",IT,ורדי ספרקלטיני רימונים 750 מל,מיליליטרים,750.00,"100 מ""ל",false,1,29.90,0.0399,true,1,56793
8002503213682,false,חטיף גרנה פדנו 80גרם,,FR,חטיף גרנה פדנו 80גרם,גרמים,80.00,100 גרם,false,1,25.90,0.3237,true,1,237421
8002920016903,false,LADORIA עגבניות מרוס,,IT,LADORIA עגבניות מרוסקות  שלישיה 400גרם,גרמים,400.00,100 גרם,false,3,15.90,0.0398,true,1,237708
8002960500165,false,רוטב פומודורינה  830,MENU,IT,רוטב פומודורינה  830גרם MENU,גרמים,830.00,100 גרם,false,1,26.90,0.0324,true,1,213096
8003340091280,false,בונבוניירה לינדור 60,לינדוט ושופרונגלי אי,IT,לינדט לינדור כדורי שוקולד מריר 200 ג',גרמים,200.00,100 גרם,false,1,34.90,0.1745,true,1,59005
8003340098098,false,לינדור סטרוברי 200 ג,לינדט ושפרונגלי אס.פ,IT,לינדור סטרוברי 200 ג,גרמים,200.00,100 גרם,false,1,34.90,0.1745,true,1,196036
8003385310667,false,אנטונלה עגבניות פסאט,אנטונלה,IT,אנטונלה עגבניות פסאטה 680 גרם,גרמים,680.00,100 גרם,false,1,12.90,0.0190,true,1,236355
8003385312883,false,אנטונלה רוטב שקשוקה,אנטונלה,IT,אנטונלה רוטב שקשוקה 680 גרם,גרמים,680.00,100 גרם,false,1,14.90,0.0219,true,1,236356
8003385312906,false,אנטונלה רוטב שקשוקה,אנטונלה,IT,אנטונלה רוטב שקשוקה חריפה 680 גרם,גרמים,680.00,100 גרם,false,1,14.90,0.0219,true,1,236357
8003385312944,false,אנטונלה רוטב לפסטה 6,אנטונלה,IT,אנטונלה רוטב לפסטה 680 גרם,גרמים,680.00,100 גרם,false,1,14.90,0.0219,true,1,236358
8003753158617,false,קפסולות ILLY אספרסו,ג'ייקובס דאו אגרבטס,FR,קפסולות קפה לונגו,גרמים,57.00,100 גרם,false,1,19.90,0.3491,true,1,211717
8004030022010,false,טונה אינסלטיסימי ירק,"איטיליאן פוד, אס.פי.",IT,ריו מר ירקות גינה עם טונה 160 גרם,גרמים,160.00,100 גרם,false,1,18.50,0.1156,true,1,195472
8004030044005,false,טונה בשמן זית ריו מר,"איטיליאן פוד, אס.פי.",IT,ריו מר נתחי טונה בהירה בשמן זית 160 גרם,גרמים,160.00,100 גרם,false,1,18.50,0.1156,true,1,9652
8004030102033,false,ריו מרה טונה בשמן עם,בולטון אלימנטרי,IT,ריו מרה טונה בשמן עם לימון ופלפל 80*3 ג,גרמים,240.00,100 גרם,false,3,27.90,0.1162,true,1,207239
8004030180000,false,טונה בשמן זית ריו מר,בולטון אלימנטרי,IT,טונה בשמן זית ריו מרה שלישיה 240גרם,גרמים,240.00,100 גרם,false,3,27.90,0.1162,true,1,240175
8004030344938,false,טונה בשמן ריו מרה מא,"איטיליאן פוד, אס.פי.",IT,ריו מרה נתחי טונה בהירה בשמן זית 240 גרם,גרמים,240.00,100 גרם,false,1,27.90,0.1162,true,1,197390
8004030860001,false,טונה ריו מרה אינסלטי,"בולטון אלימנטרי בע""מ",IT,ריו מר ירקות עם קוסקוס וטונה 160 גרם,גרמים,160.00,100 גרם,false,1,18.50,0.1156,true,1,197282
8004123004893,true,Basso-שמן מתובל בטעם,באסו,IT,Basso-שמן מתובל בטעם פטריות כמהין 250 מל,מיליליטרים,250.00,"100 מ""ל",false,1,29.90,0.1196,true,1,210063
8004160660304,false,ליקר פרנגליקו,יבואן ומשווק: ש. שסט,IT,פרנג'ליקו ליקר אגוזים 700 מל,מיליליטרים,700.00,"100 מ""ל",false,1,114.90,0.1641,true,1,51402
8004690050507,false,פסטה איטלקית פטוציני,למוליזנה,IT,פסטה איטלקית פטוציני 500 גרם LM,גרמים,500.00,100 גרם,false,1,8.90,0.0178,true,1,213087
8004690052044,false,פסטה פנה למוליזנה,למוליזנה,IT,פסטה איטלקית פנה זיטי ריגטה 500 גרם LM,גרמים,500.00,100 גרם,false,1,8.90,0.0178,true,1,186337
8004690052600,false,פסטה איטלקית קונכיות,למוליזנה,IT,פסטה איטלקית קונכיות ניוקי 500 גרם LM,גרמים,500.00,100 גרם,false,1,7.90,0.0158,true,1,213180
8004690052846,false,פסטה פוסילי למוליזנה,למוליזנה,IT,פסטה איטלקית פוזילי 500 גרם LM,גרמים,500.00,100 גרם,false,1,8.90,0.0178,true,1,186338
8004690053195,false,למוליזנה ריגאטוני,למוליזנה,IT,פסטה איטלקית ריגטוני 500 גרם LM,גרמים,500.00,100 גרם,false,1,8.90,0.0178,true,1,186339
8004690058008,false,פסטה איטלקית גמלי 50,למוליזנה,IT,פסטה איטלקית גמלי 500 גרם LM,גרמים,500.00,100 גרם,false,1,8.90,0.0178,true,1,213085
8004690106600,false,למוליזנה פארפאליה,למוליזנה,IT,פסטה איטלקית פרפאלה 500 גרם LM,גרמים,500.00,100 גרם,false,1,8.90,0.0178,true,1,187027
8004690470022,false,פסטה ספגטי  ללג LM ג,למוליזנה,IT,פסטה ספגטי  ללג LM גרם401,גרמים,400.00,100 גרם,false,1,12.90,0.0323,true,1,214131
8004690470039,false,פסטה פנה  ללג LM גרם,למוליזנה,IT,פסטה פנה  ללג LM גרם400,גרמים,400.00,100 גרם,false,1,12.90,0.0323,true,1,214130
8004800000071,false,לאגו גלילי ופל במילו,לאגו,IT,לאגו גלילי ופל במילוי קרם אגוזי לוז בציפ,גרמים,100.00,100 גרם,false,1,12.90,0.1290,true,1,240078
8004800004802,false,לאגו גלילי ופל מילוי,לאגו,IT,לאגו גלילי ופל מילוי קרם דומדמניות ציפוי,גרמים,100.00,100 גרם,false,1,12.90,0.1290,true,1,240079
8004800004826,false,לאגו פלאסיר וופלים ב,לאגו,IT,לאגו פלאסיר וופלים במילוי קרם קוקוס בציפ,גרמים,98.00,100 גרם,false,1,12.90,0.1316,true,1,240081
8004800005502,false,לאגו מיני רול גלילי,לאגו,IT,לאגו מיני רול גלילי ופל במילוי קרם קקאו,גרמים,125.00,100 גרם,false,1,11.90,0.0952,true,1,240082
8004800005519,false,לאגו מיני רול גלילי,לאגו,IT,לאגו מיני רול גלילי ופל במילוי קרם אגוזי,גרמים,125.00,100 גרם,false,1,11.90,0.0952,true,1,240083
8004800005526,false,לאגו מיני רול גלילי,לאגו,IT,לאגו מיני רול גלילי ופל במילוי קרם קוקוס,גרמים,125.00,100 גרם,false,1,11.90,0.0952,true,1,240084
8005110002243,false,רכז עגבניות בשפורפרת,"איי, בי, אינבוו",IT,רכז עגבניות בשפורפרת  Doppio MUTTI   185,גרמים,185.00,100 גרם,false,1,7.50,0.0405,true,1,213757
8005110060106,false,עגבניות מקולפות MUTT,"איי, בי, אינבוו",IT,עגבניות מקולפות MUTT,גרמים,800.00,100 גרם,false,1,14.90,0.0186,true,1,207565
8005110170300,false,שלישיית עגבניות מרוס,Mutti,IT,שלישיית עגבניות מרוסקות 400 גר MUTTI,גרמים,400.00,100 גרם,false,1,17.90,0.0447,true,1,199152
8005110171215,false,עגבניות חתוכות MUTTI,"איי, בי, אינבוו",IT,קוביות עגבניות מקולפות במיץ,גרמים,690.00,100 גרם,false,1,14.90,0.0216,true,1,207566
8005110191015,false,רסק עגבניות ובזיליקו,"איי, בי, אינבוו",IT,מחית עגבניות קלה עם בזיליקום בתוספת מלח,גרמים,700.00,100 גרם,false,1,14.90,0.0213,true,1,209274
8005110550508,true,שימורי עגבניות שרי,,,שימורי עגבניות שרי,Unknown,0.00,Unknown,false,1,9.90,0.0000,true,1,207567
8005110551253,false,רוטב לפיצה MUTTI 400,"איי, בי, אינבוו",IT,רוטב לפיצה 400 גרם MUTTI,גרמים,400.00,100 גרם,false,1,8.90,0.0223,true,1,213141
8005200256587,false,נסטי אפרסק 1.5 ליטר,פארייפאבה אגרואינדוס,IT,נסטי אפרסק 1.5 ליטר,ליטרים,1.50,ליטר,false,1,11.50,7.6667,true,1,236582
8005200286584,false,נסטי מנגו אננס 1.5 ל,פארייפאבה אגרואינדוס,IT,נסטי מנגו אננס 1.5 ליטר,ליטרים,1.50,ליטר,false,1,11.50,7.6667,true,1,236583
8005200486526,false,"נסטי אפרסק 500 מ""ל",פארייפאבה אגרואינדוס,IT,"נסטי, תה קר בטעם אפרסק 500 מל",מיליליטרים,500.00,"100 מ""ל",false,1,6.90,0.0138,true,1,84343
8005360002185,false,רוטב עגבניות בזיליקו,אף.סי תבליני בגליל ב,IT,רוטב עגבניות אורגני עם בזיליקום 350 גרם,גרמים,350.00,100 גרם,false,1,12.90,0.0369,true,1,206201
8005469981602,false,פילה אנשובי איטלקי ש,,,פילה אנשובי איטלקי שמן חמניות 75 גרם,גרמים,75.00,100 גרם,false,1,15.90,0.2120,true,1,195248
8005803010357,false,גריסיני קלאסי 125 גר,"אינסטנטה בע""מ",IT,גריסיני קלאסי 125 גרם,גרמים,125.00,100 גרם,false,1,8.90,0.0712,true,1,197437
8005803010661,false,גריסיני שומשום 125 ג,"אינסטנטה בע""מ",IT,גריסיני שומשום 125 גרם,גרמים,125.00,100 גרם,false,1,8.90,0.0712,true,1,197439
8006227001372,false,סמנצאטו לחם מחמצת לב,רו. מאר ס.ר.ל,IT,סמנצאטו לחם מחמצת לבן משמן זית 400 גרם ל,גרמים,250.00,100 גרם,false,1,18.90,0.0756,true,1,235920
8006227001389,false,סמנצאטו לחם מחמצת קמ,רו. מאר ס.ר.ל,IT,סמנצאטו לחם מחמצת קמח לבן משמן זית 400 ג,גרמים,250.00,100 גרם,false,1,18.90,0.0756,true,1,235921
8006540019672,false,נוזל כלים פיירי פלטי,פרוקטר & גמבל,GB,נוזל כלים פיירי פלטינום 700 מל,מיליליטרים,700.00,"100 מ""ל",false,1,11.90,0.0170,true,1,240033
8006540112823,false,לנור מרכך מרוכז אוקי,פרוקטר & גמבל,FR,לנור מרכך מרוכז אוקיינוס 900מל,מיליליטרים,900.00,"100 מ""ל",false,1,16.90,0.0188,true,1,233983
8006540425930,false,אריאל קפסולות לכביסה,פרוקטר & גמבל,FR,אריאל קפסולות לכביסה לכמים קשים 24 יחיד,לא מנהל יחידת מידה,0.00,לא מנהל יחידת מידה,false,1,39.90,0.0000,true,1,236585
8007178120310,false,"חומץ בלסמי ג""קובזי 5",פטורייה ג'יאקובאזי ס,IT,"חומץ בלסמי ממודנה 500 מ""ל",מיליליטרים,500.00,"100 מ""ל",false,1,21.90,0.0438,true,1,9708
8007178223547,false,קרם בלסמי מצומצם 250,פארייפאבה אגרואינדוס,IT,קרם בלסמי מצומצם  ממודנה 250 מל,מיליליטרים,250.00,"100 מ""ל",false,1,24.90,0.0996,true,1,192250
8007270999012,false,שמן גרעיני ענבים 1 ל,קרלו,IT,קוסטה דיאורו שמן גרעיני ענבים 1 ליטר,ליטרים,1.00,ליטר,false,1,46.90,46.9000,true,1,199056
8008245004847,false,ממרח אגוזי לוז וקקאו,נאטקו,IT,מובנפיק ממרח שוקולד ואגוזי לוז 300 גרם,גרמים,300.00,100 גרם,false,1,15.90,0.0530,true,1,233204
8008245004861,false,ממרח אגוזי לוז עם חל,יבואן ומשווק: ש. שסט,IT,מובנפיק ממרח חלב עם אגוזי לוז 300 גרם,גרמים,300.00,100 גרם,false,1,15.90,0.0530,true,1,233205
8008660210014,false,מאנז גאסר מעדן ריבה,קריניציה ויטמינה אס,IT,מעדן משמש מנז אנד גאסר,גרמים,300.00,100 גרם,false,1,15.90,0.0530,true,1,196451
8008660210021,false,מאנז גאסר מעדן ריבה,שוורצקוף& הנקל דיסלד,IT,מנז אנד גאסר מעדן דובדבן 320 גרם,גרמים,300.00,100 גרם,false,1,15.90,0.0530,true,1,196452
8008660210038,false,מאנס גאסר מעדן ריבה,קריניציה ויטמינה אס,IT,מאנס גאסר מעדן ריבה תות שדה 300 גרם,גרמים,300.00,100 גרם,false,1,15.90,0.0530,true,1,196449
8008660210045,false,מאנז גאסר מעדן ריבה,שוורצקוף& הנקל דיסלד,IT,"מנז אנד גאסר, מעדן פירות יער 300 גרם",גרמים,300.00,100 גרם,false,1,15.90,0.0530,true,1,196450
8008920150111,false,למברוסקו אמראדורי רו,דונלי,IT,אמרדורי למברוסקו רוזה 750 מל,מיליליטרים,750.00,"100 מ""ל",false,1,26.90,0.0359,true,1,65976
8009149000119,false,"קמח תירס פולנטה 1 ק""",פוקולוקו,,"קמח תירס פולנטה 1 ק""ג",קילוגרמים,1.00,"ק""ג",false,1,14.90,14.9000,true,1,85907
8010024006010,false,חמאת שקדים 100% השקד,תות תעשיות מזון (201,IT,חמאת שקדים,גרמים,350.00,100 גרם,false,1,39.90,0.1140,true,1,198886
8016867002646,true,מגן תחתון ארוך במיוח,corman,IT,מגן תחתון ארוך במיוחד,Unknown,0.00,Unknown,false,1,19.90,0.0000,true,1,223977
8016867007023,false,אורגניק זון - צמרוני,CMC Gmbh,TR,"צימרונים מכותנה אורגנית, 200 יחידות",Unknown,0.00,Unknown,false,1,14.90,0.0000,true,1,205088
8016867007030,false,פדיות קוסמטיות,CMC Gmbh,TR,פדיות קוסמטיות - אורגניק ביוטי,לא מנהל יחידת מידה,0.00,לא מנהל יחידת מידה,false,1,14.90,0.0000,true,1,203126
8016867008945,false,מגן תחתון 24 באריזת,corman,IT,מגן תחתון 24 באריזת תפזורת,לא מנהל יחידת מידה,0.00,לא מנהל יחידת מידה,false,1,19.90,0.0000,true,1,203105
8016867008969,false,טמפונים עם מוליך סופ,ontex,DE,טמפון עם מוליך סופר 100% כותנה אורגנית,לא מנהל יחידת מידה,0.00,לא מנהל יחידת מידה,false,1,32.90,0.0000,true,1,203102
8016867008976,false,טמפונים עם מוליך רגו,ontex,DE,טמפון עם מוליך רוגלר 100% כותנה אורגנית,לא מנהל יחידת מידה,0.00,לא מנהל יחידת מידה,false,1,32.90,0.0000,true,1,203101
8016867009935,false,תחבושות דקות לזרימה,corman,IT,תחבושות דקות עם כנפיים לספיגה מוגברת.,לא מנהל יחידת מידה,0.00,לא מנהל יחידת מידה,false,1,29.90,0.0000,true,1,204132
8016867009942,false,תחבושות דקות לזרימה,corman,IT,תחבושות דקות עם כנפיים,לא מנהל יחידת מידה,0.00,לא מנהל יחידת מידה,false,1,29.90,0.0000,true,1,204131
8016867009959,true,תחתוניות אורגניות מק,corman,IT,מגן תחון 100% כותנה אורגנית,Unknown,0.00,Unknown,false,1,25.90,0.0000,true,1,223980
8017938005122,false,חומץ תפוחים אורגני,מריה לוצ'יה מלצ'יורי,IT,חומץ תפוחים אורגני 750 מל,מיליליטרים,750.00,"100 מ""ל",false,1,19.90,0.0265,true,1,184778
8017938005764,false,מיץ תפוחים אורגני נט,יבואן ומשווק: ש. שסט,IT,מיץ תפוחים אורגני נטרופוד 1 ליטר,ליטרים,1.00,ליטר,false,1,22.20,22.2000,true,1,195088
8024985000062,false,מחית תפוח עץ אורגני,כפרי בריא,IT,נטורה נובה מחית תפוח 100% אורגני 200 גרם,גרמים,200.00,100 גרם,false,1,10.90,0.0545,true,1,188998
8024985002783,true,מחית סמוזי גזר דלעת,נטורה נובה,IT,מחית סמוזי גזר דלעת 100 גרם,גרמים,100.00,100 גרם,false,1,5.90,0.0590,true,1,202978
8024985002950,false,נטורה נובה סמוזי שזי,כפרי בריא,IT,סמוצ'י תפוח בננה תרד אורגניים,גרמים,100.00,100 גרם,false,1,5.90,0.0590,true,1,209213
8024985005234,false,מחית סמוזי תפוח אפרס,כפרי בריא,IT,סמוצ'י תפוח אפרסק מנגו אורגניים 100 גרם,גרמים,100.00,100 גרם,false,1,5.90,0.0590,true,1,199021
8024985008037,false,מחית סמוזי תפוח נטור,כפרי בריא,IT,סמוצ'י תפוחים אורגניים 100 גרם,גרמים,100.00,100 גרם,false,1,6.20,0.0620,true,1,188997
8024985008044,false,מחית סמוזי אגס נטורה,כפרי בריא,IT,סמוצ'י אגסים אורגניים 100 גרם,גרמים,100.00,100 גרם,false,1,6.20,0.0620,true,1,188996
8024985008051,false,מחית סמוזי פירות אדו,כפרי בריא,IT,סמוצ'י פירות אדומים אורגניים 100 גרם,גרמים,100.00,100 גרם,false,1,6.20,0.0620,true,1,188995
8024985011204,false,נטורה נובה  סמוזי תפ,B&D,IL,נטורה נובה - סמוזי תפוח תות בננה 100 גרם,גרמים,350.00,100 גרם,false,1,5.90,0.0169,true,1,237619
8032685196770,false,עגבניות אורגניות מקו,סולניה,IT,עגבניות אורגניות מקולפות סולוניה 400 גרם,גרמים,400.00,100 גרם,false,1,6.90,0.0173,true,1,81911
8032685196787,false,עגבניות אורגניות חתו,פתח תקווה,IT,עגבניות אורגניות חתוכות סולוניה 400 גרם,גרמים,400.00,100 גרם,false,1,6.90,0.0173,true,1,81912
8032804430471,false,פסטה מקמח עדשים אדומ,אף.סי תבליני בגליל ב,IT,פסטה מקמח עדשים אדומות פליסיה 250 גרם,גרמים,250.00,100 גרם,false,1,14.90,0.0596,true,1,198908
8032804430501,false,פסטה מקמח אפונה ירוק,אף.סי תבליני בגליל ב,IT,פסטה מקמח אפונה ירוקה פליסיה 250 גרם,גרמים,250.00,100 גרם,false,1,14.90,0.0596,true,1,198907
8032804432017,true,פסטה פוזילי כוסמת לל,אף.סי תבליני בגליל ב,IT,פליסיה אטריות כוסמת אורגניות 340 גרם,גרמים,340.00,100 גרם,false,1,14.90,0.0438,true,1,202944
8032880800243,false,פיקניק הפתעה 50 גרם,"אינסטנטה בע""מ",IT,ממרח קקאו עם אגוזי לוז בתוספת מקלות אפויים והפתעה,גרמים,50.00,100 גרם,false,1,10.50,0.2100,true,1,45925
8033020445973,false,"קמח\ Antigrumi  1 ק""",PIVETTI,IT,"קמח\ Antigrumi  1 ק""ג PIVETTI",קילוגרמים,1.00,"ק""ג",false,1,7.90,7.9000,true,1,213092
8033020445980,false,קמח לפסטה 1 pasta fr,PIVETTI,IT,"קמח לפסטה 1 pasta fresca ק""ג 00 PIVETTI",קילוגרמים,1.00,"ק""ג",false,1,12.90,12.9000,true,1,213095
8033020446000,false,קמח איטלקי לפיצה ופו,PIVETTI,IT,"קמח איטלקי לפיצה ופוקצה 1 ק""ג 00 PIVETTI",קילוגרמים,1.00,"ק""ג",false,1,10.90,10.9000,true,1,213093
8052440756414,false,שמן פשתן אורגני - נט,תות תעשיות מזון (201,IT,שמן פשתן אורגני בכבישה קרה,מיליליטרים,250.00,"100 מ""ל",false,1,25.90,0.1036,true,1,210897
8076800195019,false,ספגטי             1,ברילה גי.אי.אר פרטלי,IT,ברילה קפליני ספגטי מס' 1 500 גרם,גרמים,500.00,100 גרם,false,1,6.90,0.0138,true,1,21996
8076800195033,false,ספגטי ברילה מס 3  50,ברילה גי.אי.אר פרטלי,IT,ברילה ספגטי מספר 3 500 גרם,גרמים,500.00,100 גרם,false,1,6.90,0.0138,true,1,9874
8076802085738,false,פסטה ברילה פנה רגטה,"איטיליאן פוד, אס.פי.",IT,ברילה פנה רגטה מס 73 500 גרם,גרמים,500.00,100 גרם,false,1,6.90,0.0138,true,1,9881
8076802085837,false,פסטה ברילה טורטיליונ,"ש. שסטוביץ בע""מ",IT,פסטה ברילה טורטיליוני מס 83 500 גרם,גרמים,500.00,100 גרם,false,1,6.90,0.0138,true,1,9882
8076802085981,false,פסטה ברילה פוזילי מס,"איטיליאן פוד, אס.פי.",IT,ברילה פסטה פתיתים פוזילי 500 גרם,גרמים,500.00,100 גרם,false,1,6.90,0.0138,true,1,9885
8076808060654,false,פסטה ברילה פרפלה מס,"איטיליאן פוד, אס.פי.",IL,ברילה פסטה פתיתים פרפלה 500 גרם,גרמים,500.00,100 גרם,false,1,6.90,0.0138,true,1,9888
8076808150072,false,ספגטי ברילה מס 7 500,"איטיליאן פוד, אס.פי.",IT,ברילה ספגטי מספר 7 500 גרם,גרמים,500.00,100 גרם,false,1,6.90,0.0138,true,1,9890
8076809512268,false,פסטה ברילה גירנדולה,"איטיליאן פוד, אס.פי.",IT,ברילה פסטה פתיתים- גירנדולה 500 גרם,גרמים,500.00,100 גרם,false,1,6.90,0.0138,true,1,9893
8076809513395,false,רוטב פסטה ברילה פומו,BARILLA G.E.R.,IT,ברילה רוטב עגבניות קלאסי 400 גרם,גרמים,400.00,100 גרם,false,1,13.90,0.0348,true,1,9895
8076809513654,false,בסיס רוטב ברילה עגבנ,ברילה גי.אי.אר פרטלי,IT,ברילה רוטב בסיס לפסטה בולונז 400 גרם,גרמים,400.00,100 גרם,false,1,13.90,0.0348,true,1,21997
8076809513692,false,רוטב פסטה ברילה נפול,ברילה גי.אי.אר פרטלי,IT,ברילה רוטב עגבניות עם ירקות שורש לפסטה 400 גרם,גרמים,400.00,100 גרם,false,1,13.90,0.0348,true,1,9896
8076809513715,false,רוטב זיתים  ברילה 40,ברילה סורג,IT,רוטב זיתים  ברילה 400 גרם,גרמים,400.00,100 גרם,false,1,13.90,0.0348,true,1,208099
8076809514774,false,פסטה ברילה פרפנדלה,ברילה גי.אי.אר פרטלי,IT,"פסטה ברילה פרפנדלה 250 גר              """,גרמים,250.00,100 גרם,false,1,17.90,0.0716,true,1,9898
8076809523561,false,רוטב פסטה ברילה בטעם,"איטיליאן פוד, אס.פי.",IT,ברילה רוטב טוסקנה לפסטה 400 גרם,גרמים,400.00,100 גרם,false,1,13.90,0.0348,true,1,55390
8076809523707,false,ברילה קסטלנה 500 גרם,ברילה גי.אי.אר פרטלי,IT,ברילה קסטלנה 500 גרם,גרמים,500.00,100 גרם,false,1,13.90,0.0278,true,1,233471
8076809523738,false,לזניה ברילה,ברילה גי.אי.אר פרטלי,IT,לזניה ברילה 500 גרם,גרמים,500.00,100 גרם,false,1,23.90,0.0478,true,1,14482
8076809529433,false,פסטה ברילה פנה רגטה,"ש. שסטוביץ בע""מ",IT,פסטה ברילה פנה רגטה מחיטה מלאה 500 גרם,גרמים,500.00,100 גרם,false,1,13.90,0.0278,true,1,36533
8076809545440,false,אטריות ללא גלוטן ברי,"ש. שסטוביץ בע""מ",IT,"ברילה אטריות על בסיס קמח תירס ללא גלוטן, 400 גרם",גרמים,400.00,100 גרם,false,1,14.90,0.0373,true,1,194867
8076809545464,false,פסטה ספרילי ללא גלוט,מולינו אנדריאני אס.א,IT,ברילה פוזילי על בסיס קמח תירס ללא גלוטן 400 גרם,גרמים,400.00,100 גרם,false,1,14.90,0.0373,true,1,194869
8076809547956,false,פסטה ברילה קיפרי 500,ברילה סורג,IT,פסטה ברילה קיפרי 500 גרם,גרמים,500.00,100 גרם,false,1,6.90,0.0138,true,1,211935
8358110076302,false,כוסות לחיים,"איטיליאן פוד, אס.פי.",IL,הנמל כוס לחיים 40 יח' 1oz,גרמים,0.00,100 גרם,false,1,9.90,0.0000,true,1,51359
8410076600622,false,קראנצי שבבי שוקולד,ג'נרל מילס סאן אדריא,ES,קראנצי שבבי שוקולד מריר 210 גר,גרמים,210.00,100 גרם,false,1,14.90,0.0710,true,1,184094
8410076601865,false,מארז חטיפי נייטצר וא,סאן אדריאן,ES,מארז חטיפי נייטצר ואלי דבש 420גרם  20,גרמים,420.00,100 גרם,false,20,24.90,0.0593,true,1,239076
8410076610379,false,מאג חטיף פרוטאין בוט,סריילטו ספיין פודס,ES,מאג חטיף פרוטאין בוטנים ושבבי שוקולד120,גרמים,120.00,100 גרם,false,1,17.90,0.1492,true,1,198724
8410076801067,false,חטיף נייטצר ואלי דבש,סאן אדריאן,ES,חטיף נייטצר ואלי דבש 21 גרם,גרמים,21.00,100 גרם,false,1,2.90,0.1381,true,1,239078
8410076801074,false,חטיף נייטצר ואלי שוק,סאן אדריאן,ES,חטיף נייטצר ואלי שוקולד  21 גרם,גרמים,21.00,100 גרם,false,1,2.90,0.1381,true,1,239079
8410104039134,false,פיניש ניקוי וחידוש,הדקלאים אגודת שיתופי,PL,"מנקה מדיח כלים פיניש 250 מ""ל",מיליליטרים,250.00,"100 מ""ל",false,1,14.90,0.0596,true,1,10220
8410104045111,false,פיניש מלח למדיח,פ.פ.ח. שאביט,IL,פיניש מלח למדיח כלים 2 קג,קילוגרמים,2.00,"ק""ג",false,1,14.90,7.4500,true,1,10222
8410179100043,false,BORGES שמן זית כתית,פוד טים,ES,"BORGES שמן זית כתית מעולה 750  מ""ל",מיליליטרים,750.00,"100 מ""ל",false,1,36.90,0.0492,true,1,209938
8410179300818,false,BORGES  שמן זית כתית,BORGES,ES,BORGES  שמן זית כתית 750מל מעולה מעודן,מיליליטרים,750.00,"100 מ""ל",false,1,36.90,0.0492,true,1,233920
8410182420114,false,בצלצלי פנינה בחומץ 3,דליסיאס,,בצלצלי פנינה בחומץ 370 גרם,גרמים,370.00,100 גרם,false,1,11.90,0.0322,true,1,66343
8411320382967,false,טונה צהובה בשמן זית,אורטיז,ES,טונה צהובה בשמן זית (צנצנת)220 גרם ORTIZ,גרמים,220.00,100 גרם,false,1,33.90,0.1541,true,1,213098
8413376022965,true,גבינת עיזים רכה 110,הנסיך- מפעל לייצור ט,ES,"וילי פוד גבינת עיזים רכה 29% שומן, 110 גרם",גרמים,110.00,100 גרם,false,1,18.90,0.1718,true,1,205154
8420708012822,false,קשקבל צאן בשלה 200 ג,מיוצר עי קונדיטוריית,ES,קשקבל צאן בשלה 200 גר נני,גרמים,200.00,100 גרם,false,1,27.90,0.1395,true,1,189408
8423207206488,false,חטיף דגנים סלים דליס,אף.סי תבליני בגליל ב,ES,חטיף דגנים סלים דליס שוקולד חלב 120  גרם,גרמים,120.00,100 גרם,false,1,13.90,0.1158,true,1,188123
8423207206495,false,חטיף דגנים סלים דליס,אף.סי תבליני בגליל ב,ES,חטיף דגנים סלים דליס שוקולד מריר 120 גרם,גרמים,120.00,100 גרם,false,1,13.90,0.1158,true,1,188124
8423207207362,false,סלים דליס,ביסנצ'ורי אס.אל.יו,ES,סלים דליס שוקולד לבן 120  גרם,גרמים,120.00,100 גרם,false,1,13.90,0.1158,true,1,188126
8423207208680,false,חטיף דגנים סלים דליס,ביסנצ'ורי אס.אל.יו,ES,סלים דליס קידס חטיף דגנים מצופה שוקולד חלב 120 גר',גרמים,182.00,100 גרם,false,1,13.90,0.0764,true,1,195866
8423207208703,false,סלים דליס מריר כשלפ,ביסנצ'ורי אס.אל.יו,ES,סלים דליס חטיף דגנים שוקולד מריר 120 גרם,גרמים,182.00,100 גרם,false,1,13.90,0.0764,true,1,195868
8423371000523,false,פיצוחים בפחית טו גו,,ES,סאליסול טו גו תירס בטעם ברביקיו,גרמים,30.00,100 גרם,false,1,5.90,0.1967,true,1,212188
8423371000530,false,פיצוחים בפחית טו גו,SALTS OK,ES,סאליסול טו גו בוטנים עם מלח,גרמים,60.00,100 גרם,false,1,5.90,0.0983,true,1,210112
8423371002725,false,בוטנים  קוקטייל מיקס,,ES,סאליסול משפחתי קוקטיל מיקס,גרמים,100.00,100 גרם,false,1,9.90,0.0990,true,1,231509
8423371005078,false,פיצוחים בפחית טו גו,SALTS OK,ES,סאליסול טו גו מיקס פיקנטי,גרמים,50.00,100 גרם,false,1,5.90,0.1180,true,1,210113
8423371005085,false,בוטנים מיקס פיקנטי ס,,ES,סאליסול טו גו מיקס פיקנטי,גרמים,100.00,100 גרם,false,1,9.90,0.0990,true,1,231511
8423371005795,false,פיצוחים בפחית טו גו,SALTS OK,ES,סאליסול טו גו קאנטרי מיקס,גרמים,45.00,100 גרם,false,1,5.90,0.1311,true,1,210110
8423371007089,false,בוטנים מלוחים בדבש ס,,ES,סאליסול משפחתי בוטנים עם דבש ומלח,גרמים,150.00,100 גרם,false,1,9.90,0.0660,true,1,231512
8425206000081,false,ריבת חלב מרדל 450 גר,כלורוקס אוקלנד,ES,מרדל ריבת חלב 450 גרם,גרמים,450.00,100 גרם,false,1,19.90,0.0442,true,1,185688
8425206000272,false,סירופ ריבת חלב מרבה,קארו,ES,סירופ ריבת חלב מרבה,גרמים,550.00,100 גרם,false,1,18.90,0.0344,true,1,235643
8595134503975,false,נייר בינוני כולל פיל,,,נייר בינוני כולל פילטר,לא מנהל יחידת מידה,0.00,לא מנהל יחידת מידה,false,1,6.00,0.0000,false,1,211282
8683130008355,false,מיונז הלמנס שום לחיץ,יוניליוור ישראל שיוו,TR,הלמנס מיונז עם שום 400 גרם,גרמים,400.00,100 גרם,false,1,15.90,0.0398,true,1,236032
8683130008935,false,הלמנס קטשיונז 425 גר,יוניליוור ישראל שיוו,TR,הלמנס  ממרח קטשיונז 425 גרם,גרמים,425.00,100 גרם,false,1,15.90,0.0374,true,1,236875
8683130012666,false,מגנום דאבל לבן עוגיו,שטראוס גרופ גלידות,IL,מגנום דאבל לבן עוגיות 74 גרם,גרמים,74.00,100 גרם,false,1,11.90,0.1608,true,1,237710
8690504033448,false,שוקולד בר גודייבה חל,פלאדיס,TR,שוקולד חלב במילוי קרם בטעם חלב וביסקוויט קקאו,גרמים,35.00,100 גרם,false,1,4.90,0.1400,true,1,210638
8690504081920,false,טינס מצופה שוקולד מר,שוורצקוף& הנקל דיסלד,TR,טינס מצופה שוקולד מריר 150 גרם,גרמים,150.00,100 גרם,false,1,10.90,0.0727,true,1,202323
8690504153740,false,שוקולד מריר במילוי ק,שוורצקוף& הנקל דיסלד,TR,שוקולד מריר במילוי קרם בטעם גנאש שוקולד מריר,גרמים,86.00,100 גרם,false,1,13.90,0.1616,true,1,212128
8690504153849,false,שוקולד חלב במילוי קר,,TR,שוקולד חלב במילוי קרם בטעם פרלין אגוזים,גרמים,86.00,100 גרם,false,1,13.90,0.1616,true,1,212874
8690504156543,false,שוקולד חלב מעולה ממו,שוורצקוף& הנקל דיסלד,TR,טבלת שוקולד חלב מעולה,גרמים,86.00,100 גרם,false,1,13.90,0.1616,true,1,229499
8690521017124,false,מרכך דאב לשיער רגיל,יונילוור,TR,דאב nutritive solutions מרכך לטיפוח יום יומי,מיליליטרים,400.00,"100 מ""ל",false,1,17.90,0.0447,true,1,10456
8690530015043,false,סלפאק נייר מגבת 6 גל,איפק,,סלפאק נייר מגבת 6 גלילים,יחידה,6.00,יחידה,false,1,14.90,2.4833,true,1,240167
8690530036444,false,סלפאק נייר מגבת גליל,,TR,סלפאק נייר מגבת גליל ענק 1 6,יחידה,6.00,יחידה,false,1,9.90,1.6500,true,1,240157
8690530324930,false,סלפאק נייר טואלט 32,איפק,,סלפאק נייר טואלט 32 יחידות,יחידה,32.00,יחידה,false,1,29.90,0.9344,true,1,240166
8690637007705,false,שלגון מסטיגם 80 גרם,"מיוצר ע""י יוניליוור",TR,שלגון מסטיגם 80 גרם,גרמים,80.00,100 גרם,false,1,6.90,0.0863,true,1,206274
8690637073373,false,תה ארל גריי טעם ברגמ,,TR,"תה ליפטון תה שחור ארל גריי 2 גרם, 25 יחידות",גרמים,50.00,100 גרם,false,1,8.80,0.1760,true,1,50436
8690637505607,false,מרכך בדין אקסטרה פינ,יוניליוור סנאיי וי ט,TR,"מרכך בדין אקסטרה פינוק קלאסי960 מ""ל",מיליליטרים,960.00,"100 מ""ל",false,1,19.90,0.0207,true,1,235127
8690637555084,false,מרכך כביסה בדין אקסט,יוניליוור סנאיי וי ט,TR,בדין מרכך כביסה אקסטרה פריחת התפוז,מיליליטרים,960.00,"100 מ""ל",false,1,19.90,0.0207,true,1,63572
8690637704376,false,דאב שמפו יום יום,יוניליוור טורקיה. אז,TR,דאב  שמפו טיפוח יום יומי 600 מל,מיליליטרים,600.00,"100 מ""ל",false,1,21.90,0.0365,true,1,189048
8690637704390,false,דאב מרכך יום יום,יוניליוור טורקיה. אז,TR,דאב  מרכך שיער טיפוח יום יומי 600 מל,מיליליטרים,600.00,"100 מ""ל",false,1,21.90,0.0365,true,1,189049
8690637842382,false,מגנום וניל פירות יער,שטראוס גרופ גלידות,,מגנום וניל פירות יער,גרמים,85.00,100 גרם,false,1,11.90,0.1400,true,1,201745
8690637842399,false,מאגדת מיני מגנום 1/6,שטראוס גרופ גלידות,TR,מאגדת מיני מגנום 1/6 329 גרם דאבל פרי יע,גרמים,379.00,100 גרם,false,1,32.90,0.0868,true,1,201746
8690637858734,false,"אקונומיקה פנטסטיק ג""",יונילוור טורקיה,TR,"אקונומיקה פנטסטיק ג""ל 750 מ""ל",מיליליטרים,750.00,"100 מ""ל",false,1,10.90,0.0145,true,1,205333
8690637879395,false,מגנום דאבל פיסטוק 72,יוניליוור סנאי ןי טי,TR,מגנום דאבל פיסטוק 72 גרם,גרמים,72.00,100 גרם,false,1,10.90,0.1514,true,1,207890
8690637946301,false,מרכך כביסה בדין אקסט,יוניליוור סנאיי וי ט,TR,Badin מרכך כביסה 960 ML,מיליליטרים,960.00,"100 מ""ל",false,1,19.90,0.0207,true,1,212208
8690637989612,false,מגנום מיני דאבל דולצ,יוניליוור,TR,מגנום מיני דאבל דולצה גולד 246גרם,גרמים,246.00,100 גרם,false,1,32.90,0.1337,true,1,233083
8690637989629,false,מגנום דאבל דולצה גול,יוניליוור,TR,מגנום שלגון מגנום דאבל דולצ'ה גולד 63 גרם,גרמים,63.00,100 גרם,false,1,11.90,0.1889,true,1,215516
8690766156367,false,טבלאת שוקולד גודאייב,"אולקר מקבוצת פלאדיס,",TR,טבלת שוקולד חלב מעולה,גרמים,90.00,100 גרם,false,1,14.90,0.1656,true,1,211860
8690766156374,false,טבלאת שוקולד מריר 72,"אולקר מקבוצת פלאדיס,",TR,טבלת שוקולד מריר מעולה 72% מוצקי קקאו,גרמים,90.00,100 גרם,false,1,14.90,0.1656,true,1,211863
8690766156381,false,טבלאת שוקולד גודאייב,"אולקר מקבוצת פלאדיס,",TR,טבלת שוקולד מריר מעולה 90% מוצקי קקאו,גרמים,90.00,100 גרם,false,1,14.90,0.1656,true,1,211861
8690766156398,false,שוקולד חלב מעולה בתו,"אולקר מקבוצת פלאדיס,",TR,שוקולד חלב מעולה בתוספת שברי שקדים קלויי,גרמים,90.00,100 גרם,false,1,14.90,0.1656,true,1,212994
8690766156404,false,שוקולד מריר מעולה בט,גודייבה,TR,שוקולד מריר מעולה בטעם תפוז אדום,גרמים,90.00,100 גרם,false,1,14.90,0.1656,true,1,212993
8690777202015,false,ירקות כבושים מעורב,,TR,ירקות כבושים מעורב 700 גר          SERA,גרמים,700.00,100 גרם,false,1,12.90,0.0184,true,1,70720
8690777204071,false,פלפל חריף 640גרם SER,יוליניבר,TR,פלפל חריף 640גרם SERA,גרמים,640.00,100 גרם,false,1,12.90,0.0202,true,1,70722
8690777221405,false,פלפלים אדומים קלויים,יוליניבר,TR,סרה פלפלים אדומים קלויים על האש 650 גרם,גרמים,650.00,100 גרם,false,1,12.90,0.0198,true,1,70723
8690784312448,false,גלייד מארז אוטומטי מ,המאפיה של הרמן,TR,גלייד מכשיר אוטומטי בניחוח מרכך כביסה 175 גרם,Unknown,0.00,Unknown,false,1,49.90,0.0000,true,1,195108
8690784516778,false,דאק גל עם אקונומיקה,,NL,דאק גל עם אקונומיקה,לא מנהל יחידת מידה,0.00,לא מנהל יחידת מידה,false,1,12.90,0.0000,true,1,204219
8690784611442,false,דאק מוצק אקטיבי עם א,פול הון,PL,דאק מוצק אקטיבי עם אקונומיקה בניחוח הדרים,יחידה,1.00,יחידה,false,1,10.90,10.9000,true,1,210974
8690784614665,false,דאק סבון ניקוי אסלה,המאפיה של הרמן,PL,דאק סבון מוצק  לניקוי אסלה בניחוח ים 38.6 גרם,לא מנהל יחידת מידה,0.00,לא מנהל יחידת מידה,false,1,10.90,0.0000,true,1,204221
8690784614771,false,דאק סבון ניקוי אסלה,,PL,דאק סבון ניקוי אסלה בניחוח אורן,לא מנהל יחידת מידה,0.00,לא מנהל יחידת מידה,false,1,10.90,0.0000,true,1,204222
8693495041461,false,מברשת שיניים סלים,הנסיך- מפעל לייצור ט,CN,קולגייט מברשת שיניים סלים סופט פחם 2 יח',יחידה,1.00,יחידה,false,1,27.90,27.9000,true,1,185334
8695543006668,false,גבינת רסטה 200 גרם,גידה,TR,גבינת רסטה 200 גרם,גרמים,200.00,100 גרם,false,1,22.90,0.1145,true,1,212026
8697418280111,false,"עלי טורטייה 25 ס""מ 8",רמירז,,"עלי טורטייה 25 ס""מ 840 גרם",גרמים,840.00,100 גרם,false,1,27.60,0.0329,true,1,51698
8697418280173,false,עלי טורטייה מחיטה מל,פרינסס גידה,TR,"עלי טורטייה מחיטה מלאה 25 ס""מ 840 גרם",גרמים,840.00,100 גרם,false,1,27.60,0.0329,true,1,52589
8697418280333,false,שערות קדאיף 500 גרם,פרנסס און וה,TR,שערות קדאיף 500 גרם,גרמים,500.00,100 גרם,false,1,22.90,0.0458,true,1,188552
8697418280487,false,עלי טורטייה עם קמח ת,פצקה אזורו,TR,עלי טורטייה עם קמח תירס,גרמים,540.00,100 גרם,false,1,21.90,0.0406,true,1,231140
8697530910743,false,סיגריות פאל מל כחול,BAT,,סיגריות פאל מל כחול חפיסה בודד,יחידה,1.00,יחידה,false,1,31.40,31.4000,false,1,46641
8697530910750,false,סיגריות פאל מל כחול,BAT,,סיגריות פאל מל כחול ארוך חפיסה בודד,יחידה,0.00,יחידה,false,1,31.40,0.0000,false,1,46642
8710502060021,false,מרבה פטיסרי עוגיות מ,מרבה,NL,מרבה פטיסרי עוגיות מאפין רכות 200 גרם,גרמים,200.00,100 גרם,false,1,11.90,0.0595,true,1,239233
8710502100864,false,מרבה פטיסרי עוגיות ד,מרבה,NL,מרבה פטיסרי עוגיות דאבל שוקולד 200 גרם,גרמים,200.00,100 גרם,false,1,11.90,0.0595,true,1,239232
8710502231018,false,מיני עוגיות מרבה ש צ,"מרבה בע""מ",NL,מיני עוגיות מרבה ש ציפס 175 גרם,גרמים,175.00,100 גרם,false,1,9.90,0.0566,true,1,215500
8710502279010,false,מרבה עוגיות מצופות ש,"מרבה בע""מ",NL,מרבה עוגיות שוקולד ציפס מצופות שוקולד,גרמים,175.00,100 גרם,false,1,9.90,0.0566,true,1,214794
8710502470028,false,עוגיות שוקולד ציפס נ,קריניציה ויטמינה אס,NL,עוגיות שוקולד ציפס נוגטלי מרבה 160 גרם,גרמים,160.00,100 גרם,false,1,9.90,0.0619,true,1,70077
8711000362747,false,קפסולות קפה LOR מס 1,יוניליוור גרמניה  Gm,FR,לור קפסולות קפה אספרסו ריסטרטו (11) 52ג',גרמים,52.00,100 גרם,false,1,21.90,0.4212,true,1,205229
8712400802499,false,נוטרילון שלב      1,פרוטרופיק סיה.,NL,נוטרילון 1  800 גרם,גרמים,800.00,100 גרם,false,1,62.90,0.0786,true,1,199136
8712400802512,false,נוטרילון שלב      2,פרוטרופיק סיה.,NL,נוטרילון שלב 800 2 גרם,גרמים,800.00,100 גרם,false,1,62.90,0.0786,true,1,199137
8712400802536,false,נוטרילון שלב      3,פרוטרופיק סיה.,NL,נוטרילון 3- 800 גרם,גרמים,800.00,100 גרם,false,1,62.90,0.0786,true,1,199138
8712561594608,false,תחליב רחצה דאב להזנה,"יוניליוור גרמניה, Gm",DE,דאב  תחליב רחצה להזנה עמוקה 750 מל,מיליליטרים,750.00,"100 מ""ל",false,1,22.90,0.0305,true,1,196645
8712561611411,false,דאב תחליב רחצה מלפפו,"יוניליוור גרמניה, Gm",DE,דאב  תחליב רחצה מלפפון ותה ירוק 750 מל,מיליליטרים,750.00,"100 מ""ל",false,1,22.90,0.0305,true,1,196646
8714443620030,false,מרק ירקות אורגני,תות תעשיות מזון (201,NL,מרק ירקות,גרמים,200.00,100 גרם,false,1,31.90,0.1595,true,1,224364
8714599512159,false,גייקובס מגורען 190 ג,"אל.אל.סי ""גייקובס דא",RU,גייקובס מגורען 190 גרם,גרמים,190.00,100 גרם,false,1,28.90,0.1521,true,1,236978
8714599513835,true,גייקובס נטול קופאין,אל.אל.סי גייקובס דאו,DE,גייקובס נטול קופאין,לא מנהל יחידת מידה,0.00,לא מנהל יחידת מידה,false,1,28.90,0.0000,true,1,224366
8714789177229,false,מברשת שיניים אקסטרא,הנסיך- מפעל לייצור ט,CN,4 מברשות שיניים קולגייט אקסטרה קלין,יחידה,1.00,יחידה,false,1,14.90,14.9000,true,1,21573
8714789218465,false,מברשת שיניים קולגייט,הנסיך- מפעל לייצור ט,CN,זוג מברשות שיניים קולגייט 360 סופט,לא מנהל יחידת מידה,0.00,לא מנהל יחידת מידה,false,1,33.90,0.0000,true,1,34029
8714789797786,false,פלמוליב כלים גריס בל,יבואן ומשווק: ש. שסט,GR,פלמוליב כלים גריס בלסטר 750 מל,מיליליטרים,750.00,"100 מ""ל",false,1,11.90,0.0159,true,1,84315
8714789930848,false,משחת שיניים אופטיק,הנסיך- מפעל לייצור ט,PL,קולגייט משחת שיניים אופטיק הלבנה מיידית 75 מל,מיליליטרים,75.00,"100 מ""ל",false,1,23.90,0.3187,true,1,185295
8715035150300,false,רוטב סויה קיקומן ללא,קיקומן פודז יורופ בי,NL,רוטב סויה קיקומן ללא גלוטן 250 מל,מיליליטרים,250.00,"100 מ""ל",false,1,19.90,0.0796,true,1,207240
8715035520301,false,רוטב סויה ולימון פונ,קיקומן פודז יורופ בי,NL,קיקומן פונזו רוטב יפני על בסיס סויה ולימן,מיליליטרים,250.00,"100 מ""ל",false,1,19.90,0.0796,true,1,208312
8715300238306,false,חמאה הולנדית  פריקו,מחלבת אחיהוד,IL,חמאה הולנדית  פריקו  200גרם,גרמים,200.00,100 גרם,false,1,13.90,0.0695,true,1,240289
8715700110141,false,מיונז אמיתי היינץ 43,ה.י.היינץ הולדינג בי,NL,SG היינץ מיונז צנצנת 460 גרם,גרמים,460.00,100 גרם,false,1,11.90,0.0259,true,1,200868
8715700110158,false,מיונז לייט היינץ 430,ה.י.היינץ הולדינג בי,NL,SG היינץ מיונז לייט צנצנת 490,גרמים,490.00,100 גרם,false,1,11.90,0.0243,true,1,200869
8715700419695,true,רוטב ברביקיו מתוק,יוניליוור גרמניה  Gm,NL,היינץ רוטב ברביקיו מתוק 500 גרם,גרמים,500.00,100 גרם,false,1,17.90,0.0358,true,1,229553
8715700419732,false,מתבל עגבניות היינץ 7,ה.י. היינץ,NL,היינץ מתבל עגבניות 700 גרם,גרמים,700.00,100 גרם,false,1,9.90,0.0141,true,1,184996
8715700421322,true,רוטב ברביקיו צילי,ה.י היינץ הולדינג בי,NL,היינץ רוטב ברביקיו צ'ילי 490 גרם,יחידה,1.00,יחידה,false,1,17.90,17.9000,true,1,229552
8715700422473,false,מיונז היינץ ללא חומר,ה.י.היינץ,NL,היינץ ממרח לחיץ ללא חומרים משמרים,גרמים,395.00,100 גרם,false,1,15.90,0.0403,true,1,216564
8715700423906,false,מתבל עגבניות 50% פחו,היינץ צפון אמריקה מק,NL,היינץ מתבל עגבניות 50/50 550 גרם,גרמים,555.00,100 גרם,false,1,9.90,0.0178,true,1,202760
8717677336616,false,שוקולד מריר עם שקדים,אלפרד ריטר,NL,שוקולד מריר עם שקדים ומלח טוניס,גרמים,180.00,100 גרם,false,1,19.90,0.1106,true,1,236902
8717677336630,false,שוקולד חלב עם שקדים,אלפרד ריטר,NL,שוקולד חלב עם שקדים ודבש טוניס,גרמים,180.00,100 גרם,false,1,19.90,0.1106,true,1,236900
8717677336654,false,שוקולד חלב מעולה עם,,NL,שוקולד חלב מעולה עם שברי קרמל מלוח 180 ג,גרמים,180.00,100 גרם,false,1,19.90,0.1106,true,1,240086
8717677336661,false,שוקולד מריר 70% 180,אלפרד ריטר,NL,טוניס' שוקולונלי - שוקולד מריר מעולה 70%,גרמים,180.00,100 גרם,false,1,19.90,0.1106,true,1,236901
8717677338436,false,שוקולד חלב עם אגוזי,אלפרד ריטר,NL,שוקולד חלב עם אגוזי לוז קצוצים טוניס,גרמים,180.00,100 גרם,false,1,19.90,0.1106,true,1,236899
8718114724485,false,מיונז הלמנס לחיץ 750,יוניליוור,GB,מיונז הלמנס לחיץ 750 גרם,גרמים,750.00,100 גרם,false,1,23.90,0.0319,true,1,240686
8718951160897,false,אקונומיקה אגקס עוצמת,קולגייט פלמוליב,GR,אג'קס ספריי אקנומיקה מנקה מחטא 500 מל,מיליליטרים,500.00,"100 מ""ל",false,1,12.90,0.0258,true,1,199380
8718951167094,false,סבון כלים פלמוליב צי,יבואן ומשווק: ש. שסט,GR,פלמוליב נוזל לניקוי כלים תפוז ליים 1 ליטר,ליטרים,1.00,ליטר,false,1,13.90,13.9000,true,1,201548
8718951189881,false,אגקס טריגר בוסט תפוח,colgate-palmolive,GR,אג'קס טריגר בוסט תפוח וחומץ 500 מל,מיליליטרים,500.00,"100 מ""ל",false,1,12.90,0.0258,true,1,206128
8718951190191,false,אגקס טריגר בוסט לימו,קולגייט פלמוליב פירא,GR,אג'קס טריגר בוסט לימון וסודה 500 מל,מיליליטרים,500.00,"100 מ""ל",false,1,12.90,0.0258,true,1,206127
8718951247871,false,אגקס טריגר שירותים 5,CP UK,GR,"אגקס טריגר שירותים 500 מ""ל",מיליליטרים,500.00,"100 מ""ל",false,1,12.90,0.0258,true,1,211470
8718951264618,false,קולגייט אופטיק וייט,קולגייט-פלמוליב,PL,"קולגייט אופטיק וייט פחם פעיל 75 מ""ל",מיליליטרים,75.00,"100 מ""ל",false,1,27.90,0.3720,true,1,231362
8718951289833,false,פלמוליב סבון מוצק לו,CP UK,TR,פלמוליב סבון מוצק לומינוס 4*90 גרם,יחידה,1.00,יחידה,false,1,12.90,12.9000,true,1,211103
8718951297234,false,פלמוליב גל רחצה קוזי,CP UK,IT,פלמוליב גל רחצה קוזי מוד 500מל,מיליליטרים,500.00,"100 מ""ל",false,1,19.90,0.0398,true,1,233993
8718951313927,false,פלמוליב סבון ידיים ח,CP UK,TR,"פלמוליב סבון ידיים חימר טונוס 300 מ""ל",מיליליטרים,300.00,"100 מ""ל",false,1,9.90,0.0330,true,1,232178
8718951382640,false,פלמוליב גל רחצה חימר,CP UK,TR,"פלמוליב גל רחצה חימר דיטוקס 750 מ""ל",מיליליטרים,750.00,"100 מ""ל",false,1,21.90,0.0292,true,1,232179
8719200998001,false,בלו בנד עם מלח 200 ג,מיוצר עי קונדיטוריית,IL,בלו בנד עם מלח 200 גרם,גרמים,200.00,100 גרם,false,1,4.70,0.0235,true,1,211298
8719200998018,false,מרגרינה בטעם חמאה מח,פארייפאבה אגרואינדוס,IL,מרגרינה בטעם חמאה מחמאה 200 גרם,גרמים,200.00,100 גרם,false,1,4.90,0.0245,true,1,72
8719987148675,false,כלי הגשה עגול קוטר 9,,,כלי הגשה עגול קוטר 9,יחידה,1.00,יחידה,false,1,11.90,11.9000,true,1,240268
8720573127165,false,סט 4 כוסות מאג פורצל,,,סט 4 כוסות מאג פורצלן 90 מל,יחידה,1.00,יחידה,false,1,24.90,24.9000,true,1,240278
8723400782544,false,מנטוס תפזורת בשקית מ,קדבורי,NL,מנטוס סוכריות לעיסה בטעם מנטה 160 גרם,לא מנהל יחידת מידה,0.00,לא מנהל יחידת מידה,false,1,12.90,0.0000,true,1,205824
8801055707966,false,נסקפה טייסטר צויס בר,לוטה נסטלה קוריאה,,נסקפה טייסטרס צ'ויס בריסטה 12*180גרם,גרמים,180.00,100 גרם,false,1,32.90,0.1828,true,1,196690
8801055708772,false,נסקפה טייסטרס צויס מ,לוטה נסטלה קוריאה,IL,טייסטרס צויס מארז 8*200ג'+50ג',גרמים,250.00,100 גרם,false,1,31.90,0.1276,true,1,230856
8802241131664,true,חטיף אצות ים,,,חטיף אצות ים,גרמים,195.00,100 גרם,false,1,22.90,0.1174,true,1,205137
8802241132821,false,חטיף אצות 3 יח,"מאן גו'ן פוד בע""מ",,חטיף אצות 3 יח,גרמים,14.00,100 גרם,false,1,9.90,0.7071,true,1,202730
8850161160851,false,מי קוקוס קוקו מקס 35,פארייפאבה אגרואינדוס,TH,"קוקו מקס 100% מי  קוקוס 350 מ""ל",מיליליטרים,350.00,"100 מ""ל",false,1,9.50,0.0271,true,1,210622
8850161166204,false,"קרם קוקוס 500 מ""ל AM",הנסיך- מפעל לייצור ט,TH,"אמפווה קרם קוקוס 500 מ""ל",מיליליטרים,500.00,"100 מ""ל",false,1,11.90,0.0238,true,1,214924
8850161167041,false,חלב  קוקוס קוקו וואי,פארייפאבה אגרואינדוס,TH,"קוקו וואי משקה קוקוס 270 מ""ל",מיליליטרים,270.00,"100 מ""ל",false,1,9.50,0.0352,true,1,210623
8850161167065,false,קוקו וואי משקה קוקוס,פארייפאבה אגרואינדוס,TH,"קוקו וואי משקה קוקוס 270 מ""ל",מיליליטרים,270.00,"100 מ""ל",false,1,8.90,0.0330,true,1,212796
8850389103111,false,משקה סאפה אלוורה ענב,פארייפאבה אגרואינדוס,TH,"סאפה אלוורה ענבים בקבוק 300 מ""ל",מיליליטרים,300.00,"100 מ""ל",false,1,8.50,0.0283,true,1,43289
8850389103128,false,משקה סאפה אלוורה תפו,פארייפאבה אגרואינדוס,TH,"סאפה תפוח בקבוק 300 מ""ל 24 יח",מיליליטרים,300.00,"100 מ""ל",false,1,8.50,0.0283,true,1,43290
8850389103159,false,משקה ליצי עם חתיכות,סאפה פובליק קומפני ל,TH,"משקה ליצי עם חתיכות גלי קוקוס 320 מ""ל",מיליליטרים,320.00,"100 מ""ל",false,1,8.50,0.0266,true,1,237073
8850389104637,false,משקה סאפה אלוורה אפר,פארייפאבה אגרואינדוס,TH,"סאפה אלוורה אפרסק בקבוק 300 מ""ל",מיליליטרים,300.00,"100 מ""ל",false,1,8.50,0.0283,true,1,60114
8850389105825,false,משקה סאפה אלוורה ענב,פארייפאבה אגרואינדוס,TH,סאפה משקה אלוורה בטעם ענבים,ליטרים,1.00,ליטר,false,1,13.50,13.5000,true,1,68737
8850389105832,false,משקה סאפה אלוורה תפו,פארייפאבה אגרואינדוס,TH,סאפה תפוח אלוורה בקבוק ליטר,ליטרים,1.00,ליטר,false,1,13.50,13.5000,true,1,71295
8850389105849,false,משקה סאפה אלוורה אפר,פארייפאבה אגרואינדוס,TH,סאפה אפרסק אלוורה בקבוק ליטר,ליטרים,1.00,ליטר,false,1,13.50,13.5000,true,1,68738
8850389111352,false,מוגו מוגו ליצי 320 מ,סאפה פובליק קומפני ל,TH,"מוגו מוגו ליצי 320 מ""ל",מיליליטרים,320.00,"100 מ""ל",false,1,8.50,0.0266,true,1,237074
8850389115312,false,משקה סאפה אלוורה מלו,סאפה פובליק קומפני ל,TH,"סאפה אלוורה מלון בקבוק 300 מ""ל",מיליליטרים,330.00,"100 מ""ל",false,1,8.50,0.0258,true,1,202317
8850389115336,false,משקה סאפה אלוורה מלו,פארייפאבה אגרואינדוס,TH,סאפה משקה אלוורה בטעם מלון,ליטרים,1.00,ליטר,false,1,13.50,13.5000,true,1,202318
8850632604259,false,ממתק תות שדה בצורת מ,ג'נרל קנדי בעמ,TH,ממתק תות שדה בצורת מקלות יוגטה 50 גרם,גרמים,50.00,100 גרם,false,1,4.90,0.0980,true,1,65354
8850632604266,false,ממתק קולה בצורת מקלו,ג'נרל קנדי בעמ,TH,"יוגטה, ממתק חמוץ בצורת מקלות בטעם קולה, 50 גרם",גרמים,50.00,100 גרם,false,1,4.90,0.0980,true,1,65355
8850632604372,false,ממתק תות שדה בצורת ש,ג'נרל קנדי בעמ,TH,ממתק תות שדה בצורת שטיח יוגטה 50 גרם,גרמים,50.00,100 גרם,false,1,4.90,0.0980,true,1,65356
8850632604402,false,ממתק תות ענבים בצורת,"ג'נרל קנדי בע""מ",TH,ממתק תות ענבים בצורת שטיח יוגטה 50 גרם,גרמים,50.00,100 גרם,false,1,4.90,0.0980,true,1,65357
8851613101378,false,חלב קוקוס 250 מל,כלורוקס אוקלנד,TH,"חלב קוקוס 250 מ""ל",מיליליטרים,250.00,"100 מ""ל",false,1,9.90,0.0396,true,1,88949
8851613101385,false,הרויי-די חלב קוקוס 5,תאי אגרי פוד פובליק,TH,"הרויי-די חלב קוקוס 500 מ""ל",מיליליטרים,500.00,"100 מ""ל",false,1,12.90,0.0258,true,1,183010
8852633119039,false,אסיה רוטב דגים 300 מ,,,"אסיה רוטב דגים 300 מ""ל",מיליליטרים,300.00,"100 מ""ל",false,1,7.50,0.0250,true,1,197718
8857101301008,false,רוטב צילי מתוק 700 מ,יוליניבר,TH,רוטב צ'ילי מתוק 700 מל,גרמים,80.00,100 גרם,false,1,11.90,0.1488,true,1,194708
8858744800019,false,ממרח קארי ירוק 50 גר,קנוקוואן פוד פרודקטס,,ממרח קארי ירוק 50 גר,גרמים,50.00,100 גרם,false,1,4.90,0.0980,true,1,186762
8858744800057,false,ממרח טום יאם 30 גר,קנוקוואן פוד פרודקטס,,ממרח טום יאם 30 גר,גרמים,30.00,100 גרם,false,1,4.90,0.1633,true,1,186767
8858744800149,false,תערובת חמישה תבלינים,קנוקוואן פוד פרודקטס,,תערובת חמישה תבלינים 50 גר,גרמים,50.00,100 גרם,false,1,5.90,0.1180,true,1,186768
8888021200126,false,סוללות AA רביעיה,אנרג'ייזר,SG,אנרג'ייזר סוללות מקס AA*4,Unknown,0.00,Unknown,false,1,16.90,0.0000,true,1,10886
8888021200164,false,סוללות AAA רביעיה,,,סוללות אנרגייזר AAA רביעיה,Unknown,0.00,Unknown,false,1,18.70,0.0000,true,1,10887
8888021200256,false,"סוללות אנרג""יזר  AA",,SG,סוללת אנרג'ייזר AA,Unknown,0.00,Unknown,false,1,28.90,0.0000,true,1,24321
8888021200720,false,סוללות AAA שמיניה,,SG,סוללת אנרג'ייזר AAA,Unknown,0.00,Unknown,false,1,28.90,0.0000,true,1,14262
8901537024014,false,אורז בסמטי מובחר דוו,הנסיך- מפעל לייצור ט,IN,אורז בסמטי 1 DAAWAT קג,קילוגרמים,1.00,"ק""ג",false,1,13.90,13.9000,true,1,70955
8901537076679,false,אורז בסמטי חום מלא ד,האי נאם סי או אל.טי.,IN,"אורז בסמטי חום מלא דאווט 1 ק""ג",קילוגרמים,1.00,"ק""ג",false,1,16.90,16.9000,true,1,204388
8994692541038,false,קונוס לגלגול 3 יחידו,,,קונוס לגלגול 3 יחידות,Unknown,0.00,Unknown,false,1,8.90,0.0000,false,1,75856
8994692541120,false,12 קונוסים לגלגול,,,12 קונוסים לגלגול,Unknown,0.00,Unknown,false,1,14.90,0.0000,false,1,75941
9002975393836,false,הריבו האפי קולה 70 ג,"האריבו , ג'י.אם.בי.א",AT,סוכריות גומי בטעם קולה 70 גרם,גרמים,70.00,100 גרם,false,1,6.90,0.0986,true,1,233618
9002975393843,false,הריבו גולדברס 70 גרם,"האריבו , ג'י.אם.בי.א",AT,סוכריות גומי בטעמי פירות דובונים 70 גרם,גרמים,70.00,100 גרם,false,1,6.90,0.0986,true,1,233619
9002975393850,false,הריבו וורמס 70 גרם,"האריבו , ג'י.אם.בי.א",AT,סוכריות גומי בטעמי פירות נחשים 70 גרם,גרמים,70.00,100 גרם,false,1,6.90,0.0986,true,1,233620
9005835312602,false,קלרו טבליות למדיח לל,קלרו,AT,קלרו טבליות למדיח ללא פוספטים 30 יח,מיליליטרים,1.00,"100 מ""ל",false,1,33.90,33.9000,true,1,210551
9005835312626,false,קלרו טבליות למדיח לל,קלרו,AT,קלרו טבליות למדיח ללא פוספטים 50 יח,מיליליטרים,1.00,"100 מ""ל",false,1,52.00,52.0000,true,1,210552
9005835312718,false,קלרו פירדמיה מלח אקו,קלרו,AT,קלרו פירדמיה מלח אקולוגי למדיח,מיליליטרים,1.00,"100 מ""ל",false,1,15.90,15.9000,true,1,210553
9005835312732,false,קלרו נוזל הברקה ומזר,קלרו,AT,קלרו נוזל הברקה ומזרז ייבוש למדיח,מיליליטרים,1.00,"100 מ""ל",false,1,15.90,15.9000,true,1,210554
9005835312756,false,קלרו נוזל לניקוי יסו,קלרו,AT,קלרו נוזל לניקוי יסודי למדיח,מיליליטרים,1.00,"100 מ""ל",false,1,15.90,15.9000,true,1,210555
9044400841000,false,סוכריות פז בליסטר,פז,HU,סוכריות פז בובה,גרמים,26.00,100 גרם,false,1,12.90,0.4962,true,1,11553
9044400851672,false,סוכריות פז בובה,פז,HU,סוכריות פז בובה,גרמים,26.00,100 גרם,false,1,12.90,0.4962,true,1,238186
9120025834723,false,חטיפי אוראו מצונן 12,בובארד איטליה אס.פי.,IT,חטיפי אוראו מצונן 120גרם מאגדת,גרמים,120.00,100 גרם,false,1,14.90,0.1242,true,1,240063
9120025839896,false,חטיפי מילקה מצונן 12,בובארד איטליה אס.פי.,IT,חטיפי מילקה מצונן 128גרם מאגדת,גרמים,128.00,100 גרם,false,1,14.90,0.1164,true,1,240064
9120097310583,false,חטיפי  שוקו בננה מינ,בובארד איטליה אס.פי.,IT,חטיפי  שוקו בננה מיניונים מצונן 108גרם מ,גרמים,108.00,100 גרם,false,1,14.90,0.1380,true,1,240065
9310072028743,false,טים טם מצופה שוקולד,"ארנוטס ביסקוויטס בע""",AU,טים טם אורגינל 200 גר,גרמים,200.00,100 גרם,false,1,19.90,0.0995,true,1,196257
9310072028750,false,טים טם מצופה שוקולד,"ארנוטס ביסקוויטס בע""",AU,טים טם דאבל 200 גר,גרמים,200.00,100 גרם,false,1,19.90,0.0995,true,1,195885
9322969000015,false,פריכיות תירס טעם טבע,אף.סי תבליני בגליל ב,AU,רילפוד- פריכיות תירס בטעם טבעי 150 גר',גרמים,150.00,100 גרם,false,1,13.90,0.0927,true,1,68417
9322969000022,false,פריכיות תירס עם סויה,אף.סי תבליני בגליל ב,AU,פריכיות תירס עם סויה וזרעי פשת 150 גרם,גרמים,150.00,100 גרם,false,1,13.90,0.0927,true,1,68481
9322969000039,true,פריכיות תירס עם 4 דג,אף.סי תבליני בגליל ב,AU,פריכיות תירס עם 4 דגנים מלאים,גרמים,150.00,100 גרם,false,1,13.90,0.0927,true,1,205182
9322969000046,false,פריכיות תירס אורגניו,אף.סי תבליני בגליל ב,AU,ריל פוד פריכיות תירס עם שומשום 150 גרם,גרמים,150.00,100 גרם,false,1,13.90,0.0927,true,1,68482
9322969000053,false,פריכיות אורז מלא 150,ריל פוד,IT,פריכיות אורז מלא 150 גרם,גרמים,150.00,100 גרם,false,1,13.90,0.0927,true,1,236620
9720188050109,false,טופוטי ממרח על בסיס,טופוטי ברנדס אינק.ג',IL,טופוטי - ממרח טופו בטעם גבינה - 225 גר,גרמים,225.00,100 גרם,false,1,22.90,0.1018,true,1,12011
